{"host":"2o3sockympbxxanu","time":1613981083,"event":{"mods":["AchievementEnabler","BaseMod","Colored Map","Colored Powertips","Conspire","Highlight Path","Infinite Spire","Minty Spire (QoL Compilation)","Replay The Spire","Shop Mod","StSLib","SuperFastMode"],"gold_per_floor":[114,114,114,114,60,60,71,97,97,22,34,34,34,68,68,165,165,182,132,151,167,167,167,178,178,178,197,210,210,210,210,210,305,305,318,332,332,1331,1331,1331],"floor_reached":39,"language":"ZHS","playtime":1981,"items_purged":["Strike_R","Strike_R"],"score":451,"play_id":"6f18139c-505a-4dfb-a45a-030647735881","local_time":"20210222160443","is_ascension_mode":true,"campfire_choices":[{"data":"Metallicize","floor":6.0,"key":"SMITH"},{"data":"Cleave","floor":15.0,"key":"SMITH"},{"floor":23.0,"key":"REST"},{"floor":25.0,"key":"REST"},{"floor":29.0,"key":"REST"},{"floor":32.0,"key":"REST"}],"circlet_count":0,"master_deck":["Strike_R","Defend_R","Bash","Metallicize+1","Ghostly Armor","Cleave+1","Thunderclap","Shrug It Off","Run Through","Iron Wave+1","Demon Form","Flex","Heavy Blade","Life Link","Pommel Strike","Feed","Spot Weakness","Twin Strike+1","Normality","Normality"],"relics":["Burning Blood","Ancient Tea Set","Ornamental Fan","ReplayTheSpireMod:Spearhead","infinitespire:Joker Card","Potion Belt","SacredBark","Magic Flower","Juzu Bracelet","conspire:SpecialSausage","conspire:RunicOctahedron"],"acts_visited":["Exordium","TheCity","TheBeyond"],"potions_floor_usage":[39],"damage_taken":[{"damage":0.0,"enemies":"2 Louse","floor":1.0,"turns":3.0},{"damage":2.0,"enemies":"Small Slimes","floor":7.0,"turns":3.0},{"damage":21.0,"enemies":"Gremlin Nob","floor":8.0,"turns":5.0},{"damage":0.0,"enemies":"conspire:RoseBush","floor":11.0,"turns":5.0},{"damage":29.0,"enemies":"3 Sentries","floor":14.0,"turns":7.0},{"damage":20.0,"enemies":"The Guardian","floor":16.0,"turns":12.0},{"damage":45.0,"enemies":"3 Byrds","floor":18.0,"turns":6.0},{"damage":24.0,"enemies":"Shell Parasite","floor":20.0,"turns":10.0},{"damage":19.0,"enemies":"3 Cultists","floor":21.0,"turns":5.0},{"damage":33.0,"enemies":"Snake Plant","floor":24.0,"turns":5.0},{"damage":12.0,"enemies":"Centurion and Healer","floor":27.0,"turns":6.0},{"damage":13.0,"enemies":"3 Cultists","floor":28.0,"turns":5.0},{"damage":24.0,"enemies":"conspire:MysteriousRune","floor":33.0,"turns":8.0},{"damage":44.0,"enemies":"3 Shapes","floor":35.0,"turns":8.0},{"damage":55.0,"enemies":"3 Darklings","floor":36.0,"turns":5.0},{"damage":31,"enemies":"Transient","floor":39,"turns":3}],"seed_played":"6925362774106258265","potions_obtained":[{"floor":1.0,"key":"Fire Potion"},{"floor":24.0,"key":"Dexterity Potion"},{"floor":27.0,"key":"Block Potion"},{"floor":35.0,"key":"Fruit Juice"}],"is_trial":false,"path_per_floor":["M","?","?","?","?","R","M","E","T","$","M","?","$","E","R","B",null,"M","?","M","M","?","R","M","R","T","M","M","R","?","AVR","R","B",null,"M","M","?","?","M"],"character_chosen":"IRONCLAD","items_purchased":[],"campfire_rested":4,"item_purchase_floors":[],"current_hp_per_floor":[80,80,80,80,80,80,80,65,65,65,71,64,64,41,41,27,80,41,41,23,10,10,34,7,31,31,28,24,48,48,48,72,57,80,60,14,14,14,0,0],"gold":1331,"neow_bonus":"RANDOM_COMMON_RELIC","is_daily":false,"chose_seed":false,"campfire_upgraded":2,"win_rate":0.0,"timestamp":1613981083,"path_taken":["M","?","?","?","?","R","?","E","T","$","?","?","?","E","R","BOSS","M","?","?","M","?","R","M","R","T","M","M","R","?","AVR","R","BOSS","M","M","?","?","M"],"items_purchased_type":[],"build_version":"2020-12-22","purchased_purges":2,"victory":false,"max_hp_per_floor":[80,80,80,80,80,80,80,80,80,80,80,80,80,80,80,80,80,80,80,80,80,80,80,80,80,80,80,80,80,80,80,80,80,80,93,93,93,93,93,93],"card_choices":[{"not_picked":["Run Through","Warcry"],"picked":"Metallicize","floor":1.0},{"not_picked":["Burning Pact","Thunderclap"],"picked":"Cleave","floor":7.0},{"not_picked":["Uppercut","Dual Wield"],"picked":"Thunderclap","floor":8.0},{"not_picked":["Ghostly Armor","Dark Embrace","Warcry"],"picked":"SKIP","floor":11.0},{"not_picked":["Blood for Blood","Body Slam","Pommel Strike"],"picked":"SKIP","floor":14.0},{"not_picked":["Abandon+1","ReplayTheSpireMod:LeadingStrike+1"],"picked":"Shrug It Off","floor":18.0},{"not_picked":["Dual Wield","Headbutt"],"picked":"Run Through","floor":20.0},{"not_picked":["ReplayTheSpireMod:Strike From Hell+1","Thunderclap"],"picked":"Iron Wave+1","floor":21.0},{"not_picked":["conspire:ExplosiveBarrier","Perfected Strike+1","Sentinel"],"picked":"SKIP","floor":24.0},{"not_picked":["conspire:Charge+1","Cleave"],"picked":"Flex","floor":27.0},{"not_picked":["Disarm","Thunderclap"],"picked":"Heavy Blade","floor":28.0},{"not_picked":["Berserk","Corruption"],"picked":"Feed","floor":33.0},{"not_picked":["Sever Soul","Second Wind+1"],"picked":"Spot Weakness","floor":35.0},{"not_picked":["Wild Strike+1","Seeing Red+1"],"picked":"Twin Strike+1","floor":36.0}],"player_experience":326129,"relics_obtained":[{"floor":3.0,"key":"Ornamental Fan"},{"floor":8.0,"key":"infinitespire:Joker Card"},{"floor":14.0,"key":"Potion Belt"},{"floor":26.0,"key":"Magic Flower"}],"event_choices":[{"damage_healed":0.0,"max_hp_gain":0.0,"max_hp_loss":0.0,"gold_gain":0.0,"cards_transformed":["Defend_R"],"event_name":"Living Wall","player_choice":"Change","floor":2.0,"gold_loss":0.0,"damage_taken":0.0,"cards_obtained":["Ghostly Armor"]},{"damage_healed":0.0,"max_hp_gain":0.0,"max_hp_loss":0.0,"gold_gain":0.0,"event_name":"WeMeetAgain","player_choice":"Paid Gold","floor":5.0,"gold_loss":54.0,"damage_taken":0.0,"relics_obtained":["ReplayTheSpireMod:Spearhead"]},{"cards_removed":["Strike_R"],"damage_healed":0.0,"max_hp_gain":0.0,"max_hp_loss":0.0,"gold_gain":0.0,"event_name":"Golden Wing","player_choice":"Card Removal","floor":12.0,"gold_loss":0.0,"damage_taken":7.0},{"damage_healed":0.0,"max_hp_gain":0.0,"max_hp_loss":0.0,"gold_gain":0.0,"event_name":"The Joust","player_choice":"Bet on Murderer","floor":19.0,"gold_loss":50.0,"damage_taken":0.0},{"damage_healed":0.0,"max_hp_gain":0.0,"max_hp_loss":0.0,"gold_gain":0.0,"event_name":"The Library","player_choice":"Read","floor":22.0,"gold_loss":0.0,"damage_taken":0.0,"cards_obtained":["Demon Form"]},{"damage_healed":0.0,"max_hp_gain":0.0,"max_hp_loss":0.0,"gold_gain":0.0,"cards_transformed":["Strike_R","Defend_R"],"event_name":"Drug Dealer","player_choice":"Became Test Subject","floor":30.0,"gold_loss":0.0,"damage_taken":0.0,"cards_obtained":["Life Link","Pommel Strike"]},{"damage_healed":0.0,"max_hp_gain":0.0,"max_hp_loss":0.0,"gold_gain":999.0,"event_name":"MindBloom","player_choice":"Gold","floor":38.0,"gold_loss":0.0,"damage_taken":0.0,"cards_obtained":["Normality","Normality"]}],"is_beta":false,"boss_relics":[{"not_picked":["Busted Crown","Painkiller Herb"],"picked":"SacredBark"},{"not_picked":["Fusion Hammer","Pandora\u0027s Box"],"picked":"conspire:RunicOctahedron"}],"items_purged_floors":[10,31],"is_endless":false,"potions_floor_spawned":[1,24,27,35],"killed_by":"Transient","ascension_level":2}}