{"host":"sxaoifcprvg3ww0o","time":1613973559,"event":{"mods":["ATMod(∞¢Ë™Mod)","Act Like it!","Arknights","BaseMod","Downfall","Gensokyo","GifTheSpireLib","Hermit","KinomotoSakuraMod(ƒæ÷Æ±æ”£)","Marisa£®ÏF”Í°°ƒß¿Ì…≥£©","Minty Spire (QoL Compilation)","Prisma Mod","Quick Restart","Reimu£®≤©¿ˆ¡È√Œ£©","Reliquary","Remilia£®¿Ÿ√◊¿Ú—«£©","Replay The Spire","StSLib","The Alterego","The Senshi","Waifu the Spire","Yakumo Yukari mod","Youmu£®ªÍ∆«—˝√Œ£©","Yuyuko","°æ“≈ŒÔø®≈∆°øREMEMod"],"gold_per_floor":[117,117,128,138,8,43,43,68,145,145,145,159,159,93,93,170,170,182,182,192,206,206,206,206,206],"floor_reached":24,"language":"ZHS","playtime":1189,"items_purged":[],"score":388,"play_id":"7bfa9f80-cd5b-49da-9abc-5948d48cc455","local_time":"20210222135919","is_ascension_mode":true,"campfire_choices":[{"floor":13.0,"key":"REST"},{"data":"AT_FalsePromise","floor":15.0,"key":"SMITH"},{"floor":23,"key":"RECALL"}],"circlet_count":0,"master_deck":["AscendersBane","Strike_R","Strike_R","Strike_R","Strike_R","Defend_R","Defend_R","Defend_R","Defend_R","PrismaMod:ChloeEyeOfTheEuryale","Injury","ReplayTheSpireMod:Muscle Training","Clumsy","REME_Cut","Fire Breathing","Replay:Undeath\u0027s Touch","Demon Form+1","AT_Dispersion","Ghostly Armor","Wrath_TH","AT_FalsePromise+1","Limit Break","Life Link","Dual Wield","Feel No Pain","AT_CaressingTears"],"relics":["Burning Blood","REME_ComplimentaryCards","AT_ATBox","AT_Kusabimaru","Gensokyo:NagashiBinaDoll","AT_BladeRuinedKing","Happy Flower","Bag of Marbles","CrazyTorch:ReiMu","reliquary:Sod","Gensokyo:Justice","Letter Opener","ReplayTheSpireMod:CursedCoin","RedLine:ReiMu"],"acts_visited":["Exordium","TheCity"],"potions_floor_usage":[],"damage_taken":[{"damage":17.0,"enemies":"Gensokyo:Python","floor":1.0,"turns":4.0},{"damage":6.0,"enemies":"Gensokyo:3_Fairies","floor":3.0,"turns":7.0},{"damage":10.0,"enemies":"Gensokyo:2_Kodama","floor":4.0,"turns":6.0},{"damage":33.0,"enemies":"Gensokyo:Cirno","floor":6.0,"turns":7.0},{"damage":24.0,"enemies":"Gensokyo:Aya","floor":8.0,"turns":6.0},{"damage":5.0,"enemies":"Gensokyo:Gryphon_and_Rabbit","floor":12.0,"turns":7.0},{"damage":18.0,"enemies":"Gensokyo:Kokoro","floor":16.0,"turns":8.0},{"damage":0.0,"enemies":"Spheric Guardian","floor":18.0,"turns":4.0},{"damage":24,"enemies":"2 Thieves","floor":20,"turns":3},{"damage":6,"enemies":"Cultist and Chosen","floor":21,"turns":4},{"damage":37,"enemies":"3 Cultists","floor":24,"turns":4}],"seed_played":"3851393799418951016","potions_obtained":[{"floor":1.0,"key":"Languid Potion"},{"floor":3.0,"key":"Swift Potion"},{"floor":12.0,"key":"Weak Potion"},{"floor":18.0,"key":"SpeedPotion"},{"floor":21,"key":"SteroidPotion"}],"is_trial":false,"path_per_floor":["M","?","M","M","COS","E","?","E","T","?","?","M","R","$","R","B",null,"M","?","M","M","?","R","M"],"character_chosen":"IRONCLAD","items_purchased":["ReplayTheSpireMod:CursedCoin","AT_FalsePromise"],"campfire_rested":1,"item_purchase_floors":[14,14],"current_hp_per_floor":[57,57,57,53,53,26,26,8,8,8,8,9,31,31,31,19,61,61,61,37,31,31,31,0,0],"gold":206,"neow_bonus":"RANDOM_EVENT","is_daily":false,"chose_seed":false,"campfire_upgraded":1,"win_rate":0.0,"timestamp":1613973559,"path_taken":["M","?","M","M","COS","E","?","E","T","?","?","?","R","?","R","BOSS","M","?","?","M","?","R","?"],"items_purchased_type":["Relic","Card"],"build_version":"2020-12-22","purchased_purges":0,"victory":false,"max_hp_per_floor":[75,75,75,75,75,75,75,75,75,75,75,75,75,75,75,75,75,75,75,75,75,75,75,75,75],"card_choices":[{"not_picked":["Shockwave","Defy Death"],"picked":"ReplayTheSpireMod:Muscle Training","floor":1.0},{"not_picked":["Iron Wave","Perfected Strike"],"picked":"REME_Cut","floor":3.0},{"not_picked":["Anger","Pommel Strike"],"picked":"Fire Breathing","floor":4.0},{"not_picked":["Pommel Strike","Fire Breathing"],"picked":"Infernal Blade","floor":6.0},{"not_picked":["Carnage","True Grit"],"picked":"Replay:Undeath\u0027s Touch","floor":8.0},{"not_picked":["Barricade","Immolate"],"picked":"AT_Dispersion","floor":12.0},{"not_picked":["AT_IchimonjiDouble","Intimidate"],"picked":"Ghostly Armor","floor":12.0},{"not_picked":["REME_Fury","Feed"],"picked":"Limit Break","floor":16.0},{"not_picked":["Flex","ReplayTheSpireMod:Strike From Hell"],"picked":"Life Link","floor":18.0},{"not_picked":["Replay:Undeath\u0027s Touch","Heavy Blade"],"picked":"Feel No Pain","floor":20},{"not_picked":["Body Slam","Rupture","Twin Strike"],"picked":"SKIP","floor":21}],"player_experience":597911,"relics_obtained":[{"floor":6.0,"key":"AT_BladeRuinedKing"},{"floor":8.0,"key":"CrazyTorch:ReiMu"},{"floor":9.0,"key":"reliquary:Sod"}],"event_choices":[{"damage_healed":0.0,"max_hp_gain":0.0,"max_hp_loss":0.0,"gold_gain":0.0,"cards_transformed":["AT_Dispersion"],"event_name":"Transmorgrifier","player_choice":"Transformed","floor":19.0,"gold_loss":0.0,"damage_taken":0.0,"cards_obtained":["Dual Wield"]},{"damage_healed":0,"gold_gain":0,"cards_transformed":["Strike_R"],"player_choice":"Transformed","damage_taken":0,"max_hp_gain":0,"max_hp_loss":0,"event_name":"Transmorgrifier","floor":22,"gold_loss":0,"cards_obtained":["AT_CaressingTears"]}],"is_beta":false,"boss_relics":[{"not_picked":["Ectoplasm","Cursed Key"],"picked":"RedLine:ReiMu"}],"items_purged_floors":[],"is_endless":false,"potions_floor_spawned":[1,3,6,12,18,21],"killed_by":"3 Cultists","ascension_level":20}}