{"host":"6pic12dj9p7186mz","time":1613991652,"event":{"mods":["BaseMod","Minty Spire (QoL Compilation)","Permanent Neow","Relic Stats","StSLib"],"gold_per_floor":[212,231,231,245,14,44,44,61,61,236,236,268,288,288,288,389,389,399,95,95,111,129,129,129],"floor_reached":23,"language":"ENG","playtime":805,"items_purged":["Strike_B","Strike_B"],"score":231,"play_id":"a548d152-1893-44ac-9d32-50ba6a8ac64d","local_time":"20210222050052","is_ascension_mode":true,"campfire_choices":[{"data":"Zap","floor":7,"key":"SMITH"},{"data":"Recycle","floor":11,"key":"SMITH"},{"data":"Ball Lightning","floor":15,"key":"SMITH"}],"circlet_count":0,"master_deck":["Strike_B+1","Defend_B","Defend_B+1","Defend_B","Defend_B","Zap+1","Dualcast","Go for the Eyes","BootSequence","Ball Lightning+1","Coolheaded","Recycle+1","Doubt","Loop+1","Streamline+1","Reprogram","Electrodynamics+1","Loop+1","Redo","All For One+1","Blizzard+1","Ball Lightning+1","Redo"],"relics":["Cracked Core","PreservedInsect","Mummified Hand","Frozen Egg 2","Molten Egg 2","Fusion Hammer","DollysMirror"],"acts_visited":["Exordium","TheCity"],"potions_floor_usage":[6,22],"damage_taken":[{"damage":7,"enemies":"Jaw Worm","floor":1,"turns":3},{"damage":3,"enemies":"2 Louse","floor":2,"turns":2},{"damage":0,"enemies":"Small Slimes","floor":4,"turns":2},{"damage":11,"enemies":"3 Sentries","floor":6,"turns":4},{"damage":0,"enemies":"Red Slaver","floor":8,"turns":3},{"damage":17,"enemies":"Gremlin Nob","floor":12,"turns":4},{"damage":0,"enemies":"Looter","floor":13,"turns":3},{"damage":18,"enemies":"Hexaghost","floor":16,"turns":9},{"damage":18,"enemies":"2 Thieves","floor":18,"turns":3},{"damage":11,"enemies":"Shell Parasite","floor":21,"turns":5},{"damage":31,"enemies":"Snecko","floor":22,"turns":5},{"damage":17,"enemies":"Book of Stabbing","floor":23,"turns":2}],"seed_played":"-2763802868707978779","potions_obtained":[{"floor":1,"key":"Fire Potion"},{"floor":6,"key":"FocusPotion"},{"floor":13,"key":"SteroidPotion"},{"floor":16,"key":"Explosive Potion"},{"floor":22,"key":"Strength Potion"}],"is_trial":false,"path_per_floor":["M","M","?","M","$","E","R","M","T","?","R","E","M","?","R","B",null,"M","$","?","M","M","E"],"character_chosen":"DEFECT","items_purchased":["PreservedInsect","DollysMirror","Redo"],"campfire_rested":0,"item_purchase_floors":[5,19,19],"current_hp_per_floor":[68,65,50,50,50,39,39,39,39,39,39,22,22,22,22,4,75,57,57,57,46,15,0,0],"gold":129,"neow_bonus":"HUNDRED_GOLD","is_daily":false,"chose_seed":false,"campfire_upgraded":3,"win_rate":0.0,"timestamp":1613991652,"path_taken":["M","M","?","M","$","E","R","M","T","?","R","E","M","?","R","BOSS","M","$","?","?","M","E"],"items_purchased_type":["Relic","Relic","Card"],"build_version":"2020-12-22","purchased_purges":2,"victory":false,"max_hp_per_floor":[75,75,75,75,75,75,75,75,75,75,75,75,75,75,75,75,75,75,75,75,75,75,75,75],"relic_stats":{"counters":[12,44],"Mummified Hand":[15],"PreservedInsect":95,"obtain_stats":[{"Mummified Hand":6,"DollysMirror":19,"Molten Egg 2":12,"PreservedInsect":5,"Fusion Hammer":17,"Frozen Egg 2":9,"Cracked Core":0},{"Mummified Hand":4,"DollysMirror":9,"Molten Egg 2":6,"PreservedInsect":3,"Fusion Hammer":8,"Frozen Egg 2":5,"Cracked Core":0},{"Mummified Hand":11,"DollysMirror":33,"Molten Egg 2":18,"PreservedInsect":7,"Fusion Hammer":30,"Frozen Egg 2":14,"Cracked Core":0}]},"card_choices":[{"not_picked":["Scrape","Double Energy"],"picked":"Go for the Eyes","floor":1},{"not_picked":["Redo","Fusion"],"picked":"BootSequence","floor":2},{"not_picked":["Turbo","Coolheaded"],"picked":"Ball Lightning","floor":4},{"not_picked":["Double Energy","Machine Learning"],"picked":"Coolheaded","floor":6},{"not_picked":["Heatsinks","Steam"],"picked":"Recycle","floor":8},{"not_picked":["Beam Cell+1","Blizzard+1"],"picked":"Loop+1","floor":12},{"not_picked":["Tempest","Stack"],"picked":"Streamline+1","floor":13},{"not_picked":["Meteor Strike+1","Fission"],"picked":"Electrodynamics+1","floor":16},{"not_picked":["Steam","Streamline+1","Undo"],"picked":"SKIP","floor":18},{"not_picked":["Cold Snap+1","Hologram"],"picked":"Ball Lightning+1","floor":21},{"not_picked":["Gash+1","Ball Lightning+1"],"picked":"Redo","floor":22}],"player_experience":46731,"relics_obtained":[{"floor":6,"key":"Mummified Hand"},{"floor":9,"key":"Frozen Egg 2"},{"floor":12,"key":"Molten Egg 2"}],"event_choices":[{"damage_healed":0,"gold_gain":0,"player_choice":"Entered Light","damage_taken":15,"max_hp_gain":0,"max_hp_loss":0,"event_name":"Shining Light","floor":3,"gold_loss":0,"cards_upgraded":["Defend_B","Strike_B"]},{"damage_healed":0,"gold_gain":175,"player_choice":"AGREE","damage_taken":0,"max_hp_gain":0,"max_hp_loss":0,"event_name":"Liars Game","floor":10,"gold_loss":0,"cards_obtained":["Doubt"]},{"damage_healed":0,"gold_gain":0,"cards_transformed":["Strike_B"],"player_choice":"Transformed","damage_taken":0,"max_hp_gain":0,"max_hp_loss":0,"event_name":"Transmorgrifier","floor":14,"gold_loss":0,"cards_obtained":["Reprogram"]},{"damage_healed":0,"gold_gain":0,"player_choice":"2 cards matched","damage_taken":0,"max_hp_gain":0,"max_hp_loss":0,"event_name":"Match and Keep!","floor":20,"gold_loss":0,"cards_obtained":["All For One","Blizzard"]}],"is_beta":false,"boss_relics":[{"not_picked":["Runic Pyramid","Runic Dome"],"picked":"Fusion Hammer"}],"items_purged_floors":[5,19],"is_endless":false,"potions_floor_spawned":[1,6,13,16,22],"killed_by":"Book of Stabbing","ascension_level":3}}