{"host":"lofekbk9st7qup1x","time":1613996057,"event":{"mods":["BaseMod","BetterRewards","Minty Spire (QoL Compilation)"],"gold_per_floor":[114,189,189,208,221,221,252,252,252,262,262,262,272,329,329,329,329],"floor_reached":16,"language":"ENG","playtime":1001,"items_purged":[],"score":100,"play_id":"5039a463-36bb-4d05-9f15-7697d1918d05","local_time":"20210222201417","is_ascension_mode":false,"campfire_choices":[{"data":"Sucker Punch","floor":6,"key":"SMITH"},{"data":"Neutralize","floor":8,"key":"SMITH"},{"floor":12,"key":"REST"},{"floor":15,"key":"REST"}],"circlet_count":0,"master_deck":["Strike_G","Strike_G","Strike_G","Strike_G","Strike_G","Defend_G","Defend_G","Defend_G","Defend_G","Defend_G","Survivor","Neutralize+1","Sucker Punch+1","Pain","Crippling Poison","Dagger Throw","Flying Knee","Tactician","Backstab","Acrobatics"],"relics":["Ring of the Snake","NeowsBlessing","WarpedTongs","Question Card","MealTicket","Juzu Bracelet"],"acts_visited":["Exordium"],"potions_floor_usage":[16,16,16],"damage_taken":[{"damage":0,"enemies":"Small Slimes","floor":1,"turns":1},{"damage":0,"enemies":"Cultist","floor":4,"turns":1},{"damage":2,"enemies":"2 Louse","floor":5,"turns":1},{"damage":48,"enemies":"Gremlin Nob","floor":7,"turns":7},{"damage":3,"enemies":"Gremlin Gang","floor":10,"turns":5},{"damage":4,"enemies":"Looter","floor":13,"turns":3},{"damage":13,"enemies":"Lagavulin Event","floor":14,"turns":8},{"damage":32,"enemies":"Slime Boss","floor":16,"turns":10}],"seed_played":"6839738508539652405","potions_obtained":[{"floor":7,"key":"Strength Potion"},{"floor":10,"key":"Block Potion"},{"floor":13,"key":"Explosive Potion"}],"is_trial":false,"path_per_floor":["M","?","?","M","M","R","E","R","T","M","?","R","M","?","R","B"],"character_chosen":"THE_SILENT","items_purchased":[],"campfire_rested":2,"item_purchase_floors":[],"current_hp_per_floor":[70,59,59,59,57,57,9,9,9,6,6,27,23,10,31,0,0],"gold":329,"neow_bonus":"THREE_ENEMY_KILL","is_daily":false,"chose_seed":false,"campfire_upgraded":2,"win_rate":0.0,"timestamp":1613996057,"path_taken":["M","?","?","M","?","R","E","R","T","M","?","R","M","?","R","BOSS"],"items_purchased_type":[],"build_version":"2020-12-22","purchased_purges":0,"victory":false,"max_hp_per_floor":[70,70,70,70,70,70,70,70,70,70,70,70,70,70,70,70,70],"card_choices":[{"not_picked":["Dagger Spray","Well Laid Plans"],"picked":"Sucker Punch","floor":1},{"not_picked":["Bane","Masterful Stab"],"picked":"Crippling Poison","floor":4},{"not_picked":["Underhanded Strike","Quick Slash"],"picked":"Dagger Throw","floor":5},{"not_picked":["Underhanded Strike","Blade Dance"],"picked":"Flying Knee","floor":7},{"not_picked":["Outmaneuver","Dagger Throw","Dodge and Roll"],"picked":"Tactician","floor":10},{"not_picked":["Dash","Finisher","Terror"],"picked":"Backstab","floor":13},{"not_picked":["Dodge and Roll","Sucker Punch","Flying Knee"],"picked":"Acrobatics","floor":14}],"player_experience":7056,"relics_obtained":[{"floor":7,"key":"Question Card"},{"floor":9,"key":"MealTicket"}],"event_choices":[{"damage_healed":0,"gold_gain":75,"player_choice":"Gather Gold","damage_taken":11,"max_hp_gain":0,"max_hp_loss":0,"event_name":"World of Goop","floor":2,"gold_loss":0},{"damage_healed":0,"gold_gain":0,"player_choice":"Rummage","damage_taken":0,"relics_obtained":["WarpedTongs"],"max_hp_gain":0,"max_hp_loss":0,"event_name":"Accursed Blacksmith","floor":3,"gold_loss":0,"cards_obtained":["Pain"]},{"damage_healed":0,"gold_gain":0,"player_choice":"Ignored","damage_taken":0,"max_hp_gain":0,"max_hp_loss":0,"event_name":"Golden Wing","floor":11,"gold_loss":0},{"damage_healed":0,"gold_gain":0,"player_choice":"Searched \u00272\u0027 times","damage_taken":0,"relics_obtained":["Juzu Bracelet"],"max_hp_gain":0,"max_hp_loss":0,"event_name":"Dead Adventurer","floor":14,"gold_loss":0}],"is_beta":false,"boss_relics":[],"items_purged_floors":[],"is_endless":false,"potions_floor_spawned":[7,10,13],"killed_by":"Slime Boss","ascension_level":0}}