{"host":"bplbr8uekuotory4","time":1613971068,"event":{"mods":["Act Like it!","BaseMod","GungeonMod","Hermit","KinomotoSakuraMod(木之本樱)","Marisa（F雨　魔理沙）","Minty Spire (QoL Compilation)","Prisma Mod","Quick Restart","Reimu（博丽灵梦）","SOS（斯巴达之子）","Spicy Shops","StSLib","TestMod","The Blackbeard","The Cursed","The Mystic","The Saiyan","The Senshi","The Servant 0.9.4","Yuri Mod","[IsaacMod]以撒尖塔"],"gold_per_floor":[215,390,410,410,148,178,178,106,106,133,144,195,195,205,205,363,363,382,407,407,414,440,485,400,416,416,440,464,503,526,563,563,690,690,705,705,730,781,815,859,859,904,929,929,975,1028,1041,1062,1062,1079,1079,1079,1079,1100,1131,1153,1153,1153,1167,1167,1167,1174,1174,1174,1184,1184,1184,1184,1212,1217],"floor_reached":56,"language":"ZHS","playtime":1600,"items_purged":["Doubt","Injury","Strike_P","Strike_P","Defend_P","Defend_P","Strike_P","ReachHeaven+1","Strike_P","Defend_P+1"],"score":1895,"play_id":"82899581-d9cf-4abb-8e5e-7b9c90bffffc","local_time":"20210222131748","is_ascension_mode":true,"campfire_choices":[{"data":"Judgement","floor":7,"key":"SMITH"},{"data":"Eruption","floor":13,"key":"SMITH"},{"data":"ReachHeaven","floor":15,"key":"SMITH"},{"data":"Ragnarok","floor":32,"key":"SMITH"},{"data":"Scrawl","floor":41,"key":"SMITH"},{"data":"Vault","floor":49,"key":"SMITH"},{"data":"ReachHeaven","floor":42,"key":"SMITH"},{"floor":46,"key":"DIG"},{"floor":49,"key":"RECALL"},{"floor":52,"key":"DIG"}],"circlet_count":0,"master_deck":["Defend_P+1","Eruption+1","Vigilance","Judgement+1","Adaptation+1","Establishment+1","MasterReality+1","testmod-TaurusBlackCat+1","Ragnarok+1","Brilliance","Scrawl+1","ReachHeaven+1","CarveReality+1","DeceiveReality+1","Vault+1","Worship+1","BattleHymn+1"],"relics":["PureWater","testmod-TestBox","HushsDoor","SteamSale","testmod-TheFather","SalivaCoin","Chemical X","Orichalcum","Mastiff:ReiMu","Membership Card","NineVolt","DemoMod:DecoyRelic","theSenshi:SailorFukuRelic","Frozen Egg 2","Ancient Tea Set","TungstenRod","Boot","testmod-TimeTraveler","OrangePellets","DemoMod:Bottle","Melange","BlankCard","War Paint","Bottled Flame","Bronze Scales","Pen Nib","PureWhite:ReiMu","testmod-EqualTreatment","testmod-TurbochargingSystem","Akabeko","testmod-NegativeEmotionEnhancer","Lee\u0027s Waffle","testmod-Antiphasic","Omamori","DemoMod:ChaffGrenade","Cauldron","Mango","DemoMod:PoisonVial","Vajra","testmod-LifeArmor","MealTicket","CatCart","DemoMod:GlassGuonStoneRelic","HandDrill","TheAbacus","DemoMod:ResourcefulSack","testmod-Maize","Shovel","Habit","Bag of Marbles","DeathBook","Mercury Hourglass","DemoMod:PinkGuonStone","GuppysTail","DemoMod:BigBoy","Toolbox","Nunchaku","Dream Catcher","testmod-AssaultLearning","TentaclePot:ReiMu","Bottled Tornado","Happy Flower","yuri:PortableGlitches","DemoMod:SuperHotWatch","testmod-FatalChain","Darkstone Periapt","ClockworkSouvenir","testmod-Justice","DemoMod:MeatBun","Strange Spoon","BookOfRevelations","DemoMod:WhiteGuonStone","UnicornStump","Art of War"],"acts_visited":["Exordium","TheCity","TheBeyond","TheEnding"],"potions_floor_usage":[10,11,16,16,16,23,33,33,55,55,55],"damage_taken":[{"damage":0,"enemies":"Jaw Worm","floor":1,"turns":1},{"damage":0,"enemies":"Small Slimes","floor":3,"turns":2},{"damage":0,"enemies":"3 Sentries","floor":6,"turns":1},{"damage":0,"enemies":"Gremlin Nob","floor":10,"turns":1},{"damage":0,"enemies":"Cultist","floor":11,"turns":1},{"damage":19,"enemies":"Lagavulin","floor":12,"turns":4},{"damage":0,"enemies":"Red Slaver","floor":14,"turns":2},{"damage":34,"enemies":"Hexaghost","floor":16,"turns":9},{"damage":0,"enemies":"Spheric Guardian","floor":18,"turns":3},{"damage":0,"enemies":"3 Byrds","floor":19,"turns":2},{"damage":12,"enemies":"Snake Plant","floor":22,"turns":3},{"damage":6,"enemies":"Slavers","floor":23,"turns":2},{"damage":0,"enemies":"Sentry and Sphere","floor":25,"turns":3},{"damage":0,"enemies":"3 Cultists","floor":27,"turns":2},{"damage":2,"enemies":"Cultist and Chosen","floor":28,"turns":3},{"damage":0,"enemies":"Gremlin Leader","floor":29,"turns":2},{"damage":16,"enemies":"Centurion and Healer","floor":30,"turns":2},{"damage":12,"enemies":"Slavers","floor":31,"turns":2},{"damage":17,"enemies":"Champ","floor":33,"turns":3},{"damage":0,"enemies":"3 Darklings","floor":35,"turns":1},{"damage":7,"enemies":"Orb Walker","floor":37,"turns":2},{"damage":0,"enemies":"Mind Bloom Boss Battle","floor":38,"turns":1},{"damage":0,"enemies":"Transient","floor":39,"turns":5},{"damage":17,"enemies":"Giant Head","floor":40,"turns":2},{"damage":0,"enemies":"Reptomancer","floor":42,"turns":1},{"damage":17,"enemies":"Giant Head","floor":45,"turns":2},{"damage":0,"enemies":"Orin","floor":46,"turns":4},{"damage":0,"enemies":"Jaw Worm Horde","floor":47,"turns":1},{"damage":0,"enemies":"Maw","floor":48,"turns":2},{"damage":0,"enemies":"3 Shapes","floor":35,"turns":1},{"damage":0,"enemies":"3 Darklings","floor":39,"turns":1},{"damage":0,"enemies":"Reptomancer","floor":40,"turns":2},{"damage":0,"enemies":"Spire Growth","floor":41,"turns":1},{"damage":0,"enemies":"Sphere and 2 Shapes","floor":44,"turns":2},{"damage":0,"enemies":"Donu and Deca","floor":50,"turns":2},{"damage":0,"enemies":"Shield and Spear","floor":54,"turns":2},{"damage":0,"enemies":"The Heart","floor":55,"turns":3}],"seed_played":"-452825676614492772","potions_obtained":[{"floor":3,"key":"Weak Potion"},{"floor":6,"key":"AttackPotion"},{"floor":12,"key":"Swift Potion"},{"floor":16,"key":"GamblersBrew"},{"floor":18,"key":"FairyPotion"},{"floor":23,"key":"CultistPotion"},{"floor":35,"key":"CultistPotion"},{"floor":36,"key":"Energy Potion"}],"is_trial":false,"path_per_floor":["M","?","M","?","$","E","R","$","T","E","M","E","R","M","R","B",null,"M","M","$","?","M","E","?","M","T","M","M","E","M","E","R","B",null,"M","$","M","?","M","E","R","E","T","?","E","?","M","M","R","M","$","?","$","M","E","M","R","T","M","$","R","?","$","R","B",null,"R","$","E","B",null],"character_chosen":"WATCHER","items_purchased":["SalivaCoin","Chemical X","Orichalcum","Membership Card","NineVolt","DemoMod:DecoyRelic","theSenshi:SailorFukuRelic","Frozen Egg 2","Adaptation+1","Ancient Tea Set","Explosive Potion","OrangePellets","DemoMod:Bottle","Melange","BlankCard","testmod-TaurusBlackCat+1","War Paint","Bottled Flame","StancePotion","LiquidMemories","Lee\u0027s Waffle","testmod-Antiphasic","Omamori","DemoMod:ChaffGrenade","ForgetMeNow","Cauldron","ReachHeaven","HandDrill","TheAbacus","DemoMod:ResourcefulSack","testmod-Maize","Shovel","Habit","Bag of Marbles","DeathBook","Mercury Hourglass","DemoMod:PinkGuonStone","Toolbox","Nunchaku","Dream Catcher","testmod-AssaultLearning","TentaclePot:ReiMu","yuri:PortableGlitches","DemoMod:SuperHotWatch","testmod-FatalChain","Darkstone Periapt","ClockworkSouvenir","DemoMod:MeatBun","Strange Spoon","BookOfRevelations","DemoMod:WhiteGuonStone","UnicornStump"],"campfire_rested":0,"item_purchase_floors":[5,5,5,8,8,8,8,8,8,8,8,20,20,20,20,20,20,20,20,20,36,36,36,36,36,36,36,36,36,36,36,36,38,38,38,38,38,45,45,45,45,45,48,48,48,48,48,53,53,53,53,53],"current_hp_per_floor":[72,72,72,144,144,144,144,144,144,144,144,125,125,125,125,91,144,144,144,144,130,118,112,112,112,112,112,110,110,94,82,82,65,144,145,152,147,163,165,150,150,154,154,154,139,149,153,155,166,167,167,159,166,167,168,169,169,169,170,170,170,156,170,170,171,171,171,171,172,173],"gold":1217,"neow_bonus":"HUNDRED_GOLD","is_daily":false,"chose_seed":false,"campfire_upgraded":7,"win_rate":0.0,"timestamp":1613971068,"path_taken":["M","?","M","?","$","E","R","$","T","E","?","E","R","M","R","BOSS","M","M","$","?","?","E","?","M","T","M","M","E","M","E","R","BOSS","M","$","M","?","M","E","R","E","T","?","E","?","?","M","R","M","$","?","$","M","E","?","R","T","M","$","R","?","?","R","BOSS","R","$","E","BOSS"],"items_purchased_type":["Relic","Relic","Relic","Relic","Relic","Relic","Relic","Relic","Card","Relic","Potion","Relic","Relic","Relic","Relic","Card","Relic","Relic","Potion","Potion","Relic","Relic","Relic","Relic","Relic","Relic","Card","Relic","Relic","Relic","Relic","Relic","Relic","Relic","Relic","Relic","Relic","Relic","Relic","Relic","Relic","Relic","Relic","Relic","Relic","Relic","Relic","Relic","Relic","Relic","Relic","Relic"],"build_version":"2020-12-22","purchased_purges":10,"victory":true,"max_hp_per_floor":[72,72,72,144,144,144,144,144,144,144,144,144,144,144,144,144,144,144,144,144,144,144,144,144,144,144,144,144,144,144,144,144,144,144,145,152,153,168,169,170,170,171,171,162,163,164,165,166,166,167,167,159,166,167,168,169,169,169,170,170,170,170,170,170,171,171,171,171,172,173],"card_choices":[{"not_picked":["CrushJoints","ClearTheMind","SignatureMove"],"picked":"SKIP","floor":1},{"not_picked":["BattleHymn","CrushJoints"],"picked":"Bomb","floor":3},{"not_picked":["Consecrate","Collect"],"picked":"Judgement","floor":6},{"not_picked":["Crescendo","Protect"],"picked":"ReachHeaven","floor":10},{"not_picked":["Nirvana+1","Halt","JustLucky"],"picked":"SKIP","floor":11},{"not_picked":["FollowUp","Prostrate"],"picked":"Establishment+1","floor":12},{"not_picked":["Fasting2+1","Collect","CarveReality"],"picked":"SKIP","floor":14},{"not_picked":["Alpha","Wish"],"picked":"MasterReality+1","floor":16},{"not_picked":["Crescendo","SashWhip+1","ReachHeaven"],"picked":"SKIP","floor":18},{"not_picked":["EmptyBody","Prostrate","FlyingSleeves"],"picked":"SKIP","floor":19},{"not_picked":["SashWhip","Halt"],"picked":"Ragnarok","floor":22},{"not_picked":["Adaptation+1","Protect+1","Vengeance+1"],"picked":"SKIP","floor":23},{"not_picked":["Indignation","PathToVictory+1","WindmillStrike"],"picked":"SKIP","floor":25},{"not_picked":["SashWhip+1","SandsOfTime"],"picked":"Brilliance","floor":27},{"not_picked":["ThirdEye+1","Protect+1","LikeWater+1"],"picked":"SKIP","floor":28},{"not_picked":["ThirdEye+1","SandsOfTime","MasterReality+1"],"picked":"SKIP","floor":29},{"not_picked":["ThirdEye","MentalFortress+1","Protect"],"picked":"SKIP","floor":30},{"not_picked":["Meditate","BowlingBash+1","SandsOfTime"],"picked":"SKIP","floor":31},{"not_picked":["Judgement","Omniscience"],"picked":"Scrawl","floor":33},{"not_picked":["Wireheading+1","WaveOfTheHand","Evaluate+1"],"picked":"SKIP","floor":35},{"not_picked":["Protect+1","Evaluate","Halt"],"picked":"SKIP","floor":37},{"not_picked":["JustLucky+1","Protect+1"],"picked":"CarveReality+1","floor":39},{"not_picked":["Crescendo+1","Fasting2+1","JustLucky"],"picked":"SKIP","floor":40},{"not_picked":["TalkToTheHand+1","Protect+1"],"picked":"DeceiveReality+1","floor":42},{"not_picked":["CarveReality+1","Evaluate","Conclude+1"],"picked":"SKIP","floor":45},{"not_picked":["Wireheading+1","BowlingBash+1"],"picked":"Vault","floor":46},{"not_picked":["FollowUp","Evaluate+1","BowlingBash"],"picked":"SKIP","floor":47},{"not_picked":["Vengeance+1","DeceiveReality+1","TalkToTheHand+1"],"picked":"SKIP","floor":48},{"not_picked":["BowlingBash","Evaluate+1"],"picked":"Worship+1","floor":35},{"not_picked":["SignatureMove","FlurryOfBlows","Crescendo"],"picked":"SKIP","floor":39},{"not_picked":["DeceiveReality","PathToVictory+1","EmptyBody"],"picked":"SKIP","floor":40},{"not_picked":["MentalFortress+1","CutThroughFate","SashWhip+1"],"picked":"SKIP","floor":41},{"not_picked":["LessonLearned","Prostrate"],"picked":"BattleHymn+1","floor":44},{"not_picked":["ThirdEye+1","SashWhip+1","Collect"],"picked":"SKIP","floor":54}],"player_experience":1176217,"relics_obtained":[{"floor":6,"key":"Mastiff:ReiMu"},{"floor":10,"key":"TungstenRod"},{"floor":12,"key":"Boot"},{"floor":23,"key":"Pen Nib"},{"floor":26,"key":"testmod-EqualTreatment"},{"floor":29,"key":"testmod-TurbochargingSystem"},{"floor":31,"key":"Akabeko"},{"floor":38,"key":"Mango"},{"floor":40,"key":"DemoMod:PoisonVial"},{"floor":42,"key":"Vajra"},{"floor":43,"key":"testmod-LifeArmor"},{"floor":45,"key":"MealTicket"},{"floor":46,"key":"CatCart"},{"floor":40,"key":"GuppysTail"},{"floor":43,"key":"DemoMod:BigBoy"},{"floor":46,"key":"Bottled Tornado"},{"floor":52,"key":"testmod-Justice"},{"floor":54,"key":"Art of War"}],"event_choices":[{"damage_healed":0,"gold_gain":175,"player_choice":"AGREE","damage_taken":0,"max_hp_gain":0,"max_hp_loss":0,"event_name":"Liars Game","floor":2,"gold_loss":0,"cards_obtained":["Doubt"]},{"damage_healed":0,"gold_gain":0,"player_choice":"Swap Relic","damage_taken":0,"relics_obtained":["testmod-HarvestTotem"],"max_hp_gain":0,"max_hp_loss":0,"event_name":"给自己的盒子","floor":4,"relics_lost":["testmod-HarvestTotem"],"gold_loss":0},{"damage_healed":0,"gold_gain":0,"player_choice":"Obtained Relic","damage_taken":0,"relics_obtained":["PureWhite:ReiMu"],"max_hp_gain":0,"max_hp_loss":0,"event_name":"Addict","floor":24,"gold_loss":85},{"damage_healed":0,"gold_gain":0,"player_choice":"Fight","damage_taken":0,"max_hp_gain":0,"max_hp_loss":0,"event_name":"MindBloom","floor":38,"gold_loss":0},{"damage_healed":0,"gold_gain":0,"player_choice":"Max HP","damage_taken":0,"max_hp_gain":0,"max_hp_loss":9,"event_name":"Winding Halls","floor":44,"gold_loss":0},{"damage_healed":0,"gold_gain":0,"player_choice":"Fight","damage_taken":0,"max_hp_gain":0,"max_hp_loss":0,"event_name":"OrinTheCat","floor":46,"gold_loss":0},{"damage_healed":0,"gold_gain":0,"player_choice":"Max HP","damage_taken":0,"max_hp_gain":0,"max_hp_loss":8,"event_name":"Winding Halls","floor":37,"gold_loss":0}],"is_beta":false,"boss_relics":[{"not_picked":["Calling Bell","VioletLotus"],"picked":"testmod-TimeTraveler"},{"not_picked":[]},{"not_picked":["testmod-Nine","testmod-Recursion"],"picked":"testmod-NegativeEmotionEnhancer"},{"not_picked":[]}],"items_purged_floors":[5,8,20,36,36,38,45,48,53,53],"is_endless":false,"potions_floor_spawned":[3,6,12,14,16,18,23,25,29,30,35,40,48,35,41,54],"ascension_level":1}}