{"host":"p1xsuo25udtrkbq2","time":1613975045,"event":{"mods":["BaseMod","Colored Map","Googly Eyes","Highlight Path","Minty Spire (QoL Compilation)","Quick Restart","Rare Cards Sparkle","StSLib","everything is the same but u backflip on backflip"],"gold_per_floor":[111,111,125,26,36,36,49,82,82,115,125,146,146,165,165,260,260,274,302,302,313,313,313,313,313],"floor_reached":24,"language":"ENG","playtime":2001,"items_purged":["Strike_R"],"score":349,"play_id":"92e427d0-85f7-4ba4-a44b-474916cb4af6","local_time":"20210222012405","is_ascension_mode":true,"campfire_choices":[{"data":"Bash","floor":6.0,"key":"SMITH"},{"data":"Disarm","floor":15,"key":"SMITH"},{"data":"J.A.X.","floor":23,"key":"SMITH"}],"circlet_count":0,"master_deck":["AscendersBane","Strike_R","Strike_R","Strike_R","Strike_R","Defend_R","Defend_R","Defend_R","Defend_R","Bash+1","Cleave","Twin Strike","Clash","Carnage","Anger","Disarm+1","Flame Barrier","Headbutt","Reaper","Hemokinesis","True Grit","J.A.X.+1","Ghostly","Ghostly","Ghostly","Ghostly","Ghostly"],"relics":["Burning Blood","GremlinMask","Centennial Puzzle","Frozen Egg 2","FossilizedHelix","Odd Mushroom","Cursed Key","Red Mask"],"acts_visited":["Exordium","TheCity"],"potions_floor_usage":[18,19,19],"damage_taken":[{"damage":16.0,"enemies":"Jaw Worm","floor":1.0,"turns":6.0},{"damage":11.0,"enemies":"Cultist","floor":3.0,"turns":4.0},{"damage":6.0,"enemies":"2 Louse","floor":5.0,"turns":3.0},{"damage":12.0,"enemies":"Looter","floor":7.0,"turns":3.0},{"damage":18.0,"enemies":"Lagavulin","floor":8.0,"turns":5.0},{"damage":31.0,"enemies":"3 Sentries","floor":10.0,"turns":7.0},{"damage":0.0,"enemies":"3 Louse","floor":11.0,"turns":3.0},{"damage":0.0,"enemies":"The Mushroom Lair","floor":12.0,"turns":3.0},{"damage":0.0,"enemies":"Gremlin Nob","floor":13.0,"turns":2.0},{"damage":0,"enemies":"Blue Slaver","floor":14,"turns":2},{"damage":20,"enemies":"Hexaghost","floor":16,"turns":10},{"damage":17,"enemies":"2 Thieves","floor":18,"turns":4},{"damage":15,"enemies":"Masked Bandits","floor":19,"turns":4},{"damage":8,"enemies":"Shell Parasite","floor":21,"turns":4},{"damage":43,"enemies":"Gremlin Leader","floor":24,"turns":6}],"seed_played":"-3967153250471752563","potions_obtained":[{"floor":0.0,"key":"HeartOfIron"},{"floor":0.0,"key":"Dexterity Potion"},{"floor":0.0,"key":"BloodPotion"},{"floor":10.0,"key":"SmokeBomb"},{"floor":11.0,"key":"Fire Potion"},{"floor":14,"key":"BloodPotion"},{"floor":16,"key":"DistilledChaos"},{"floor":18,"key":"Block Potion"},{"floor":19,"key":"DuplicationPotion"}],"is_trial":false,"path_per_floor":["M","?","M","$","M","R","M","E","T","E","M","?","E","M","R","B",null,"M","?","?","M","?","R","E"],"character_chosen":"IRONCLAD","items_purchased":["Twin Strike"],"campfire_rested":0,"item_purchase_floors":[4],"current_hp_per_floor":[62,62,57,57,57,57,51,39,39,14,20,26,32,38,38,24,66,76,67,67,72,40,40,0,0],"gold":313,"neow_bonus":"THREE_SMALL_POTIONS","is_daily":false,"chose_seed":false,"campfire_upgraded":3,"win_rate":0.0,"timestamp":1613975045,"path_taken":["M","?","M","$","M","R","M","E","T","E","?","?","E","M","R","BOSS","M","?","?","M","?","R","E"],"items_purchased_type":["Card"],"build_version":"2020-12-22","purchased_purges":1,"victory":false,"max_hp_per_floor":[80,80,80,80,80,80,80,80,80,80,80,80,80,80,80,80,80,80,80,80,80,40,40,40,40],"card_choices":[{"not_picked":["Flex","Sword Boomerang"],"picked":"Cleave","floor":1.0},{"not_picked":["Warcry","Havoc","Body Slam"],"picked":"SKIP","floor":3.0},{"not_picked":["Havoc","Exhume"],"picked":"Clash","floor":5.0},{"not_picked":["Dual Wield","Seeing Red"],"picked":"Carnage","floor":7.0},{"not_picked":["Clash","Whirlwind"],"picked":"Anger","floor":8.0},{"not_picked":["Intimidate","Clothesline"],"picked":"Disarm","floor":10.0},{"not_picked":["Cleave","Warcry"],"picked":"Flame Barrier","floor":11.0},{"not_picked":["Clothesline","Body Slam"],"picked":"Headbutt","floor":14},{"not_picked":["Double Tap","Offering"],"picked":"Reaper","floor":16},{"not_picked":["Ghostly Armor","Reckless Charge+1"],"picked":"Hemokinesis","floor":18},{"not_picked":["Cleave","Feel No Pain+1"],"picked":"True Grit","floor":19},{"not_picked":["Wild Strike+1","Cleave+1","Iron Wave"],"picked":"SKIP","floor":21}],"player_experience":1143300,"relics_obtained":[{"floor":8.0,"key":"Centennial Puzzle"},{"floor":9.0,"key":"Frozen Egg 2"},{"floor":10.0,"key":"FossilizedHelix"},{"floor":12.0,"key":"Odd Mushroom"},{"floor":19,"key":"Red Mask"}],"event_choices":[{"damage_healed":0.0,"max_hp_gain":0.0,"max_hp_loss":0.0,"gold_gain":0.0,"event_name":"FaceTrader","player_choice":"Trade","floor":2.0,"gold_loss":0.0,"damage_taken":0.0,"relics_obtained":["GremlinMask"]},{"damage_healed":0.0,"max_hp_gain":0.0,"max_hp_loss":0.0,"gold_gain":0.0,"event_name":"Mushrooms","player_choice":"Fought Mushrooms","floor":12.0,"gold_loss":0.0,"damage_taken":0.0},{"damage_healed":0,"gold_gain":0,"player_choice":"Fought Bandits","damage_taken":0,"max_hp_gain":0,"max_hp_loss":0,"event_name":"Masked Bandits","floor":19,"gold_loss":0},{"damage_healed":0,"gold_gain":0,"player_choice":"Obtain J.A.X.","damage_taken":0,"max_hp_gain":0,"max_hp_loss":0,"event_name":"Drug Dealer","floor":20,"gold_loss":0,"cards_obtained":["J.A.X."]},{"damage_healed":0,"gold_gain":0,"player_choice":"Became a Ghost","damage_taken":0,"max_hp_gain":0,"max_hp_loss":40,"event_name":"Ghosts","floor":22,"gold_loss":0,"cards_obtained":["Ghostly","Ghostly","Ghostly","Ghostly","Ghostly"]}],"is_beta":false,"boss_relics":[{"not_picked":["Black Star","Busted Crown"],"picked":"Cursed Key"}],"items_purged_floors":[4],"is_endless":false,"potions_floor_spawned":[7,10,11,13,14,16,18,19],"killed_by":"Gremlin Leader","ascension_level":10}}