{"host":"6ggzka4dag2kvku2","time":1613999387,"event":{"mods":["AchievementEnabler","BaseMod","DeckTracker","Minty Spire (QoL Compilation)","Permanent Neow","Quick Restart","SuperFastMode"],"gold_per_floor":[361,326,326,342,8,43,43,84,111,111,124,139,314,338,338,338,338],"floor_reached":16,"language":"KOR","playtime":340,"items_purged":[],"score":127,"play_id":"598ef841-8874-4736-b0ff-e5bb7e800271","local_time":"20210222220947","is_ascension_mode":true,"campfire_choices":[{"floor":7,"key":"REST"},{"floor":15,"key":"REST"}],"circlet_count":0,"master_deck":["Strike_B","Strike_B","Strike_B","Strike_B","Defend_B+1","Defend_B","Defend_B","Defend_B","Zap","Dualcast+1","Sunder","Sweeping Beam","Defragment+1","Blizzard","Echo Form+1","BootSequence","Defragment+1","Self Repair+1","Doubt","Turbo"],"relics":["Cracked Core","Golden Idol","Membership Card","Frozen Egg 2","War Paint","Anchor","Juzu Bracelet","Bottled Tornado"],"acts_visited":["Exordium"],"potions_floor_usage":[12,16,16],"damage_taken":[{"damage":0,"enemies":"Small Slimes","floor":1,"turns":3},{"damage":4,"enemies":"Jaw Worm","floor":4,"turns":3},{"damage":45,"enemies":"3 Sentries","floor":6,"turns":7},{"damage":18,"enemies":"Gremlin Nob","floor":8,"turns":3},{"damage":0,"enemies":"2 Louse","floor":11,"turns":3},{"damage":0,"enemies":"Blue Slaver","floor":12,"turns":2},{"damage":2,"enemies":"Large Slime","floor":14,"turns":3},{"damage":36,"enemies":"The Guardian","floor":16,"turns":6}],"seed_played":"3098881698221057625","potions_obtained":[{"floor":6,"key":"Ancient Potion"},{"floor":8,"key":"Fruit Juice"},{"floor":12,"key":"Strength Potion"}],"is_trial":false,"path_per_floor":["M","?","?","M","$","E","R","E","T","T","M","M","?","M","R","B"],"character_chosen":"DEFECT","items_purchased":["Membership Card","Frozen Egg 2","Defragment+1","Blizzard"],"campfire_rested":2,"item_purchase_floors":[5,5,5,5],"current_hp_per_floor":[54,72,54,50,50,5,27,9,9,9,9,14,14,12,36,0,0],"gold":338,"neow_bonus":"TWO_FIFTY_GOLD","is_daily":false,"chose_seed":false,"campfire_upgraded":0,"win_rate":0.0,"timestamp":1613999387,"path_taken":["M","?","?","M","?","E","R","E","T","?","M","M","?","M","R","BOSS"],"items_purchased_type":["Relic","Relic","Card","Card"],"build_version":"2020-12-22","purchased_purges":0,"victory":false,"max_hp_per_floor":[75,75,75,75,75,75,75,75,75,75,75,80,80,80,80,80,80],"card_choices":[{"not_picked":["Streamline","Genetic Algorithm"],"picked":"Sunder","floor":1},{"not_picked":["Beam Cell","Melter"],"picked":"Sweeping Beam","floor":4},{"not_picked":["Reinforced Body","Heatsinks+1"],"picked":"Echo Form+1","floor":6},{"not_picked":["Ball Lightning","Skim"],"picked":"BootSequence","floor":8},{"not_picked":["Rebound","Recycle"],"picked":"Defragment+1","floor":11},{"not_picked":["Leap","Loop+1"],"picked":"Self Repair+1","floor":12},{"not_picked":["Reinforced Body","Rip and Tear"],"picked":"Turbo","floor":14}],"player_experience":136690,"relics_obtained":[{"floor":6,"key":"War Paint"},{"floor":8,"key":"Anchor"},{"floor":9,"key":"Juzu Bracelet"},{"floor":10,"key":"Bottled Tornado"}],"event_choices":[{"damage_healed":18,"gold_gain":0,"player_choice":"Healed","damage_taken":0,"max_hp_gain":0,"max_hp_loss":0,"event_name":"The Cleric","floor":2,"gold_loss":35},{"damage_healed":0,"gold_gain":0,"player_choice":"Take Damage","damage_taken":18,"relics_obtained":["Golden Idol"],"max_hp_gain":0,"max_hp_loss":0,"event_name":"Golden Idol","floor":3,"gold_loss":0},{"damage_healed":0,"gold_gain":175,"player_choice":"AGREE","damage_taken":0,"max_hp_gain":0,"max_hp_loss":0,"event_name":"Liars Game","floor":13,"gold_loss":0,"cards_obtained":["Doubt"]}],"is_beta":false,"boss_relics":[],"items_purged_floors":[],"is_endless":false,"potions_floor_spawned":[6,8,12],"killed_by":"The Guardian","ascension_level":3}}