{"host":"d73an99q9oevilk5","time":1613967210,"event":{"mods":["2.2 Compatiblity","AchievementEnabler","Act Like it!","Aspiration","BaseMod","Beaked The Cultist","Better Third Choice","BetterRewards","Colored Map","Colored Powertips","Conspire","Downfall","GifTheSpireLib","Halation","Hubris","Infinite Spire","Marisa????????","Mimic Mod","Minty Spire (QoL Compilation)","MostiFishMod","Quick Restart","Relic Sorter","Reliquary","Replay The Spire","Shop Mod","Spikes Relics","StSLib","Stuff the Spire","The Cursed","The Jungle","The Necromancer","The Saiyan","Waifu the Spire","egg","slay the spire mod where everything is the same but ironclad has a cowboy hat"],"gold_per_floor":[119,119,119,169,183,214,234,246,246,279,299,319,350,369,369,468,468,488,488,488,502,502,502,519,551,578,578,588,588,131,162,162,259,259,271,287,130,150,150,177,196,196,233,233,233,233,248,262,262,262],"floor_reached":51,"language":"ENG","playtime":2131,"items_purged":["downfall:Malfunctioning"],"score":1179,"play_id":"ff5b0884-87f1-4ea7-805b-8cc1ddd4951e","local_time":"20210221211330","is_ascension_mode":false,"campfire_choices":[{"floor":15,"key":"REST"},{"data":"Noxious Fumes","floor":23,"key":"SMITH"},{"data":"Footwork","floor":27,"key":"SMITH"},{"data":"Footwork","floor":42,"key":"SMITH"},{"data":"Replay:Bag of Tricks","floor":44,"key":"SMITH"},{"data":"Blur","floor":46,"key":"SMITH"},{"floor":49,"key":"REST"}],"circlet_count":0,"master_deck":["Strike_G","Strike_G","Strike_G","Strike_G","Strike_G","Defend_G","Defend_G","Defend_G","Defend_G","Defend_G","Survivor","Neutralize","conspire:Banana+1","Noxious Fumes+1","Flying Knee+1","MostiFishMod:PerfectParry","Riddle With Holes+1","Poisoned Stab+1","Sucker Punch+1","conspire:PoisonWeapons","Footwork+1","Blur+1","Bullet Time","Deadly Poison+1","Noxious Fumes+1","PiercingWail+1","Footwork+1","Dagger Spray+1","Dagger Spray+1","Dash+1","MostiFishMod:BrokenBlackCloak","Blur+1","Atom Bomb+1","Crippling Poison+1","Outmaneuver+1","Replay:Bag of Tricks+1","StuffTheSpire:Brawn","Fluid Movement"],"relics":["Ring of the Snake","DaveBox","OrangePellets","Lee\u0027s Waffle","MerchantsRug","Molten Egg 2","SynthV:TestCard","reliquary:Stiletto","infinitespire:Bottled Soul","aspiration:HummingbirdHeart","hubris:AncientText","Cursed Key","halation:EternalFortune","Pet Ghost","reliquary:SharkskinSheath","SlaversCollar","Toolbox","Membership Card","Matryoshka","halation:LettersToHer","PreservedInsect","StuffTheSpire:Saxophone","ZombieTooth","Pen Nib","Art of War"],"acts_visited":["Exordium","TheCity","TheBeyond"],"potions_floor_usage":[10,10,13,16,16,18,24,33,33,36,40,50,50,50,50,50],"damage_taken":[{"damage":2,"enemies":"Cultist","floor":1,"turns":4},{"damage":3,"enemies":"2 Louse","floor":5,"turns":3},{"damage":36,"enemies":"Gremlin Nob","floor":6,"turns":5},{"damage":4,"enemies":"Jaw Worm","floor":7,"turns":4},{"damage":9,"enemies":"2 Fungi Beasts","floor":8,"turns":3},{"damage":5,"enemies":"3 Sentries","floor":10,"turns":6},{"damage":0,"enemies":"Large Slime","floor":11,"turns":2},{"damage":0,"enemies":"Exordium Wildlife","floor":12,"turns":3},{"damage":5,"enemies":"conspire:MimicChest","floor":13,"turns":5},{"damage":6,"enemies":"2 Fungi Beasts","floor":14,"turns":3},{"damage":53,"enemies":"Slime Boss","floor":16,"turns":12},{"damage":0,"enemies":"conspire:FuzzyDice","floor":18,"turns":5},{"damage":0,"enemies":"Shell Parasite","floor":21,"turns":3},{"damage":0,"enemies":"Snake Plant","floor":24,"turns":3},{"damage":18,"enemies":"Replay:Snechameleon","floor":25,"turns":5},{"damage":0,"enemies":"Centurion and Healer","floor":28,"turns":5},{"damage":0,"enemies":"Gremlin Leader","floor":31,"turns":7},{"damage":0,"enemies":"Automaton","floor":33,"turns":9},{"damage":0,"enemies":"3 Shapes","floor":35,"turns":4},{"damage":15,"enemies":"3 Darklings","floor":36,"turns":5},{"damage":2,"enemies":"Transient","floor":38,"turns":5},{"damage":29,"enemies":"Giant Head","floor":40,"turns":9},{"damage":1,"enemies":"Jaw Worm Horde","floor":41,"turns":4},{"damage":0,"enemies":"Spire Growth","floor":43,"turns":6},{"damage":0,"enemies":"Spire Growth","floor":47,"turns":5},{"damage":0,"enemies":"Sphere and 2 Shapes","floor":48,"turns":3},{"damage":0,"enemies":"Donu and Deca","floor":50,"turns":7}],"seed_played":"-3817215054474217022","potions_obtained":[{"floor":5,"key":"FairyPotion"},{"floor":6,"key":"LifebloodPotion"},{"floor":8,"key":"DistilledChaos"},{"floor":12,"key":"Weak Potion"},{"floor":13,"key":"Swift Potion"},{"floor":14,"key":"SkillPotion"},{"floor":16,"key":"BlessingOfTheForge"},{"floor":18,"key":"CunningPotion"},{"floor":25,"key":"CunningPotion"},{"floor":28,"key":"Flashbang"},{"floor":35,"key":"LiquidBronze"},{"floor":36,"key":"Fruit Juice"},{"floor":38,"key":"Poison Potion"},{"floor":47,"key":"EntropicBrew"}],"is_trial":false,"path_per_floor":["M","?","$","?","M","E","M","M","T","E","M","M","?","M","R","B",null,"M","?","?","M","?","R","M","E","T","R","M","AVR","$","E","R_BF","B",null,"M","M","$","M","?","E","M","R","MIM","R","?","R","M","M","R","B",null],"character_chosen":"THE_SILENT","items_purchased":["Lee\u0027s Waffle","MerchantsRug","conspire:Banana","Noxious Fumes","Molten Egg 2","Flying Knee+1","Membership Card","Matryoshka","Footwork","Dagger Spray+1","Dash+1","MostiFishMod:BrokenBlackCloak","PreservedInsect","StuffTheSpire:Saxophone"],"campfire_rested":2,"item_purchase_floors":[0,0,0,0,0,0,30,30,30,30,30,30,37,37],"current_hp_per_floor":[71,71,71,71,70,36,34,27,27,24,26,28,25,21,48,30,97,99,99,102,102,81,81,83,67,67,67,72,72,72,74,109,113,122,124,116,116,116,143,118,121,121,123,123,123,123,125,128,158,162],"gold":262,"neow_bonus":"","is_daily":false,"chose_seed":false,"campfire_upgraded":5,"win_rate":0.0,"timestamp":1613967210,"path_taken":["M","?","?","?","M","E","?","M","T","E","M","M","?","M","R","BOSS","M","?","?","M","?","R","M","E","T","R","M","AVR","?","E","R_BF","BOSS","M","M","$","M","?","E","M","R","MIM","R","?","R","?","M","R","BOSS"],"items_purchased_type":["Relic","Relic","Card","Card","Relic","Card","Relic","Relic","Card","Card","Card","Card","Relic","Relic"],"build_version":"2020-12-22","purchased_purges":1,"victory":true,"max_hp_per_floor":[73,73,73,73,75,77,79,81,81,83,85,87,89,91,91,97,97,99,99,102,102,107,107,109,111,111,111,116,116,116,118,118,122,122,124,131,131,133,143,147,151,151,153,153,153,153,155,158,158,162],"card_choices":[{"not_picked":["Endless Agony+1","Blade Dance","Prepared"],"picked":"SKIP","floor":1},{"not_picked":["InfectiousVector","Finisher+1","Quick Slash+1","Well Laid Plans","PiercingWail"],"picked":"SKIP","floor":5},{"not_picked":["Flechettes+1","Draining Mist","hubris:SlightOfHand","Dash+1"],"picked":"Riddle With Holes+1","floor":6},{"not_picked":["All Out Attack+1","ShadowRift+1","conspire:DoublingDagger","Acrobatics"],"picked":"Poisoned Stab+1","floor":7},{"not_picked":["StuffTheSpire:Python","MostiFishMod:FrostNova","Backflip","Blade Dance"],"picked":"Sucker Punch+1","floor":8},{"not_picked":["Deflect","StuffTheSpire:Fury","Dagger Spray+1","ReplayTheSpireMod:Tripwire"],"picked":"conspire:PoisonWeapons","floor":10},{"not_picked":["hubris:SlightOfHand","Blade Dance","ReplayTheSpireMod:Scrap Shanks","Poisoned Stab+1"],"picked":"MostiFishMod:Wind","floor":11},{"not_picked":["ReplayTheSpireMod:Scrap Shanks","Dagger Throw+1","StuffTheSpire:Sprint","Acrobatics","Underhanded Strike+1"],"picked":"SKIP","floor":12},{"not_picked":["hubris:SlightOfHand","StuffTheSpire:MirrorStance","Deflect","StuffTheSpire:ClusterCrunch+1"],"picked":"Footwork","floor":13},{"not_picked":["Cloak And Dagger","Well Laid Plans","Acrobatics","Draining Mist"],"picked":"Blur","floor":14},{"not_picked":["Envenom","Burst","A Thousand Cuts","MostiFishMod:Wind"],"picked":"Bullet Time","floor":16},{"not_picked":["Flying Knee+1","Outmaneuver","Eviscerate+1","MostiFishMod:InvigoratingSolution+1"],"picked":"Deadly Poison","floor":18},{"not_picked":["Hidden Blade","MostiFishMod:LethalBlade","InfectiousVector","Dagger Throw+1"],"picked":"Noxious Fumes","floor":21},{"not_picked":["Slice+1","Backflip","MostiFishMod:PerfectParry","Deadly Poison","StuffTheSpire:BumpUp+1"],"picked":"SKIP","floor":24},{"not_picked":["Hidden Blade","Poisoned Stab+1","Finisher+1","Slice+1","PiercingWail"],"picked":"SKIP","floor":25},{"not_picked":["hubris:SlightOfHand","Deadly Poison","StuffTheSpire:ReptileScales","Quick Slash+1"],"picked":"PiercingWail+1","floor":28},{"not_picked":["Bane+1","Prepared","Cloak And Dagger","MostiFishMod:PreservedThorns"],"picked":"Blur+1","floor":31},{"not_picked":["Phantasmal Killer","MostiFishMod:Wind","MostiFishMod:SpreadingSpore","A Thousand Cuts"],"picked":"Atom Bomb+1","floor":33},{"not_picked":["Outmaneuver","StuffTheSpire:BumpUp+1","Blade Dance","Dodge and Roll","ReplayTheSpireMod:Speed Training"],"picked":"SKIP","floor":35},{"not_picked":["Poisoned Stab+1","StuffTheSpire:BumpUp+1","Hidden Blade+1","Underhanded Strike+1"],"picked":"Crippling Poison+1","floor":36},{"not_picked":["Prepared","StuffTheSpire:Injection+1","Underhanded Strike+1","StuffTheSpire:Python+1"],"picked":"Outmaneuver+1","floor":38},{"not_picked":["Underhanded Strike+1","Concentrate","Predator+1","Dash+1"],"picked":"Replay:Bag of Tricks","floor":40},{"not_picked":["Tactician+1","conspire:DoublingDagger+1","Endless Agony+1","StuffTheSpire:BrimstoneBlast+1","StuffTheSpire:Fury"],"picked":"SKIP","floor":41},{"not_picked":["hubris:SlightOfHand+1","Sucker Punch+1","StuffTheSpire:Python+1","Flying Knee+1"],"picked":"Fluid Movement","floor":47},{"not_picked":["Dagger Spray+1","StuffTheSpire:Shiver+1","Cloak And Dagger","MostiFishMod:VineMother","Slice+1"],"picked":"SKIP","floor":48}],"player_experience":1961737,"relics_obtained":[{"floor":1,"key":"SynthV:TestCard"},{"floor":6,"key":"reliquary:Stiletto"},{"floor":9,"key":"infinitespire:Bottled Soul"},{"floor":10,"key":"aspiration:HummingbirdHeart"},{"floor":13,"key":"hubris:AncientText"},{"floor":25,"key":"Pet Ghost"},{"floor":26,"key":"reliquary:SharkskinSheath"},{"floor":28,"key":"halation:EternalFortune"},{"floor":31,"key":"halation:LettersToHer"},{"floor":40,"key":"ZombieTooth"},{"floor":43,"key":"Pen Nib"},{"floor":43,"key":"Art of War"},{"floor":43,"key":"halation:LettersToHer"},{"floor":48,"key":"halation:EternalFortune"}],"event_choices":[{"damage_healed":0,"gold_gain":0,"player_choice":"Upgraded","damage_taken":0,"max_hp_gain":0,"max_hp_loss":0,"event_name":"Upgrade Shrine","floor":2,"gold_loss":0,"cards_upgraded":["conspire:Banana"]},{"damage_healed":0,"gold_gain":50,"player_choice":"Gained Gold","damage_taken":0,"max_hp_gain":0,"max_hp_loss":0,"event_name":"Golden Wing","floor":4,"gold_loss":0},{"damage_healed":0,"gold_gain":0,"player_choice":"Shed Blood","damage_taken":26,"max_hp_gain":5,"max_hp_loss":0,"event_name":"Forgotten Altar","floor":22,"gold_loss":0},{"cards_removed":["MostiFishMod:Wind"],"damage_healed":17,"gold_gain":0,"player_choice":"Offered Rare","damage_taken":0,"max_hp_gain":10,"max_hp_loss":0,"event_name":"Bonfire Elementals","floor":39,"gold_loss":0},{"cards_removed":["ReplayTheSpireMod:Restless Dread"],"damage_healed":0,"gold_gain":0,"player_choice":"Purged","damage_taken":0,"max_hp_gain":0,"max_hp_loss":0,"event_name":"Purifier","floor":45,"gold_loss":0}],"is_beta":false,"boss_relics":[{"not_picked":["hubris:GrandSneckoEye","CosmicIsotope"],"picked":"Cursed Key"},{"not_picked":["GreenFoldingFan","reliquary:WritOfMandamus","Pandora\u0027s Box"]}],"items_purged_floors":[29],"is_endless":false,"potions_floor_spawned":[5,6,8,12,13,14,16,18,25,28,35,36,38,47],"ascension_level":0}}