{"host":"phy652c7lim9lcu2","time":1613959888,"event":{"mods":["BaseMod","Colored Powertips","Googly Eyes","Minty Spire (QoL Compilation)","Relic Stats","Spicy Shops","StSLib","everything is the same but u backflip on backflip"],"gold_per_floor":[118,133,208,208,208,224,224,237,237,267,282,295,295,295,295,391,391,411,424,339,375,398,398,398],"floor_reached":23,"language":"ENG","playtime":558,"items_purged":[],"score":442,"play_id":"2dd372f1-0423-4457-acc5-968bb03afb38","local_time":"20210222121128","is_ascension_mode":true,"campfire_choices":[{"data":"1","floor":7,"key":"LIFT"},{"data":"2","floor":13,"key":"LIFT"},{"data":"3","floor":15,"key":"LIFT"}],"circlet_count":0,"master_deck":["AscendersBane","Strike_P","Strike_P","Strike_P","Strike_P","Defend_P","Defend_P","Defend_P","Defend_P","Eruption","Vigilance","FlyingSleeves","WreathOfFlame","FlyingSleeves","Consecrate","ThirdEye","EmptyBody","Scrawl","ConjureBlade","CarveReality","Nirvana","Evaluate","Wallop"],"relics":["PureWater","Girya","Ornamental Fan","Calipers","Golden Idol","Velvet Choker","Boot","Red Mask"],"acts_visited":["Exordium","TheCity"],"potions_floor_usage":[8,10,11,12,21,21],"damage_taken":[{"damage":0,"enemies":"Cultist","floor":1,"turns":2},{"damage":0,"enemies":"Jaw Worm","floor":2,"turns":3},{"damage":0,"enemies":"2 Louse","floor":6,"turns":3},{"damage":0,"enemies":"Large Slime","floor":8,"turns":3},{"damage":0,"enemies":"Gremlin Nob","floor":10,"turns":2},{"damage":3,"enemies":"Gremlin Gang","floor":11,"turns":3},{"damage":0,"enemies":"2 Fungi Beasts","floor":12,"turns":2},{"damage":0,"enemies":"Slime Boss","floor":16,"turns":4},{"damage":0,"enemies":"Chosen","floor":18,"turns":3},{"damage":11,"enemies":"Spheric Guardian","floor":19,"turns":3},{"damage":15,"enemies":"Masked Bandits","floor":21,"turns":3},{"damage":17,"enemies":"Snake Plant","floor":22,"turns":4},{"damage":24,"enemies":"Book of Stabbing","floor":23,"turns":2}],"seed_played":"828921708","potions_obtained":[{"floor":5,"key":"Ambrosia"},{"floor":5,"key":"DistilledChaos"},{"floor":8,"key":"GamblersBrew"},{"floor":10,"key":"Ancient Potion"},{"floor":11,"key":"Swift Potion"},{"floor":18,"key":"PowerPotion"},{"floor":22,"key":"BottledMiracle"}],"is_trial":false,"path_per_floor":["M","M","?","?","?","M","R","M","T","E","M","M","R","?","R","B",null,"M","M","?","?","M","E"],"character_chosen":"WATCHER","items_purchased":[],"campfire_rested":0,"item_purchase_floors":[],"current_hp_per_floor":[47,47,36,36,36,36,36,36,36,36,33,33,33,33,33,33,59,59,48,48,33,16,0,0],"gold":398,"neow_bonus":"ONE_RARE_RELIC","is_daily":false,"chose_seed":true,"campfire_upgraded":0,"win_rate":0.0,"timestamp":1613959888,"path_taken":["M","?","?","?","?","M","R","?","T","E","M","M","R","?","R","BOSS","M","M","?","?","M","E"],"items_purchased_type":[],"build_version":"2020-12-22","purchased_purges":0,"victory":false,"max_hp_per_floor":[72,72,72,72,72,72,72,72,72,72,72,72,72,67,67,67,67,67,67,67,67,67,67,67],"relic_stats":{"counters":[13,37],"Ornamental Fan":[40],"Golden Idol":38,"Boot":[4],"obtain_stats":[{"Girya":0,"Calipers":10,"Ornamental Fan":9,"Golden Idol":14,"Velvet Choker":17,"Red Mask":21,"PureWater":0,"Boot":20},{"Girya":0,"Calipers":5,"Ornamental Fan":4,"Golden Idol":7,"Velvet Choker":8,"Red Mask":11,"PureWater":0,"Boot":10},{"Girya":0,"Calipers":13,"Ornamental Fan":11,"Golden Idol":18,"Velvet Choker":22,"Red Mask":31,"PureWater":0,"Boot":28}]},"card_choices":[{"not_picked":["Adaptation","Perseverance"],"picked":"FlyingSleeves","floor":1},{"not_picked":["Collect","EmptyBody"],"picked":"WreathOfFlame","floor":2},{"not_picked":["Protect","Perseverance"],"picked":"FlyingSleeves","floor":6},{"not_picked":["ThirdEye","Protect"],"picked":"Consecrate","floor":8},{"not_picked":["SashWhip","Swivel"],"picked":"ThirdEye","floor":10},{"not_picked":["FollowUp","Consecrate"],"picked":"EmptyBody","floor":11},{"not_picked":["Evaluate","Consecrate"],"picked":"Scrawl","floor":12},{"not_picked":["Brilliance","MasterReality"],"picked":"ConjureBlade","floor":16},{"not_picked":["FollowUp","Collect"],"picked":"CarveReality","floor":18},{"not_picked":["CutThroughFate","Consecrate"],"picked":"Nirvana","floor":19},{"not_picked":["Devotion","Worship"],"picked":"Evaluate","floor":21},{"not_picked":["Nirvana","SandsOfTime"],"picked":"Wallop","floor":22}],"player_experience":352889,"relics_obtained":[{"floor":9,"key":"Ornamental Fan"},{"floor":10,"key":"Calipers"},{"floor":21,"key":"Red Mask"}],"event_choices":[{"damage_healed":0,"gold_gain":75,"player_choice":"Gather Gold","damage_taken":11,"max_hp_gain":0,"max_hp_loss":0,"event_name":"World of Goop","floor":3,"gold_loss":0},{"damage_healed":0,"gold_gain":0,"player_choice":"Ignored","damage_taken":0,"max_hp_gain":0,"max_hp_loss":0,"event_name":"Liars Game","floor":4,"gold_loss":0},{"damage_healed":0,"gold_gain":0,"player_choice":"Got Potions","damage_taken":0,"max_hp_gain":0,"max_hp_loss":0,"event_name":"Lab","floor":5,"gold_loss":0},{"damage_healed":0,"gold_gain":0,"player_choice":"Lose Max HP","damage_taken":0,"relics_obtained":["Golden Idol"],"max_hp_gain":0,"max_hp_loss":5,"event_name":"Golden Idol","floor":14,"gold_loss":0},{"damage_healed":0,"gold_gain":0,"player_choice":"Obtained Relic","damage_taken":0,"relics_obtained":["Boot"],"max_hp_gain":0,"max_hp_loss":0,"event_name":"Addict","floor":20,"gold_loss":85},{"damage_healed":0,"gold_gain":0,"player_choice":"Fought Bandits","damage_taken":0,"max_hp_gain":0,"max_hp_loss":0,"event_name":"Masked Bandits","floor":21,"gold_loss":0}],"is_beta":false,"boss_relics":[{"not_picked":["Ectoplasm","Astrolabe"],"picked":"Velvet Choker"}],"items_purged_floors":[],"is_endless":false,"potions_floor_spawned":[8,10,11,18,22],"killed_by":"Book of Stabbing","ascension_level":13}}