{"host":"se54kqb5s2qquozl","time":1613971602,"event":{"mods":["BaseMod","Colored Powertips","Downfall","Hermit","Minty Spire (QoL Compilation)","Replay The Spire","StSLib"],"gold_per_floor":[99,115,126,137,156,171,171,261,271,284,284,309,309,338,350,447,447,447,458,473,473,490,490,490,177,213,113,113,138,38,23,39,139,139,139,155,174,174,182,222,268,292,313,368,735,735,735,787,809,827],"floor_reached":51,"language":"ENG","playtime":3287,"items_purged":[],"score":1057,"play_id":"0c23445f-103a-4c5d-8970-192efc0c4f54","local_time":"20210221232642","is_ascension_mode":true,"campfire_choices":[{"data":"hexamod:NightmareStrike","floor":1.0,"key":"SMITH"},{"data":"hexamod:PowerFromBeyond","floor":11.0,"key":"SMITH"},{"data":"hexamod:Float","floor":13.0,"key":"SMITH"},{"data":"hexamod:UnlimitedPower","floor":18.0,"key":"SMITH"},{"data":"hexamod:CatchUp","floor":23.0,"key":"SMITH"},{"data":"hexamod:TimeWarp","floor":27.0,"key":"SMITH"},{"floor":30.0,"key":"REST"},{"data":"hexamod:GhostflameInferno","floor":35.0,"key":"SMITH"},{"floor":47,"key":"REST"}],"circlet_count":0,"master_deck":["hexamod:Strike","hexamod:Strike","hexamod:Strike","hexamod:Defend+1","hexamod:Sear+1","hexamod:Float+1","hexamod:NightmareStrike+1","hexamod:RecurringNightmare+1","hexamod:PowerFromBeyond+1","hexamod:SuperheatedStrike+1","hexamod:NecessarySacrifice+1","hexamod:GhostShield+1","hexamod:EmpoweredFlame+1","hexamod:ShieldOfDarkness","hexamod:ShieldOfDarkness+1","hexamod:InspiringFlames","hexamod:SixthSeal","hexamod:Incineration","hexamod:ChargedBarrage+1","hexamod:TimeWarp+1","hexamod:FirstSeal","hexamod:UnlimitedPower+1","hexamod:CatchUp+1","hexamod:NightmareStrike","hexamod:WildfireWeapon+1","hexamod:UnlimitedPower+1","hexamod:PowerFromBeyond+1","Pain","hexamod:GhostShield","hexamod:ApocalypseNow+1","hexamod:EtherealExpedition+1","hexamod:WildfireWeapon","hexamod:SixthSeal","hexamod:GhostflameBarrier+1","hexamod:EtherealExpedition","hexamod:EmpoweredFlame","hexamod:GhostflameBarrier+1","hexamod:BacktrackSmack+1","hexamod:GhostOfSpireFuture+1","hexamod:NightmareGuise+1","hexamod:GhostflameInferno+1","hexamod:UnleashSpirits+1","hexamod:ApocalypseNow+1","Spreading Infection","Panacea+1","hexamod:Incineration","hexamod:Toasty+1","hexamod:SuperheatedStrike","hexamod:FlamesFromBeyond+1","hexamod:NecessarySacrifice+1","hexamod:GhostShield+1"],"relics":["hexamod:SpiritBrand","Replay:Ringing Soul","Lantern","Replay:PocketPolymizer","HornCleat","hexamod:IceCube","Counterbalance","Bottled Flame","downfall:HeartBlessingBlue","Simple Rune","downfall:HeartBlessingGreen","Busted Crown","Ring of Panic","Ring of Hypnosis","Replay:Bandana","Ginger","Juzu Bracelet","Bottled Lightning","Old Coin","downfall:ExtraCursedKey","Eternal Feather"],"acts_visited":["Exordium","TheCity","TheBeyond"],"potions_floor_usage":[],"damage_taken":[{"damage":0.0,"enemies":"2 Louse","floor":2.0,"turns":2.0},{"damage":0.0,"enemies":"Small Slimes","floor":3.0,"turns":3.0},{"damage":0.0,"enemies":"Cultist","floor":4.0,"turns":3.0},{"damage":10.0,"enemies":"Exordium Thugs","floor":5.0,"turns":5.0},{"damage":2.0,"enemies":"downfall:LooterAlt","floor":6.0,"turns":3.0},{"damage":0.0,"enemies":"3 Louse","floor":9.0,"turns":2.0},{"damage":2.0,"enemies":"2 Fungi Beasts","floor":10.0,"turns":3.0},{"damage":12.0,"enemies":"Lagavulin","floor":12.0,"turns":5.0},{"damage":15.0,"enemies":"Gremlin Nob","floor":14.0,"turns":4.0},{"damage":0.0,"enemies":"Large Slime","floor":15.0,"turns":6.0},{"damage":37.0,"enemies":"DF_ARCHETYPE_STREAMLINE","floor":16.0,"turns":12.0},{"damage":23.0,"enemies":"3 Byrds","floor":19.0,"turns":6.0},{"damage":0.0,"enemies":"Chosen","floor":20.0,"turns":4.0},{"damage":8.0,"enemies":"Snecko","floor":22.0,"turns":5.0},{"damage":0.0,"enemies":"downfall:FleeingMerchant","floor":25.0,"turns":4.0},{"damage":72.0,"enemies":"Gremlin Leader","floor":26.0,"turns":10.0},{"damage":31.0,"enemies":"Slavers","floor":29.0,"turns":6.0},{"damage":0.0,"enemies":"downfall:FleeingMerchant","floor":31.0,"turns":4.0},{"damage":4.0,"enemies":"Centurion and Healer","floor":32.0,"turns":5.0},{"damage":20.0,"enemies":"SI_MIRROR_ARCHETYPE","floor":33.0,"turns":12.0},{"damage":2.0,"enemies":"3 Darklings","floor":36.0,"turns":4.0},{"damage":11.0,"enemies":"Orb Walker","floor":37.0,"turns":4.0},{"damage":3.0,"enemies":"downfall:FleeingMerchant","floor":39.0,"turns":3.0},{"damage":92.0,"enemies":"Giant Head","floor":40.0,"turns":9.0},{"damage":16.0,"enemies":"Spire Growth","floor":42.0,"turns":6.0},{"damage":6.0,"enemies":"Maw","floor":43.0,"turns":5.0},{"damage":34.0,"enemies":"Reptomancer","floor":44.0,"turns":6.0},{"damage":16,"enemies":"2 Orb Walkers","floor":45,"turns":4},{"damage":0,"enemies":"Nemesis","floor":48,"turns":5},{"damage":5,"enemies":"Writhing Mass","floor":49,"turns":4},{"damage":14,"enemies":"IC_BLOCK_ARCHETYPE","floor":50,"turns":13}],"seed_played":"4568393972745999682","potions_obtained":[{"floor":2.0,"key":"ColorlessPotion"},{"floor":9.0,"key":"CultistPotion"},{"floor":12.0,"key":"Ancient Potion"},{"floor":14.0,"key":"sneckomod:MuddlingPotion"},{"floor":26.0,"key":"Elixir"},{"floor":28.0,"key":"downfall:CursedFountainPotion"},{"floor":29.0,"key":"Energy Potion"},{"floor":42.0,"key":"Adrenaline Potion"},{"floor":44.0,"key":"Energy Potion"},{"floor":45,"key":"bronze:BurnAndBuffPotion"},{"floor":49,"key":"Toxic Potion"}],"is_trial":false,"path_per_floor":["R","M","M","M","M","M","T","?","M","M","R","E","R","E","M","B",null,"R","M","M","?","M","R","T","$","E","R","?","E","R","$","M","B",null,"R","M","M","?","?","E","T","M","M","E","?","?","R","E","M","B",null],"character_chosen":"THE_SPIRIT","items_purchased":["Counterbalance","Panacea","hexamod:Incineration","Replay:Bandana"],"campfire_rested":2,"item_purchase_floors":[25,39,39,39],"current_hp_per_floor":[70,70,70,70,60,58,58,61,64,62,62,53,56,44,47,13,91,94,81,84,87,89,92,92,102,40,53,53,25,68,71,77,67,143,146,144,133,136,136,54,54,48,52,28,12,12,65,72,74,67],"gold":827,"neow_bonus":"THREE_CARDS","is_daily":false,"chose_seed":false,"campfire_upgraded":7,"win_rate":0.0,"timestamp":1613971602,"path_taken":["R","M","M","M","M","M","T","?","M","M","R","E","R","E","M","BOSS","R","M","M","?","M","R","T","$","E","R","?","E","R","?","M","BOSS","R","M","M","?","?","E","T","M","M","E","?","?","R","E","M","BOSS"],"items_purchased_type":["Relic","Card","Card","Relic"],"build_version":"2020-12-22","purchased_purges":0,"victory":true,"max_hp_per_floor":[70,70,70,70,70,70,70,73,76,76,76,79,82,85,88,91,91,94,97,100,103,106,109,109,112,115,128,128,131,134,137,140,143,143,146,146,146,149,152,155,155,158,161,164,164,164,167,167,167,167],"card_choices":[{"not_picked":["hexamod:BacktrackSmack","hexamod:FastForward"],"picked":"hexamod:NightmareStrike","floor":0.0},{"not_picked":["hexamod:HeatMetal","hexamod:InspiringFlames"],"picked":"hexamod:RecurringNightmare","floor":2.0},{"not_picked":["hexamod:FastForward","hexamod:HeatMetal"],"picked":"hexamod:PowerFromBeyond","floor":3.0},{"not_picked":["hexamod:SwordOfDarkness","hexamod:Again"],"picked":"hexamod:SuperheatedStrike","floor":4.0},{"not_picked":["hexamod:HauntingEcho","hexamod:SpectralAdrenaline"],"picked":"hexamod:NecessarySacrifice","floor":5.0},{"not_picked":["hexamod:ShieldOfDarkness","hexamod:SpectralSpark"],"picked":"hexamod:FifthSeal","floor":6.0},{"not_picked":["hexamod:Firestarter","hexamod:Again"],"picked":"hexamod:GhostShield","floor":8.0},{"not_picked":["hexamod:PhantomFireball","hexamod:DynamicBlow"],"picked":"hexamod:EmpoweredFlame","floor":8.0},{"not_picked":["hexamod:ThermalTransfer","hexamod:NightmareStrike"],"picked":"hexamod:ShieldOfDarkness","floor":9.0},{"not_picked":["hexamod:SecondSeal","hexamod:Again","hexamod:Firestarter"],"picked":"SKIP","floor":10.0},{"not_picked":["hexamod:InspiringFlames","hexamod:ThermalTransfer"],"picked":"hexamod:ShieldOfDarkness","floor":12.0},{"not_picked":["hexamod:FourthSeal","hexamod:FirstSeal"],"picked":"hexamod:SixthSeal","floor":14.0},{"not_picked":["hexamod:GhostShield","hexamod:HeatMetal"],"picked":"hexamod:Incineration","floor":14.0},{"not_picked":["hexamod:FirstSeal","hexamod:FourthSeal"],"picked":"hexamod:ThirdSeal","floor":15.0},{"not_picked":["hexamod:AdvancingGuard","hexamod:NightmareStrike"],"picked":"hexamod:ChargedBarrage","floor":15.0},{"not_picked":["hexamod:ParanormalForm","hexamod:SearingWound"],"picked":"hexamod:TimeWarp","floor":16.0},{"not_picked":["hexamod:SecondSeal","hexamod:ThirdSeal"],"picked":"hexamod:FirstSeal","floor":16.0},{"not_picked":["hexamod:HexaLevel","hexamod:FifthSeal"],"picked":"hexamod:UnlimitedPower","floor":16.0},{"not_picked":["hexamod:FirstSeal","hexamod:FourthSeal"],"picked":"hexamod:SecondSeal","floor":19.0},{"not_picked":["hexamod:GhostLash","hexamod:Haunt"],"picked":"hexamod:NightmareStrike","floor":19.0},{"not_picked":["hexamod:SecondSeal","hexamod:ShieldOfDarkness+1"],"picked":"hexamod:WildfireWeapon","floor":20.0},{"not_picked":["hexamod:BacktrackSmack","hexamod:GhostLash","hexamod:SpectersWail"],"picked":"SKIP","floor":20.0},{"not_picked":["hexamod:RadiantFlame","hexamod:GhostLash"],"picked":"hexamod:GhostShield","floor":22.0},{"not_picked":["hexamod:Haunt","hexamod:NightmareStrike","hexamod:ShieldOfDarkness"],"picked":"SKIP","floor":22.0},{"not_picked":["hexamod:GhostOfSpirePast","hexamod:HauntingEcho"],"picked":"hexamod:EtherealExpedition","floor":25.0},{"not_picked":["hexamod:NightmareStrike","hexamod:PhantomCloak"],"picked":"hexamod:WildfireWeapon","floor":25.0},{"not_picked":["hexamod:SecondSeal","hexamod:FirstSeal"],"picked":"hexamod:SixthSeal","floor":25.0},{"not_picked":["hexamod:FlamesFromBeyond","hexamod:HeatCrush+1"],"picked":"hexamod:GhostflameBarrier","floor":26.0},{"not_picked":["hexamod:ThermalTransfer","hexamod:SoulSteal"],"picked":"hexamod:EmpoweredFlame","floor":29.0},{"not_picked":["hexamod:NightmareStrike","hexamod:PowerFromBeyond"],"picked":"hexamod:GhostflameBarrier+1","floor":29.0},{"not_picked":["hexamod:DynamicBlow","hexamod:Rewind"],"picked":"hexamod:GhostOfSpireFuture+1","floor":31.0},{"not_picked":["hexamod:Firestarter","hexamod:RadiantFlame"],"picked":"hexamod:NightmareGuise","floor":32.0},{"not_picked":["hexamod:HauntingEcho+1","hexamod:BurningTouch+1","hexamod:AdvancingGuard"],"picked":"SKIP","floor":32.0},{"not_picked":["hexamod:GhostOfSpirePresent","hexamod:TimeOfNeed"],"picked":"hexamod:GhostflameInferno","floor":33.0},{"not_picked":["hexamod:ParanormalForm","hexamod:GhostOfSpirePresent"],"picked":"hexamod:UnleashSpirits","floor":33.0},{"not_picked":["hexamod:FastForward"],"picked":"SKIP","floor":36.0},{"not_picked":["hexamod:ShieldOfDarkness"],"picked":"SKIP","floor":37.0},{"not_picked":["hexamod:GhostLash"],"picked":"SKIP","floor":39.0},{"not_picked":[],"picked":"hexamod:Toasty","floor":40.0},{"not_picked":["hexamod:SuperheatedStrike"],"picked":"SKIP","floor":42.0},{"not_picked":[],"picked":"hexamod:SuperheatedStrike","floor":42.0},{"not_picked":[],"picked":"hexamod:FlamesFromBeyond+1","floor":43.0},{"not_picked":[],"picked":"hexamod:NecessarySacrifice+1","floor":44.0},{"not_picked":["hexamod:SpectralAdrenaline+1"],"picked":"SKIP","floor":48},{"not_picked":["hexamod:RainOfEmbers"],"picked":"SKIP","floor":49}],"player_experience":87092,"relics_obtained":[{"floor":7.0,"key":"Replay:Ringing Soul"},{"floor":8.0,"key":"Lantern"},{"floor":12.0,"key":"Replay:PocketPolymizer"},{"floor":14.0,"key":"HornCleat"},{"floor":26.0,"key":"Bottled Flame"},{"floor":29.0,"key":"Simple Rune"},{"floor":38.0,"key":"Ring of Panic"},{"floor":38.0,"key":"Ring of Hypnosis"},{"floor":40.0,"key":"Ginger"},{"floor":41.0,"key":"Juzu Bracelet"},{"floor":44.0,"key":"Bottled Lightning"},{"floor":45,"key":"Old Coin"},{"floor":48,"key":"Eternal Feather"}],"event_choices":[{"damage_healed":0,"gold_gain":0,"player_choice":"Fight","damage_taken":0,"max_hp_gain":0,"max_hp_loss":0,"event_name":"Mysterious Sphere","floor":45,"gold_loss":0}],"is_beta":false,"boss_relics":[{"not_picked":["Runic Pyramid","hexamod:UnbrokenSoul"],"picked":"hexamod:IceCube"},{"not_picked":["Replay:Grab Bag","ReplayTheSpireMod:DimensionalGlitch"],"picked":"Busted Crown"}],"items_purged_floors":[],"is_endless":false,"potions_floor_spawned":[2,9,12,14,16,20,26,29,42,44,45,49],"ascension_level":3}}