{"host":"sxnl403xm2xmiyj1","time":1613986880,"event":{"mods":["BaseMod","Colored Map","Keyboard Shortcuts","Koishi","Lobotomy","Minty Spire (QoL Compilation)","Quick Restart","StSLib","SuperFastMode"],"gold_per_floor":[113,128,128,145,18,18,47,47,47,47,58,74,84,100,100,200,200,214,129,129,148,181,216,216,244,326,373,373,373],"floor_reached":28,"language":"KOR","playtime":1233,"items_purged":[],"score":484,"play_id":"25380d72-245f-4a7a-a802-09ca836a6504","local_time":"20210222184120","is_ascension_mode":true,"campfire_choices":[],"circlet_count":0,"master_deck":["SpecialBullet","SpecialBullet","SpecialBullet","SpecialBullet","SpecialBullet","SecurityCode","InformationCode","ExtractionCode","CrumblingArmor","ScreamingWedge+1","FourthMatchFlame","DisciplinaryCode","CherryBlossom","Finesse","LongBird","ScreamingWedge","OldLady","Soda","Ecstasy","FourthMatchFlame","RedShoes","RecordCode","DaCapo+1","BlackSwan","GoldRush","Logging","DreamingCurrent","DaCapo","PunishingBird","ShedSkin","WristCuter","Ecstasy+1","RedEyes+1","UniverseFragment"],"relics":["CogitoBucket","RabbitCall","Meat on the Bone","Shuriken","LuminousBracelet","Sozu","Smiling Mask","ChangeAnything","Oddly Smooth Stone","Peace Pipe","War Paint"],"acts_visited":["Exordium","TheCity"],"potions_floor_usage":[12,16],"damage_taken":[{"damage":18.0,"enemies":"2 Louse","floor":1.0,"turns":3.0},{"damage":2.0,"enemies":"Cultist","floor":2.0,"turns":4.0},{"damage":8.0,"enemies":"Small Slimes","floor":4.0,"turns":6.0},{"damage":10.0,"enemies":"3 Sentries","floor":7.0,"turns":3.0},{"damage":22,"enemies":"Gremlin Gang","floor":11,"turns":3},{"damage":29,"enemies":"Lots of Slimes","floor":12,"turns":12},{"damage":24,"enemies":"Red Slaver","floor":13,"turns":2},{"damage":15,"enemies":"Large Slime","floor":14,"turns":6},{"damage":36,"enemies":"Slime Boss","floor":16,"turns":5},{"damage":28,"enemies":"3 Byrds","floor":18,"turns":4},{"damage":104,"enemies":"2 Thieves","floor":21,"turns":5},{"damage":14,"enemies":"Snecko","floor":22,"turns":3},{"damage":59,"enemies":"Gremlin Leader","floor":23,"turns":5},{"damage":44,"enemies":"Book of Stabbing","floor":25,"turns":4},{"damage":69,"enemies":"Slavers","floor":27,"turns":3},{"damage":230,"enemies":"Shelled Parasite and Fungi","floor":28,"turns":7}],"seed_played":"-1704469394524640793","potions_obtained":[{"floor":2.0,"key":"LiquidBronze"},{"floor":11,"key":"LiquidBronze"},{"floor":12,"key":"BlessingOfTheForge"},{"floor":13,"key":"SkillPotion"},{"floor":14,"key":"Energy Potion"}],"is_trial":false,"path_per_floor":["M","M","?","M","$","R","E","R","T","R","M","M","M","M","R","B",null,"M","?","?","M","M","E","R","E","T","E","M"],"character_chosen":"Angela","items_purchased":["CherryBlossom","Finesse"],"campfire_rested":0,"item_purchase_floors":[5,5],"current_hp_per_floor":[35,41,41,41,41,41,39,39,39,39,37,47,44,59,59,54,86,97,97,97,53,75,79,79,93,93,93,0,0],"gold":373,"neow_bonus":"REMOVE_TWO","is_daily":false,"chose_seed":false,"campfire_upgraded":0,"win_rate":0.0,"timestamp":1613986880,"path_taken":["M","M","?","M","$","R","E","R","T","R","M","M","M","M","R","BOSS","M","?","?","M","M","E","R","E","T","E","M"],"items_purchased_type":["Card","Card"],"build_version":"2020-12-22","purchased_purges":0,"victory":false,"max_hp_per_floor":[70,70,70,70,70,70,70,70,70,70,70,89,89,93,93,97,97,97,97,97,101,101,105,105,105,105,109,109,109],"card_choices":[{"not_picked":["Scarecrow","Scorched"],"picked":"CrumblingArmor","floor":1.0},{"not_picked":["SwordSharpenedByTears"],"picked":"ScreamingWedge","floor":1.0},{"not_picked":["Lantern","Horn"],"picked":"SKIP","floor":1.0},{"not_picked":["Lantern"],"picked":"FourthMatchFlame","floor":2.0},{"not_picked":["SomewhereSpear","LifeForTheDareDevil"],"picked":"SKIP","floor":4.0},{"not_picked":["Loneliness","Lantern"],"picked":"SKIP","floor":4.0},{"not_picked":["OldLady","VoidDream"],"picked":"LongBird","floor":7.0},{"not_picked":["RedEyes"],"picked":"ScreamingWedge","floor":7.0},{"not_picked":["Lamp","Noise"],"picked":"SKIP","floor":11},{"not_picked":["HeroicMonk","MHz"],"picked":"OldLady","floor":12},{"not_picked":["Tough","SomewhereSpear"],"picked":"SKIP","floor":12},{"not_picked":["Pleasure","Tough"],"picked":"SKIP","floor":12},{"not_picked":["Pleasure"],"picked":"Soda","floor":13},{"not_picked":["SwordSharpenedByTears"],"picked":"Ecstasy","floor":13},{"not_picked":["SolemnVow"],"picked":"FourthMatchFlame","floor":14},{"not_picked":["WhitesApple","Mercenary"],"picked":"RedShoes","floor":14},{"not_picked":["InTheNameOfLoveAndHate","Wingbeat"],"picked":"SKIP","floor":14},{"not_picked":["Justitia"],"picked":"DaCapo","floor":16},{"not_picked":["GalaxyChild","HeroicMonk"],"picked":"BlackSwan","floor":16},{"not_picked":["Mimicry"],"picked":"GoldRush","floor":16},{"not_picked":["Beak"],"picked":"Logging","floor":18},{"not_picked":["Christmas","BlueScar"],"picked":"SKIP","floor":18},{"not_picked":["Wellcheers","FieryBird"],"picked":"DreamingCurrent","floor":21},{"not_picked":["CherryBlossom","FeatherOfHonor+1"],"picked":"SKIP","floor":21},{"not_picked":["TodaysExpression","CrimsonScar"],"picked":"SKIP","floor":21},{"not_picked":["Loneliness+1"],"picked":"DaCapo","floor":22},{"not_picked":["SomewhereSpear","Penitence"],"picked":"SKIP","floor":22},{"not_picked":["Murderer","Freischutz"],"picked":"PunishingBird","floor":23},{"not_picked":["Loneliness"],"picked":"ShedSkin","floor":23},{"not_picked":["Penitence+1","Christmas"],"picked":"SKIP","floor":23},{"not_picked":["FrostShard"],"picked":"WristCuter","floor":25},{"not_picked":["FrostShard"],"picked":"Ecstasy+1","floor":25},{"not_picked":["Lantern+1"],"picked":"RedEyes+1","floor":27},{"not_picked":["Murderer","Bloodbath"],"picked":"UniverseFragment","floor":27},{"not_picked":["Wingbeat","FrostShard+1"],"picked":"SKIP","floor":27},{"not_picked":["Tough","SoundOfStar"],"picked":"SKIP","floor":27}],"player_experience":355689,"relics_obtained":[{"floor":7.0,"key":"Meat on the Bone"},{"floor":9.0,"key":"Shuriken"},{"floor":23,"key":"Oddly Smooth Stone"},{"floor":25,"key":"Peace Pipe"},{"floor":27,"key":"War Paint"}],"event_choices":[{"cards_removed":["SpecialBullet"],"damage_healed":0.0,"max_hp_gain":0.0,"max_hp_loss":0.0,"gold_gain":0.0,"event_name":"Bonfire Elementals","player_choice":"Offered Basic","floor":3.0,"gold_loss":0.0,"damage_taken":0.0},{"damage_healed":0,"gold_gain":0,"player_choice":"Obtained Relic","damage_taken":0,"relics_obtained":["Smiling Mask"],"max_hp_gain":0,"max_hp_loss":0,"event_name":"Addict","floor":19,"gold_loss":85},{"damage_healed":0,"gold_gain":0,"player_choice":"Got Potions","damage_taken":0,"max_hp_gain":0,"max_hp_loss":0,"event_name":"Lab","floor":20,"gold_loss":0}],"is_beta":false,"boss_relics":[{"not_picked":["Calling Bell","Busted Crown"],"picked":"Sozu"}],"items_purged_floors":[],"is_endless":false,"potions_floor_spawned":[2,11,12,13,14,18,25,27],"killed_by":"Shelled Parasite and Fungi","ascension_level":11}}