{"host":"121m0oxswv9tg9hk","time":1613954580,"event":{"mods":["BaseMod","Better Altar","Better Third Choice","Hubris","Ironclad Rager","MarisaÅiñ∂âJÅ@ñÇóùçπÅj","Minty Spire (QoL Compilation)","Replay The Spire","StSLib","The Cursed","The Gatherer","The Hierophant"],"gold_per_floor":[111,9,19,37,117,117,148,148,175,175,175,210,229,256,256,312,312,245,45,144,144,140,140,163,163,232,80,80,117,138,138,138,218,218,284,295,363,110,162,162,191,177,177],"floor_reached":42,"language":"ENG","playtime":4907,"items_purged":["hierophant:Strike_Hierophant","hierophant:Strike_Hierophant","hierophant:Defend_Hierophant"],"score":728,"play_id":"597f95ad-fcf0-4a17-bdb7-5af7c093d52d","local_time":"20210222014300","is_ascension_mode":true,"campfire_choices":[{"data":"hierophant:PassingBell","floor":6,"key":"SMITH"},{"data":"hierophant:Punish","floor":8,"key":"SMITH"},{"data":"hierophant:DisplayOfPower","floor":10,"key":"SMITH"},{"data":"hierophant:Strike_Hierophant","floor":15,"key":"PURGE"},{"floor":23,"key":"REST"},{"data":"hierophant:Repentance","floor":25,"key":"SMITH"},{"floor":32,"key":"REST"},{"floor":40,"key":"REST"}],"circlet_count":0,"master_deck":["hierophant:Punish+1","hierophant:Defend_Hierophant","hierophant:Defend_Hierophant","hierophant:Defend_Hierophant","hierophant:ChurchCoffers","hierophant:Blessing","hierophant:PassingBell+1","hierophant:SolarFlare","hierophant:DisplayOfPower+1","hierophant:Smite","hierophant:Smite","Delirium","hierophant:Doubloon+1","hierophant:Charity","hierophant:Repentance+1","hierophant:RepressedViolence","hierophant:Doubloon+1","hierophant:Generosity","hierophant:MorningPrayer","hubris:Ssssneak","ReplayTheSpireMod:Uncanny Aura","hierophant:OrnateBuckler","hierophant:RustyCrate+1","hierophant:Doubloon","hierophant:Doubloon+1","hierophant:Bribe+1","hierophant:RepressedViolence","hierophant:MintersHammer","Pot Of Greed","Pot Of Greed","Pot Of Greed","Spreading Infection","TheCursedMod:Dregs","CommonCold","hierophant:Sermon+1","Metamorphosis+1","Parasite"],"relics":["hierophant:PropheticMaskRelic","Blue Doll","Regal Pillow","hubris:Towel","Blue Candle","Replay:Bronze Core","Simple Rune","Shuriken","Pocketwatch","Replay:Ancient Bell","Grinning Jar","HornCleat","Dead Branch","hubris:GlazedTorus"],"acts_visited":["Exordium","TheCity","TheBeyond"],"potions_floor_usage":[7,13,22,24,29,30,33,33],"damage_taken":[{"damage":0,"enemies":"2 Louse","floor":1,"turns":1},{"damage":0,"enemies":"Small Slimes","floor":3,"turns":1},{"damage":0,"enemies":"Cultist","floor":4,"turns":2},{"damage":20,"enemies":"Lagavulin","floor":7,"turns":4},{"damage":8,"enemies":"Replay:BlueRogue","floor":12,"turns":4},{"damage":6,"enemies":"2 Fungi Beasts","floor":13,"turns":4},{"damage":0,"enemies":"3 Louse","floor":14,"turns":1},{"damage":13,"enemies":"Slime Boss","floor":16,"turns":7},{"damage":43,"enemies":"2 Thieves","floor":18,"turns":4},{"damage":19,"enemies":"Shell Parasite","floor":22,"turns":4},{"damage":19,"enemies":"Gremlin Leader","floor":24,"turns":5},{"damage":5,"enemies":"Cultist and Chosen","floor":29,"turns":4},{"damage":11,"enemies":"Centurion and Healer","floor":30,"turns":7},{"damage":27,"enemies":"Collector","floor":33,"turns":9},{"damage":3,"enemies":"Orb Walker","floor":35,"turns":2},{"damage":17,"enemies":"3 Shapes","floor":36,"turns":5},{"damage":13,"enemies":"Sphere and 2 Shapes","floor":37,"turns":4},{"damage":39,"enemies":"Maw","floor":39,"turns":7},{"damage":23,"enemies":"Nemesis","floor":41,"turns":7},{"damage":61,"enemies":"Writhing Mass","floor":42,"turns":6}],"seed_played":"-8534807440214675718","potions_obtained":[{"floor":3,"key":"DuplicationPotion"},{"floor":12,"key":"DuplicationPotion"},{"floor":16,"key":"FearPotion"},{"floor":24,"key":"Weak Potion"},{"floor":29,"key":"AttackPotion"},{"floor":30,"key":"LiquidBronze"},{"floor":39,"key":"PowerPotion"},{"floor":41,"key":"Venom Potion"}],"is_trial":false,"path_per_floor":["M","$","M","M","?","R","E","R","T","R","?","E","M","M","R","B",null,"M","$","?","?","M","R","E","R","T","$","?","M","M","?","R","B",null,"M","M","M","$","M","R","E","M"],"character_chosen":"HIEROPHANT","items_purchased":["hierophant:SolarFlare","hierophant:DisplayOfPower","Regen Potion","Explosive Potion","Block Potion","Metamorphosis+1"],"campfire_rested":3,"item_purchase_floors":[2,2,19,19,27,38],"current_hp_per_floor":[75,75,75,75,75,75,55,55,55,55,55,54,55,55,55,49,75,39,39,39,20,22,59,47,47,47,47,47,49,45,45,75,55,75,72,62,56,56,24,61,45,0,0],"gold":177,"neow_bonus":"TRANSFORM_CARD","is_daily":false,"chose_seed":false,"campfire_upgraded":4,"win_rate":0.0,"timestamp":1613954580,"path_taken":["M","$","M","M","?","R","E","R","T","R","?","E","M","M","R","BOSS","M","$","?","?","?","R","E","R","T","$","?","?","M","?","R","BOSS","M","M","M","$","M","R","E","?"],"items_purchased_type":["Card","Card","Potion","Potion","Potion","Card"],"build_version":"2020-12-22","purchased_purges":3,"victory":false,"max_hp_per_floor":[75,75,75,75,75,75,75,75,75,75,75,75,75,75,75,75,75,75,75,75,75,75,75,75,75,75,75,75,75,75,75,75,75,75,75,75,75,75,75,75,75,75,75],"card_choices":[{"not_picked":["hierophant:ThreeLashes","hierophant:Empathy"],"picked":"hierophant:PassingBell","floor":1},{"not_picked":["hierophant:FlamingChariot","hierophant:HammerAndAnvil"],"picked":"hierophant:Smite","floor":3},{"not_picked":["hierophant:PristineSoul","hierophant:AuricBeam"],"picked":"hierophant:Smite","floor":4},{"not_picked":["hierophant:Refuge","hierophant:ThreeLashes","hierophant:SealAway"],"picked":"SKIP","floor":7},{"not_picked":["hierophant:AuricForm","hierophant:Encroach"],"picked":"hierophant:Charity","floor":12},{"not_picked":["hierophant:FieryStrike","hierophant:Exaltation"],"picked":"hierophant:Repentance","floor":13},{"not_picked":["hierophant:Sermon","hierophant:SealAway"],"picked":"hierophant:RepressedViolence","floor":14},{"not_picked":["hierophant:AuricForm","hierophant:Cornucopia"],"picked":"hierophant:Generosity","floor":16},{"not_picked":["hierophant:HolyVerse","hierophant:ConvertCurrency+1"],"picked":"hierophant:MorningPrayer","floor":18},{"not_picked":["hierophant:FieryStrike","hierophant:OrnateJavelin"],"picked":"hierophant:OrnateBuckler","floor":22},{"not_picked":["hierophant:WrathOfGod","hierophant:Racketeering"],"picked":"hierophant:RustyCrate+1","floor":24},{"not_picked":["hierophant:DisplayOfPower","hierophant:Doubloon"],"picked":"hierophant:Bribe+1","floor":29},{"not_picked":["hierophant:Prophecy","hierophant:AuricShield","hierophant:Martyrdom"],"picked":"SKIP","floor":30},{"not_picked":["hierophant:AuricForm","hierophant:Generosity"],"picked":"hierophant:MintersHammer","floor":33},{"not_picked":["Voices","Clumsy"],"picked":"Spreading Infection","floor":34},{"not_picked":["Hallucinations","Spreading Infection"],"picked":"TheCursedMod:Dregs","floor":34},{"not_picked":["Writhe","Doubt"],"picked":"CommonCold","floor":34},{"not_picked":["hierophant:Charity+1","hierophant:HammerAndAnvil+1","hierophant:Shelter"],"picked":"SKIP","floor":35},{"not_picked":["hierophant:Prophecy+1","hierophant:Upheaval+1","hierophant:Generosity"],"picked":"SKIP","floor":36},{"not_picked":["hierophant:RepressedViolence+1","hierophant:ThreeLashes"],"picked":"hierophant:Sermon+1","floor":37},{"not_picked":["hierophant:Glossolalia+1","hierophant:DivineIntervention","hierophant:DisplayOfPower+1"],"picked":"SKIP","floor":39},{"not_picked":["hierophant:RepressedViolence+1","hierophant:MirrorShield","hierophant:Purify"],"picked":"SKIP","floor":41}],"player_experience":2462578,"relics_obtained":[{"floor":7,"key":"Blue Doll"},{"floor":9,"key":"Regal Pillow"},{"floor":12,"key":"Blue Candle"},{"floor":24,"key":"Simple Rune"},{"floor":26,"key":"Shuriken"},{"floor":41,"key":"hubris:GlazedTorus"}],"event_choices":[{"damage_healed":0,"gold_gain":99,"player_choice":"Steal","damage_taken":0,"max_hp_gain":0,"max_hp_loss":0,"event_name":"betterThird:BetterNest","floor":20,"gold_loss":0},{"damage_healed":0,"gold_gain":0,"player_choice":"CARD CARD ","damage_taken":19,"max_hp_gain":0,"max_hp_loss":0,"event_name":"Knowing Skull","floor":21,"potions_obtained":[],"gold_loss":0,"cards_obtained":["hubris:Ssssneak","ReplayTheSpireMod:Uncanny Aura"]},{"damage_healed":0,"gold_gain":0,"player_choice":"Opened","damage_taken":0,"relics_obtained":["Pocketwatch"],"max_hp_gain":0,"max_hp_loss":0,"event_name":"The Mausoleum","floor":28,"gold_loss":0},{"damage_healed":0,"gold_gain":0,"player_choice":"Copied","damage_taken":0,"max_hp_gain":0,"max_hp_loss":0,"event_name":"Duplicator","floor":31,"gold_loss":0,"cards_obtained":["hierophant:RepressedViolence"]}],"is_beta":false,"boss_relics":[{"not_picked":["hubris:VirtuousBlindfold","SlaversCollar"],"picked":"Replay:Bronze Core"},{"not_picked":["Runic Pyramid","Ring of Chaos"],"picked":"Replay:Ancient Bell"},{"not_picked":["Replay:Wax Seal","Orichalcum"],"picked":"Grinning Jar"},{"not_picked":["Pear","Matryoshka"],"picked":"HornCleat"},{"not_picked":["Replay:Multitool","Girya"],"picked":"Dead Branch"}],"items_purged_floors":[19,27,38],"is_endless":false,"potions_floor_spawned":[3,12,16,24,29,30,39,41],"killed_by":"Writhing Mass","ascension_level":3}}