{"host":"w7o06k3e8uel8euj","time":1613986095,"event":{"mods":["AchievementEnabler","Act Like it!","BaseMod","Colored Powertips","Custom Start","DeckTracker","Keyboard Shortcuts","Minty Spire (QoL Compilation)","Quick Restart","Relic Stats","Ruina","StSLib","SuperFastMode","everything is the same but u backflip on backflip"],"gold_per_floor":[365,365,382,169,185,85,85,85],"floor_reached":7,"language":"KOR","playtime":107,"items_purged":["Defend_P","Strike_P"],"score":80,"play_id":"01b2f4de-f058-48a9-b83c-edc19500c11f","local_time":"20210222182815","is_ascension_mode":true,"campfire_choices":[],"circlet_count":0,"master_deck":["AscendersBane","Strike_P","Strike_P","Defend_P","Defend_P","Defend_P","Eruption","Vigilance","Pray","MentalFortress","Flash of Steel"],"relics":["PureWater","Peace Pipe"],"acts_visited":["Exordium"],"potions_floor_usage":[],"damage_taken":[{"damage":0.0,"enemies":"Small Slimes","floor":1.0,"turns":2.0},{"damage":2.0,"enemies":"Cultist","floor":3.0,"turns":3.0},{"damage":10,"enemies":"2 Louse","floor":5,"turns":3},{"damage":32,"enemies":"Gremlin Nob","floor":7,"turns":3}],"seed_played":"-7112668807065573222","potions_obtained":[],"is_trial":false,"path_per_floor":["M","?","M","$","M","$","E"],"character_chosen":"WATCHER","items_purchased":["MentalFortress","Peace Pipe","Flash of Steel"],"campfire_rested":0,"item_purchase_floors":[4,4,4],"current_hp_per_floor":[43,43,41,41,31,31,0,0],"gold":85,"neow_bonus":"TWO_FIFTY_GOLD","is_daily":false,"chose_seed":false,"campfire_upgraded":0,"win_rate":0.0,"timestamp":1613986095,"path_taken":["M","?","M","$","M","$","E"],"items_purchased_type":["Card","Relic","Card"],"build_version":"2020-12-22","purchased_purges":2,"victory":false,"max_hp_per_floor":[68,68,68,68,68,68,68,68],"relic_stats":{"Peace Pipe":0,"counters":[4,11],"obtain_stats":[{"Peace Pipe":4,"PureWater":0},{"Peace Pipe":2,"PureWater":0},{"Peace Pipe":5,"PureWater":0}]},"card_choices":[{"not_picked":["BowlingBash","WreathOfFlame","Indignation"],"picked":"SKIP","floor":1.0},{"not_picked":["JustLucky","CrushJoints"],"picked":"Pray","floor":3.0},{"not_picked":["CutThroughFate","BowlingBash","Study"],"picked":"SKIP","floor":5}],"player_experience":533921,"relics_obtained":[],"event_choices":[{"cards_removed":["Strike_P"],"damage_healed":0.0,"max_hp_gain":0.0,"max_hp_loss":0.0,"gold_gain":0.0,"event_name":"Purifier","player_choice":"Purged","floor":2.0,"gold_loss":0.0,"damage_taken":0.0}],"is_beta":false,"boss_relics":[],"items_purged_floors":[4,6],"is_endless":false,"potions_floor_spawned":[],"killed_by":"Gremlin Nob","ascension_level":19}}