{"host":"Ringo","time":1613992295,"event":{"mods":["BaseMod","Colored Map","Conspire","Dota2Spire","Hubris","Minty Spire (QoL Compilation)","Replay The Spire","StSLib","The Construct","[IsaacMod]ÒÔÈö¼âËþ","¡¾ÒÅÎï¿¨ÅÆ¡¿REMEMod"],"gold_per_floor":[141,177,177,177,177,255,357,441,970,1072,1153,1231,1306,1453,1453,1675,1675,1711,1753,1753,1798,1897,1981,2086,1248,1320,1356,534,602,88,163,163,394,394,451,451,451],"floor_reached":36,"language":"ZHS","playtime":861,"items_purged":["Blind","Anger"],"score":1858,"play_id":"838c00fc-3d12-49d7-b10c-140500311356","local_time":"20210222191135","daily_mods":["SealedDeck","Vintage","Colorless Cards","Heirloom","Time Dilation","Flight","DeadlyEvents","Lethality","Midas","Binary"],"is_ascension_mode":true,"campfire_choices":[{"floor":15.0,"key":"REST"},{"floor":32,"key":"REST"}],"circlet_count":0,"master_deck":["AscendersBane","Pommel Strike","Iron Wave+1","ReplayTheSpireMod:Limb From Limb","Twin Strike","Sword Boomerang","Armaments","Infernal Blade","Thunderclap","REME_ACTH","Shrug It Off","ReplayTheSpireMod:LeadingStrike","Secret Weapon+1","ReplayTheSpireMod:Stacked+1","Inflame","hubris:DuctTapeCard"],"relics":["Burning Blood","Busted Crown","HushsDoor","REME_ComplimentaryCards","replay:Trail_Library","Bird Faced Urn","Boot","conspire:GlowingRock","Dota2Spire:BladeMail","FaceOfCleric","Orichalcum","TheBean","TuHaoJin","Unceasing Top","BloodDonationMachine","DeathBook","Dota2Spire:UrnOfShadows","Dota2Spire:ArmletOfMordiggian","MealTicket","BookOfRevelations","SlaversCollar","conspire:Flyswatter","Art of War","hubris:BottledHeart","StoneCalendar","hubris:DuctTape","hubris:Potato","PunchingBag","hubris:ChampionShield","Dota2Spire:MaskOfMadness","REME_OnlineShoppingPlatform","SharpPlug","War Paint","Dota2Spire:DivineRapier","Strange Spoon","hubris:TinFlute","Shuriken","ClockworkSouvenir","Replay:Rubber Ducky","Vajra","hubris:HollowSoul","Ancient Tea Set"],"acts_visited":["Exordium","TheCity","TheBeyond"],"potions_floor_usage":[],"damage_taken":[{"damage":10.0,"enemies":"conspire:RoseBush","floor":1.0,"turns":1.0},{"damage":0.0,"enemies":"Cultist","floor":2.0,"turns":1.0},{"damage":0.0,"enemies":"3 Sentries","floor":6.0,"turns":2.0},{"damage":0.0,"enemies":"Replay:BlueRogue","floor":7.0,"turns":1.0},{"damage":0.0,"enemies":"Gremlin Nob","floor":8.0,"turns":1.0},{"damage":8.0,"enemies":"Replay:BlueRogue","floor":10.0,"turns":2.0},{"damage":0.0,"enemies":"3 Sentries","floor":11.0,"turns":1.0},{"damage":0.0,"enemies":"Replay:BlueRogue","floor":12.0,"turns":1.0},{"damage":0.0,"enemies":"Gremlin Nob","floor":13.0,"turns":1.0},{"damage":0.0,"enemies":"Replay:BlueRogue","floor":14.0,"turns":1.0},{"damage":0.0,"enemies":"The Guardian","floor":16.0,"turns":3.0},{"damage":0.0,"enemies":"2 Thieves","floor":18.0,"turns":1.0},{"damage":0.0,"enemies":"3 Byrds","floor":19.0,"turns":1.0},{"damage":0.0,"enemies":"Centurion and Healer","floor":21.0,"turns":2.0},{"damage":0.0,"enemies":"Replay:Snechameleon","floor":22.0,"turns":1.0},{"damage":0.0,"enemies":"Book of Stabbing","floor":23.0,"turns":1.0},{"damage":0.0,"enemies":"Slavers","floor":24.0,"turns":1.0},{"damage":0.0,"enemies":"Chosen and Byrds","floor":27.0,"turns":2.0},{"damage":0,"enemies":"Gremlin Leader","floor":31,"turns":1},{"damage":0,"enemies":"hubris:MusketHawk","floor":33,"turns":2},{"damage":0,"enemies":"3 Shapes","floor":35,"turns":1}],"seed_played":"-1842820822811323005","potions_obtained":[{"floor":7.0,"key":"ColorlessPotion"},{"floor":8.0,"key":"SmokeBomb"},{"floor":10.0,"key":"Ancient Potion"},{"floor":12.0,"key":"LifebloodPotion"},{"floor":16.0,"key":"EssenceOfSteel"}],"is_trial":true,"path_per_floor":["M","M","?","?","?","E","E","E","T","E","E","E","E","E","R","B",null,"M","M","?","M","E","E","E","$","T","M","$","T","$","E","R","B",null,"M","?"],"character_chosen":"IRONCLAD","items_purchased":["Shrug It Off","hubris:ChampionShield","Dota2Spire:MaskOfMadness","REME_OnlineShoppingPlatform","ReplayTheSpireMod:LeadingStrike","Secret Weapon","ReplayTheSpireMod:Stacked","Dota2Spire:DivineRapier","Strange Spoon","hubris:TinFlute","ClockworkSouvenir","Replay:Rubber Ducky","Inflame"],"campfire_rested":2,"item_purchase_floors":[17,25,25,25,25,25,25,28,28,28,30,30,30],"current_hp_per_floor":[64,70,55,55,55,62,69,76,14,13,20,27,34,35,59,72,80,84,85,1,1,1,1,1,1,1,1,1,1,1,1,1,1,1,1,0,0],"gold":451,"neow_bonus":"","is_daily":false,"chose_seed":false,"campfire_upgraded":0,"win_rate":0.0,"timestamp":1613992295,"path_taken":["M","M","?","?","?","E","E","?","T","E","E","E","E","E","R","BOSS","M","M","?","?","?","E","E","$","T","?","$","?","$","E","R","BOSS","M","?"],"items_purchased_type":["Card","Relic","Relic","Relic","Card","Card","Card","Relic","Relic","Relic","Relic","Relic","Card"],"build_version":"2020-12-18","purchased_purges":2,"victory":false,"max_hp_per_floor":[75,75,75,75,75,76,77,78,78,79,80,81,82,83,83,84,83,84,85,1,1,1,1,1,1,1,1,1,1,1,1,1,1,1,1,1,1],"card_choices":[],"player_experience":734966,"relics_obtained":[{"floor":1.0,"key":"Boot"},{"floor":2.0,"key":"conspire:GlowingRock"},{"floor":6.0,"key":"Orichalcum"},{"floor":7.0,"key":"TuHaoJin"},{"floor":8.0,"key":"Unceasing Top"},{"floor":9.0,"key":"BloodDonationMachine"},{"floor":10.0,"key":"DeathBook"},{"floor":11.0,"key":"Dota2Spire:UrnOfShadows"},{"floor":12.0,"key":"Dota2Spire:ArmletOfMordiggian"},{"floor":13.0,"key":"MealTicket"},{"floor":14.0,"key":"BookOfRevelations"},{"floor":18.0,"key":"conspire:Flyswatter"},{"floor":19.0,"key":"Art of War"},{"floor":21.0,"key":"StoneCalendar"},{"floor":22.0,"key":"hubris:DuctTape"},{"floor":23.0,"key":"hubris:Potato"},{"floor":24.0,"key":"PunchingBag"},{"floor":26.0,"key":"SharpPlug"},{"floor":27.0,"key":"War Paint"},{"floor":29.0,"key":"Shuriken"},{"floor":31,"key":"Vajra"},{"floor":35,"key":"Ancient Tea Set"}],"event_choices":[{"damage_healed":0.0,"max_hp_gain":0.0,"max_hp_loss":0.0,"gold_gain":0.0,"event_name":"FaceTrader","player_choice":"Trade","floor":4.0,"gold_loss":0.0,"damage_taken":0.0,"relics_obtained":["FaceOfCleric"]}],"is_beta":true,"boss_relics":[{"not_picked":["Velvet Choker","Black Blood"],"picked":"SlaversCollar"},{"not_picked":[]},{"not_picked":["Replay:Ancient Bell","Cursed Key"],"picked":"hubris:HollowSoul"},{"not_picked":[]}],"items_purged_floors":[28,30],"is_endless":false,"potions_floor_spawned":[7,8,10,12,16,18,24,33,35],"ascension_level":20}}