{"host":"knk89g45d3vzr5fm","time":1613977681,"event":{"mods":["2.2 Compatiblity","BaseMod","Downfall","Minty Spire (QoL Compilation)","Relic Stats","Reliquary","Replay The Spire","StSLib","The Marked"],"gold_per_floor":[99,112,112,127,127,201,254,354,354,354,354],"floor_reached":9,"language":"FRA","playtime":367,"items_purged":[],"score":86,"play_id":"8f865986-8773-4b25-80eb-cf06a6c202c9","local_time":"20210222080801","is_ascension_mode":true,"campfire_choices":[{"floor":1,"key":"DIG"}],"circlet_count":0,"master_deck":["AscendersBane","sneckomod:Strike","sneckomod:Strike","sneckomod:Defend","sneckomod:Defend","sneckomod:Defend","sneckomod:TailWhip","sneckomod:SnekBite","sneckomod:Unknown","sneckomod:Unknown","sneckomod:QuickBite","sneckomod:QuickMove+1","sneckomod:UnknownClassHEXA_GHOST_PURPLE","sneckomod:UnknownClassRED","sneckomod:SerpentIdol"],"relics":["sneckomod:SneckoSoul","reliquary:GummyVitamins","ReplayTheSpireMod:Ring of Challenge","Ring of Searing","Replay:Baseball","Pen Nib"],"acts_visited":["Exordium"],"potions_floor_usage":[8,8],"damage_taken":[{"damage":14,"enemies":"2 Louse","floor":2,"turns":3},{"damage":1,"enemies":"Small Slimes","floor":4,"turns":3},{"damage":30,"enemies":"downfall:Heads","floor":8,"turns":9},{"damage":18,"enemies":"Lagavulin","floor":9,"turns":2}],"seed_played":"-3043992142899394963","potions_obtained":[{"floor":6,"key":"Fire Potion"},{"floor":6,"key":"Adrenaline Potion"}],"is_trial":false,"path_per_floor":["R","M","?","M","?","?","T","?","E"],"character_chosen":"THE_SNECKO","items_purchased":[],"campfire_rested":0,"item_purchase_floors":[],"current_hp_per_floor":[83,69,69,68,68,32,32,2,0,0,0],"gold":354,"neow_bonus":"TEN_PERCENT_HP_BONUS","is_daily":false,"chose_seed":false,"campfire_upgraded":0,"win_rate":0.0,"timestamp":1613977681,"path_taken":["R","M","?","M","?","?","T","?","E"],"items_purchased_type":[],"build_version":"2020-12-22","purchased_purges":0,"victory":false,"max_hp_per_floor":[91,91,91,91,91,91,91,91,91,91,91],"relic_stats":{"counters":[4,17],"Pen Nib":[1],"obtain_stats":[{"Replay:Baseball":6,"reliquary:GummyVitamins":1,"Pen Nib":7,"ReplayTheSpireMod:Ring of Challenge":5,"sneckomod:SneckoSoul":0,"Ring of Searing":5},{"Replay:Baseball":2,"reliquary:GummyVitamins":0,"Pen Nib":2,"ReplayTheSpireMod:Ring of Challenge":2,"sneckomod:SneckoSoul":0,"Ring of Searing":2},{"Replay:Baseball":6,"reliquary:GummyVitamins":0,"Pen Nib":6,"ReplayTheSpireMod:Ring of Challenge":6,"sneckomod:SneckoSoul":0,"Ring of Searing":6}]},"card_choices":[{"not_picked":["sneckomod:UnknownClassGUARDIAN","sneckomod:CheapStock"],"picked":"sneckomod:QuickBite","floor":2},{"not_picked":["sneckomod:UnknownWeak","sneckomod:Unknown1Cost"],"picked":"sneckomod:QuickMove","floor":4},{"not_picked":["sneckomod:UnknownClassGUARDIAN","sneckomod:Nope"],"picked":"sneckomod:UnknownClassHEXA_GHOST_PURPLE","floor":6},{"not_picked":["sneckomod:UnknownStrike","sneckomod:UnknownClassBLUE"],"picked":"sneckomod:SerpentIdol","floor":8}],"player_experience":2240720,"relics_obtained":[{"floor":1,"key":"reliquary:GummyVitamins"},{"floor":5,"key":"ReplayTheSpireMod:Ring of Challenge"},{"floor":5,"key":"Ring of Searing"},{"floor":6,"key":"Replay:Baseball"},{"floor":7,"key":"Pen Nib"}],"event_choices":[],"is_beta":false,"boss_relics":[],"items_purged_floors":[],"is_endless":false,"potions_floor_spawned":[],"killed_by":"Lagavulin","ascension_level":15}}