{"host":"0nndazl0keusavit","time":1613961900,"event":{"mods":["AchievementEnabler","BaseMod","Colored Map","Curses Come First","Highlight Path","Minty Spire (QoL Compilation)","Relic Stats","StSLib"],"gold_per_floor":[99,24,24,24,24,24,24,24,24,24,24,24,24,24,24,24,24,24,24,24,24,24,24,24],"floor_reached":23,"language":"ENG","playtime":974,"items_purged":[],"score":406,"play_id":"83cb727b-8658-439e-8379-649383b1d65a","local_time":"20210221214500","is_ascension_mode":true,"campfire_choices":[{"data":"Wallop","floor":7.0,"key":"SMITH"},{"floor":10.0,"key":"REST"},{"data":"SashWhip","floor":13.0,"key":"SMITH"},{"data":"Alpha","floor":15,"key":"SMITH"}],"circlet_count":0,"master_deck":["AscendersBane","Strike_P","Strike_P","Strike_P","Strike_P","Defend_P","Defend_P","Defend_P","Defend_P","Eruption","Vigilance","CrushJoints","Wallop+1","SashWhip+1","Alpha+1","Wallop+1","EmptyFist+1","SpiritShield","EmptyMind","CutThroughFate+1","FlurryOfBlows+1"],"relics":["Ectoplasm","Question Card","Matryoshka","StrikeDummy","Molten Egg 2","Black Star","MutagenicStrength"],"acts_visited":["Exordium","TheCity"],"potions_floor_usage":[14,20,23],"damage_taken":[{"damage":2.0,"enemies":"Cultist","floor":1.0,"turns":3.0},{"damage":0.0,"enemies":"2 Louse","floor":3.0,"turns":3.0},{"damage":4.0,"enemies":"Small Slimes","floor":4.0,"turns":3.0},{"damage":0.0,"enemies":"Red Slaver","floor":5.0,"turns":2.0},{"damage":25.0,"enemies":"Lagavulin","floor":6.0,"turns":7.0},{"damage":2.0,"enemies":"3 Sentries","floor":11.0,"turns":4.0},{"damage":2.0,"enemies":"2 Fungi Beasts","floor":12.0,"turns":3.0},{"damage":0,"enemies":"3 Louse","floor":14,"turns":2},{"damage":6,"enemies":"Slime Boss","floor":16,"turns":5},{"damage":19,"enemies":"3 Byrds","floor":18,"turns":4},{"damage":12,"enemies":"Shell Parasite","floor":20,"turns":4},{"damage":5,"enemies":"Centurion and Healer","floor":22,"turns":4},{"damage":33,"enemies":"Slavers","floor":23,"turns":1}],"seed_played":"-7711446357969722904","potions_obtained":[{"floor":3.0,"key":"AttackPotion"},{"floor":6.0,"key":"Block Potion"},{"floor":12.0,"key":"SteroidPotion"},{"floor":16,"key":"Energy Potion"},{"floor":20,"key":"SteroidPotion"}],"is_trial":false,"path_per_floor":["M","$","M","M","M","E","R","?","T","R","E","M","R","M","R","B",null,"M","?","M","?","M","E"],"character_chosen":"WATCHER","items_purchased":["Wallop"],"campfire_rested":1,"item_purchase_floors":[2],"current_hp_per_floor":[59,59,59,55,55,30,30,19,19,39,37,35,35,35,35,29,58,39,39,27,27,22,0,0],"gold":24,"neow_bonus":"BOSS_RELIC","is_daily":false,"chose_seed":false,"campfire_upgraded":3,"win_rate":0.0,"timestamp":1613961900,"path_taken":["M","$","?","M","M","E","R","?","T","R","E","M","R","M","R","BOSS","M","?","?","?","M","E"],"items_purchased_type":["Card"],"build_version":"2020-12-22","purchased_purges":0,"victory":false,"max_hp_per_floor":[68,68,68,68,68,68,68,68,68,68,68,68,68,68,68,68,68,68,68,68,68,68,68,68],"relic_stats":{"counters":[13,45],"Ectoplasm":253,"Black Star":0,"Question Card":7,"obtain_stats":[{"Matryoshka":8,"MutagenicStrength":21,"Molten Egg 2":11,"Ectoplasm":0,"Black Star":17,"PureWater":0,"Question Card":6,"StrikeDummy":9},{"Matryoshka":5,"MutagenicStrength":11,"Molten Egg 2":6,"Ectoplasm":0,"Black Star":9,"PureWater":0,"Question Card":5,"StrikeDummy":5},{"Matryoshka":18,"MutagenicStrength":40,"Molten Egg 2":22,"Ectoplasm":0,"Black Star":32,"PureWater":0,"Question Card":18,"StrikeDummy":18}]},"card_choices":[{"not_picked":["ClearTheMind","Halt"],"picked":"CrushJoints","floor":1.0},{"not_picked":["FollowUp","CrushJoints"],"picked":"SashWhip","floor":3.0},{"not_picked":["Indignation","FollowUp","Collect"],"picked":"SKIP","floor":4.0},{"not_picked":["BowlingBash","JustLucky"],"picked":"Alpha","floor":5.0},{"not_picked":["Perseverance","Conclude"],"picked":"Weave","floor":6.0},{"not_picked":["BattleHymn","EmptyMind","WaveOfTheHand"],"picked":"Wallop+1","floor":11.0},{"not_picked":["FlyingSleeves+1","WindmillStrike+1","Pray","SandsOfTime+1"],"picked":"SKIP","floor":12.0},{"not_picked":["FlurryOfBlows+1","Nirvana","Vengeance"],"picked":"EmptyFist+1","floor":14},{"not_picked":["Brilliance+1","Devotion","DevaForm"],"picked":"SpiritShield","floor":16},{"not_picked":["WaveOfTheHand","Protect","Halt"],"picked":"EmptyMind","floor":18},{"not_picked":["BowlingBash+1","DeceiveReality","Nirvana"],"picked":"CutThroughFate+1","floor":20},{"not_picked":["Halt","WindmillStrike+1","CrushJoints+1"],"picked":"FlurryOfBlows+1","floor":22}],"player_experience":918556,"relics_obtained":[{"floor":6.0,"key":"Question Card"},{"floor":9.0,"key":"StrikeDummy"},{"floor":11.0,"key":"Molten Egg 2"}],"event_choices":[{"damage_healed":0.0,"max_hp_gain":0.0,"max_hp_loss":0.0,"gold_gain":0.0,"event_name":"Scrap Ooze","player_choice":"Success","floor":8.0,"gold_loss":0.0,"damage_taken":11.0,"relics_obtained":["Matryoshka"]},{"cards_removed":["Weave"],"damage_healed":0,"gold_gain":0,"player_choice":"Purged","damage_taken":0,"max_hp_gain":0,"max_hp_loss":0,"event_name":"Purifier","floor":19,"gold_loss":0},{"damage_healed":0,"gold_gain":0,"player_choice":"Inject Mutagens","damage_taken":0,"relics_obtained":["MutagenicStrength"],"max_hp_gain":0,"max_hp_loss":0,"event_name":"Drug Dealer","floor":21,"gold_loss":0}],"is_beta":false,"boss_relics":[{"not_picked":["Cursed Key","VioletLotus"],"picked":"Black Star"}],"items_purged_floors":[],"is_endless":false,"potions_floor_spawned":[3,6,12,16,20,22],"killed_by":"Slavers","ascension_level":20}}