{"host":"l4bxlkn39ih8kz7u","time":1613994326,"event":{"mods":["AchievementEnabler","Act Like it!","Ascension Unlocker","BaseMod","CapriCore","Custom Start","Gensokyo","GifTheSpireLib","HololiveMod","Lobotomy","LobotomyExtend","Minty Spire (QoL Compilation)","Quick Restart","Random Character Button","Ruina","Shop Mod","StSLib","SuperFastMode","The Alterego","Waifu the Spire"],"gold_per_floor":[114,114,124,124,124,124,199,265,292,95,111,126,126,126,126,126,126],"floor_reached":16,"language":"RUS","playtime":455,"items_purged":[],"score":90,"play_id":"8bde887e-5d41-4b66-9d00-d5bc167b0d17","local_time":"20210222144526","is_ascension_mode":false,"campfire_choices":[{"data":"alterego_mod:Valkyrie","floor":6,"key":"SMITH"},{"data":"alterego_mod:PainIsPleasure","floor":13,"key":"SMITH"},{"data":"alterego_mod:IndependentAction","floor":15,"key":"SMITH"}],"circlet_count":0,"master_deck":["alterego_mod:Strike","alterego_mod:Strike","alterego_mod:Strike","alterego_mod:Strike","alterego_mod:Defend","alterego_mod:Defend","alterego_mod:Defend","alterego_mod:Defend","alterego_mod:Impale","alterego_mod:BigMeatyClaws","alterego_mod:BrynhildrsRune","alterego_mod:GachaTicket","OldLady","alterego_mod:Maid","alterego_mod:DestructionOfProperty","alterego_mod:Valkyrie+1","alterego_mod:Exercise","alterego_mod:1TonWallop","BlueStar","alterego_mod:IndependentAction","alterego_mod:PainIsPleasure+1","alterego_mod:IndependentAction+1","VoidDream","alterego_mod:Birthday","alterego_mod:ChallengeComplete","MHz"],"relics":["alterego_mod:MasochisticConstitution","CogitoBucket","LetterFromLob","Golden Idol","Unceasing Top","Nunchaku","AdjustmentMirror"],"acts_visited":["Exordium"],"potions_floor_usage":[],"damage_taken":[{"damage":1,"enemies":"2 Louse","floor":1,"turns":5},{"damage":5,"enemies":"Small Slimes","floor":3,"turns":2},{"damage":35,"enemies":"Lagavulin Event","floor":8,"turns":5},{"damage":5,"enemies":"Cultist","floor":11,"turns":3},{"damage":6,"enemies":"3 Louse","floor":12,"turns":3},{"damage":19,"enemies":"Exordium Thugs","floor":14,"turns":5},{"damage":38,"enemies":"Hexaghost","floor":16,"turns":9}],"seed_played":"7347567013465394460","potions_obtained":[{"floor":1,"key":"SkillPotion"},{"floor":3,"key":"SmokeBomb"}],"is_trial":false,"path_per_floor":["M","?","M","?","?","R","?","?","T","$","M","M","R","M","R","B"],"character_chosen":"The_Alterego","items_purchased":["alterego_mod:PainIsPleasure","alterego_mod:IndependentAction"],"campfire_rested":0,"item_purchase_floors":[10,10],"current_hp_per_floor":[71,71,72,72,54,54,54,27,27,27,23,24,24,29,29,0,0],"gold":126,"neow_bonus":"","is_daily":false,"chose_seed":false,"campfire_upgraded":3,"win_rate":0.0,"timestamp":1613994326,"path_taken":["M","?","M","?","?","R","?","?","T","?","M","?","R","?","R","BOSS"],"items_purchased_type":["Card","Card"],"build_version":"2020-12-22","purchased_purges":0,"victory":false,"max_hp_per_floor":[71,71,72,72,72,72,72,73,73,73,74,75,75,76,76,76,76],"card_choices":[{"not_picked":["alterego_mod:DiscoLights","alterego_mod:Pet"],"picked":"alterego_mod:GachaTicket","floor":1},{"not_picked":["PunishingBird","CherryBlossoms","BeautyBeast"],"picked":"Singing Bowl","floor":1},{"not_picked":["BeautyBeast","Alriune"],"picked":"OldLady","floor":1},{"not_picked":["Bloodbath","OSAHOGD","Wellcheers"],"picked":"Singing Bowl","floor":3},{"not_picked":["MHz","BeautyBeast"],"picked":"BlueStar","floor":3},{"not_picked":["alterego_mod:Jiggle","alterego_mod:Maid","alterego_mod:BoobPocket"],"picked":"SKIP","floor":3},{"not_picked":["WhitesApple","OSAHOGD","UniverseFragment"],"picked":"Singing Bowl","floor":8},{"not_picked":["alterego_mod:Maid","alterego_mod:MagicResistance"],"picked":"alterego_mod:IndependentAction","floor":8},{"not_picked":["RedShoes","WhitesApple","SpiderBud"],"picked":"Singing Bowl","floor":11},{"not_picked":["LittlePrince","CrumblingArmor"],"picked":"VoidDream","floor":11},{"not_picked":["alterego_mod:PerceptionDisorder","alterego_mod:Santa","alterego_mod:Mirror"],"picked":"SKIP","floor":11},{"not_picked":["Murderer","UniverseFragment","OSAHOGD"],"picked":"Singing Bowl","floor":12},{"not_picked":["alterego_mod:DeftHands","alterego_mod:MaintainEyeContact"],"picked":"alterego_mod:Birthday","floor":12},{"not_picked":["alterego_mod:GoddessCore","alterego_mod:Mirror"],"picked":"alterego_mod:ChallengeComplete","floor":14},{"not_picked":["BeautyBeast","Porccubus"],"picked":"MHz","floor":14}],"player_experience":290523,"relics_obtained":[{"floor":1,"key":"LetterFromLob"},{"floor":8,"key":"Unceasing Top"},{"floor":9,"key":"Nunchaku"}],"event_choices":[{"damage_healed":0,"gold_gain":0,"player_choice":"Ignored","damage_taken":0,"max_hp_gain":0,"max_hp_loss":0,"event_name":"Liars Game","floor":4,"gold_loss":0},{"damage_healed":0,"gold_gain":0,"player_choice":"Take Damage","damage_taken":18,"relics_obtained":["Golden Idol"],"max_hp_gain":0,"max_hp_loss":0,"event_name":"Golden Idol","floor":5,"gold_loss":0},{"damage_healed":0,"gold_gain":75,"player_choice":"Gained Gold","damage_taken":0,"max_hp_gain":0,"max_hp_loss":0,"event_name":"Golden Wing","floor":7,"gold_loss":0},{"damage_healed":0,"gold_gain":30,"player_choice":"Searched \u00272\u0027 times","damage_taken":0,"max_hp_gain":0,"max_hp_loss":0,"event_name":"Dead Adventurer","floor":8,"gold_loss":0}],"is_beta":false,"boss_relics":[],"items_purged_floors":[],"is_endless":false,"potions_floor_spawned":[1,3],"killed_by":"Hexaghost","ascension_level":0}}