{"host":"xrfvba1ye978kjmu","time":1613961770,"event":{"mods":["ATMod(阿瑾Mod)","Act Like it!","Arknights","BaseMod","Downfall","Friendly Minions","HumanHunterMod(怪物杀人mod)","Kiyohime（清姬）","KomeijiMod","Minty Spire (QoL Compilation)","MostiFishMod","Relic Filter","Replay The Spire","Shop Mod","StSLib","TestMod","Waifu the Spire","noobMod","【功能Mod】混沌之环修复补丁","【功能Mod】聪明的最终Boss","【遗物卡牌】REMEMod","篝火指南"],"gold_per_floor":[171,182,182,198,213,244,88,8,8,8,18,35,35,61,61,163,163,178,191,116,131,145,145,145,257,333,361,378,395,395,88,88,190,190,208,226,243,243,260,59,59,59,84,96,120,182,194,22,22,22],"floor_reached":51,"language":"ZHS","playtime":2116,"items_purged":["Strike_Remiria"],"score":879,"play_id":"e4d13613-e733-4b1e-bd2b-8c26842cfff0","local_time":"20210222104250","is_ascension_mode":false,"campfire_choices":[{"data":"AT_KingSlayer","floor":10,"key":"SMITH"},{"data":"MostiFishMod:WingOfPhoenix","floor":13,"key":"SMITH"},{"data":"RedMagic","floor":15,"key":"SMITH"},{"data":"DemonsDinnerFork_Remiria","floor":23,"key":"SMITH"},{"data":"CurseofVladTepes","floor":30,"key":"SMITH"},{"data":"MostiFishMod:TheEndOfMoonlight","floor":32,"key":"SMITH"},{"data":"HeartBreak_Remiria","floor":44,"key":"SMITH"},{"data":"DoubleEdge","floor":47,"key":"SMITH"},{"data":"PartStrengthen","floor":49,"key":"SMITH"}],"circlet_count":0,"master_deck":["Strike_Remiria","Strike_Remiria","Defend_Remirira","Defend_Remirira","Absorbed","Scratch","MostiFishMod:WingOfPhoenix+1","MostiFishMod:Neptune","MostiFishMod:TheEndOfMoonlight+1","MostiFishMod:SparklingWater","MostiFishMod:FantasySummer","MostiFishMod:NightSea","AT_KingSlayer+1","DoubleEdge+1","BloodyMagicSquare","RedMagic+1","Exsanguinate+1","BloodyMagicSquare+1","DemonsDinnerFork_Remiria+1","Reaper_Remiria+1","RedtheNightlessCastle+1","BloodSurge","DoubleEdge+1","CurseofVladTepes+1","BloodPact","MillenniumVampire+1","BloodySuit+1","HeartBreak_Remiria+1","BloodCleaner","TricksterDevil+1","PartStrengthen","PartStrengthen+1"],"relics":["ThirstyCrossSpe","AT_ATBox","DaveBox","testmod-TestBox","ice","REME_ComplimentaryCards","testmod-CyclicPeriapt","NeowsBlessing","SynthV:TestCard","testmod-LifeArmor","ReplayTheSpireMod:Ring of Collecting","Ring of Peace","ReplayTheSpireMod:Ring of Addiction","Potion Belt","White Beast Statue","AT_Kusabimaru","MerchantsRug","BirthdayGift-Tetrahedron","Ring of Hypnosis","Shuriken"],"acts_visited":["Exordium","TheCity","TheBeyond"],"potions_floor_usage":[16,27,28,28,28,29,33,39,45,50,50,50],"damage_taken":[{"damage":0,"enemies":"Cultist","floor":1,"turns":1},{"damage":0,"enemies":"ats:Genji","floor":2,"turns":1},{"damage":0,"enemies":"Small Slimes","floor":4,"turns":2},{"damage":0,"enemies":"Looter","floor":5,"turns":1},{"damage":26,"enemies":"Gremlin Nob","floor":6,"turns":4},{"damage":2,"enemies":"Exordium Wildlife","floor":11,"turns":3},{"damage":6,"enemies":"2 Fungi Beasts","floor":12,"turns":2},{"damage":16,"enemies":"Lagavulin","floor":14,"turns":6},{"damage":22,"enemies":"The Guardian","floor":16,"turns":5},{"damage":32,"enemies":"Spheric Guardian","floor":18,"turns":7},{"damage":0,"enemies":"3 Byrds","floor":19,"turns":2},{"damage":9,"enemies":"Centurion and Healer","floor":21,"turns":4},{"damage":36,"enemies":"Snecko","floor":22,"turns":4},{"damage":9,"enemies":"Slavers","floor":27,"turns":3},{"damage":4,"enemies":"Chosen and Byrds","floor":28,"turns":2},{"damage":10,"enemies":"Snake Plant","floor":29,"turns":2},{"damage":14,"enemies":"Champ","floor":33,"turns":5},{"damage":0,"enemies":"3 Shapes","floor":35,"turns":2},{"damage":11,"enemies":"Orb Walker","floor":36,"turns":2},{"damage":20,"enemies":"Maw","floor":37,"turns":3},{"damage":13,"enemies":"Sphere and 2 Shapes","floor":39,"turns":6},{"damage":16,"enemies":"Writhing Mass","floor":45,"turns":4},{"damage":1,"enemies":"Mind Bloom Boss Battle","floor":46,"turns":2},{"damage":15,"enemies":"Awakened One","floor":50,"turns":6}],"seed_played":"5226314355941932477","potions_obtained":[{"floor":5,"key":"UndeadPotion"},{"floor":12,"key":"Swift Potion"},{"floor":14,"key":"Fire Potion"},{"floor":16,"key":"Ancient Potion"},{"floor":26,"key":"UndeadPotion"},{"floor":26,"key":"ExcitationPotion"},{"floor":26,"key":"Energy Potion"},{"floor":27,"key":"Swift Potion"},{"floor":28,"key":"REME_GoldPotion"},{"floor":29,"key":"REME_GoldPotion"},{"floor":33,"key":"Regen Potion"},{"floor":35,"key":"Languid Potion"},{"floor":36,"key":"champ:CounterPotion"},{"floor":37,"key":"Fire Potion"},{"floor":39,"key":"SpeedPotion"},{"floor":45,"key":"Energy Potion"}],"is_trial":false,"path_per_floor":["M","M","T","M","M","E","$","$","T","R","M","M","R","E","R","B",null,"M","M","$","M","M","R","?","?","T","E","M","M","R","$","R","B",null,"M","M","M","?","M","R","$","?","T","R","M","?","R","$","R","B",null],"character_chosen":"RemiriaScarlet","items_purchased":["AT_BladeRuinedKing","Exsanguinate","testmod-EqualTreatment","MerchantsRug","BirthdayGift-Tetrahedron","PartStrengthen","Shuriken"],"campfire_rested":0,"item_purchase_floors":[7,8,31,40,40,48,48],"current_hp_per_floor":[100,100,100,100,100,77,77,77,77,77,75,70,70,73,73,86,75,75,75,75,75,49,49,49,49,49,49,47,45,45,45,45,71,73,73,67,71,71,71,71,71,71,69,69,55,69,69,69,67,67],"gold":22,"neow_bonus":"THREE_ENEMY_KILL","is_daily":false,"chose_seed":false,"campfire_upgraded":9,"win_rate":0.0,"timestamp":1613961770,"path_taken":["M","M","?","M","?","E","?","$","T","R","M","?","R","E","R","BOSS","M","M","$","M","M","R","?","?","T","E","M","M","R","$","R","BOSS","M","M","M","?","M","R","$","?","T","R","M","?","R","?","R","BOSS"],"items_purchased_type":["Relic","Card","Relic","Relic","Relic","Card","Relic"],"build_version":"2020-12-22","purchased_purges":1,"victory":true,"max_hp_per_floor":[100,100,100,100,100,100,100,100,100,100,100,100,100,100,100,100,75,75,75,75,75,75,75,75,75,75,75,75,75,75,75,75,73,73,73,73,71,71,71,71,71,71,69,69,69,69,69,69,67,67],"card_choices":[{"not_picked":["TrickFate","RocketKickup"],"picked":"DoubleEdge","floor":1},{"not_picked":["Cripple","BloodySuit","Offensive","VampireKiss_Remiria","TricksterDevil"],"picked":"SKIP","floor":2},{"not_picked":["LifeBreak","FateCollect","TrickFate","BloodCollect","Cripple"],"picked":"SKIP","floor":4},{"not_picked":["StigmaNizer","ServantFlier","Warpath","BloodCollect"],"picked":"BloodyMagicSquare","floor":5},{"not_picked":["BloodCollect","ThePrice","CurseofVladTepes","VampireClaw"],"picked":"RedMagic","floor":6},{"not_picked":["RocketKickup","BloodCollect","ScarletNetherworld","DamonLordCradle_Remiria"],"picked":"BloodyMagicSquare","floor":11},{"not_picked":["DoubleEdge","Impregnable","BloodCleaner","BloodySuit"],"picked":"DemonsDinnerFork_Remiria","floor":12},{"not_picked":["DamonLordCradle_Remiria","ScarletNetherworld","BloodySuit","Cripple"],"picked":"Reaper_Remiria","floor":14},{"not_picked":["FitfulNightmare","MiserableFate_Remiria","BombardNight","HeartBreak_Remiria"],"picked":"RedtheNightlessCastle","floor":16},{"not_picked":["BloodyMagicSquare","ChainGang","BodyStrengthen","FierceSweep"],"picked":"BloodSurge","floor":18},{"not_picked":["YoungDemonLord+1","NightDance+1","SealingFear","DemonsDinnerFork_Remiria","BloodCleaner"],"picked":"SKIP","floor":19},{"not_picked":["DemonsDinnerFork_Remiria","RocketKickup+1","Tearing","StigmaNizer"],"picked":"DoubleEdge+1","floor":21},{"not_picked":["RocketKickup","TricksterDevil+1","FastHealing","TrickFate","DoubleEdge"],"picked":"SKIP","floor":22},{"not_picked":["Feint","BloodCollect","MillenniumVampire","DemonsDinnerFork_Remiria"],"picked":"CurseofVladTepes","floor":25},{"not_picked":["TrickFate+1","StigmaNizer+1","Tepes+1","DoubleEdge"],"picked":"BloodPact","floor":25},{"not_picked":["BloodCleaner","BloodySuit+1","RocketKickup","VampireClaw+1","ServantFlier+1"],"picked":"SKIP","floor":27},{"not_picked":["Culling","DamonLordCradle_Remiria+1","SeparateFleshBlood+1","StigmaNizer","Exsanguinate"],"picked":"SKIP","floor":28},{"not_picked":["DoubleEdge","RocketKickup","BodyStrengthen+1","DemonsDinnerFork_Remiria+1","NightDance"],"picked":"SKIP","floor":29},{"not_picked":["FateConcerto","RemiliaStalker+1","HeartBreak_Remiria","Coercion"],"picked":"MillenniumVampire+1","floor":33},{"not_picked":["TrickFate","DemonLordWalk","DamonLordCradle_Remiria","FastHealing+1","DoubleEdge+1"],"picked":"BloodySuit+1","floor":35},{"not_picked":["BodyStrengthen","BloodPact","DamonLordCradle_Remiria","SealingFear+1","DemonLordWalk+1"],"picked":"HeartBreak_Remiria","floor":36},{"not_picked":["FastHealing+1","FierceSweep+1","ServantFlier+1","BloodPact+1","VampirishNight"],"picked":"BloodCleaner","floor":37},{"not_picked":["RocketKickup+1","NightDance+1","BodyStrengthen+1","FateCollect+1","NaturallyHealing+1"],"picked":"TricksterDevil+1","floor":39},{"not_picked":["Rewrite","DemonLordWalk","TrickFate","YoungDemonLord+1","ThirstForBlood+1"],"picked":"SKIP","floor":45}],"player_experience":128254,"relics_obtained":[{"floor":1,"key":"SynthV:TestCard"},{"floor":6,"key":"CaptainsWheel"},{"floor":9,"key":"AT_SilvercatRing"},{"floor":14,"key":"testmod-LifeArmor"},{"floor":24,"key":"ReplayTheSpireMod:Ring of Collecting"},{"floor":24,"key":"Ring of Peace"},{"floor":26,"key":"ReplayTheSpireMod:Ring of Addiction"},{"floor":26,"key":"Potion Belt"},{"floor":26,"key":"White Beast Statue"},{"floor":26,"key":"Frozen Egg 2"},{"floor":27,"key":"AT_Kusabimaru"},{"floor":43,"key":"Ring of Hypnosis"},{"floor":43,"key":"MawBank"},{"floor":46,"key":"Replay:Kaleidoscope"}],"event_choices":[{"damage_healed":0,"gold_gain":0,"player_choice":"Ignored","damage_taken":0,"max_hp_gain":0,"max_hp_loss":0,"event_name":"Tomb of Lord Red Mask","floor":38,"gold_loss":0},{"damage_healed":0,"gold_gain":0,"player_choice":"Memory 1","damage_taken":0,"max_hp_gain":0,"max_hp_loss":0,"event_name":"SensoryStone","floor":42,"gold_loss":0},{"damage_healed":0,"gold_gain":0,"player_choice":"Fight","damage_taken":0,"max_hp_gain":0,"max_hp_loss":0,"event_name":"MindBloom","floor":46,"gold_loss":0}],"is_beta":false,"boss_relics":[{"not_picked":["REME_ChargedStone","Philosopher\u0027s Stone"],"picked":"Replay:Drink Me"},{"not_picked":["Black Star","Transparent"],"picked":"Replay:Grab Bag"},{"not_picked":["Coffee Dripper","Runic Dome"],"picked":"Cursed Key"},{"not_picked":["Velvet Choker","SlaversCollar"],"picked":"ChewingGum"},{"not_picked":["testmod-GoldenSoul","RhineFirstAidKit"],"picked":"Honey Jar"}],"items_purged_floors":[20],"is_endless":false,"potions_floor_spawned":[5,12,14,16,18,21,22,27,28,29,33,35,36,37,39,45,46],"ascension_level":0}}