{"host":"y4mx56vxqys6xwyn","time":1613970952,"event":{"mods":["BaseMod","Hermit","Minty Spire (QoL Compilation)","StSLib","The Bug Knight"],"gold_per_floor":[109,119,119,119,69,105,105,149,229,229,229,270,294,319,319,319,319],"floor_reached":16,"language":"ENG","playtime":652,"items_purged":[],"score":143,"play_id":"afb091f1-520d-4166-acce-3b34b2a651c7","local_time":"20210221231552","is_ascension_mode":false,"campfire_choices":[{"data":"Heatsinks","floor":7,"key":"SMITH"},{"floor":10,"key":"REST"},{"floor":15,"key":"REST"}],"circlet_count":0,"master_deck":["Strike_B","Strike_B","Strike_B","Strike_B","Defend_B","Defend_B","Defend_B","Defend_B","Dualcast","Heatsinks+1","Ball Lightning","Streamline","Consume+1","Turbo","Meteor Strike","Force Field"],"relics":["Cracked Core","NeowsBlessing","Golden Idol","Happy Flower","Tiny Chest","Unceasing Top","Gremlin Horn","Strawberry"],"acts_visited":["Exordium"],"potions_floor_usage":[8,8,8,12,16,16,16],"damage_taken":[{"damage":0,"enemies":"Cultist","floor":1,"turns":1},{"damage":0,"enemies":"Jaw Worm","floor":2,"turns":1},{"damage":0,"enemies":"Lagavulin","floor":6,"turns":1},{"damage":39,"enemies":"3 Sentries","floor":8,"turns":6},{"damage":21,"enemies":"Gremlin Nob","floor":12,"turns":4},{"damage":0,"enemies":"Small Slimes","floor":13,"turns":2},{"damage":7,"enemies":"2 Fungi Beasts","floor":14,"turns":2},{"damage":32,"enemies":"The Guardian","floor":16,"turns":8}],"seed_played":"-2715580461317014360","potions_obtained":[{"floor":2,"key":"Strength Potion"},{"floor":6,"key":"EntropicBrew"},{"floor":8,"key":"Fire Potion"},{"floor":14,"key":"EssenceOfDarkness"}],"is_trial":false,"path_per_floor":["M","M","?","?","?","E","R","E","T","R","?","E","M","M","R","B"],"character_chosen":"DEFECT","items_purchased":[],"campfire_rested":2,"item_purchase_floors":[],"current_hp_per_floor":[75,75,57,39,39,39,39,5,5,27,27,13,13,6,30,0,0],"gold":319,"neow_bonus":"THREE_ENEMY_KILL","is_daily":false,"chose_seed":false,"campfire_upgraded":1,"win_rate":0.0,"timestamp":1613970952,"path_taken":["M","M","?","?","?","E","R","E","T","R","?","E","?","M","R","BOSS"],"items_purchased_type":[],"build_version":"2020-12-22","purchased_purges":0,"victory":false,"max_hp_per_floor":[75,75,75,75,75,75,75,75,75,75,75,82,82,82,82,82,82],"card_choices":[{"not_picked":["Sweeping Beam","Gash"],"picked":"Heatsinks","floor":1},{"not_picked":["Cold Snap","Chill"],"picked":"Ball Lightning","floor":2},{"not_picked":["Compile Driver","Sweeping Beam"],"picked":"Streamline","floor":6},{"not_picked":["Coolheaded","Rebound"],"picked":"Consume","floor":8},{"not_picked":["Skim","Beam Cell"],"picked":"Turbo","floor":12},{"not_picked":["Chaos","Streamline"],"picked":"Meteor Strike","floor":13},{"not_picked":["Barrage","Compile Driver"],"picked":"Force Field","floor":14}],"player_experience":101813,"relics_obtained":[{"floor":6,"key":"Tiny Chest"},{"floor":8,"key":"Unceasing Top"},{"floor":9,"key":"Gremlin Horn"},{"floor":12,"key":"Strawberry"}],"event_choices":[{"damage_healed":0,"gold_gain":0,"player_choice":"Take Damage","damage_taken":18,"relics_obtained":["Golden Idol"],"max_hp_gain":0,"max_hp_loss":0,"event_name":"Golden Idol","floor":3,"gold_loss":0},{"damage_healed":0,"gold_gain":0,"player_choice":"Success","damage_taken":18,"relics_obtained":["Happy Flower"],"max_hp_gain":0,"max_hp_loss":0,"event_name":"Scrap Ooze","floor":4,"gold_loss":0},{"cards_removed":["Zap"],"damage_healed":0,"gold_gain":0,"player_choice":"Card Removal","damage_taken":0,"max_hp_gain":0,"max_hp_loss":0,"event_name":"The Cleric","floor":5,"gold_loss":50},{"damage_healed":0,"gold_gain":0,"player_choice":"Forge","damage_taken":0,"max_hp_gain":0,"max_hp_loss":0,"event_name":"Accursed Blacksmith","floor":11,"gold_loss":0,"cards_upgraded":["Consume"]}],"is_beta":false,"boss_relics":[],"items_purged_floors":[],"is_endless":false,"potions_floor_spawned":[2,6,8,14],"killed_by":"The Guardian","ascension_level":0}}