{"host":"ymw71f7rc9ndansy","time":1613972496,"event":{"mods":["100% Spire Juice","ATMod(阿瑾Mod)","Act Like it!","Aspiration","BaseMod","DeckTracker","Energized Spire","Gensokyo","Hubris","Koishi","Library of Ruina","Library of Ruina Extra","Minty Spire (QoL Compilation)","MostiFishMod","Relic Filter Mod","Reliquary","Remove Card Discount Mod","Replay The Spire","RumiaBox-露米娅的神秘盒子","StSLib","TestMod","【功能Mod】精心准备","【遗物卡牌】REMEMod"],"gold_per_floor":[110,130,146,162,23,52,52,86,86,86,86,117,117,131,131,208,208,208],"floor_reached":17,"language":"ZHS","playtime":1415,"items_purged":[],"score":370,"play_id":"d1928a08-e767-4244-9811-9c214a97efc0","local_time":"20210222134136","is_ascension_mode":true,"campfire_choices":[{"data":"AT_RightCognition","floor":7,"key":"SMITH"},{"data":"Biased Cognition","floor":13,"key":"SMITH"},{"data":"Coolheaded","floor":15,"key":"SMITH"}],"circlet_count":0,"master_deck":["AscendersBane","Strike_B","Strike_B","Strike_B","Strike_B","Defend_B","Defend_B","Defend_B","Defend_B","Zap","Dualcast","AT_RightCognition+1","BootSequence","Cold Snap","Turbo","MostiFishMod:Exploitation","Panic Button","Biased Cognition+1","Coolheaded+1"],"relics":["testmod-TestBox","REME_ComplimentaryCards","AT_ATBox","AT_SeraphEmbrace","EGODaCapo","testmod-EqualTreatment","reliquary:Spinner","SynthV:TestCard","OrangePellets","PageOfSingingMachine","Girya","reliquary:Sideboard","testmod-TestBox","DataDisk","JellyFishMachine"],"acts_visited":["Exordium","Gensokyo:Gensokyo"],"potions_floor_usage":[16],"damage_taken":[{"damage":5,"enemies":"Gensokyo:Gryphon","floor":1,"turns":5},{"damage":0,"enemies":"Gensokyo:3_Fairies","floor":2,"turns":4},{"damage":0,"enemies":"Gensokyo:Python","floor":3,"turns":4},{"damage":13,"enemies":"Gensokyo:Kitsune","floor":4,"turns":5},{"damage":4,"enemies":"Gensokyo:Mamizou","floor":6,"turns":7},{"damage":3,"enemies":"Gensokyo:Aya","floor":8,"turns":5},{"damage":0,"enemies":"Gensokyo:Cirno","floor":12,"turns":4},{"damage":0,"enemies":"Gensokyo:5_Fairies","floor":14,"turns":4},{"damage":8,"enemies":"Gensokyo:Reimu","floor":16,"turns":20}],"seed_played":"-1790184879566635866","potions_obtained":[{"floor":1,"key":"Reflective Coating"},{"floor":3,"key":"Elixir"},{"floor":4,"key":"Block Potion"}],"is_trial":false,"path_per_floor":["M","M","M","M","COS","E","R","E","T","?","?","E","R","M","R","B",null],"character_chosen":"DEFECT","items_purchased":[],"campfire_rested":0,"item_purchase_floors":[],"current_hp_per_floor":[59,59,59,46,46,42,42,39,39,39,43,43,43,43,43,35,62,62],"gold":208,"neow_bonus":"RANDOM_COMMON_RELIC","is_daily":false,"chose_seed":false,"campfire_upgraded":3,"win_rate":0.0,"timestamp":1613972496,"path_taken":["M","M","?","M","COS","E","R","E","T","?","?","E","R","M","R","BOSS"],"items_purchased_type":[],"build_version":"2020-12-22","purchased_purges":0,"victory":false,"max_hp_per_floor":[71,71,71,71,71,71,71,71,71,71,71,71,71,71,71,71,71,71],"card_choices":[{"not_picked":["BasicCrystalCard","REME_SelfUpgrade"],"picked":"Cold Snap","floor":1},{"not_picked":["Rebound","Leap","Streamline","BasicCrystalCard"],"picked":"Turbo","floor":2},{"not_picked":["AT_HeatAcrobatics","Rebound","Barrage","Force Field"],"picked":"MostiFishMod:Exploitation","floor":3},{"not_picked":["REME_SelfUpgrade","Loop","Sweeping Beam","BasicCrystalCard"],"picked":"Panic Button","floor":4},{"not_picked":["Redo","Undo","Consume","Cold Snap"],"picked":"Biased Cognition","floor":6},{"not_picked":["Glacier","AT_HeatAcrobatics","Streamline","Cold Snap"],"picked":"Coolheaded","floor":8},{"not_picked":["MostiFishMod:Nova","Sweeping Beam","Rebound","Gash","Tempest"],"picked":"SKIP","floor":12},{"not_picked":["Hyperbeam","Mirror Shield","MostiFishMod:Culaccino","Fission"],"picked":"MostiFishMod:SeaWaves","floor":16}],"player_experience":1118738,"relics_obtained":[{"floor":1,"key":"SynthV:TestCard"},{"floor":6,"key":"PageOfSingingMachine"},{"floor":8,"key":"Girya"},{"floor":9,"key":"reliquary:Sideboard"},{"floor":12,"key":"DataDisk"}],"event_choices":[{"damage_healed":0,"gold_gain":0,"player_choice":"Swap Relic","damage_taken":0,"relics_obtained":["testmod-TestBox"],"max_hp_gain":0,"max_hp_loss":0,"event_name":"给自己的盒子","floor":10,"relics_lost":["DaveBox"],"gold_loss":0}],"is_beta":false,"boss_relics":[{"not_picked":["reliquary:Ember","reliquary:RedCape"],"picked":"JellyFishMachine"}],"items_purged_floors":[],"is_endless":false,"potions_floor_spawned":[1,3,4,6],"ascension_level":20}}