{"host":"eqoc4xtxwtie1mw2","time":1613969926,"event":{"mods":["2.2 Compatiblity","AchievementEnabler","Act Like it!","BaseMod","Bestiary","Better Altar","Better Match","Better Note","Better Sensory Stone","Better Skull","Better Third Choice","BetterRewards","Block Reminder","Colored Map","Colored Powertips","Curses Come First","Downfall","Hallownest","Hubris","Infinite Spire","Minty Spire (QoL Compilation)","Rare Cards Sparkle","Relic Stats","Reliquary","Replay The Spire","Spicy Shops","StSLib","The Bug Knight"],"gold_per_floor":[99,113,128,47,47,47,74,174,199,26,26,38,38,38,38,70,89,184,184,184,200,200,200,200,230,309,459,477,527,547,597,14,24,38,143,143,143,161,211,261,273,323,374,98,98,133,232,364,35,85,104,104],"floor_reached":53,"language":"ENG","playtime":9153,"items_purged":[],"score":1059,"play_id":"6ab6b1b6-08d2-4aa4-8be8-cb1d65838b77","local_time":"20210221225846","is_ascension_mode":false,"campfire_choices":[{"floor":1,"key":"DIG"},{"floor":11,"key":"REST"},{"floor":15,"key":"REST"},{"data":"bronze:Mutator","floor":20,"key":"SMITH"},{"data":"HollowMod:SlysStrikes","floor":37,"key":"SMITH"},{"floor":45,"key":"REST"}],"circlet_count":0,"master_deck":["HollowMod:SlysStrikes+1","bronze:Strike+1","bronze:Strike+1","bronze:Strike+1","bronze:Strike+1","bronze:Defend+1","bronze:Defend+1","bronze:Defend+1","bronze:Replicate","bronze:Goto","bronze:Deprecate","bronze:MaxOutput","bronze:BuggyMess","bronze:FollowUp","bronze:ItsAFeature+1","bronze:FineTuning","bronze:ItsAFeature","bronze:CloningBeam","bronze:Allocate","bronze:BugBarrage","bronze:FineTuning","bronze:FineTuning","Sadistic Nature","Mind Blast","Jack Of All Trades","bronze:Turbo","bronze:BugBarrage","bronze:Backtrace","bronze:Mutator+1","bronze:Branch","infinitespire:Fortify","bronze:Virus","bronze:Frontload+1","downfall:Bewildered","bronze:Return","bronze:BuggyMess+1","bronze:Optimize+1","bronze:FollowUp","bronze:Boost","bronze:Turbo","bronze:ShipIt","bronze:ForceShield+1","infinitespire:DeathsTouch","Replay:SS_hec_1","expansioncontent:AwakenDeath","bronze:Invalidate+1","bronze:Verify","bronze:ClassDefault","bronze:Repair+1","expansioncontent:DashGenerateEvil","bronze:HyperBeam","Injury","bronze:DelayedSlice+1","bronze:DelayedSlice+1","bronze:BuggyMess","bronze:BuggyMess+1"],"relics":["bronze:BronzeCore","HornCleat","ReplayTheSpireMod:CursedCoin","Pet Ghost","hubris:Icosahedron","Orichalcum","hubris:DeckOfHolding","ReplayTheSpireMod:ShopPack","hubris:SphereOfDissonance","hubris:Backtick","Juzu Bracelet","Unceasing Top","SsserpentHead","WingedGreaves","Bottled Lightning","sneckomod:BabySnecko","ReplayTheSpireMod:TigerMarble","hubris:CuriousFeather","reliquary:KinkedSpring","Happy Flower","hubris:EmptyBottle","infinitespire:BottledMercury","infinitespire:Magic Flask","Singing Bowl","infinitespire:Bottled Soul","hubris:Towel"],"acts_visited":["Exordium","TheCity","TheBeyond"],"potions_floor_usage":[16,18,18,25,28,35,35,41,52,52],"damage_taken":[{"damage":0,"enemies":"Cultist","floor":2,"turns":4},{"damage":0,"enemies":"2 Louse","floor":3,"turns":3},{"damage":2,"enemies":"downfall:FleeingMerchant","floor":4,"turns":4},{"damage":28,"enemies":"downfall:Heads","floor":8,"turns":7},{"damage":6,"enemies":"3 Sentries","floor":9,"turns":9},{"damage":10,"enemies":"downfall:FleeingMerchant","floor":10,"turns":4},{"damage":5,"enemies":"Jaw Worm","floor":12,"turns":2},{"damage":5,"enemies":"Replay:BlueRogue","floor":16,"turns":4},{"damage":0,"enemies":"3 Louse","floor":17,"turns":3},{"damage":13,"enemies":"DF_ARCHETYPE_STREAMLINE","floor":18,"turns":7},{"damage":4,"enemies":"downfall:LooterAlt2","floor":21,"turns":4},{"damage":26,"enemies":"Gremlin Leader","floor":25,"turns":6},{"damage":0,"enemies":"3 Byrds","floor":28,"turns":3},{"damage":5,"enemies":"Sentry and Sphere","floor":30,"turns":6},{"damage":6,"enemies":"downfall:FleeingMerchant","floor":32,"turns":4},{"damage":2,"enemies":"Cultist and Chosen","floor":33,"turns":4},{"damage":0,"enemies":"Centurion and Healer","floor":34,"turns":2},{"damage":19,"enemies":"SI_MIRROR_ARCHETYPE","floor":35,"turns":5},{"damage":9,"enemies":"3 Shapes","floor":38,"turns":3},{"damage":0,"enemies":"3 Darklings","floor":41,"turns":4},{"damage":0,"enemies":"downfall:FleeingMerchant","floor":44,"turns":4},{"damage":0,"enemies":"Giant Head","floor":46,"turns":4},{"damage":13,"enemies":"2 Orb Walkers","floor":47,"turns":3},{"damage":0,"enemies":"Transient","floor":51,"turns":5},{"damage":24,"enemies":"IC_BLOCK_ARCHETYPE","floor":52,"turns":5}],"seed_played":"-6860888449729718646","potions_obtained":[{"floor":8,"key":"bronze:BurnAndBuffPotion"},{"floor":9,"key":"Adrenaline Potion"},{"floor":12,"key":"PowerPotion"},{"floor":17,"key":"bronze:FreeFunctionsPotion"},{"floor":21,"key":"sneckomod:MuddlingPotion"},{"floor":25,"key":"Toxic Potion"},{"floor":34,"key":"Swift Potion"},{"floor":38,"key":"Guardian:BlockOnCardUsePotion"},{"floor":51,"key":"SkillPotion"}],"is_trial":false,"path_per_floor":["R_BF","M","M","$","?","?","T","?","E","$","R","M","PTL","PTL","R","E","M","B",null,"R","M","AVR","?","?","E","T","?","M","?","M","?","$","M","M","B",null,"R","M","?","?","M","?","T","$","R","E","?","T","$","?","M","B",null],"character_chosen":"THE_AUTOMATON","items_purchased":["ReplayTheSpireMod:CursedCoin","Pet Ghost","bronze:ItsAFeature","bronze:BugBarrage","ReplayTheSpireMod:ShopPack","bronze:FineTuning","bronze:Optimize+1","ReplayTheSpireMod:TigerMarble","hubris:CuriousFeather","bronze:FollowUp","bronze:ClassDefault","bronze:Repair+1","expansioncontent:DashGenerateEvil","bronze:HyperBeam","hubris:EmptyBottle","bronze:BuggyMess","infinitespire:Bottled Soul"],"campfire_rested":3,"item_purchase_floors":[4,4,4,10,10,10,32,32,32,32,44,44,44,44,44,49,49],"current_hp_per_floor":[70,70,70,68,68,68,68,40,34,24,45,40,40,40,61,56,56,43,70,70,66,66,69,70,44,44,47,47,50,45,48,42,40,40,21,70,70,61,46,44,44,47,47,47,68,70,67,70,70,70,70,46],"gold":104,"neow_bonus":"THREE_CARDS","is_daily":false,"chose_seed":false,"campfire_upgraded":2,"win_rate":0.0,"timestamp":1613969926,"path_taken":["R_BF","M","M","$","?","?","T","?","E","$","R","M","PTL","PTL","R","E","M","BOSS","R","M","AVR","?","?","E","T","?","M","?","M","?","$","M","M","BOSS","R","M","?","?","M","?","T","$","R","E","?","?","$","?","M","BOSS"],"items_purchased_type":["Relic","Relic","Card","Card","Relic","Card","Card","Relic","Relic","Card","Card","Card","Card","Card","Relic","Card","Relic"],"build_version":"2020-12-22","purchased_purges":0,"victory":true,"max_hp_per_floor":[70,70,70,70,70,70,70,70,70,70,70,70,70,70,70,70,70,70,70,70,70,70,70,70,70,70,70,70,70,70,70,70,70,70,70,70,70,70,70,70,70,70,70,70,70,70,70,70,70,70,70,70],"relic_stats":{"SsserpentHead":450,"Happy Flower":[7],"Singing Bowl":0,"counters":[25,109],"Juzu Bracelet":2,"Orichalcum":[150],"obtain_stats":[{"infinitespire:BottledMercury":46,"bronze:BronzeCore":0,"Singing Bowl":48,"Juzu Bracelet":19,"hubris:EmptyBottle":44,"Pet Ghost":4,"SsserpentHead":24,"HornCleat":1,"hubris:Icosahedron":5,"hubris:Backtick":19,"infinitespire:Bottled Soul":49,"hubris:DeckOfHolding":9,"WingedGreaves":25,"hubris:CuriousFeather":32,"Happy Flower":43,"ReplayTheSpireMod:CursedCoin":4,"hubris:SphereOfDissonance":16,"infinitespire:Magic Flask":47,"Orichalcum":7,"hubris:Towel":50,"reliquary:KinkedSpring":36,"sneckomod:BabySnecko":29,"ReplayTheSpireMod:TigerMarble":32,"Bottled Lightning":26,"Unceasing Top":22,"ReplayTheSpireMod:ShopPack":10},{"infinitespire:BottledMercury":22,"bronze:BronzeCore":0,"Singing Bowl":23,"Juzu Bracelet":10,"hubris:EmptyBottle":21,"Pet Ghost":3,"SsserpentHead":11,"HornCleat":0,"hubris:Icosahedron":3,"hubris:Backtick":10,"infinitespire:Bottled Soul":23,"hubris:DeckOfHolding":5,"WingedGreaves":12,"hubris:CuriousFeather":15,"Happy Flower":20,"ReplayTheSpireMod:CursedCoin":3,"hubris:SphereOfDissonance":8,"infinitespire:Magic Flask":23,"Orichalcum":3,"hubris:Towel":23,"reliquary:KinkedSpring":18,"sneckomod:BabySnecko":13,"ReplayTheSpireMod:TigerMarble":15,"Bottled Lightning":12,"Unceasing Top":11,"ReplayTheSpireMod:ShopPack":6},{"infinitespire:BottledMercury":96,"bronze:BronzeCore":0,"Singing Bowl":99,"Juzu Bracelet":47,"hubris:EmptyBottle":92,"Pet Ghost":11,"SsserpentHead":51,"HornCleat":0,"hubris:Icosahedron":11,"hubris:Backtick":47,"infinitespire:Bottled Soul":99,"hubris:DeckOfHolding":27,"WingedGreaves":57,"hubris:CuriousFeather":70,"Happy Flower":88,"ReplayTheSpireMod:CursedCoin":11,"hubris:SphereOfDissonance":37,"infinitespire:Magic Flask":99,"Orichalcum":11,"hubris:Towel":99,"reliquary:KinkedSpring":81,"sneckomod:BabySnecko":60,"ReplayTheSpireMod:TigerMarble":70,"Bottled Lightning":57,"Unceasing Top":51,"ReplayTheSpireMod:ShopPack":31}],"Unceasing Top":[19]},"card_choices":[{"not_picked":["bronze:Allocate","bronze:Turbo"],"picked":"bronze:Deprecate","floor":0},{"not_picked":["bronze:WhirlingStrike","bronze:GetLatest"],"picked":"bronze:MaxOutput","floor":2},{"not_picked":["bronze:NullPointer","bronze:Philosophize"],"picked":"bronze:BuggyMess","floor":3},{"not_picked":["bronze:Iterate","bronze:OilSpill"],"picked":"bronze:FollowUp","floor":4},{"not_picked":["bronze:Optimize","bronze:GetLatest"],"picked":"bronze:ItsAFeature","floor":8},{"not_picked":["bronze:Backtrace","bronze:Frontload"],"picked":"bronze:CloningBeam","floor":9},{"not_picked":["bronze:Backtrace","bronze:Frontload"],"picked":"bronze:Allocate","floor":10},{"not_picked":["ReplayUltimateDefense","Violence"],"picked":"Sadistic Nature","floor":10},{"not_picked":["Deep Breath","ReplayTheSpireMod:Private Reserves"],"picked":"Mind Blast","floor":10},{"not_picked":["Secret Weapon","Poisoned Strike"],"picked":"Jack Of All Trades","floor":10},{"not_picked":["bronze:Deprecate","bronze:DelayedGuard"],"picked":"bronze:Turbo","floor":12},{"not_picked":["bronze:Branch","bronze:ClassDefault"],"picked":"bronze:BugBarrage","floor":16},{"not_picked":["bronze:Turbo","bronze:ItsAFeature"],"picked":"bronze:Backtrace","floor":17},{"not_picked":["bronze:Assembly","bronze:SpaghettiCode"],"picked":"bronze:Mutator","floor":18},{"not_picked":["bronze:Overheat","bronze:Shell"],"picked":"bronze:Branch","floor":21},{"not_picked":["bronze:BuggyMess","bronze:Safeguard"],"picked":"bronze:Virus","floor":25},{"not_picked":["bronze:FineTuning+1","bronze:Safeguard"],"picked":"bronze:Frontload+1","floor":28},{"not_picked":["bronze:Overheat","bronze:ItsAFeature"],"picked":"bronze:Return","floor":30},{"not_picked":["bronze:OilSpill","bronze:Shield"],"picked":"bronze:BuggyMess+1","floor":32},{"not_picked":["bronze:DelayedGuard","bronze:Deprecate"],"picked":"bronze:Boost","floor":33},{"not_picked":["bronze:WhirlingStrike","bronze:BitShift"],"picked":"bronze:Turbo","floor":34},{"not_picked":["bronze:Mutator","bronze:ThunderWave"],"picked":"bronze:ShipIt","floor":35},{"not_picked":["bronze:Shield","bronze:BitShift"],"picked":"bronze:ForceShield+1","floor":38},{"not_picked":["infinitespire:TheBestDefense","infinitespire:Starlight"],"picked":"infinitespire:DeathsTouch","floor":39},{"not_picked":["Replay:SS_forest_2","expansioncontent:GuardianWhirl"],"picked":"Replay:SS_hec_1","floor":40},{"not_picked":["expansioncontent:LastStand","expansioncontent:YouAreMine"],"picked":"expansioncontent:AwakenDeath","floor":40},{"not_picked":["bronze:Flail+1","bronze:ItsAFeature+1"],"picked":"bronze:Invalidate+1","floor":41},{"not_picked":["bronze:Overheat+1","bronze:WhirlingStrike+1"],"picked":"bronze:Verify","floor":44},{"not_picked":["bronze:OilSpill+1","bronze:Overheat+1"],"picked":"bronze:DelayedSlice+1","floor":46},{"not_picked":["bronze:ClassDefault","bronze:Deprecate+1"],"picked":"bronze:DelayedSlice+1","floor":47},{"not_picked":["bronze:WhirlingStrike+1","bronze:HyperBeam"],"picked":"bronze:BuggyMess+1","floor":51}],"player_experience":277348,"relics_obtained":[{"floor":1,"key":"HornCleat"},{"floor":7,"key":"Orichalcum"},{"floor":9,"key":"hubris:DeckOfHolding"},{"floor":16,"key":"hubris:SphereOfDissonance"},{"floor":25,"key":"WingedGreaves"},{"floor":26,"key":"Bottled Lightning"},{"floor":43,"key":"Happy Flower"},{"floor":46,"key":"infinitespire:BottledMercury"},{"floor":47,"key":"infinitespire:Magic Flask"},{"floor":48,"key":"Singing Bowl"}],"event_choices":[{"damage_healed":0,"gold_gain":0,"player_choice":"Trade","damage_taken":0,"relics_obtained":["SsserpentHead"],"max_hp_gain":0,"max_hp_loss":0,"event_name":"FaceTrader","floor":24,"gold_loss":0},{"damage_healed":0,"gold_gain":0,"player_choice":"Fight","damage_taken":0,"max_hp_gain":0,"max_hp_loss":0,"event_name":"Mysterious Sphere","floor":47,"gold_loss":0}],"is_beta":false,"boss_relics":[{"not_picked":["Replay:Ancient Bell","hubris:Stopwatch"],"picked":"hubris:Backtick"},{"not_picked":["hubris:CrackedHourglass","Coffee Dripper"],"picked":"reliquary:KinkedSpring"}],"items_purged_floors":[],"is_endless":false,"potions_floor_spawned":[8,9,12,17,21,25,34,38,51],"ascension_level":0}}