{"host":"bcpymmgxdm3pkqi5","time":1613965378,"event":{"mods":["AchievementEnabler","Aspiration","Astrologer","BaseMod","Better Altar","Better Skull","Better Third Choice","Colored Map","Conspire","Defuse TimeMaze Blight","Dio Mod","Energized Spire","GifTheSpireLib","Gremlin Mod","Halation","Hero for Fun","Hubris","Infinite Spire","Minty Spire (QoL Compilation)","Quick Restart","Random Character Button","Relic Sorter","Replay The Spire","Shop Mod","StSLib","Stuff the Spire","The Animator","The Bladedancer","The Bug Knight","The Exalted","The Forsaken","The Saiyan","TheHeartMod","Yuri Mod"],"gold_per_floor":[119,129,129,129,141,141,180,180,180,180,180,180],"floor_reached":11,"language":"ENG","playtime":529,"items_purged":[],"score":142,"play_id":"70ba5b38-15d0-44e0-a9e6-cc3ccd8dbdd5","local_time":"20210221224258","is_ascension_mode":true,"campfire_choices":[{"data":"animator:Alexander","floor":6,"key":"SMITH"},{"data":"animator:Alexander","floor":8,"key":"SMITH"},{"floor":10,"key":"REST"}],"circlet_count":0,"master_deck":["AscendersBane","animator:Strike_Fate","animator:Defend_Fate","animator:Strike","animator:Strike","animator:Strike","animator:Defend","animator:Defend","animator:Alexander+1","animator:Rider","animator:Entoma+1","animator:Arpeggio","animator:Alexander+1","animator:RinTohsaka"],"relics":["animator:LivingPicture","animator:TheMissingPiece","animator:PurgingStone","aspiration:Nostalgia","Sizzling Blood","infinitespire:Lucky Rock","StuffTheSpire:PointBlank"],"acts_visited":["Exordium"],"potions_floor_usage":[7],"damage_taken":[{"damage":7,"enemies":"Small Slimes","floor":1,"turns":4},{"damage":14,"enemies":"Cultist","floor":2,"turns":5},{"damage":6,"enemies":"2 Louse","floor":5,"turns":2},{"damage":22,"enemies":"3 Sentries","floor":7,"turns":8},{"damage":48,"enemies":"Replay:BlueRogue","floor":11,"turns":7}],"seed_played":"-786056847160043637","potions_obtained":[{"floor":1,"key":"FearPotion"},{"floor":2,"key":"DuplicationPotion"}],"is_trial":false,"path_per_floor":["M","M","?","$","M","R","E","R","T","R","E"],"character_chosen":"THE_ANIMATOR","items_purchased":[],"campfire_rested":1,"item_purchase_floors":[],"current_hp_per_floor":[55,45,45,45,45,45,27,27,27,46,0,0],"gold":180,"neow_bonus":"NOSTALGIA","is_daily":false,"chose_seed":false,"campfire_upgraded":2,"win_rate":0.0,"timestamp":1613965378,"path_taken":["M","M","?","?","M","R","E","R","T","R","E"],"items_purchased_type":[],"build_version":"2020-12-22","purchased_purges":0,"victory":false,"max_hp_per_floor":[64,64,64,64,66,66,66,66,66,66,66,66],"card_choices":[{"not_picked":["animator:Chris","animator:MumenRider","animator:TukaLunaMarceau"],"picked":"SKIP","floor":1},{"not_picked":["animator:Kazuma","animator:Demiurge"],"picked":"animator:Entoma","floor":2},{"not_picked":["animator:Kuribayashi","animator:Demiurge"],"picked":"animator:Alexander","floor":5},{"not_picked":["animator:Illya","animator:ShinjiMatou"],"picked":"animator:RinTohsaka","floor":7}],"player_experience":1366597,"relics_obtained":[{"floor":7,"key":"infinitespire:Lucky Rock"},{"floor":9,"key":"StuffTheSpire:PointBlank"}],"event_choices":[{"damage_healed":0,"gold_gain":0,"cards_transformed":["animator:Defend"],"player_choice":"Transformed","damage_taken":0,"max_hp_gain":0,"max_hp_loss":0,"event_name":"Transmorgrifier","floor":3,"gold_loss":0,"cards_obtained":["animator:Arpeggio"]}],"is_beta":false,"boss_relics":[],"items_purged_floors":[],"is_endless":false,"potions_floor_spawned":[1,2],"killed_by":"Replay:BlueRogue","ascension_level":20}}