{"host":"pzgr3gbl0nac7xxx","time":1613971680,"event":{"mods":["BaseMod","Downfall","Hubris","Infinite Spire","Minty Spire (QoL Compilation)","Replay The Spire","StSLib","The Blue Laboratory","The Necromancer","The Servant 0.9.4"],"gold_per_floor":[109,121,121,121,121,151,151,170,170,170,170,26,51,51,51,51,51],"floor_reached":16,"language":"ENG","playtime":562,"items_purged":["Strike_W"],"score":98,"play_id":"fa65e127-0c08-43e6-959a-0390c6760e7a","local_time":"20210221232800","is_ascension_mode":false,"campfire_choices":[{"data":"Negative_Energy_Burst","floor":7,"key":"SMITH"},{"floor":11,"key":"REST"}],"circlet_count":0,"master_deck":["Strike_W","Strike_W","Strike_W","Defend_W","Defend_W","Defend_W","Defend_W","Negative_Energy_Arrows","Bone_Wall","Shackles_Of_Pain","Death_Coil","Negative_Energy_Burst+1","Bone_Spikes","Summon_Lich","Negative_Energy_Javelin"],"relics":["Vampire_Amulet","Blue Candle","infinitespire:PuzzleCube","hubris:BottledRain","Golden Idol","Iron Hammer","infinitespire:Lucky Rock"],"acts_visited":["Exordium"],"potions_floor_usage":[6,16,16,16],"damage_taken":[{"damage":0,"enemies":"2 Louse","floor":1,"turns":3},{"damage":3,"enemies":"Small Slimes","floor":2,"turns":5},{"damage":23,"enemies":"Gremlin Nob","floor":6,"turns":4},{"damage":4,"enemies":"infinitespire:Voidling","floor":8,"turns":3},{"damage":0,"enemies":"Large Slime","floor":13,"turns":5},{"damage":38,"enemies":"The Guardian","floor":16,"turns":8}],"seed_played":"-9034274131516352225","potions_obtained":[{"floor":5,"key":"Regen Potion"},{"floor":5,"key":"blueLaboratory:ArtificerPotion"},{"floor":5,"key":"DistilledChaos"},{"floor":6,"key":"ColorlessPotion"},{"floor":13,"key":"blueLaboratory:ImpenetrablePotion"}],"is_trial":false,"path_per_floor":["M","M","?","?","?","E","R","M","T","?","R","$","M","T","R","B"],"character_chosen":"NECROMANCER","items_purchased":["Summon_Lich"],"campfire_rested":1,"item_purchase_floors":[12],"current_hp_per_floor":[82,82,77,82,82,61,61,63,63,63,81,81,81,81,56,30,30],"gold":51,"neow_bonus":"TEN_PERCENT_HP_BONUS","is_daily":false,"chose_seed":false,"campfire_upgraded":1,"win_rate":0.0,"timestamp":1613971680,"path_taken":["M","M","?","?","?","E","R","?","T","?","R","$","M","?","R","BOSS"],"items_purchased_type":["Card"],"build_version":"2020-12-22","purchased_purges":1,"victory":false,"max_hp_per_floor":[82,82,82,87,87,87,87,87,87,81,81,81,81,81,81,81,81],"card_choices":[{"not_picked":["Negative_Energy_Shield","Blood_Curse"],"picked":"Shackles_Of_Pain","floor":1},{"not_picked":["Negative_Energy_Javelin","Finger_Of_Death"],"picked":"Death_Coil","floor":2},{"not_picked":["Deaths_Shadow","Slay_Living"],"picked":"Negative_Energy_Burst","floor":6},{"not_picked":["Bone_Prison","Negative_Energy_Sphere"],"picked":"Bone_Spikes","floor":8},{"not_picked":["Shade_Step","Negative_Energy_Sphere"],"picked":"Negative_Energy_Javelin","floor":13}],"player_experience":159138,"relics_obtained":[{"floor":6,"key":"infinitespire:PuzzleCube"},{"floor":9,"key":"hubris:BottledRain"},{"floor":14,"key":"Iron Hammer"}],"event_choices":[{"damage_healed":0,"gold_gain":0,"player_choice":"Donut","damage_taken":0,"max_hp_gain":5,"max_hp_loss":0,"event_name":"Big Fish","floor":4,"gold_loss":0},{"damage_healed":0,"gold_gain":0,"player_choice":"Got Potions","damage_taken":0,"max_hp_gain":0,"max_hp_loss":0,"event_name":"Lab","floor":5,"gold_loss":0},{"damage_healed":0,"gold_gain":0,"player_choice":"Lose Max HP","damage_taken":0,"relics_obtained":["Golden Idol"],"max_hp_gain":0,"max_hp_loss":6,"event_name":"Golden Idol","floor":10,"gold_loss":0},{"damage_healed":0,"gold_gain":0,"player_choice":"Success","damage_taken":25,"relics_obtained":["infinitespire:Lucky Rock"],"max_hp_gain":0,"max_hp_loss":0,"event_name":"Scrap Ooze","floor":15,"gold_loss":0}],"is_beta":false,"boss_relics":[],"items_purged_floors":[12],"is_endless":false,"potions_floor_spawned":[6,13],"killed_by":"The Guardian","ascension_level":0}}