{"host":"qwv9nni2x0umspiu","time":1613962310,"event":{"mods":["BaseMod","Downfall","Minty Spire (QoL Compilation)","Replay The Spire","StSLib","The Hierophant","Wandering Minibosses"],"gold_per_floor":[110,125,9,24,44,44,50,61,130,141,202,217,217,142,142,155,155,164,164,184,84,84,109,109,118,144,154,154,154,154,139,139,176,176,189,11,11,28,28,28,45,95,95,95,95,95,95,102,102,102,102,102],"floor_reached":51,"language":"ENG","playtime":1584,"items_purged":["hierophant:Strike_Hierophant","hierophant:Strike_Hierophant","hierophant:Defend_Hierophant"],"score":2326,"play_id":"bf190d82-979a-486e-bcd5-6310ea3211a9","local_time":"20210221185150","is_ascension_mode":true,"campfire_choices":[{"data":"hierophant:Punish","floor":6.0,"key":"SMITH"},{"data":"hierophant:ChurchCoffers","floor":13.0,"key":"SMITH"},{"data":"hierophant:Alms","floor":15.0,"key":"SMITH"},{"data":"hierophant:Chorus","floor":24,"key":"SMITH"},{"data":"hierophant:Repentance","floor":30,"key":"SMITH"},{"data":"hierophant:Racketeering","floor":32,"key":"SMITH"},{"data":"hierophant:Zeal","floor":40,"key":"SMITH"},{"floor":44,"key":"RECALL"},{"data":"Madness","floor":49,"key":"SMITH"}],"circlet_count":0,"master_deck":["AscendersBane","hierophant:Punish+1","hierophant:Defend_Hierophant","hierophant:ChurchCoffers+1","hierophant:Alms+1","hierophant:Smite","hierophant:Smite","hierophant:Smite","hierophant:Chorus+1","hierophant:Racketeering+1","hierophant:ChurchCoffers+1","hierophant:Glossolalia+1","hierophant:Zeal+1","hierophant:Repentance+1","CurseOfTheBell","hierophant:Upheaval+1","hierophant:HammerAndAnvil+1","Madness","Madness+1"],"relics":["hierophant:PropheticMaskRelic","NeowsBlessing","HornCleat","Bottled Flame","Empty Cage","Juzu Bracelet","Du-Vu Doll","Sundial","Calling Bell","Blue Doll","Meat on the Bone","Gambling Chip","Nunchaku","InkBottle","Vajra"],"acts_visited":["Exordium","TheCity","TheBeyond"],"potions_floor_usage":[27,51],"damage_taken":[{"damage":0.0,"enemies":"Cultist","floor":1.0,"turns":1.0},{"damage":0.0,"enemies":"2 Louse","floor":2.0,"turns":1.0},{"damage":0.0,"enemies":"Jaw Worm","floor":4.0,"turns":1.0},{"damage":19.0,"enemies":"Exordium Thugs","floor":5.0,"turns":4.0},{"damage":20.0,"enemies":"Lagavulin","floor":7.0,"turns":6.0},{"damage":0.0,"enemies":"Exordium Wildlife","floor":8.0,"turns":1.0},{"damage":0.0,"enemies":"2 Fungi Beasts","floor":10.0,"turns":1.0},{"damage":0.0,"enemies":"Lots of Slimes","floor":12.0,"turns":1.0},{"damage":24.0,"enemies":"The Guardian","floor":16.0,"turns":6.0},{"damage":0.0,"enemies":"Chosen","floor":18.0,"turns":2.0},{"damage":0.0,"enemies":"Spheric Guardian","floor":20.0,"turns":1.0},{"damage":4,"enemies":"Replay:Snechameleon","floor":23,"turns":2},{"damage":0,"enemies":"Snecko","floor":25,"turns":2},{"damage":0,"enemies":"Centurion and Healer","floor":27,"turns":1},{"damage":33,"enemies":"Book of Stabbing","floor":31,"turns":3},{"damage":0,"enemies":"Pondfish","floor":33,"turns":3},{"damage":25,"enemies":"3 Darklings","floor":35,"turns":2},{"damage":0,"enemies":"Orb Walker","floor":38,"turns":1},{"damage":0,"enemies":"Nemesis","floor":41,"turns":1},{"damage":0,"enemies":"Sphere and 2 Shapes","floor":48,"turns":1},{"damage":0,"enemies":"Donu and Deca","floor":50,"turns":2},{"damage":68,"enemies":"Awakened One","floor":51,"turns":4}],"seed_played":"2991664936556362819","potions_obtained":[{"floor":1.0,"key":"Block Potion"},{"floor":8.0,"key":"Elixir"},{"floor":10.0,"key":"SpeedPotion"},{"floor":23,"key":"DistilledChaos"},{"floor":33,"key":"sneckomod:MuddlingPotion"},{"floor":41,"key":"Toxic Potion"}],"is_trial":false,"path_per_floor":["M","M","$","M","M","R","E","M","T","M","?","M","R","?","R","B",null,"M","?","M","$","?","E","R","M","T","M","?","T","R","E","R","B",null,"M","$","?","M","?","R","E","?","T","R","$","T","?","M","R","B","B"],"character_chosen":"HIEROPHANT","items_purchased":["hierophant:Smite","hierophant:HammerAndAnvil"],"campfire_rested":0,"item_purchase_floors":[3,36],"current_hp_per_floor":[68,68,68,68,49,49,29,29,29,29,29,29,29,29,29,5,58,58,58,58,58,58,54,54,54,54,54,54,54,54,21,21,21,62,49,49,49,49,49,49,49,49,49,49,49,49,35,47,47,47,0,0],"gold":102,"neow_bonus":"THREE_ENEMY_KILL","is_daily":false,"chose_seed":false,"campfire_upgraded":8,"win_rate":0.0,"timestamp":1613962310,"path_taken":["M","M","$","M","M","R","E","M","T","M","?","M","R","?","R","BOSS","M","?","M","$","?","E","R","M","T","M","?","?","R","E","R","BOSS","M","$","?","M","?","R","E","?","T","R","$","?","?","M","R","BOSS","BOSS"],"items_purchased_type":["Card","Card"],"build_version":"2020-12-22","purchased_purges":3,"victory":false,"max_hp_per_floor":[75,75,75,75,75,75,75,75,75,75,75,75,75,75,75,75,75,75,75,75,75,75,75,75,75,75,75,75,75,75,75,75,75,75,75,75,75,75,75,75,75,75,75,75,75,75,75,75,75,75,75,75],"card_choices":[{"not_picked":["hierophant:RecallFunds","hierophant:CursedGold"],"picked":"hierophant:Alms","floor":1.0},{"not_picked":["hierophant:Alms","hierophant:HolyVerse"],"picked":"hierophant:Smite","floor":2.0},{"not_picked":["hierophant:Glossolalia","hierophant:Smite","hierophant:AuricShield"],"picked":"SKIP","floor":4.0},{"not_picked":["hierophant:Shelter","hierophant:PassingBell"],"picked":"hierophant:Chorus","floor":5.0},{"not_picked":["hierophant:Doubloon","hierophant:Flagellation","hierophant:Smite"],"picked":"SKIP","floor":7.0},{"not_picked":["hierophant:HolyVerse","hierophant:Encroach","hierophant:Martyrdom"],"picked":"SKIP","floor":8.0},{"not_picked":["hierophant:OrnateBuckler","hierophant:Doomsaying"],"picked":"hierophant:Racketeering","floor":10.0},{"not_picked":["hierophant:AuricBeam","hierophant:Doubloon","hierophant:Chorus"],"picked":"SKIP","floor":12.0},{"not_picked":["hierophant:RepressedViolence","hierophant:PassingBell","hierophant:DisplayOfPower"],"picked":"SKIP","floor":18.0},{"not_picked":["hierophant:HolyVerse","hierophant:Shelter","hierophant:Blessing"],"picked":"SKIP","floor":20.0},{"not_picked":["hierophant:Encroach","hierophant:ThreeLashes"],"picked":"hierophant:Glossolalia+1","floor":23},{"not_picked":["hierophant:MorningPrayer","hierophant:CursedGold"],"picked":"hierophant:Zeal","floor":25},{"not_picked":["hierophant:OrnateBuckler","hierophant:LocustPlague"],"picked":"hierophant:Repentance","floor":27},{"not_picked":["hierophant:Endure","hierophant:Sermon","hierophant:ThreeLashes"],"picked":"SKIP","floor":31},{"not_picked":["hierophant:ThreeLashes+1","hierophant:RustyCrate+1"],"picked":"hierophant:Upheaval+1","floor":35},{"not_picked":["hierophant:RustyCrate","hierophant:Prophecy+1","hierophant:PassingBell+1"],"picked":"SKIP","floor":38},{"not_picked":["hierophant:SealAway","hierophant:Batter","hierophant:Blessing"],"picked":"SKIP","floor":41},{"not_picked":["hierophant:RustyCrate","hierophant:Sermon","hierophant:TollTheBells"],"picked":"SKIP","floor":48}],"player_experience":1378596,"relics_obtained":[{"floor":7.0,"key":"HornCleat"},{"floor":9.0,"key":"Bottled Flame"},{"floor":23,"key":"Juzu Bracelet"},{"floor":29,"key":"Du-Vu Doll"},{"floor":31,"key":"Sundial"},{"floor":34,"key":"Blue Doll"},{"floor":34,"key":"Meat on the Bone"},{"floor":34,"key":"Gambling Chip"},{"floor":41,"key":"Nunchaku"},{"floor":43,"key":"InkBottle"},{"floor":46,"key":"Vajra"}],"event_choices":[{"damage_healed":0.0,"max_hp_gain":0.0,"max_hp_loss":0.0,"gold_gain":61.0,"event_name":"Golden Wing","player_choice":"Gained Gold","floor":11.0,"gold_loss":0.0,"damage_taken":0.0},{"cards_removed":["hierophant:Strike_Hierophant"],"damage_healed":0.0,"max_hp_gain":0.0,"max_hp_loss":0.0,"gold_gain":0.0,"event_name":"The Cleric","player_choice":"Card Removal","floor":14.0,"gold_loss":75.0,"damage_taken":0.0},{"damage_healed":0.0,"max_hp_gain":0.0,"max_hp_loss":0.0,"gold_gain":0.0,"event_name":"Duplicator","player_choice":"Copied","floor":22.0,"gold_loss":0.0,"damage_taken":0.0,"cards_obtained":["hierophant:ChurchCoffers"]},{"damage_healed":0,"gold_gain":0,"player_choice":"Ignored","damage_taken":0,"max_hp_gain":0,"max_hp_loss":0,"event_name":"Vampires","floor":28,"gold_loss":0},{"damage_healed":0,"gold_gain":0,"player_choice":"Upgraded","damage_taken":0,"max_hp_gain":0,"max_hp_loss":0,"event_name":"Upgrade Shrine","floor":37,"gold_loss":0,"cards_upgraded":["hierophant:HammerAndAnvil"]},{"cards_removed":["hierophant:Defend_Hierophant"],"damage_healed":0,"gold_gain":0,"player_choice":"Purged","damage_taken":0,"max_hp_gain":0,"max_hp_loss":0,"event_name":"Purifier","floor":39,"gold_loss":0},{"damage_healed":0,"gold_gain":50,"player_choice":"Pray","damage_taken":0,"max_hp_gain":0,"max_hp_loss":0,"event_name":"Golden Shrine","floor":42,"gold_loss":0},{"damage_healed":0,"gold_gain":0,"player_choice":"Embrace Madness","damage_taken":14,"max_hp_gain":0,"max_hp_loss":0,"event_name":"Winding Halls","floor":47,"gold_loss":0,"cards_obtained":["Madness","Madness"]}],"is_beta":false,"boss_relics":[{"not_picked":["bronze:MakeshiftBattery","SlaversCollar"],"picked":"Empty Cage"},{"not_picked":["Runic Dome","Snecko Eye"],"picked":"Calling Bell"}],"items_purged_floors":[3,21,36],"is_endless":false,"potions_floor_spawned":[1,8,10,12,23,33,41],"killed_by":"Awakened One","ascension_level":20}}