{"host":"z42sc0n2dozsmk72","time":1613976864,"event":{"mods":["AchievementEnabler","BaseMod","Colored Map","Curses Come First","Highlight Path","Minty Spire (QoL Compilation)","Permanent Neow","Quick Restart","Relic Stats","Shop Mod","StSLib","egg","slay the spire mod where everything is the same but ironclad has a cowboy hat"],"gold_per_floor":[109,109,184,204,220,220,246,246,273,299,299,299,299],"floor_reached":12,"language":"ENG","playtime":502,"items_purged":[],"score":133,"play_id":"398c1768-83ab-4836-a7b4-5ac2f0e70ec2","local_time":"20210222195424","is_ascension_mode":true,"campfire_choices":[{"data":"Conclude","floor":6,"key":"SMITH"},{"data":"Eruption","floor":8,"key":"SMITH"},{"data":"Vigilance","floor":11,"key":"SMITH"}],"circlet_count":0,"master_deck":["Strike_P","Strike_P","Strike_P","Defend_P","Defend_P","Defend_P","Defend_P","Eruption+1","Vigilance+1","EmptyFist","ThirdEye","Conclude+1","InnerPeace"],"relics":["SacredBark","Art of War","Damaru","Peace Pipe"],"acts_visited":["Exordium"],"potions_floor_usage":[7],"damage_taken":[{"damage":2.0,"enemies":"Cultist","floor":1.0,"turns":3.0},{"damage":4,"enemies":"2 Louse","floor":4,"turns":3},{"damage":1,"enemies":"Small Slimes","floor":5,"turns":5},{"damage":0,"enemies":"Gremlin Nob","floor":7,"turns":2},{"damage":35,"enemies":"Lagavulin","floor":10,"turns":6},{"damage":36,"enemies":"Gremlin Nob","floor":12,"turns":4}],"seed_played":"-2431779362472505289","potions_obtained":[{"floor":4,"key":"AttackPotion"},{"floor":10,"key":"Regen Potion"}],"is_trial":false,"path_per_floor":["M","?","?","M","M","R","E","R","T","E","R","E"],"character_chosen":"WATCHER","items_purchased":[],"campfire_rested":0,"item_purchase_floors":[],"current_hp_per_floor":[70,63,52,48,47,47,47,47,47,12,12,0,0],"gold":299,"neow_bonus":"BOSS_RELIC","is_daily":false,"chose_seed":false,"campfire_upgraded":3,"win_rate":0.0,"timestamp":1613976864,"path_taken":["M","?","?","M","M","R","E","R","T","E","R","E"],"items_purchased_type":[],"build_version":"2020-12-22","purchased_purges":0,"victory":false,"max_hp_per_floor":[72,72,72,72,72,72,72,72,72,72,72,72,72],"relic_stats":{"Peace Pipe":1,"counters":[6,23],"Art of War":[2],"obtain_stats":[{"Peace Pipe":10,"SacredBark":0,"Damaru":9,"Art of War":7,"PureWater":0},{"Peace Pipe":5,"SacredBark":0,"Damaru":4,"Art of War":4,"PureWater":0},{"Peace Pipe":19,"SacredBark":0,"Damaru":13,"Art of War":13,"PureWater":0}]},"card_choices":[{"not_picked":["FlyingSleeves","Sanctity"],"picked":"EmptyFist","floor":1.0},{"not_picked":["Crescendo","FollowUp"],"picked":"ThirdEye","floor":4},{"not_picked":["EmptyMind","WheelKick"],"picked":"Conclude","floor":5},{"not_picked":["PathToVictory","WheelKick","WaveOfTheHand"],"picked":"SKIP","floor":7},{"not_picked":["Indignation","Halt"],"picked":"InnerPeace","floor":10}],"player_experience":990949,"relics_obtained":[{"floor":7,"key":"Art of War"},{"floor":9,"key":"Damaru"},{"floor":10,"key":"Peace Pipe"}],"event_choices":[{"cards_removed":["Strike_P"],"damage_healed":0.0,"max_hp_gain":0.0,"max_hp_loss":0.0,"gold_gain":0.0,"event_name":"Golden Wing","player_choice":"Card Removal","floor":2.0,"gold_loss":0.0,"damage_taken":7.0},{"damage_healed":0.0,"max_hp_gain":0.0,"max_hp_loss":0.0,"gold_gain":75.0,"event_name":"World of Goop","player_choice":"Gather Gold","floor":3.0,"gold_loss":0.0,"damage_taken":11.0}],"is_beta":false,"boss_relics":[],"items_purged_floors":[],"is_endless":false,"potions_floor_spawned":[4,10],"killed_by":"Gremlin Nob","ascension_level":4}}