{"host":"uo6nfpes9byzll3a","time":1613961933,"event":{"mods":["AchievementEnabler","BaseMod","BetterRewards","Colored Map","Downfall","Hermit","Hubris","Infinite Spire","Marisa????????","Minty Spire (QoL Compilation)","Quick Restart","Replay The Spire","StSLib","Td1madao Mod","The Cursed","The Disciple","The Hierophant","The Jungle","The Necromancer","The Runesmith","The Servant 0.9.4"],"gold_per_floor":[118,135,155,180,180,209,209,229,229,263,25,43,60,60,60,163,163,163,163],"floor_reached":18,"language":"ENG","playtime":3398,"items_purged":[],"score":172,"play_id":"ab1fe5f3-4435-4830-b39b-ccad8569b521","local_time":"20210221204533","is_ascension_mode":false,"campfire_choices":[{"data":"Here Defend Chip","floor":7.0,"key":"SMITH"},{"data":"Here Defend Chip+2","floor":15.0,"key":"SMITH"}],"circlet_count":0,"master_deck":["Strike_C","Strike_C","Strike_C","Strike_C","Defend_C+1","Defend_C+1","Defend_C+1","Defend_C+1","Knight Kick","Chip","Here Defend Chip+3","Rupture","Sudden Beat","Preloading","Chip Synthesis","Here Defend Chip","Light Attack+1","Machining","Black Spear","Replay:BasicMightCard","New Defend Magic","Black Execution","Black Warm Hole"],"relics":["Chronometer","Bag of Preparation","infinitespire:Cubic Diamond","Happy Flower","Lantern","Replay:Bottled Eggs","Cursed Key"],"acts_visited":["Exordium","Exordium"],"potions_floor_usage":[],"damage_taken":[{"damage":0.0,"enemies":"Cultist","floor":1.0,"turns":4.0},{"damage":0.0,"enemies":"2 Louse","floor":2.0,"turns":4.0},{"damage":3.0,"enemies":"Jaw Worm","floor":3.0,"turns":3.0},{"damage":31.0,"enemies":"Lagavulin","floor":6.0,"turns":8.0},{"damage":0.0,"enemies":"Large Slime","floor":8.0,"turns":6.0},{"damage":8.0,"enemies":"3 Sentries","floor":10.0,"turns":6.0},{"damage":0.0,"enemies":"Gremlin Gang","floor":12.0,"turns":5.0},{"damage":0.0,"enemies":"Looter","floor":13.0,"turns":3.0},{"damage":2.0,"enemies":"Slime Boss","floor":16.0,"turns":10.0},{"damage":0,"enemies":"theJungle:MUSHROOMGANG","floor":18,"turns":1}],"seed_played":"3206217091841028828","potions_obtained":[{"floor":3.0,"key":"Explosive Potion"},{"floor":13.0,"key":"Strength Potion"},{"floor":16.0,"key":"Venom Potion"}],"is_trial":false,"path_per_floor":["M","M","M","T","?","E","R","M","T","E","$","M","M","?","R","B",null,"M"],"character_chosen":"TD1MADAO_CLASS","items_purchased":["Light Attack+1","Machining","Black Spear","Replay:BasicMightCard"],"campfire_rested":0,"item_purchase_floors":[11,11,11,11],"current_hp_per_floor":[77,77,74,74,74,43,43,43,43,35,35,35,35,35,35,33,77,77,77],"gold":163,"neow_bonus":"TEN_PERCENT_HP_BONUS","is_daily":false,"chose_seed":false,"campfire_upgraded":2,"win_rate":0.0,"timestamp":1613961933,"path_taken":["M","M","M","?","?","E","R","M","T","E","?","M","?","?","R","BOSS","M"],"items_purchased_type":["Card","Card","Card","Card"],"build_version":"2020-12-22","purchased_purges":0,"victory":false,"max_hp_per_floor":[77,77,77,77,77,77,77,77,77,77,77,77,77,77,77,77,77,77,77],"card_choices":[{"not_picked":["Money Cant Rescue","Judgment"],"picked":"Here Defend Chip","floor":1.0},{"not_picked":["Provocative","Black Execution"],"picked":"Rupture","floor":2.0},{"not_picked":["Rupture","Coercion"],"picked":"Sudden Beat","floor":3.0},{"not_picked":["Rupture","Black Hand"],"picked":"Preloading","floor":6.0},{"not_picked":["Resistance","Black Shadow"],"picked":"Chip Synthesis","floor":8.0},{"not_picked":["Provocative","Black Dance"],"picked":"Here Defend Chip","floor":10.0},{"not_picked":["Resistance","Cursed Blade"],"picked":"New Defend Magic","floor":12.0},{"not_picked":["Oblique Hack","Fixing"],"picked":"Black Execution","floor":13.0},{"not_picked":["Optimization","Chip Synthesis"],"picked":"Black Warm Hole","floor":16.0}],"player_experience":205515,"relics_obtained":[{"floor":4.0,"key":"Bag of Preparation"},{"floor":6.0,"key":"Happy Flower"},{"floor":9.0,"key":"Lantern"},{"floor":10.0,"key":"Replay:Bottled Eggs"}],"event_choices":[{"damage_healed":0.0,"max_hp_gain":0.0,"max_hp_loss":0.0,"gold_gain":0.0,"event_name":"Living Wall","player_choice":"Grow","floor":14.0,"gold_loss":0.0,"damage_taken":0.0,"cards_upgraded":["Here Defend Chip"]}],"is_beta":false,"boss_relics":[{"not_picked":["hubris:RunicObelisk","Ectoplasm"],"picked":"Cursed Key"}],"items_purged_floors":[],"is_endless":false,"potions_floor_spawned":[3,13,16],"killed_by":"theJungle:MUSHROOMGANG","ascension_level":0}}