{"host":"oqyakm3e5m4kt4l3","time":1613969223,"event":{"mods":["2.2 Compatiblity","AchievementEnabler","BaseMod","Better Altar","Better Match","Better Note","Better Sensory Stone","Better Skull","Better Third Choice","BetterRewards","Colored Map","Colored Powertips","Minty Spire (QoL Compilation)","Permanent Neow","Quick Restart","Rare Cards Sparkle","Shop Mod","StSLib","Synergy Search"],"gold_per_floor":[114,114,129,129,129,159,159,214,214,229,244,274,274,274,274,383,383,398,413,338,353,353,383,308,308,308,308,56,71,101,116,116,266,266,281,296,296,196,211,211,241,116,116,216,246,261,261,276,276,276],"floor_reached":51,"language":"ENG","playtime":4628,"items_purged":["Berserk","Doppelganger","All For One"],"score":915,"play_id":"95e8410a-0f18-48c9-a372-ef42308f0470","local_time":"20210221234703","daily_mods":["Shiny","Diverse","Binary"],"is_ascension_mode":false,"campfire_choices":[{"data":"Bullet Time","floor":7.0,"key":"SMITH"},{"data":"Adrenaline","floor":13.0,"key":"SMITH"},{"data":"Exhume","floor":15.0,"key":"SMITH"},{"floor":27.0,"key":"REST"},{"data":"Buffer","floor":32,"key":"SMITH"},{"data":"Echo Form","floor":40,"key":"SMITH"},{"data":"Seek","floor":47,"key":"SMITH"},{"data":"Seek","floor":49,"key":"SMITH"}],"circlet_count":0,"master_deck":["Judgement","ConjureBlade","MasterReality","Brilliance","Devotion","Blasphemy","Ragnarok","LessonLearned","Scrawl","Vault","Alpha","Wish","Omniscience","Establishment","SpiritShield","DevaForm","DeusExMachina","Multi-Cast","Hyperbeam","Thunder Strike","Biased Cognition","Machine Learning","Electrodynamics","Buffer+1","Rainbow","Seek+1","Meteor Strike","Echo Form+1","Reboot","Amplify","Creative AI","Fission","Core Surge","Venomology","Corpse Explosion","Malaise","Phantasmal Killer","Die Die Die","Adrenaline+1","Envenom","Burst","Wraith Form v2","Tools of the Trade","Night Terror","Unload","After Image","Bullet Time+1","Storm of Steel","A Thousand Cuts","Double Tap","Demon Form","Bludgeon","Feed","Limit Break","Corruption","Barricade","Fiend Fire","Impervious","Juggernaut","Reaper","Exhume+1","Offering","Immolate","Entrench","Seek+1","Calculated Gamble"],"relics":["Cracked Core","Bottled Tornado","Bag of Preparation","Singing Bowl","CeramicFish","Philosopher\u0027s Stone","Bloody Idol","Pen Nib","Bird Faced Urn","Oddly Smooth Stone","Orichalcum","Busted Crown","Mummified Hand","Ancient Tea Set","Girya"],"acts_visited":["Exordium","TheCity","TheBeyond"],"potions_floor_usage":[29,30,31,33,39,50,50,50],"damage_taken":[{"damage":0.0,"enemies":"2 Louse","floor":1.0,"turns":4.0},{"damage":0.0,"enemies":"Small Slimes","floor":3.0,"turns":2.0},{"damage":6.0,"enemies":"Gremlin Nob","floor":6.0,"turns":3.0},{"damage":7.0,"enemies":"Lagavulin","floor":8.0,"turns":7.0},{"damage":11.0,"enemies":"Jaw Worm","floor":10.0,"turns":2.0},{"damage":6.0,"enemies":"2 Fungi Beasts","floor":11.0,"turns":2.0},{"damage":9.0,"enemies":"3 Sentries","floor":12.0,"turns":2.0},{"damage":0.0,"enemies":"Slime Boss","floor":16.0,"turns":4.0},{"damage":11.0,"enemies":"2 Thieves","floor":18.0,"turns":2.0},{"damage":0.0,"enemies":"Spheric Guardian","floor":19.0,"turns":2.0},{"damage":14.0,"enemies":"Centurion and Healer","floor":21.0,"turns":4.0},{"damage":21.0,"enemies":"Gremlin Leader","floor":23.0,"turns":11.0},{"damage":0.0,"enemies":"Chosen and Byrds","floor":25.0,"turns":1.0},{"damage":24,"enemies":"Snake Plant","floor":29,"turns":2},{"damage":5,"enemies":"Book of Stabbing","floor":30,"turns":5},{"damage":14,"enemies":"Shelled Parasite and Fungi","floor":31,"turns":3},{"damage":20,"enemies":"Automaton","floor":33,"turns":8},{"damage":6,"enemies":"3 Darklings","floor":35,"turns":2},{"damage":6,"enemies":"3 Shapes","floor":36,"turns":4},{"damage":11,"enemies":"Transient","floor":39,"turns":5},{"damage":6,"enemies":"Giant Head","floor":41,"turns":6},{"damage":0,"enemies":"Reptomancer","floor":45,"turns":5},{"damage":0,"enemies":"Sphere and 2 Shapes","floor":46,"turns":4},{"damage":1,"enemies":"3 Darklings","floor":48,"turns":3},{"damage":30,"enemies":"Time Eater","floor":50,"turns":14}],"seed_played":"-9004314451342404475","potions_obtained":[{"floor":6.0,"key":"EntropicBrew"},{"floor":8.0,"key":"Fire Potion"},{"floor":11.0,"key":"Dexterity Potion"},{"floor":19.0,"key":"Explosive Potion"},{"floor":29,"key":"Dexterity Potion"},{"floor":30,"key":"FocusPotion"},{"floor":35,"key":"Weak Potion"},{"floor":39,"key":"EssenceOfSteel"},{"floor":48,"key":"Dexterity Potion"}],"is_trial":false,"path_per_floor":["M","?","M","?","?","E","R","E","T","M","M","E","R","?","R","B",null,"M","M","?","M","?","E","?","M","T","R","$","M","E","M","R","B",null,"M","M","?","$","M","R","E","$","T","?","E","M","R","M","R","B",null],"character_chosen":"DEFECT","items_purchased":["Calculated Gamble","Oddly Smooth Stone"],"campfire_rested":1,"item_purchase_floors":[28,28],"current_hp_per_floor":[75,68,71,71,71,65,65,62,62,53,52,45,45,47,47,47,86,77,79,79,67,21,17,19,19,19,47,52,41,63,65,65,84,104,103,106,102,102,98,98,102,102,102,102,102,105,105,105,105,105],"gold":276,"neow_bonus":"","is_daily":true,"chose_seed":false,"campfire_upgraded":7,"win_rate":0.0,"timestamp":1613969223,"path_taken":["M","?","M","?","?","E","R","E","T","M","?","E","R","?","R","BOSS","M","M","?","M","?","E","?","M","T","R","$","M","E","M","R","BOSS","M","M","?","$","M","R","E","$","T","?","E","?","R","M","R","BOSS"],"items_purchased_type":["Card","Relic"],"build_version":"2020-12-22","purchased_purges":3,"victory":true,"max_hp_per_floor":[75,75,75,75,75,75,75,75,75,77,82,84,84,86,86,86,86,88,90,90,92,92,94,96,96,96,96,96,98,100,102,102,104,104,104,107,102,102,102,102,102,102,102,102,102,105,105,105,105,105],"card_choices":[{"not_picked":["Underhanded Strike","Backflip"],"picked":"SKIP","floor":1.0},{"not_picked":["Masterful Stab","Pommel Strike"],"picked":"SKIP","floor":3.0},{"not_picked":["Poisoned Stab"],"picked":"Entrench","floor":6.0},{"not_picked":["Escape Plan","Flechettes"],"picked":"SKIP","floor":8.0},{"not_picked":["Crippling Poison","Wireheading"],"picked":"Singing Bowl","floor":10.0},{"not_picked":["CutThroughFate","Go for the Eyes"],"picked":"Singing Bowl","floor":11.0},{"not_picked":["Iron Wave","Redo"],"picked":"Singing Bowl","floor":12.0},{"not_picked":["Heel Hook+1","Blood for Blood+1"],"picked":"Singing Bowl","floor":14.0},{"not_picked":["Corruption"],"picked":"Seek","floor":16.0},{"not_picked":["Crescendo","ReachHeaven+1"],"picked":"Singing Bowl","floor":18.0},{"not_picked":["Havoc","PiercingWail+1"],"picked":"Singing Bowl","floor":19.0},{"not_picked":["Streamline","Study"],"picked":"Singing Bowl","floor":21.0},{"not_picked":["Bane","PiercingWail"],"picked":"Singing Bowl","floor":23.0},{"not_picked":["Flame Barrier+1","Dash+1"],"picked":"Singing Bowl","floor":24.0},{"not_picked":["EmptyBody","Bouncing Flask"],"picked":"Singing Bowl","floor":29},{"not_picked":["Flex","Fire Breathing"],"picked":"Singing Bowl","floor":30},{"not_picked":["Thunderclap","White Noise"],"picked":"Singing Bowl","floor":31},{"not_picked":["Berserk","Thunder Strike"],"picked":"Singing Bowl","floor":33}],"player_experience":563185,"relics_obtained":[{"floor":6.0,"key":"Bottled Tornado"},{"floor":8.0,"key":"Bag of Preparation"},{"floor":9.0,"key":"Singing Bowl"},{"floor":12.0,"key":"CeramicFish"},{"floor":23.0,"key":"Pen Nib"},{"floor":26.0,"key":"Bird Faced Urn"},{"floor":30,"key":"Orichalcum"},{"floor":41,"key":"Mummified Hand"},{"floor":43,"key":"Ancient Tea Set"},{"floor":45,"key":"Girya"}],"event_choices":[{"cards_removed":["Brutality"],"damage_healed":0.0,"max_hp_gain":0.0,"max_hp_loss":0.0,"gold_gain":0.0,"event_name":"Golden Wing","player_choice":"Card Removal","floor":2.0,"gold_loss":0.0,"damage_taken":7.0},{"damage_healed":0.0,"max_hp_gain":0.0,"max_hp_loss":0.0,"gold_gain":0.0,"event_name":"betterThird:BetterSerpent","player_choice":"Ignored","floor":4.0,"gold_loss":0.0,"damage_taken":129.0},{"cards_removed":["Glass Knife"],"damage_healed":0.0,"max_hp_gain":0.0,"max_hp_loss":0.0,"gold_gain":0.0,"event_name":"Living Wall","player_choice":"Forget","floor":5.0,"gold_loss":0.0,"damage_taken":0.0},{"damage_healed":0.0,"max_hp_gain":0.0,"max_hp_loss":0.0,"gold_gain":0.0,"event_name":"betterMatch:BetterMatch","player_choice":"2","floor":14.0,"gold_loss":0.0,"damage_taken":0.0,"cards_obtained":["betterMatch:UncommonCard"]},{"cards_removed":["Grand Finale"],"damage_healed":0.0,"max_hp_gain":0.0,"max_hp_loss":0.0,"gold_gain":0.0,"event_name":"Beggar","player_choice":"Gave Gold","floor":20.0,"gold_loss":75.0,"damage_taken":0.0},{"damage_healed":0.0,"max_hp_gain":67.0,"max_hp_loss":21.0,"gold_gain":0.0,"event_name":"betterAltar:BetterAltar","player_choice":" Idol ","floor":22.0,"potions_obtained":[],"relics_lost":[],"gold_loss":0.0,"damage_taken":46.0,"relics_obtained":["Bloody Idol"]},{"damage_healed":0.0,"max_hp_gain":0.0,"max_hp_loss":0.0,"gold_gain":0.0,"event_name":"betterMatch:BetterMatch","player_choice":"2","floor":24.0,"gold_loss":0.0,"damage_taken":0.0,"cards_obtained":["betterMatch:UncommonCard"]},{"damage_healed":0,"gold_gain":0,"player_choice":"Max HP","damage_taken":0,"max_hp_gain":0,"max_hp_loss":5,"event_name":"Winding Halls","floor":37,"gold_loss":0},{"damage_healed":0,"gold_gain":100,"player_choice":"Pray","damage_taken":0,"max_hp_gain":0,"max_hp_loss":0,"event_name":"Golden Shrine","floor":44,"gold_loss":0}],"is_beta":false,"boss_relics":[{"not_picked":["Velvet Choker","SacredBark"],"picked":"Philosopher\u0027s Stone"},{"not_picked":["Sozu","Nuclear Battery"],"picked":"Busted Crown"}],"items_purged_floors":[28,38,42],"is_endless":false,"potions_floor_spawned":[6,8,11,19,25,29,30,35,39,48],"ascension_level":0}}