{"host":"fdygo2eyay5jyda5","time":1613993743,"event":{"mods":["2.2 Compatiblity","AchievementEnabler","BaseMod","Colored Map","Colored Powertips","DeckTracker","Minty Spire (QoL Compilation)","Quick Restart","Random Character Button","Rare Cards Sparkle"],"gold_per_floor":[112,287,257,34,47,79,91,125,148,165,199,209,209,236,236,335,335,355,182,192,205,255,255,285,285,285,303,318,318,42,74,74,171,171,189,208,8,24,24,24],"floor_reached":39,"language":"POL","playtime":5027,"items_purged":["Doubt","Strike_R","Injury","Strike_R"],"score":474,"play_id":"8ac57003-3730-42d1-94be-f8a6046445a6","local_time":"20210222123543","is_ascension_mode":true,"campfire_choices":[{"floor":13.0,"key":"REST"},{"data":"Entrench","floor":15.0,"key":"SMITH"},{"data":"Limit Break","floor":23.0,"key":"SMITH"},{"data":"Armaments","floor":25.0,"key":"SMITH"},{"data":"Seeing Red","floor":29.0,"key":"SMITH"},{"floor":32.0,"key":"REST"}],"circlet_count":0,"master_deck":["Strike_R","Strike_R","Strike_R","Defend_R","Defend_R","Defend_R","Defend_R+1","Bash","Inflame","Clothesline","Ghostly Armor","Armaments+1","Heavy Blade","Iron Wave","Entrench+1","Shrug It Off+1","Warcry","Infernal Blade","Limit Break+1","Cleave","Reckless Charge","Seeing Red+1","Flex","True Grit+1","Body Slam","Metallicize","Shockwave+1","Berserk","Havoc"],"relics":["Burning Blood","Strawberry","Anchor","Ancient Tea Set","Shuriken","Vajra","Cursed Key","War Paint","Question Card","Omamori","Bottled Tornado","Black Star"],"acts_visited":["Exordium","TheCity","TheBeyond"],"potions_floor_usage":[],"damage_taken":[{"damage":7.0,"enemies":"Cultist","floor":1.0,"turns":5.0},{"damage":2.0,"enemies":"Small Slimes","floor":5.0,"turns":3.0},{"damage":14.0,"enemies":"Gremlin Nob","floor":6.0,"turns":4.0},{"damage":0.0,"enemies":"Jaw Worm","floor":7.0,"turns":3.0},{"damage":34.0,"enemies":"3 Sentries","floor":8.0,"turns":10.0},{"damage":0.0,"enemies":"3 Louse","floor":10.0,"turns":4.0},{"damage":44.0,"enemies":"Lagavulin","floor":11.0,"turns":7.0},{"damage":12.0,"enemies":"Exordium Thugs","floor":12.0,"turns":4.0},{"damage":13.0,"enemies":"Gremlin Nob","floor":14.0,"turns":4.0},{"damage":21.0,"enemies":"The Guardian","floor":16.0,"turns":13.0},{"damage":2.0,"enemies":"Shell Parasite","floor":18.0,"turns":5.0},{"damage":4.0,"enemies":"2 Thieves","floor":20.0,"turns":4.0},{"damage":17.0,"enemies":"Centurion and Healer","floor":21.0,"turns":4.0},{"damage":38.0,"enemies":"Gremlin Leader","floor":24.0,"turns":8.0},{"damage":10.0,"enemies":"Cultist and Chosen","floor":27.0,"turns":4.0},{"damage":10.0,"enemies":"Snecko","floor":28.0,"turns":4.0},{"damage":17.0,"enemies":"Slavers","floor":31.0,"turns":6.0},{"damage":52.0,"enemies":"Collector","floor":33.0,"turns":8.0},{"damage":1.0,"enemies":"Orb Walker","floor":35.0,"turns":4.0},{"damage":42.0,"enemies":"3 Darklings","floor":36.0,"turns":4.0},{"damage":33.0,"enemies":"Writhing Mass","floor":38.0,"turns":6.0},{"damage":36,"enemies":"4 Shapes","floor":39,"turns":3}],"seed_played":"-3515692554146149205","potions_obtained":[{"floor":1.0,"key":"SkillPotion"},{"floor":3.0,"key":"Ancient Potion"},{"floor":3.0,"key":"CultistPotion"},{"floor":7.0,"key":"SneckoOil"},{"floor":8.0,"key":"GamblersBrew"},{"floor":14.0,"key":"Weak Potion"},{"floor":16.0,"key":"Regen Potion"},{"floor":20.0,"key":"PowerPotion"},{"floor":21.0,"key":"SpeedPotion"},{"floor":24.0,"key":"FearPotion"},{"floor":28.0,"key":"SkillPotion"},{"floor":33.0,"key":"Weak Potion"},{"floor":35.0,"key":"AttackPotion"},{"floor":36.0,"key":"GamblersBrew"}],"is_trial":false,"path_per_floor":["M","?","?","$","M","E","M","E","T","M","E","M","R","E","R","B",null,"M","$","M","M","?","R","E","R","T","M","M","R","$","E","R","B",null,"M","M","$","M","M"],"character_chosen":"IRONCLAD","items_purchased":["Strawberry","Reckless Charge","Omamori","Fire Potion"],"campfire_rested":2,"item_purchase_floors":[4,19,30,37],"current_hp_per_floor":[79,79,79,86,87,79,85,57,57,63,25,19,45,38,38,23,87,87,87,87,76,76,76,56,56,56,52,48,48,48,37,63,17,87,87,51,51,24,0,0],"gold":24,"neow_bonus":"THREE_CARDS","is_daily":false,"chose_seed":false,"campfire_upgraded":4,"win_rate":0.0,"timestamp":1613993743,"path_taken":["M","?","?","$","M","E","M","E","T","M","E","M","R","E","R","BOSS","M","$","M","M","?","R","E","R","T","M","M","R","?","E","R","BOSS","M","?","$","M","?"],"items_purchased_type":["Relic","Card","Relic","Potion"],"build_version":"2020-12-22","purchased_purges":4,"victory":false,"max_hp_per_floor":[80,80,80,87,87,87,87,87,87,87,87,87,87,87,87,87,87,87,87,87,87,87,87,87,87,87,87,87,87,87,87,87,87,87,87,87,87,87,87,87],"card_choices":[{"not_picked":["Spot Weakness","Havoc"],"picked":"Inflame","floor":0.0},{"not_picked":["Shockwave","Sentinel"],"picked":"Clothesline","floor":1.0},{"not_picked":["Disarm","Clash"],"picked":"Ghostly Armor","floor":5.0},{"not_picked":["Heavy Blade","Shrug It Off"],"picked":"Armaments","floor":6.0},{"not_picked":["Sentinel","Wild Strike"],"picked":"Heavy Blade","floor":7.0},{"not_picked":["True Grit","Blood for Blood"],"picked":"Iron Wave","floor":8.0},{"not_picked":["Sentinel","Seeing Red"],"picked":"Entrench","floor":10.0},{"not_picked":["Burning Pact","Uppercut"],"picked":"Shrug It Off","floor":11.0},{"not_picked":["Sword Boomerang","Twin Strike"],"picked":"Warcry","floor":12.0},{"not_picked":["Evolve","Clash"],"picked":"Infernal Blade","floor":14.0},{"not_picked":["Barricade","Fiend Fire"],"picked":"Limit Break","floor":16.0},{"not_picked":["Pommel Strike","Iron Wave"],"picked":"Cleave","floor":18.0},{"not_picked":["Perfected Strike","Entrench"],"picked":"Seeing Red","floor":20.0},{"not_picked":["Pommel Strike","Perfected Strike+1"],"picked":"Flex","floor":21.0},{"not_picked":["Juggernaut","Sword Boomerang"],"picked":"True Grit+1","floor":24.0},{"not_picked":["Shrug It Off","Headbutt","Searing Blow"],"picked":"Body Slam","floor":27.0},{"not_picked":["Twin Strike+1","Body Slam+1","Entrench"],"picked":"Metallicize","floor":28.0},{"not_picked":["Wild Strike","Pommel Strike+1","Havoc"],"picked":"Shockwave+1","floor":31.0},{"not_picked":["Fiend Fire","Exhume","Demon Form"],"picked":"Berserk","floor":33.0},{"not_picked":["Body Slam","Flex","Pommel Strike","Clothesline+1"],"picked":"SKIP","floor":35.0},{"not_picked":["Sword Boomerang","Sentinel","Body Slam","Warcry+1"],"picked":"SKIP","floor":36.0},{"not_picked":["Perfected Strike","Battle Trance","Pommel Strike+1"],"picked":"Havoc","floor":38.0}],"player_experience":122078,"relics_obtained":[{"floor":6.0,"key":"Anchor"},{"floor":8.0,"key":"Ancient Tea Set"},{"floor":11.0,"key":"Shuriken"},{"floor":14.0,"key":"Vajra"},{"floor":24.0,"key":"War Paint"},{"floor":26.0,"key":"Question Card"},{"floor":31.0,"key":"Bottled Tornado"}],"event_choices":[{"damage_healed":0.0,"max_hp_gain":0.0,"max_hp_loss":0.0,"gold_gain":175.0,"event_name":"Liars Game","player_choice":"AGREE","floor":2.0,"gold_loss":0.0,"damage_taken":0.0,"cards_obtained":["Doubt"]},{"damage_healed":0.0,"max_hp_gain":0.0,"max_hp_loss":0.0,"gold_gain":0.0,"event_name":"The Woman in Blue","player_choice":"Bought 2 Potions","floor":3.0,"gold_loss":0.0,"damage_taken":0.0},{"damage_healed":0.0,"max_hp_gain":0.0,"max_hp_loss":0.0,"gold_gain":100.0,"event_name":"The Joust","player_choice":"Bet on Murderer","floor":22.0,"gold_loss":50.0,"damage_taken":0.0}],"is_beta":false,"boss_relics":[{"not_picked":["Sozu","Runic Dome"],"picked":"Cursed Key"},{"not_picked":["Coffee Dripper","SacredBark"],"picked":"Black Star"}],"items_purged_floors":[4,19,30,37],"is_endless":false,"potions_floor_spawned":[1,7,8,14,16,20,21,24,28,33,35,36],"killed_by":"4 Shapes","ascension_level":1}}