{"host":"67z713vnjolu4670","time":1613987997,"event":{"mods":["Act Like it!","BaseMod","BetterRewards","Colored Map","Colored Powertips","Downfall","Gensokyo","Lobotomy","Minty Spire (QoL Compilation)","Quick Restart","Rare Cards Sparkle","Replay The Spire","StSLib","The Jungle","The Poker Player","[IsaacMod]ÒÔÈö¼âËþ"],"gold_per_floor":[118,118,179,195,251,325,386,386,438,438,69,157,226,311,311,412,412,479,249,272,306,306,343,62,159,238,238,153,164,196,211,211,320,320,337,69,291,309,309,332,49,135,162,215,265,295,315,335,335,341],"floor_reached":51,"language":"ZHS","playtime":7804,"items_purged":["PokerPlayerMod:Spade1","PokerPlayerMod:HeartStrike","PokerPlayerMod:HeartStrike","PokerPlayerMod:Spade2"],"score":1040,"play_id":"e407f7ad-03f3-4e2c-b01c-1da0b9b86c70","local_time":"20210222175957","is_ascension_mode":false,"metric_token":1046,"campfire_choices":[{"data":"PokerPlayerMod:StackedDeck","floor":8,"key":"SMITH"},{"data":"PokerPlayerMod:TrumpStrike","floor":15,"key":"SMITH"},{"floor":27,"key":"REST"},{"data":"PokerPlayerMod:ItsShowtime","floor":32,"key":"SMITH"},{"floor":49,"key":"DIG"}],"circlet_count":0,"master_deck":["PokerPlayerMod:Diamond5","PokerPlayerMod:Diamond3","PokerPlayerMod:Diamond4","PokerPlayerMod:Diamond5","PokerPlayerMod:Spade3","PokerPlayerMod:Spade4","PokerPlayerMod:Club2","PokerPlayerMod:Heart2","PokerPlayerMod:TrumpStrike+1","PokerPlayerMod:BadJoker","PokerPlayerMod:Mulligan+1","PokerPlayerMod:Club9","PokerPlayerMod:Spade10+","PokerPlayerMod:StackedDeck+1","PokerPlayerMod:RiskyBet","PokerPlayerMod:Heart4","PokerPlayerMod:Club8","PokerPlayerMod:ItsShowtime+1","PokerPlayerMod:Club10+","PokerPlayerMod:TheDieIsCast","PokerPlayerMod:DamnStraight","PokerPlayerMod:Diamond8","PokerPlayerMod:Heart10+","PokerPlayerMod:ThinkingTime+1","PokerPlayerMod:Extraction+1","PokerPlayerMod:RoyalStrike","PokerPlayerMod:Club6","PokerPlayerMod:RoyalStrike","PokerPlayerMod:Club6","PokerPlayerMod:Diamond6","PokerPlayerMod:Diamond9","PokerPlayerMod:Diamond9","PokerPlayerMod:Extraction+1"],"relics":["PokerPlayerMod:DeckCase","HushsDoor","SteamSale","Replay:WaspNest","Anchor","PokerPlayerMod:PendantOfEscape","PokerPlayerMod:PenAndEraser","Ring of Fury","ReplayTheSpireMod:Ring of Challenge","Replay:Bandana","Juzu Bracelet","Replay:Mystery Machine","Gensokyo:CelestialsFlawlessClothing","TheBattery","AnarchistCookbook","Question Card","PokerPlayerMod:ClubPass","HowToJump","ReplayTheSpireMod:Ninjato","Replay:Drink Me","Red Mask","PreservedInsect","Frozen Eye","War Paint","Blood Vial","Ornamental Fan","Boot","Matryoshka","Mirror","Eternal Feather","bronze:MakeshiftBattery","Lee\u0027s Waffle","ReplayTheSpireMod:Lightbulb","BlankCard","Medical Kit","Pen Nib","Happy Flower","Orichalcum","Nunchaku","YumHeart","GnawedLeaf","Potion Belt","Simple Rune","Bronze Scales"],"acts_visited":["Gensokyo:Gensokyo","TheCity","TheBeyond"],"potions_floor_usage":[16,16,25,25,50,50,50],"damage_taken":[{"damage":0,"enemies":"Gensokyo:2_Kodama","floor":1,"turns":4},{"damage":0,"enemies":"Gensokyo:3_Fairies","floor":3,"turns":2},{"damage":0,"enemies":"Gensokyo:Gryphon","floor":4,"turns":2},{"damage":1,"enemies":"Gensokyo:3_Kodama","floor":5,"turns":2},{"damage":0,"enemies":"Gensokyo:Aya","floor":6,"turns":2},{"damage":7,"enemies":"Gensokyo:CorruptedTreant","floor":7,"turns":3},{"damage":0,"enemies":"Gensokyo:Cirno","floor":12,"turns":5},{"damage":0,"enemies":"Gensokyo:VengefulSpirit","floor":13,"turns":1},{"damage":0,"enemies":"Gensokyo:Mamizou","floor":14,"turns":5},{"damage":53,"enemies":"Gensokyo:Reimu","floor":16,"turns":10},{"damage":2,"enemies":"Spheric Guardian","floor":18,"turns":3},{"damage":0,"enemies":"3 Byrds","floor":20,"turns":2},{"damage":0,"enemies":"Masked Bandits","floor":21,"turns":2},{"damage":12,"enemies":"Book of Stabbing","floor":23,"turns":4},{"damage":31,"enemies":"Hiden Room Battle","floor":25,"turns":4},{"damage":0,"enemies":"Sentry and Sphere","floor":29,"turns":1},{"damage":0,"enemies":"Gremlin Leader","floor":30,"turns":4},{"damage":0,"enemies":"Snake Plant","floor":31,"turns":1},{"damage":0,"enemies":"Champ","floor":33,"turns":6},{"damage":0,"enemies":"3 Darklings","floor":35,"turns":1},{"damage":0,"enemies":"Orb Walker","floor":38,"turns":2},{"damage":0,"enemies":"3 Darklings","floor":40,"turns":1},{"damage":5,"enemies":"Giant Head","floor":42,"turns":5},{"damage":0,"enemies":"2 Orb Walkers","floor":44,"turns":3},{"damage":0,"enemies":"Hiden Room Battle","floor":45,"turns":2},{"damage":0,"enemies":"Reptomancer","floor":46,"turns":2},{"damage":0,"enemies":"Sphere and 2 Shapes","floor":47,"turns":2},{"damage":0,"enemies":"4 Shapes","floor":48,"turns":2},{"damage":0,"enemies":"Donu and Deca","floor":50,"turns":2}],"seed_played":"-6106792996720343671","potions_obtained":[{"floor":5,"key":"Block Potion"},{"floor":7,"key":"LiquidBronze"},{"floor":14,"key":"FearPotion"},{"floor":18,"key":"Elixir"},{"floor":33,"key":"Milkshake"},{"floor":38,"key":"SpeedPotion"},{"floor":45,"key":"Dexterity Potion"},{"floor":46,"key":"SteroidPotion"},{"floor":47,"key":"champ:CounterPotion"},{"floor":48,"key":"FairyPotion"}],"is_trial":false,"path_per_floor":["M","?","M","M","M","E","M","R","T","?","$","E","M","E","R","B",null,"M","$","M","?","?","E","$","?","T","R","?","M","E","M","R","B",null,"M","$","?","M","?","M","$","E","T","?","?","E","M","M","R_BF","B",null],"character_chosen":"THE_POKER_PLAYER","items_purchased":["PokerPlayerMod:Club9","Replay:WaspNest","Anchor","PokerPlayerMod:PendantOfEscape","PokerPlayerMod:Spade7","PokerPlayerMod:HeartStrike","PokerPlayerMod:HeartStrike","PokerPlayerMod:StackedDeck","PokerPlayerMod:RiskyBet","PokerPlayerMod:PenAndEraser","PowerPotion","Fire Potion","TheBattery","AnarchistCookbook","Question Card","PokerPlayerMod:TheDieIsCast","PokerPlayerMod:DamnStraight","PokerPlayerMod:Diamond8","PokerPlayerMod:Heart10+","BlessingOfTheForge","Frozen Eye","War Paint","Blood Vial","PokerPlayerMod:Club6","Lee\u0027s Waffle","ReplayTheSpireMod:Lightbulb","PokerPlayerMod:Diamond9","BlankCard","Medical Kit"],"campfire_rested":1,"item_purchase_floors":[0,0,0,0,0,0,0,0,0,0,0,0,11,11,11,17,19,19,19,19,24,24,24,36,36,36,41,41,41],"current_hp_per_floor":[38,38,44,47,52,52,49,49,49,36,36,47,47,52,52,6,35,33,33,35,35,35,23,23,1,1,11,11,17,35,35,35,35,35,35,42,42,42,42,42,42,42,42,42,42,42,42,42,42,42],"gold":341,"neow_bonus":"","is_daily":false,"chose_seed":false,"campfire_upgraded":3,"win_rate":0.0,"timestamp":1613987997,"path_taken":["M","?","M","M","?","E","M","R","T","?","?","E","M","E","R","BOSS","M","$","M","?","?","E","$","?","T","R","?","M","E","M","R","BOSS","M","?","?","M","?","M","$","E","T","?","?","E","M","M","R_BF","BOSS"],"items_purchased_type":["Card","Relic","Relic","Relic","Card","Card","Card","Card","Card","Relic","Potion","Potion","Relic","Relic","Relic","Card","Card","Card","Undefined","Potion","Relic","Relic","Relic","Card","Relic","Relic","Card","Relic","Relic"],"build_version":"2020-12-22","purchased_purges":4,"victory":true,"max_hp_per_floor":[52,52,52,52,52,52,52,52,52,52,52,52,52,52,52,52,35,35,35,35,35,35,35,35,35,35,35,35,35,35,35,35,35,35,35,42,42,42,42,42,42,42,42,42,42,42,42,42,42,42],"card_choices":[{"not_picked":["PokerPlayerMod:SecondChance","PokerPlayerMod:PoorCopy"],"picked":"PokerPlayerMod:HotShotCut","floor":1},{"not_picked":["PokerPlayerMod:Diamond1","PokerPlayerMod:Diamond2"],"picked":"PokerPlayerMod:Heart4","floor":3},{"not_picked":["PokerPlayerMod:HotShotCut","PokerPlayerMod:Spade4","PokerPlayerMod:Club1"],"picked":"SKIP","floor":4},{"not_picked":["PokerPlayerMod:Club1","PokerPlayerMod:Spade4","PokerPlayerMod:ClubsClub"],"picked":"SKIP","floor":5},{"not_picked":["PokerPlayerMod:CloakAndDiamond","PokerPlayerMod:CardPrinter"],"picked":"PokerPlayerMod:Club8","floor":6},{"not_picked":["PokerPlayerMod:Diamond2","PokerPlayerMod:HeartStrike","PokerPlayerMod:Diamond4"],"picked":"SKIP","floor":7},{"not_picked":["PokerPlayerMod:VarietyAttack","PokerPlayerMod:Raise","PokerPlayerMod:Diamond5"],"picked":"PokerPlayerMod:ItsShowtime","floor":12},{"not_picked":["PokerPlayerMod:MagicTrick","PokerPlayerMod:Raise","PokerPlayerMod:Club1","PokerPlayerMod:Diamond5"],"picked":"SKIP","floor":13},{"not_picked":["PokerPlayerMod:MagicTrick","PokerPlayerMod:Fold","PokerPlayerMod:Heart4"],"picked":"PokerPlayerMod:Manipulation","floor":14},{"not_picked":["PokerPlayerMod:VarietyAttack","PokerPlayerMod:SecretDealer","PokerPlayerMod:GamblerForm"],"picked":"PokerPlayerMod:Club10+","floor":16},{"not_picked":["PokerPlayerMod:Club4","PokerPlayerMod:Diamond2","PokerPlayerMod:Raise","PokerPlayerMod:Heart4"],"picked":"SKIP","floor":18},{"not_picked":["PokerPlayerMod:Heart2","PokerPlayerMod:Diamond3","PokerPlayerMod:Raise","PokerPlayerMod:Heart3"],"picked":"SKIP","floor":20},{"not_picked":["PokerPlayerMod:Harden","PokerPlayerMod:Spade5","PokerPlayerMod:Diamond5"],"picked":"PokerPlayerMod:Extraction+1","floor":23},{"not_picked":["PokerPlayerMod:DiamondStrike+1","PokerPlayerMod:Club4","PokerPlayerMod:Diamond3","PokerPlayerMod:Spade2"],"picked":"SKIP","floor":29},{"not_picked":["PokerPlayerMod:Raise","PokerPlayerMod:Spade4","PokerPlayerMod:DiamondStrike"],"picked":"PokerPlayerMod:RoyalStrike","floor":30},{"not_picked":["PokerPlayerMod:Spade7","PokerPlayerMod:CloakAndDiamond","PokerPlayerMod:Spade5"],"picked":"PokerPlayerMod:Club6","floor":31},{"not_picked":["PokerPlayerMod:Club9","PokerPlayerMod:Heart8","PokerPlayerMod:Spade9"],"picked":"PokerPlayerMod:RoyalStrike","floor":33},{"not_picked":["PokerPlayerMod:Diamond2","PokerPlayerMod:Spade3","PokerPlayerMod:Trickery","PokerPlayerMod:CardBurn"],"picked":"SKIP","floor":35},{"not_picked":["PokerPlayerMod:Trickery","PokerPlayerMod:DartThrow","PokerPlayerMod:CardPrinter","PokerPlayerMod:Diamond5"],"picked":"SKIP","floor":38},{"not_picked":["PokerPlayerMod:Diamond1","PokerPlayerMod:Diamond4","PokerPlayerMod:SpadeStrike"],"picked":"PokerPlayerMod:Diamond6","floor":40},{"not_picked":["PokerPlayerMod:SpadeStrike","PokerPlayerMod:SecondChance+1","PokerPlayerMod:ClubsClub+1","PokerPlayerMod:Diamond5"],"picked":"SKIP","floor":42},{"not_picked":["PokerPlayerMod:Diamond2","PokerPlayerMod:Club1","PokerPlayerMod:Club3"],"picked":"PokerPlayerMod:Extraction+1","floor":46},{"not_picked":["PokerPlayerMod:Diamond4","PokerPlayerMod:Diamond1","PokerPlayerMod:Diamond2","PokerPlayerMod:Spade5"],"picked":"SKIP","floor":47},{"not_picked":["PokerPlayerMod:Club2","PokerPlayerMod:MagicTrick+1","PokerPlayerMod:SecondChance+1","PokerPlayerMod:SpadeStrike+1"],"picked":"SKIP","floor":48}],"player_experience":11913,"relics_obtained":[{"floor":2,"key":"Ring of Fury"},{"floor":2,"key":"ReplayTheSpireMod:Ring of Challenge"},{"floor":6,"key":"Replay:Bandana"},{"floor":7,"key":"Juzu Bracelet"},{"floor":9,"key":"Replay:Mystery Machine"},{"floor":12,"key":"PokerPlayerMod:ClubPass"},{"floor":14,"key":"HowToJump"},{"floor":14,"key":"ReplayTheSpireMod:Ninjato"},{"floor":21,"key":"Red Mask"},{"floor":23,"key":"PreservedInsect"},{"floor":25,"key":"Ornamental Fan"},{"floor":25,"key":"Boot"},{"floor":26,"key":"Matryoshka"},{"floor":30,"key":"Eternal Feather"},{"floor":42,"key":"Pen Nib"},{"floor":42,"key":"Happy Flower"},{"floor":43,"key":"Orichalcum"},{"floor":43,"key":"Nunchaku"},{"floor":44,"key":"YumHeart"},{"floor":45,"key":"GnawedLeaf"},{"floor":45,"key":"Potion Belt"},{"floor":46,"key":"Simple Rune"},{"floor":49,"key":"Bronze Scales"}],"event_choices":[{"damage_healed":0,"gold_gain":0,"player_choice":"Fought Bandits","damage_taken":0,"max_hp_gain":0,"max_hp_loss":0,"event_name":"Masked Bandits","floor":21,"gold_loss":0},{"damage_healed":0,"gold_gain":0,"player_choice":"Think Hard","damage_taken":0,"max_hp_gain":0,"max_hp_loss":0,"event_name":"PokerPlayerMod:Vampires","floor":22,"gold_loss":0,"cards_obtained":["PokerPlayerMod:ThinkingTime"]},{"damage_healed":0,"gold_gain":0,"player_choice":"Fight","damage_taken":0,"max_hp_gain":0,"max_hp_loss":0,"event_name":"HidenRoomEvent","floor":25,"gold_loss":0},{"damage_healed":0,"gold_gain":0,"player_choice":"Obtained Relic","damage_taken":0,"relics_obtained":["Mirror"],"max_hp_gain":0,"max_hp_loss":0,"event_name":"Addict","floor":28,"gold_loss":85},{"damage_healed":0,"gold_gain":222,"player_choice":"Wore Mask","damage_taken":0,"max_hp_gain":0,"max_hp_loss":0,"event_name":"Tomb of Lord Red Mask","floor":37,"gold_loss":0},{"cards_removed":["PokerPlayerMod:Manipulation"],"damage_healed":0,"gold_gain":0,"player_choice":"Removed Skill","damage_taken":0,"max_hp_gain":0,"max_hp_loss":0,"event_name":"Falling","floor":39,"gold_loss":0},{"damage_healed":0,"gold_gain":0,"player_choice":"Fight","damage_taken":0,"max_hp_gain":0,"max_hp_loss":0,"event_name":"Mysterious Sphere","floor":44,"gold_loss":0},{"damage_healed":0,"gold_gain":0,"player_choice":"Fight","damage_taken":0,"max_hp_gain":0,"max_hp_loss":0,"event_name":"HidenRoomEvent","floor":45,"gold_loss":0}],"is_beta":false,"boss_relics":[{"not_picked":["Replay:Bronze Core","Philosopher\u0027s Stone"],"picked":"Replay:Drink Me"},{"not_picked":[]},{"not_picked":["PokerPlayerMod:AceCard","Sozu"],"picked":"bronze:MakeshiftBattery"},{"not_picked":[]}],"items_purged_floors":[11,19,24,36],"is_endless":false,"potions_floor_spawned":[5,7,12,14,18,23,33,38,45,46,47,48],"ascension_level":0}}