{"host":"rzvepkyh9344fbo1","time":1613986572,"event":{"mods":["AchievementEnabler","Act Like it!","BaseMod","Better Third Choice","Colored Map","Colored Powertips","Curses Come First","Downfall","Evolution","Fox Events","Hermit","Highlight Path","Minty Spire (QoL Compilation)","Replay The Spire","Robot Space Explorer","Shade Mod","Shop Mod","StS++","StSLib","The Cursed","The Marked","The Necromancer"],"gold_per_floor":[0,14,314,361,375,407,407,24,24,50,70,70,84,111,130,228,228,128,145,157,172,172,184,211,14,14,14,49,59,59,59,77,77,77,77],"floor_reached":33,"language":"ENG","playtime":4114,"items_purged":["downfall:Icky"],"score":324,"play_id":"36ffec2c-8d9b-460c-9b4c-a98adf175e9f","local_time":"20210222203612","is_ascension_mode":true,"campfire_choices":[{"data":"bronze:Goto","floor":1,"key":"SMITH"},{"data":"bronze:Allocate","floor":9,"key":"SMITH"},{"floor":12,"key":"REST"},{"data":"bronze:Format","floor":18,"key":"SMITH"},{"data":"bronze:FollowUp","floor":27,"key":"SMITH"},{"data":"Panache","floor":30,"key":"SMITH"}],"circlet_count":0,"master_deck":["bronze:Defend","bronze:Defend","bronze:Defend","bronze:Defend","bronze:Replicate","bronze:Goto+1","bronze:Branch","downfall:Icky","bronze:Allocate+1","bronze:FollowUp+1","bronze:ClassDefault","bronze:Safeguard","bronze:DarkDash","Pot Of Greed","Pot Of Greed","bronze:WhirlingStrike","bronze:CutThrough","bronze:Shell","bronze:Format+1","bronze:Safeguard+1","bronze:BugBarrage","Writhe","bronze:Refactor","Panache+1","Pot Of Greed","bronze:ThunderWave+1","Bite","Bite","Bite","Bite","Bite","bronze:Fortify+1"],"relics":["bronze:BronzeCore","EVO:Axolotl","Replay:Bottled Eggs","Bird Faced Urn","MawBank","Strange Spoon","Grinning Jar","MealTicket","Odd Mushroom","Singing Bowl","Philosopher\u0027s Stone","downfall:HeartBlessingGreen","StSpp:PetrifiedCaterpillar","Blue Doll","Meat on the Bone"],"acts_visited":["Exordium","TheCity"],"potions_floor_usage":[14,14,16,23,23,28,33],"damage_taken":[{"damage":0,"enemies":"Cultist","floor":2,"turns":3},{"damage":7,"enemies":"Small Slimes","floor":5,"turns":5},{"damage":29,"enemies":"Lagavulin","floor":6,"turns":9},{"damage":0,"enemies":"downfall:FleeingMerchant","floor":8,"turns":4},{"damage":13,"enemies":"3 Sentries","floor":10,"turns":8},{"damage":6,"enemies":"The Mushroom Lair","floor":11,"turns":4},{"damage":0,"enemies":"Jaw Worm","floor":13,"turns":4},{"damage":5,"enemies":"Gremlin Nob","floor":14,"turns":6},{"damage":0,"enemies":"2 Fungi Beasts","floor":15,"turns":3},{"damage":22,"enemies":"WA_ARCHETYPE_RETAIN","floor":16,"turns":10},{"damage":6,"enemies":"3 Byrds","floor":19,"turns":5},{"damage":0,"enemies":"Shell Parasite","floor":20,"turns":5},{"damage":49,"enemies":"Chosen and Byrds","floor":21,"turns":9},{"damage":9,"enemies":"Sentry and Sphere","floor":23,"turns":6},{"damage":0,"enemies":"downfall:FleeingMerchant","floor":25,"turns":4},{"damage":24,"enemies":"Book of Stabbing","floor":28,"turns":6},{"damage":2,"enemies":"Snecko","floor":29,"turns":6},{"damage":8,"enemies":"Snake Plant","floor":32,"turns":4},{"damage":54,"enemies":"IC_MUSHROOM_ARCHETYPE","floor":33,"turns":7}],"seed_played":"3593387334962167221","potions_obtained":[{"floor":10,"key":"LifebloodPotion"},{"floor":11,"key":"Block Potion"},{"floor":13,"key":"Dexterity Potion"},{"floor":14,"key":"SteroidPotion"},{"floor":20,"key":"SkillPotion"},{"floor":21,"key":"Block Potion"},{"floor":32,"key":"DuplicationPotion"}],"is_trial":false,"path_per_floor":["R","M","?","?","M","E","T","$","R","E","?","R","M","E","M","B",null,"R","M","M","M","?","M","T","$","?","R","E","M","R","?","M","B"],"character_chosen":"THE_AUTOMATON","items_purchased":["Strange Spoon","Grinning Jar","Panache","bronze:ThunderWave+1"],"campfire_rested":1,"item_purchase_floors":[8,8,25,25],"current_hp_per_floor":[70,70,70,53,46,17,17,19,19,8,4,25,27,22,24,2,72,72,66,68,21,21,14,14,31,31,31,21,39,39,39,41,0,0,0],"gold":77,"neow_bonus":"REMOVE_TWO","is_daily":false,"chose_seed":false,"campfire_upgraded":5,"win_rate":0.0,"timestamp":1613986572,"path_taken":["R","M","?","?","M","E","T","$","R","E","?","R","M","E","M","BOSS","R","M","M","M","?","M","T","$","?","R","E","M","R","?","M","BOSS"],"items_purchased_type":["Relic","Relic","Card","Card"],"build_version":"2020-12-22","purchased_purges":1,"victory":false,"max_hp_per_floor":[70,70,70,70,70,70,70,70,70,70,70,70,70,70,72,72,72,72,72,74,74,74,76,76,76,53,53,55,55,55,55,57,57,57,57],"card_choices":[{"not_picked":["bronze:Shield","bronze:Invalidate"],"picked":"bronze:Branch","floor":2},{"not_picked":["bronze:DelayedSlice","bronze:FineTuning"],"picked":"bronze:Allocate","floor":4},{"not_picked":["bronze:Overload","bronze:Iterate"],"picked":"bronze:FollowUp","floor":4},{"not_picked":["bronze:Turbo","bronze:CutThrough"],"picked":"bronze:ClassDefault","floor":5},{"not_picked":["bronze:ShipIt","bronze:ItsAFeature"],"picked":"bronze:Safeguard","floor":6},{"not_picked":["bronze:Invalidate","bronze:Optimize"],"picked":"bronze:DarkDash","floor":8},{"not_picked":["bronze:Frontload","bronze:MaxOutput"],"picked":"bronze:WhirlingStrike","floor":10},{"not_picked":["bronze:Invalidate","bronze:DelayedGuard"],"picked":"bronze:CutThrough","floor":13},{"not_picked":["bronze:Iterate","bronze:OilSpill"],"picked":"bronze:Shell","floor":14},{"not_picked":["bronze:BitShift","bronze:BuggyMess","bronze:Iterate"],"picked":"Singing Bowl","floor":15},{"not_picked":["bronze:RecursiveStrike","bronze:ThunderWave"],"picked":"bronze:Format","floor":16},{"not_picked":["bronze:Turbo","bronze:BuggyMess"],"picked":"bronze:Safeguard+1","floor":19},{"not_picked":["bronze:Turbo+1","bronze:Branch","bronze:WildBeam"],"picked":"Singing Bowl","floor":20},{"not_picked":["bronze:Deprecate","bronze:WhirlingStrike+1"],"picked":"bronze:BugBarrage","floor":21},{"not_picked":["bronze:Branch","bronze:FineTuning","bronze:Return"],"picked":"Singing Bowl","floor":23},{"not_picked":["bronze:MaxOutput","bronze:HardenedForm"],"picked":"bronze:Refactor","floor":25},{"not_picked":["bronze:CloningBeam+1","bronze:Iterate+1","bronze:ItsAFeature"],"picked":"Singing Bowl","floor":28},{"not_picked":["bronze:MaxOutput","bronze:BuggyMess"],"picked":"bronze:Fortify+1","floor":29},{"not_picked":["bronze:MaxOutput","bronze:BitShift+1","bronze:Philosophize"],"picked":"Singing Bowl","floor":32}],"player_experience":346956,"relics_obtained":[{"floor":4,"key":"Replay:Bottled Eggs"},{"floor":6,"key":"Bird Faced Urn"},{"floor":7,"key":"MawBank"},{"floor":10,"key":"MealTicket"},{"floor":11,"key":"Odd Mushroom"},{"floor":14,"key":"Singing Bowl"},{"floor":24,"key":"Blue Doll"},{"floor":28,"key":"Meat on the Bone"}],"event_choices":[{"damage_healed":0,"gold_gain":0,"player_choice":"Fought Mushrooms","damage_taken":0,"max_hp_gain":0,"max_hp_loss":0,"event_name":"Mushrooms","floor":11,"gold_loss":0},{"damage_healed":0,"gold_gain":0,"player_choice":"Became a vampire","damage_taken":0,"max_hp_gain":0,"max_hp_loss":23,"event_name":"Vampires","floor":26,"gold_loss":0,"cards_obtained":["Bite","Bite","Bite","Bite","Bite"]}],"is_beta":false,"boss_relics":[{"not_picked":["Pandora\u0027s Box","Replay:Bronze Core"],"picked":"Philosopher\u0027s Stone"}],"items_purged_floors":[8],"is_endless":false,"potions_floor_spawned":[10,11,13,14,20,21,32],"killed_by":"IC_MUSHROOM_ARCHETYPE","ascension_level":1}}