{"host":"91blwi3hgehj6ch9","time":1613952422,"event":{"mods":["2.2 Compatiblity","AchievementEnabler","BaseMod","Colored Map","DeckTracker","Keyboard Shortcuts","Minty Spire (QoL Compilation)","Permanent Neow","Relic Stats","StSLib","SuperFastMode","everything is the same but u backflip on backflip"],"gold_per_floor":[113,124,139,64,114,114,132,148,175,193,193,213,173,187,187,187,187],"floor_reached":16,"language":"KOR","playtime":452,"items_purged":[],"score":192,"play_id":"414580e5-2e23-460f-b13f-03732c0c2127","local_time":"20210222090702","is_ascension_mode":true,"campfire_choices":[{"data":"Acrobatics","floor":6,"key":"SMITH"},{"data":"Tactician","floor":11,"key":"SMITH"},{"floor":15,"key":"REST"}],"circlet_count":0,"master_deck":["AscendersBane","Strike_G","Strike_G","Strike_G","Strike_G","Defend_G","Defend_G","Defend_G","Defend_G","Defend_G","Survivor","Neutralize","Grand Finale","Dagger Throw","Blade Dance","Acrobatics+1","Underhanded Strike","Tactician+1","PiercingWail","Prepared","Masterful Stab"],"relics":["Ring of the Snake","Boot"],"acts_visited":["Exordium"],"potions_floor_usage":[12,16],"damage_taken":[{"damage":0.0,"enemies":"2 Louse","floor":1.0,"turns":2.0},{"damage":0.0,"enemies":"Cultist","floor":2.0,"turns":4.0},{"damage":2.0,"enemies":"Jaw Worm","floor":3.0,"turns":3.0},{"damage":5,"enemies":"Exordium Wildlife","floor":7,"turns":6},{"damage":5,"enemies":"Blue Slaver","floor":8,"turns":4},{"damage":14,"enemies":"3 Louse","floor":10,"turns":3},{"damage":12,"enemies":"Exordium Wildlife","floor":12,"turns":4},{"damage":0,"enemies":"Looter","floor":13,"turns":4},{"damage":4,"enemies":"Blue Slaver","floor":14,"turns":4},{"damage":46,"enemies":"Hexaghost","floor":16,"turns":9}],"seed_played":"-3048034740411754433","potions_obtained":[{"floor":2.0,"key":"Regen Potion"},{"floor":7,"key":"Fire Potion"},{"floor":12,"key":"SteroidPotion"}],"is_trial":false,"path_per_floor":["M","M","M","?","?","R","M","M","T","M","R","M","M","M","R","B"],"character_chosen":"THE_SILENT","items_purchased":[],"campfire_rested":1,"item_purchase_floors":[],"current_hp_per_floor":[59,59,57,57,51,51,46,41,41,27,27,15,15,11,30,0,0],"gold":187,"neow_bonus":"ONE_RANDOM_RARE_CARD","is_daily":false,"chose_seed":false,"campfire_upgraded":2,"win_rate":0.0,"timestamp":1613952422,"path_taken":["M","M","M","?","?","R","M","M","T","M","R","M","M","?","R","BOSS"],"items_purchased_type":[],"build_version":"2020-12-22","purchased_purges":0,"victory":false,"max_hp_per_floor":[66,66,66,66,66,66,66,66,66,66,66,66,66,66,66,66,66],"relic_stats":{"counters":[10,43],"Boot":[41],"obtain_stats":[{"Boot":9,"Ring of the Snake":0},{"Boot":5,"Ring of the Snake":0},{"Boot":19,"Ring of the Snake":0}],"Ring of the Snake":[20]},"card_choices":[{"not_picked":["Dodge and Roll","Cloak And Dagger"],"picked":"Dagger Throw","floor":1.0},{"not_picked":["Cloak And Dagger","Blur"],"picked":"Blade Dance","floor":2.0},{"not_picked":["Finisher","Quick Slash"],"picked":"Acrobatics","floor":3.0},{"not_picked":["Sucker Punch","Predator"],"picked":"Underhanded Strike","floor":7},{"not_picked":["Burst","Cloak And Dagger"],"picked":"Tactician","floor":8},{"not_picked":["Deadly Poison","Cloak And Dagger"],"picked":"PiercingWail","floor":10},{"not_picked":["Predator","Heel Hook"],"picked":"Prepared","floor":12},{"not_picked":["Poisoned Stab","Bane","Quick Slash"],"picked":"SKIP","floor":13},{"not_picked":["Blade Dance","Endless Agony"],"picked":"Masterful Stab","floor":14}],"player_experience":301149,"relics_obtained":[{"floor":9,"key":"Boot"}],"event_choices":[{"cards_removed":["Strike_G"],"damage_healed":0.0,"max_hp_gain":0.0,"max_hp_loss":0.0,"gold_gain":0.0,"event_name":"The Cleric","player_choice":"Card Removal","floor":4.0,"gold_loss":75.0,"damage_taken":0.0},{"damage_healed":0,"gold_gain":50,"player_choice":"Touch","damage_taken":6,"max_hp_gain":0,"max_hp_loss":0,"event_name":"FaceTrader","floor":5,"gold_loss":0}],"is_beta":false,"boss_relics":[],"items_purged_floors":[],"is_endless":false,"potions_floor_spawned":[2,7,12,14],"killed_by":"Hexaghost","ascension_level":20}}