{"host":"bux1pdxjwq4dkad9","time":1613978331,"event":{"mods":["Act Like it!","BaseMod","Colored Map","Minty Spire (QoL Compilation)","Quick Restart","Relic Filter Mod","Ring Of Destiny","Spicy Shops","StSLib","SuperFastMode","°æ“≈ŒÔMod°øºÚµ•”Œœ∑"],"gold_per_floor":[115,127,147,163,88,119,119,119,119,119,119,154,173,199,199,297,297,314,120,134,149,166,166,197,197,197,229,245,280,296,296,296,395,395,414,394,153,166,166,201,220,236,236,236,262,262,293,309,309,309,309,309,66,92,92],"floor_reached":56,"language":"ZHS","playtime":1088,"items_purged":["RingOfDestiny:Strike_MB","RingOfDestiny:Strike_MB","RingOfDestiny:Strike_MB"],"score":1562,"play_id":"33525fee-1e29-49fd-9610-344955c5adf6","local_time":"20210222151851","is_ascension_mode":true,"campfire_choices":[{"data":"RingOfDestiny:Enchantment","floor":7,"key":"SMITH"},{"data":"RingOfDestiny:DeathLeakage","floor":11,"key":"SMITH"},{"floor":15,"key":"RECALL"},{"data":"RingOfDestiny:TimingBreath","floor":23,"key":"SMITH"},{"data":"RingOfDestiny:InnerFocus","floor":25,"key":"SMITH"},{"data":"RingOfDestiny:EtchSpirit","floor":32,"key":"SMITH"},{"floor":44,"key":"DIG"},{"data":"Madness","floor":49,"key":"SMITH"},{"floor":52,"key":"RECALL"}],"circlet_count":0,"master_deck":["RingOfDestiny:Defend_MB","RingOfDestiny:DeathLeakage+1","RingOfDestiny:DeathLeakage+1","RingOfDestiny:DarkShield","RingOfDestiny:RestraintRing","RingOfDestiny:InnerFocus+1","RingOfDestiny:Determination+1","RingOfDestiny:Nightmare","RingOfDestiny:Enchantment+1","RingOfDestiny:TimingBreath+1","RingOfDestiny:EtchSpirit+1","RingOfDestiny:NightPendant","Madness","Madness+1","RingOfDestiny:Residual","Panacea"],"relics":["RingOfDestiny:Flintlock","Potion Belt","The Courier","Incense Burner","Kunai","Coffee Dripper","AT_LudenTempest","Medical Kit","Thread and Needle","Molten Egg 2","Shovel","Unceasing Top","Busted Crown","Membership Card","ClockworkSouvenir","CaptainsWheel","Gremlin Horn","Bag of Marbles","Singing Bowl","Pear","Sundial","TheAbacus","InkBottle"],"acts_visited":["Exordium","RingOfDestiny:IdeologyCorridor","RingOfDestiny:KnowledgeHall","RingOfDestiny:WisdomThrone"],"potions_floor_usage":[16],"damage_taken":[{"damage":0.0,"enemies":"Jaw Worm","floor":1.0,"turns":2.0},{"damage":0.0,"enemies":"2 Louse","floor":2.0,"turns":2.0},{"damage":18.0,"enemies":"Large Slime","floor":3.0,"turns":3.0},{"damage":0.0,"enemies":"Looter","floor":4.0,"turns":2.0},{"damage":2,"enemies":"3 Sentries","floor":6,"turns":5},{"damage":12,"enemies":"RingOfDestiny:ExtinctionMoon","floor":12,"turns":4},{"damage":0,"enemies":"2 Fungi Beasts","floor":13,"turns":1},{"damage":0,"enemies":"RingOfDestiny:TalkingChest","floor":14,"turns":1},{"damage":0,"enemies":"The Guardian","floor":16,"turns":2},{"damage":0,"enemies":"Shell Parasite","floor":18,"turns":1},{"damage":0,"enemies":"3 Byrds","floor":20,"turns":1},{"damage":0,"enemies":"Snake Plant","floor":21,"turns":1},{"damage":4,"enemies":"Shelled Parasite and Fungi","floor":22,"turns":2},{"damage":0,"enemies":"Gremlin Leader","floor":24,"turns":1},{"damage":0,"enemies":"Slavers","floor":27,"turns":1},{"damage":0,"enemies":"Cultist and Chosen","floor":28,"turns":1},{"damage":0,"enemies":"Gremlin Leader","floor":29,"turns":1},{"damage":0,"enemies":"Centurion and Healer","floor":30,"turns":1},{"damage":0,"enemies":"Collector","floor":33,"turns":1},{"damage":0,"enemies":"Orb Walker","floor":35,"turns":1},{"damage":0,"enemies":"3 Shapes","floor":38,"turns":1},{"damage":0,"enemies":"Reptomancer","floor":40,"turns":1},{"damage":0,"enemies":"Maw","floor":41,"turns":1},{"damage":0,"enemies":"Sphere and 2 Shapes","floor":42,"turns":1},{"damage":0,"enemies":"Giant Head","floor":45,"turns":1},{"damage":0,"enemies":"Nemesis","floor":47,"turns":1},{"damage":0,"enemies":"4 Shapes","floor":48,"turns":1},{"damage":0,"enemies":"Donu and Deca","floor":50,"turns":1},{"damage":0,"enemies":"RingOfDestiny:Fyra","floor":54,"turns":1},{"damage":0,"enemies":"RingOfDestiny:Rita","floor":55,"turns":5}],"seed_played":"536535073771809525","potions_obtained":[{"floor":1.0,"key":"SkillPotion"},{"floor":6,"key":"Regen Potion"},{"floor":12,"key":"EntropicBrew"},{"floor":13,"key":"Fruit Juice"},{"floor":18,"key":"Strength Potion"},{"floor":22,"key":"GamblersBrew"}],"is_trial":false,"path_per_floor":["M","M","M","M","$","E","R","?","T","?","R","E","M","E","R","B",null,"M","$","M","M","M","R","E","R","T","E","M","E","M","?","R","B",null,"M","?","$","M","?","E","M","M","T","R","E","?","E","M","R","B",null,"R","$","E","B",null],"character_chosen":"MagicBullet","items_purchased":["Medical Kit","Membership Card","ClockworkSouvenir","Sundial","TheAbacus","RingOfDestiny:Residual","Panacea"],"campfire_rested":0,"item_purchase_floors":[19,37,37,53,53,53,53],"current_hp_per_floor":[88,88,70,70,70,68,68,48,48,48,48,36,36,36,36,41,98,98,98,98,98,94,94,94,94,94,94,94,94,94,94,94,94,119,119,119,119,119,119,119,119,119,119,119,121,105,117,119,119,119,135,135,135,137,137],"gold":92,"neow_bonus":"TEN_PERCENT_HP_BONUS","is_daily":false,"chose_seed":false,"campfire_upgraded":6,"win_rate":0.0,"timestamp":1613978331,"path_taken":["M","M","M","M","$","E","R","?","T","?","R","E","M","E","R","BOSS","M","$","M","M","M","R","E","R","T","E","?","E","M","?","R","BOSS","M","?","$","?","?","E","M","?","T","R","E","?","E","M","R","BOSS","R","$","E","BOSS"],"items_purchased_type":["Relic","Relic","Relic","Relic","Relic","Card","Card"],"build_version":"2020-12-22","purchased_purges":3,"victory":true,"max_hp_per_floor":[98,98,98,98,98,98,98,98,98,98,98,98,98,98,98,103,113,113,113,113,113,113,113,113,113,113,113,113,113,113,113,113,113,124,124,124,124,124,124,124,124,124,124,124,126,126,138,140,140,140,140,140,140,142,142],"card_choices":[{"not_picked":["RingOfDestiny:CurtainOfNight","RingOfDestiny:OathOfBlood"],"picked":"RingOfDestiny:Determination","floor":0.0},{"not_picked":["RingOfDestiny:GrowBullet","RingOfDestiny:CurtainOfNight"],"picked":"RingOfDestiny:Nightmare","floor":1.0},{"not_picked":["RingOfDestiny:DeadlyShoot","RingOfDestiny:CovertOperation","RingOfDestiny:DarkShield"],"picked":"SKIP","floor":2.0},{"not_picked":["RingOfDestiny:GrowBullet","RingOfDestiny:PhantasmalAssailants","RingOfDestiny:BlastBullet"],"picked":"SKIP","floor":3.0},{"not_picked":["RingOfDestiny:GrowBullet","RingOfDestiny:BloodyLeakage","RingOfDestiny:LoomingDeath"],"picked":"SKIP","floor":4.0},{"not_picked":["RingOfDestiny:ForgeBullet","RingOfDestiny:DeathTrack"],"picked":"RingOfDestiny:Enchantment","floor":6},{"not_picked":["RingOfDestiny:DeadlyShoot","RingOfDestiny:Enchantment","RingOfDestiny:CurtainOfNight"],"picked":"SKIP","floor":12},{"not_picked":["RingOfDestiny:TestBullet","RingOfDestiny:CovertOperation","RingOfDestiny:OriginBullet"],"picked":"SKIP","floor":13},{"not_picked":["RingOfDestiny:BloodyLeakage","RingOfDestiny:PhantasmalAssailants","RingOfDestiny:GrowBullet"],"picked":"SKIP","floor":14},{"not_picked":["RingOfDestiny:Apoptosis+1","RingOfDestiny:GrowBullet","RingOfDestiny:QuickDraw+1"],"picked":"SKIP","floor":18},{"not_picked":["RingOfDestiny:GrowBullet","RingOfDestiny:BlackLight","RingOfDestiny:EtchPhantom+1"],"picked":"SKIP","floor":20},{"not_picked":["RingOfDestiny:QuickDraw+1","RingOfDestiny:Strafing","RingOfDestiny:Enchantment"],"picked":"SKIP","floor":21},{"not_picked":["RingOfDestiny:SolidEtch","RingOfDestiny:PhantasmalAssailants"],"picked":"RingOfDestiny:TimingBreath","floor":22},{"not_picked":["RingOfDestiny:QuickDraw+1","RingOfDestiny:BlackFuneral","RingOfDestiny:BreakBullet+1"],"picked":"SKIP","floor":24},{"not_picked":["RingOfDestiny:ForgeBullet","RingOfDestiny:Residual","RingOfDestiny:RestraintRing"],"picked":"SKIP","floor":27},{"not_picked":["RingOfDestiny:BulletZero","RingOfDestiny:TestBullet+1","RingOfDestiny:OriginBullet+1"],"picked":"SKIP","floor":28},{"not_picked":["RingOfDestiny:Flash+1","RingOfDestiny:OriginBullet+1"],"picked":"RingOfDestiny:EtchSpirit","floor":29},{"not_picked":["RingOfDestiny:FlowerOfDespair","RingOfDestiny:DoomsdayMark","RingOfDestiny:Potential"],"picked":"SKIP","floor":30},{"not_picked":["RingOfDestiny:QuickDraw"],"picked":"SKIP","floor":35},{"not_picked":["RingOfDestiny:AmmoRain+1"],"picked":"SKIP","floor":38},{"not_picked":["RingOfDestiny:PhantasmalAssailants+1"],"picked":"SKIP","floor":40},{"not_picked":["RingOfDestiny:Nightmare+1"],"picked":"SKIP","floor":41},{"not_picked":["RingOfDestiny:Potential+1"],"picked":"SKIP","floor":42},{"not_picked":["RingOfDestiny:SecretAmmunition+1"],"picked":"Singing Bowl","floor":45},{"not_picked":["RingOfDestiny:Apoptosis+1"],"picked":"Singing Bowl","floor":47},{"not_picked":["RingOfDestiny:Flash+1"],"picked":"Singing Bowl","floor":48},{"not_picked":["RingOfDestiny:SolidEtch"],"picked":"Singing Bowl","floor":54}],"player_experience":2443429,"relics_obtained":[{"floor":6,"key":"Potion Belt"},{"floor":9,"key":"The Courier"},{"floor":12,"key":"Incense Burner"},{"floor":14,"key":"Kunai"},{"floor":24,"key":"Thread and Needle"},{"floor":26,"key":"Molten Egg 2"},{"floor":27,"key":"Shovel"},{"floor":29,"key":"Unceasing Top"},{"floor":40,"key":"Gremlin Horn"},{"floor":44,"key":"Bag of Marbles"},{"floor":45,"key":"Singing Bowl"},{"floor":47,"key":"Pear"},{"floor":54,"key":"InkBottle"}],"event_choices":[{"damage_healed":0,"gold_gain":0,"player_choice":"Entered Light","damage_taken":20,"max_hp_gain":0,"max_hp_loss":0,"event_name":"Shining Light","floor":8,"gold_loss":0,"cards_upgraded":["RingOfDestiny:GrowBullet","RingOfDestiny:Determination"]},{"damage_healed":0,"gold_gain":0,"player_choice":"Forge","damage_taken":0,"max_hp_gain":0,"max_hp_loss":0,"event_name":"Accursed Blacksmith","floor":10,"gold_loss":0,"cards_upgraded":["RingOfDestiny:DeathLeakage"]},{"damage_healed":0,"gold_gain":0,"player_choice":"1 cards matched","damage_taken":0,"max_hp_gain":0,"max_hp_loss":0,"event_name":"Match and Keep!","floor":31,"gold_loss":0,"cards_obtained":["RingOfDestiny:NightPendant"]},{"damage_healed":0,"gold_gain":0,"player_choice":"Bought 1 Potion","damage_taken":0,"max_hp_gain":0,"max_hp_loss":0,"event_name":"The Woman in Blue","floor":36,"gold_loss":0},{"cards_removed":["RingOfDestiny:GrowBullet"],"damage_healed":0,"gold_gain":0,"player_choice":"Gave Card","damage_taken":0,"relics_obtained":["CaptainsWheel"],"max_hp_gain":0,"max_hp_loss":0,"event_name":"WeMeetAgain","floor":39,"gold_loss":0},{"damage_healed":0,"gold_gain":0,"player_choice":"Embrace Madness","damage_taken":16,"max_hp_gain":0,"max_hp_loss":0,"event_name":"Winding Halls","floor":46,"gold_loss":0,"cards_obtained":["Madness","Madness"]}],"is_beta":false,"boss_relics":[{"not_picked":["SlaversCollar","Runic Pyramid"],"picked":"Coffee Dripper"},{"not_picked":["Fusion Hammer","Cursed Key"],"picked":"Busted Crown"}],"items_purged_floors":[5,19,37],"is_endless":false,"potions_floor_spawned":[1,6,12,13,18,22,27,29,41,42,45,48],"ascension_level":8}}