{"host":"y2ptgajoxt8nh64w","time":1613980220,"event":{"mods":["100% Spire Juice","AchievementEnabler","Act Like it!","Arknights","BaseMod","Better Vampires","CapriCore","Colored Map","Colored Powertips","Conspire","DeckTracker","Friendly Minions","Gensokyo","GifTheSpireLib","Hallownest","Highlight Path","Koishi","Marisa（F雨　魔理沙）","Minty Spire (QoL Compilation)","Quick Restart","Rare Cards Sparkle","Reimu（博丽灵梦）","Relic Stats","Remilia（蕾米莉亚）","RumiaBox-露米娅的神秘盒子","Ryuuou龙王","StSLib","The Immortal","The Servant 0.9.4","Waifu the Spire","WarShipGirlsR/战舰少女R mod","Wide Potions","Youmu（魂魄妖梦）","【功能Mod】混沌之环修复补丁","【功能Mod】聪明的最终Boss","【遗物卡牌】REMEMod","老伊莉雅"],"gold_per_floor":[113,113,113,113,35,35,60,84,109,150,150,171,171,171,171],"floor_reached":14,"language":"ZHS","playtime":713,"items_purged":[],"score":138,"play_id":"d302f3ed-b421-40bb-af4b-e268ffdd655a","local_time":"20210222155020","is_ascension_mode":false,"campfire_choices":[{"data":"CasketOfStar","floor":6,"key":"SMITH"},{"floor":11,"key":"REST"}],"circlet_count":0,"master_deck":["Strike_S","Strike_S","Strike_S","Strike_S","Defend_S","Defend_S","Defend_S","Defend_S","KidneyShot","Exchange","Ricochet","CasketOfStar+1","FanOfKnives","FastForward","Ricochet","Revamp","Shame","Rearm","Deny","SilverBlades"],"relics":["Uniform","REME_ComplimentaryCards","Baka","Golden Idol","conspire:InfiniteJournal"],"acts_visited":["Exordium"],"potions_floor_usage":[10,14],"damage_taken":[{"damage":13,"enemies":"Jaw Worm","floor":1,"turns":5},{"damage":10,"enemies":"ats:Genji","floor":7,"turns":3},{"damage":8,"enemies":"2 Louse","floor":8,"turns":2},{"damage":22,"enemies":"Lagavulin","floor":10,"turns":6},{"damage":14,"enemies":"Looter","floor":12,"turns":3},{"damage":21,"enemies":"3 Sentries","floor":14,"turns":2}],"seed_played":"1221842934813339913","potions_obtained":[{"floor":7,"key":"Ancient Potion"},{"floor":12,"key":"BlessingOfTheForge"}],"is_trial":false,"path_per_floor":["M","?","?","?","$","R","M","M","T","E","R","M","?","E"],"character_chosen":"THE_SERVANT","items_purchased":["FanOfKnives"],"campfire_rested":1,"item_purchase_floors":[5],"current_hp_per_floor":[58,58,58,41,41,41,31,23,23,1,31,20,20,0,0],"gold":171,"neow_bonus":"TEN_PERCENT_HP_BONUS","is_daily":false,"chose_seed":false,"campfire_upgraded":1,"win_rate":0.0,"timestamp":1613980220,"path_taken":["M","?","?","?","$","R","?","M","T","E","R","M","?","E"],"items_purchased_type":["Card"],"build_version":"2020-12-22","purchased_purges":0,"victory":false,"max_hp_per_floor":[71,71,71,71,71,71,101,101,101,101,101,104,104,104,104],"relic_stats":{"counters":[6,21],"Golden Idol":22,"obtain_stats":[{"Golden Idol":4,"Uniform":0,"Baka":1,"REME_ComplimentaryCards":0,"conspire:InfiniteJournal":10},{"Golden Idol":1,"Uniform":0,"Baka":1,"REME_ComplimentaryCards":0,"conspire:InfiniteJournal":4},{"Golden Idol":5,"Uniform":0,"Baka":5,"REME_ComplimentaryCards":0,"conspire:InfiniteJournal":16}]},"card_choices":[{"not_picked":["Revamp","Rearm"],"picked":"Ricochet","floor":1},{"not_picked":["Advance","GearUp"],"picked":"FastForward","floor":7},{"not_picked":["DoubleEdge","Revamp"],"picked":"Ricochet","floor":8},{"not_picked":["ShatteredReality","Alleviate"],"picked":"Revamp","floor":10},{"not_picked":["Revamp","Potential"],"picked":"Rearm","floor":12}],"player_experience":6819,"relics_obtained":[{"floor":1,"key":"Baka"},{"floor":10,"key":"conspire:InfiniteJournal"}],"event_choices":[{"damage_healed":0,"gold_gain":0,"player_choice":"Ignored","damage_taken":0,"max_hp_gain":0,"max_hp_loss":0,"event_name":"Liars Game","floor":3,"gold_loss":0},{"damage_healed":0,"gold_gain":0,"player_choice":"Take Damage","damage_taken":17,"relics_obtained":["Golden Idol"],"max_hp_gain":0,"max_hp_loss":0,"event_name":"Golden Idol","floor":4,"gold_loss":0},{"damage_healed":0,"gold_gain":0,"player_choice":"2 cards matched","damage_taken":0,"max_hp_gain":0,"max_hp_loss":0,"event_name":"Match and Keep!","floor":13,"gold_loss":0,"cards_obtained":["Deny","SilverBlades"]}],"is_beta":false,"boss_relics":[],"items_purged_floors":[],"is_endless":false,"potions_floor_spawned":[7,12],"killed_by":"3 Sentries","ascension_level":0}}