{"host":"1vy6j31128f61x2z","time":1613967973,"event":{"mods":["AchievementEnabler","BaseMod","Colored Powertips","Minty Spire (QoL Compilation)","Permanent Neow"],"gold_per_floor":[111,124,135,147,157,157,186,186,233,233,263,279,331,347,347,450,450,463,463,275,287,299,299,332,332,381,381,47,65,65,79,79,177,177,197,53,102,102,115,150,150,167,167,167,202,212,13,25,25,25],"floor_reached":51,"language":"ENG","playtime":2687,"items_purged":["Perfected Strike","Feed+1"],"score":1053,"play_id":"67c091f5-5ebc-4035-9c3c-08d7e62d53ce","local_time":"20210221232613","is_ascension_mode":true,"campfire_choices":[{"data":"Berserk","floor":6.0,"key":"SMITH"},{"data":"Feed","floor":8.0,"key":"SMITH"},{"data":"Disarm","floor":15.0,"key":"SMITH"},{"data":"Dual Wield","floor":23.0,"key":"SMITH"},{"data":"Corruption","floor":25.0,"key":"SMITH"},{"data":"True Grit","floor":27.0,"key":"SMITH"},{"floor":32.0,"key":"REST"},{"data":"Armaments","floor":41.0,"key":"SMITH"},{"data":"Heavy Blade","floor":44.0,"key":"SMITH"},{"data":"Limit Break","floor":49,"key":"SMITH"}],"circlet_count":0,"master_deck":["Bash","Disarm+1","Berserk+1","Shrug It Off","Blood for Blood","Twin Strike","Shockwave","Corruption+1","Offering","Rampage","Rampage","Limit Break+1","Twin Strike","Thunderclap","Infernal Blade","Inflame+1","Disarm","Inflame","Dual Wield+1","Power Through","True Grit+1","Pummel","Battle Trance","Warcry+1","Good Instincts","Armaments+1","Impervious","Intimidate+1","Headbutt","Blood for Blood+1","Evolve","Heavy Blade+1","Heavy Blade+1","Finesse","Shrug It Off","Armaments+1"],"relics":["Burning Blood","Blood Vial","MealTicket","Darkstone Periapt","Pandora\u0027s Box","Smiling Mask","Ancient Tea Set","Membership Card","Mummified Hand","Runic Cube","Brimstone","Potion Belt","CaptainsWheel","FossilizedHelix","Letter Opener","Regal Pillow","Oddly Smooth Stone"],"acts_visited":["Exordium","TheCity","TheBeyond"],"potions_floor_usage":[50,50,50,50],"damage_taken":[{"damage":1.0,"enemies":"Cultist","floor":1.0,"turns":4.0},{"damage":4.0,"enemies":"Jaw Worm","floor":2.0,"turns":5.0},{"damage":3.0,"enemies":"2 Louse","floor":3.0,"turns":3.0},{"damage":23.0,"enemies":"Exordium Wildlife","floor":4.0,"turns":5.0},{"damage":28.0,"enemies":"Exordium Thugs","floor":5.0,"turns":5.0},{"damage":15.0,"enemies":"3 Sentries","floor":7.0,"turns":6.0},{"damage":37.0,"enemies":"Lagavulin","floor":11.0,"turns":7.0},{"damage":1.0,"enemies":"Large Slime","floor":12.0,"turns":6.0},{"damage":13.0,"enemies":"Blue Slaver","floor":14.0,"turns":6.0},{"damage":19.0,"enemies":"Slime Boss","floor":16.0,"turns":9.0},{"damage":27.0,"enemies":"Spheric Guardian","floor":18.0,"turns":4.0},{"damage":20.0,"enemies":"Shell Parasite","floor":21.0,"turns":4.0},{"damage":19.0,"enemies":"Chosen and Byrds","floor":22.0,"turns":5.0},{"damage":33.0,"enemies":"Book of Stabbing","floor":24.0,"turns":5.0},{"damage":18.0,"enemies":"Snake Plant","floor":29.0,"turns":5.0},{"damage":30.0,"enemies":"Sentry and Sphere","floor":31.0,"turns":5.0},{"damage":45.0,"enemies":"Collector","floor":33.0,"turns":7.0},{"damage":18.0,"enemies":"3 Darklings","floor":35.0,"turns":4.0},{"damage":24.0,"enemies":"2 Orb Walkers","floor":37.0,"turns":4.0},{"damage":0.0,"enemies":"Orb Walker","floor":39.0,"turns":3.0},{"damage":7.0,"enemies":"Reptomancer","floor":40.0,"turns":3.0},{"damage":0.0,"enemies":"Spire Growth","floor":42.0,"turns":2.0},{"damage":22.0,"enemies":"Nemesis","floor":45.0,"turns":3.0},{"damage":0.0,"enemies":"Sphere and 2 Shapes","floor":46.0,"turns":4.0},{"damage":13,"enemies":"4 Shapes","floor":48,"turns":2},{"damage":33,"enemies":"Awakened One","floor":50,"turns":4}],"seed_played":"6643282875523994365","potions_obtained":[{"floor":1.0,"key":"EssenceOfSteel"},{"floor":2.0,"key":"ColorlessPotion"},{"floor":4.0,"key":"CultistPotion"},{"floor":14.0,"key":"ColorlessPotion"},{"floor":16.0,"key":"PowerPotion"},{"floor":18.0,"key":"GamblersBrew"},{"floor":21.0,"key":"Energy Potion"},{"floor":39.0,"key":"EssenceOfSteel"},{"floor":40.0,"key":"ElixirPotion"}],"is_trial":false,"path_per_floor":["M","M","M","M","M","R","E","R","T","?","E","M","?","M","R","B",null,"M","?","$","M","M","R","E","R","T","R","$","M","?","M","R","B",null,"M","$","?","?","M","E","R","M","T","R","E","M","$","M","R","B",null],"character_chosen":"IRONCLAD","items_purchased":["Disarm","Inflame","Membership Card","Mummified Hand","Pummel","Battle Trance","Brimstone","Potion Belt","Oddly Smooth Stone","Finesse","Shrug It Off"],"campfire_rested":1,"item_purchase_floors":[20,20,28,28,28,28,36,36,47,47,47],"current_hp_per_floor":[79,80,80,63,43,43,36,36,36,36,11,22,22,21,21,14,76,57,57,72,60,53,53,28,28,28,28,43,37,37,19,51,14,85,75,90,74,74,82,83,83,91,91,91,77,89,104,99,99,74],"gold":25,"neow_bonus":"RANDOM_COMMON_RELIC","is_daily":false,"chose_seed":false,"campfire_upgraded":9,"win_rate":0.0,"timestamp":1613967973,"path_taken":["M","M","M","?","M","R","E","R","T","?","E","?","?","M","R","BOSS","M","?","$","M","M","R","E","R","T","R","$","M","?","M","R","BOSS","M","$","?","?","M","E","R","M","T","R","E","M","$","M","R","BOSS"],"items_purchased_type":["Card","Card","Relic","Relic","Card","Card","Relic","Relic","Relic","Card","Card"],"build_version":"2020-12-22","purchased_purges":2,"victory":true,"max_hp_per_floor":[80,80,80,80,80,80,80,80,80,80,84,88,88,92,92,96,96,96,96,96,96,100,100,100,100,100,100,100,104,104,108,108,108,108,108,108,108,108,108,108,108,108,108,108,108,112,112,112,112,112],"card_choices":[{"not_picked":["Shrug It Off","Perfected Strike"],"picked":"Disarm","floor":1.0},{"not_picked":["Wild Strike","Shrug It Off"],"picked":"Combust","floor":2.0},{"not_picked":["Perfected Strike","Headbutt"],"picked":"Berserk","floor":3.0},{"not_picked":["Heavy Blade","Pummel"],"picked":"Shrug It Off","floor":4.0},{"not_picked":["Sever Soul","Thunderclap"],"picked":"Blood for Blood","floor":5.0},{"not_picked":["Heavy Blade","Havoc"],"picked":"Feed","floor":7.0},{"not_picked":["Brutality","Warcry"],"picked":"Twin Strike","floor":11.0},{"not_picked":["Searing Blow","Infernal Blade","Second Wind"],"picked":"SKIP","floor":12.0},{"not_picked":["Iron Wave","Fire Breathing"],"picked":"Shockwave","floor":14.0},{"not_picked":["Fiend Fire","Impervious"],"picked":"Corruption","floor":16.0},{"not_picked":["Entrench","Armaments"],"picked":"Inflame+1","floor":18.0},{"not_picked":["Battle Trance","Pommel Strike+1"],"picked":"Dual Wield","floor":21.0},{"not_picked":["Anger","Headbutt"],"picked":"Power Through","floor":22.0},{"not_picked":["Sever Soul+1","Dropkick"],"picked":"True Grit","floor":24.0},{"not_picked":["Anger+1","True Grit"],"picked":"Warcry+1","floor":29.0},{"not_picked":["Perfected Strike+1","Headbutt"],"picked":"Armaments","floor":31.0},{"not_picked":["Berserk","Offering"],"picked":"Impervious","floor":33.0},{"not_picked":["Body Slam+1","Iron Wave+1","Reckless Charge+1"],"picked":"SKIP","floor":35.0},{"not_picked":["Flex+1","Perfected Strike+1"],"picked":"Intimidate+1","floor":37.0},{"not_picked":["Entrench+1","Flex+1"],"picked":"Blood for Blood+1","floor":39.0},{"not_picked":["Shockwave","Pommel Strike"],"picked":"Evolve","floor":40.0},{"not_picked":["Headbutt","Perfected Strike+1"],"picked":"Heavy Blade","floor":42.0},{"not_picked":["Headbutt","Thunderclap+1"],"picked":"Heavy Blade+1","floor":45.0},{"not_picked":["Warcry","Combust","Dropkick"],"picked":"SKIP","floor":46.0},{"not_picked":["Infernal Blade","Evolve+1"],"picked":"Armaments+1","floor":48}],"player_experience":112816,"relics_obtained":[{"floor":7.0,"key":"MealTicket"},{"floor":11.0,"key":"Darkstone Periapt"},{"floor":24.0,"key":"Smiling Mask"},{"floor":26.0,"key":"Ancient Tea Set"},{"floor":37.0,"key":"CaptainsWheel"},{"floor":40.0,"key":"FossilizedHelix"},{"floor":43.0,"key":"Letter Opener"},{"floor":45.0,"key":"Regal Pillow"}],"event_choices":[{"cards_removed":["Strike_R"],"damage_healed":0.0,"max_hp_gain":0.0,"max_hp_loss":0.0,"gold_gain":0.0,"event_name":"Purifier","player_choice":"Purged","floor":10.0,"gold_loss":0.0,"damage_taken":0.0},{"damage_healed":0.0,"max_hp_gain":0.0,"max_hp_loss":0.0,"gold_gain":52.0,"event_name":"Golden Wing","player_choice":"Gained Gold","floor":13.0,"gold_loss":0.0,"damage_taken":0.0},{"damage_healed":0.0,"max_hp_gain":0.0,"max_hp_loss":0.0,"gold_gain":0.0,"event_name":"Vampires","player_choice":"Ignored","floor":19.0,"gold_loss":0.0,"damage_taken":0.0},{"damage_healed":0.0,"max_hp_gain":0.0,"max_hp_loss":0.0,"gold_gain":0.0,"event_name":"Match and Keep!","player_choice":"1 cards matched","floor":30.0,"gold_loss":0.0,"damage_taken":0.0,"cards_obtained":["Good Instincts"]},{"damage_healed":0.0,"max_hp_gain":0.0,"max_hp_loss":0.0,"gold_gain":0.0,"event_name":"Mysterious Sphere","player_choice":"Fight","floor":37.0,"gold_loss":0.0,"damage_taken":0.0},{"damage_healed":0.0,"max_hp_gain":0.0,"max_hp_loss":0.0,"gold_gain":0.0,"cards_transformed":["Combust"],"event_name":"Transmorgrifier","player_choice":"Transformed","floor":38.0,"gold_loss":0.0,"damage_taken":0.0,"cards_obtained":["Headbutt"]}],"is_beta":false,"boss_relics":[{"not_picked":["Astrolabe","Busted Crown"],"picked":"Pandora\u0027s Box"},{"not_picked":["Philosopher\u0027s Stone","Empty Cage"],"picked":"Runic Cube"}],"items_purged_floors":[20,47],"is_endless":false,"potions_floor_spawned":[1,2,4,14,16,18,21,22,31,39,40,45],"ascension_level":6}}