{"host":"to2s10i0cynxbiqz","time":1613989294,"event":{"mods":["BaseMod","Colored Powertips","Highlight Path","Minty Spire (QoL Compilation)","Quick Restart","StSLib","slay the spire mod where everything is the same but ironclad has a cowboy hat"],"gold_per_floor":[115,115,115,128,128,128,169,169,244,263,263,287,156,180,180,305,305,305,329,204,220,220,220,240,275,300,26,26,26,26,26,26],"floor_reached":31,"language":"ZHS","playtime":1129,"items_purged":["Strike_P","Strike_P","Defend_P"],"score":290,"play_id":"f567e5db-970f-4797-a551-44b6acde18b3","local_time":"20210222182134","is_ascension_mode":true,"campfire_choices":[{"floor":6.0,"key":"RECALL"},{"data":"Eruption","floor":8.0,"key":"SMITH"},{"data":"Omniscience","floor":15.0,"key":"SMITH"},{"data":"Perseverance","floor":23.0,"key":"SMITH"},{"floor":29,"key":"REST"}],"circlet_count":0,"master_deck":["Strike_P+1","Eruption+1","Vigilance+1","EmptyFist+1","FlurryOfBlows","Omniscience+1","Perseverance+1","FollowUp+1","LessonLearned","DeceiveReality+1","ConjureBlade+1","Establishment+1","Tantrum","Protect+1","WindmillStrike","Alpha"],"relics":["PureWater","NeowsBlessing","Golden Idol","Letter Opener","Shuriken","Omamori","Astrolabe","Nloth\u0027s Gift","Strawberry","Nunchaku","Oddly Smooth Stone","Necronomicon","Toy Ornithopter"],"acts_visited":["TheCity"],"potions_floor_usage":[25],"damage_taken":[{"damage":0.0,"enemies":"Jaw Worm","floor":1.0,"turns":1.0},{"damage":0.0,"enemies":"Small Slimes","floor":4.0,"turns":1.0},{"damage":0.0,"enemies":"Lagavulin","floor":7.0,"turns":1.0},{"damage":0.0,"enemies":"2 Louse","floor":10.0,"turns":2.0},{"damage":3.0,"enemies":"2 Fungi Beasts","floor":14.0,"turns":3.0},{"damage":31.0,"enemies":"Slime Boss","floor":16.0,"turns":6.0},{"damage":0.0,"enemies":"Spheric Guardian","floor":18.0,"turns":3.0},{"damage":3.0,"enemies":"Shell Parasite","floor":19.0,"turns":5.0},{"damage":10.0,"enemies":"3 Cultists","floor":21.0,"turns":4.0},{"damage":8.0,"enemies":"Centurion and Healer","floor":24.0,"turns":4.0},{"damage":4,"enemies":"Gremlin Leader","floor":25,"turns":5},{"damage":16,"enemies":"Shelled Parasite and Fungi","floor":31,"turns":2}],"seed_played":"607482380674615823","potions_obtained":[{"floor":7.0,"key":"CultistPotion"},{"floor":10.0,"key":"Weak Potion"},{"floor":14.0,"key":"FearPotion"},{"floor":16.0,"key":"LiquidMemories"},{"floor":24.0,"key":"DuplicationPotion"}],"is_trial":false,"path_per_floor":["M","?","?","M","?","R","E","R","T","M","?","T","$","M","R","B",null,"M","M","$","M","?","R","M","E","T","$","?","R","?","M"],"character_chosen":"WATCHER","items_purchased":["Perseverance","Tantrum","Oddly Smooth Stone"],"campfire_rested":1,"item_purchase_floors":[13,20,27],"current_hp_per_floor":[72,60,60,60,65,65,65,65,65,65,65,65,65,62,62,31,72,72,69,69,59,59,59,51,54,54,54,38,61,61,45,45],"gold":26,"neow_bonus":"THREE_ENEMY_KILL","is_daily":false,"chose_seed":false,"campfire_upgraded":3,"win_rate":0.0,"timestamp":1613989294,"path_taken":["M","?","?","M","?","R","E","R","T","M","?","?","$","M","R","BOSS","M","M","$","M","?","R","M","E","T","?","?","R","?","?"],"items_purchased_type":["Card","Card","Relic"],"build_version":"2020-12-22","purchased_purges":3,"victory":false,"max_hp_per_floor":[72,72,67,67,72,72,72,72,72,72,72,72,72,72,72,72,72,72,72,72,72,72,72,72,79,79,79,79,79,79,79,79],"card_choices":[{"not_picked":["CarveReality","Vengeance"],"picked":"EmptyFist","floor":1.0},{"not_picked":["CrushJoints","FlyingSleeves"],"picked":"FlurryOfBlows","floor":4.0},{"not_picked":["CutThroughFate","FlyingSleeves","JustLucky"],"picked":"SKIP","floor":7.0},{"not_picked":["CutThroughFate","FlyingSleeves","JustLucky"],"picked":"SKIP","floor":7.0},{"not_picked":["Crescendo","ThirdEye"],"picked":"Omniscience","floor":10.0},{"not_picked":["ThirdEye","BowlingBash"],"picked":"FollowUp","floor":14.0},{"not_picked":["DeusExMachina","Alpha"],"picked":"LessonLearned","floor":16.0},{"not_picked":["EmptyFist","Fasting2","Protect"],"picked":"SKIP","floor":18.0},{"not_picked":["Meditate","Halt","PathToVictory"],"picked":"SKIP","floor":19.0},{"not_picked":["PathToVictory","Protect+1","Weave"],"picked":"SKIP","floor":21.0},{"not_picked":["PathToVictory","Weave"],"picked":"Protect+1","floor":21.0},{"not_picked":["FlurryOfBlows+1","JustLucky+1"],"picked":"WindmillStrike","floor":24.0},{"not_picked":["ConjureBlade","EmptyFist+1"],"picked":"Alpha","floor":25}],"player_experience":177125,"relics_obtained":[{"floor":7.0,"key":"Letter Opener"},{"floor":9.0,"key":"Shuriken"},{"floor":12.0,"key":"Omamori"},{"floor":25,"key":"Strawberry"},{"floor":26,"key":"Nunchaku"},{"floor":28,"key":"Necronomicon"}],"event_choices":[{"damage_healed":0.0,"max_hp_gain":0.0,"max_hp_loss":0.0,"gold_gain":0.0,"event_name":"Scrap Ooze","player_choice":"Success","floor":2.0,"gold_loss":0.0,"damage_taken":12.0,"relics_obtained":["Smiling Mask"]},{"damage_healed":0.0,"max_hp_gain":0.0,"max_hp_loss":5.0,"gold_gain":0.0,"event_name":"Golden Idol","player_choice":"Lose Max HP","floor":3.0,"gold_loss":0.0,"damage_taken":0.0,"relics_obtained":["Golden Idol"]},{"damage_healed":0.0,"max_hp_gain":5.0,"max_hp_loss":0.0,"gold_gain":0.0,"event_name":"Big Fish","player_choice":"Donut","floor":5.0,"gold_loss":0.0,"damage_taken":0.0},{"cards_removed":["Defend_P"],"damage_healed":0.0,"max_hp_gain":0.0,"max_hp_loss":0.0,"gold_gain":0.0,"event_name":"Living Wall","player_choice":"Forget","floor":11.0,"gold_loss":0.0,"damage_taken":0.0},{"damage_healed":0.0,"max_hp_gain":0.0,"max_hp_loss":0.0,"gold_gain":0.0,"event_name":"N\u0027loth","player_choice":"Traded Relic","floor":22.0,"relics_lost":["Smiling Mask"],"gold_loss":0.0,"damage_taken":0.0,"relics_obtained":["Nloth\u0027s Gift"]},{"damage_healed":0,"gold_gain":0,"player_choice":"Obtained Book","damage_taken":16,"max_hp_gain":0,"max_hp_loss":0,"event_name":"Cursed Tome","floor":28,"gold_loss":0},{"damage_healed":0,"gold_gain":0,"player_choice":"Opened","damage_taken":0,"relics_obtained":["Toy Ornithopter"],"max_hp_gain":0,"max_hp_loss":0,"event_name":"The Mausoleum","floor":30,"gold_loss":0,"cards_obtained":["Writhe"]}],"is_beta":false,"boss_relics":[{"not_picked":["Ectoplasm","Philosopher\u0027s Stone"],"picked":"Astrolabe"}],"items_purged_floors":[13,20,27],"is_endless":false,"potions_floor_spawned":[7,10,14,16,18,24],"killed_by":"Shelled Parasite and Fungi","ascension_level":1}}