{"host":"kmq7aw60w430zvtx","time":1613996832,"event":{"mods":["Aspiration","BaseMod","Downfall","GifTheSpireLib","Hermit","Hubris","Infinite Spire","Minty Spire (QoL Compilation)","Reliquary","Replay The Spire","Spire Arcade","StSLib","The Construct","The Cursed","The Hierophant","The Jungle","The Necromancer","The Runesmith"],"gold_per_floor":[117,33,49,1,40,40,59,59,106,106,139,139,139,156,156,156,156],"floor_reached":16,"language":"ENG","playtime":744,"items_purged":[],"score":147,"play_id":"637cf29f-b8c1-4073-915f-a29e5626a61d","local_time":"20210222132712","is_ascension_mode":true,"campfire_choices":[{"floor":6,"key":"REST"},{"floor":8,"key":"REST"},{"floor":13,"key":"RECALL"},{"floor":15,"key":"REST"}],"circlet_count":0,"master_deck":["AscendersBane","Strike_G","Strike_G","Strike_G","Strike_G","Strike_G","Defend_G","Defend_G","Defend_G","Defend_G","Defend_G","Survivor","Neutralize","Deflect","Finesse","Prepared","Dodge and Roll","ReplayTheSpireMod:The Works","Quick Slash","Endless Agony","Pot Of Greed","Pot Of Greed","Tactician","Underhanded Strike"],"relics":["Ring of the Snake","Calipers","reliquary:SilkGlove","Grinning Jar","hubris:CrystalStatue"],"acts_visited":["Exordium"],"potions_floor_usage":[11,11,16],"damage_taken":[{"damage":3,"enemies":"Jaw Worm","floor":1,"turns":6},{"damage":7,"enemies":"Small Slimes","floor":3,"turns":6},{"damage":0,"enemies":"Cultist","floor":7,"turns":4},{"damage":37,"enemies":"Lagavulin","floor":11,"turns":8},{"damage":0,"enemies":"2 Fungi Beasts","floor":14,"turns":5},{"damage":105,"enemies":"The Guardian","floor":16,"turns":19}],"seed_played":"-3464012778175498880","potions_obtained":[{"floor":3,"key":"FearPotion"},{"floor":5,"key":"FairyPotion"},{"floor":7,"key":"BlessingOfTheForge"},{"floor":11,"key":"LiquidMemories"}],"is_trial":false,"path_per_floor":["M","$","M","$","?","R","M","R","T","?","E","?","R","M","R","B"],"character_chosen":"THE_SILENT","items_purchased":["Finesse","Dodge and Roll"],"campfire_rested":3,"item_purchase_floors":[2,4],"current_hp_per_floor":[42,42,35,35,7,28,28,49,49,70,33,33,33,33,54,0,0],"gold":156,"neow_bonus":"ONE_RARE_RELIC","is_daily":false,"chose_seed":false,"campfire_upgraded":0,"win_rate":0.0,"timestamp":1613996832,"path_taken":["M","$","M","$","?","R","M","R","T","?","E","?","R","M","R","BOSS"],"items_purchased_type":["Card","Card"],"build_version":"2020-12-22","purchased_purges":0,"victory":false,"max_hp_per_floor":[70,70,70,70,70,70,70,70,70,70,70,70,70,70,70,70,70],"card_choices":[{"not_picked":["Replay:Poison Smokescreen","hubris:SlightOfHand"],"picked":"Deflect","floor":1},{"not_picked":["Bane","Sneak Up"],"picked":"Prepared","floor":3},{"not_picked":["Deflect","Acrobatics"],"picked":"ReplayTheSpireMod:The Works","floor":5},{"not_picked":["Poisoned Stab","Deflect"],"picked":"Quick Slash","floor":5},{"not_picked":["Infinite Blades","Bane"],"picked":"Endless Agony","floor":7},{"not_picked":["Slice","A Thousand Cuts"],"picked":"Tactician","floor":11},{"not_picked":["All Out Attack","ReplayTheSpireMod:Scrap Shanks"],"picked":"Underhanded Strike","floor":14}],"player_experience":407171,"relics_obtained":[{"floor":5,"key":"reliquary:SilkGlove"},{"floor":9,"key":"Grinning Jar"},{"floor":11,"key":"hubris:CrystalStatue"}],"event_choices":[{"damage_healed":23,"gold_gain":0,"player_choice":"Banana","damage_taken":0,"max_hp_gain":0,"max_hp_loss":0,"event_name":"Big Fish","floor":10,"gold_loss":0}],"is_beta":false,"boss_relics":[],"items_purged_floors":[],"is_endless":false,"potions_floor_spawned":[3,7,11],"killed_by":"The Guardian","ascension_level":10}}