{"host":"w7dhjqgqsib0c3vt","time":1613997178,"event":{"mods":["BaseMod","Minty Spire (QoL Compilation)","Replay The Spire","Shop Mod","Spicy Shops","StSLib"],"gold_per_floor":[112,125,200,200,38,38,73,91,117,117,131,131,131,131,131,142,142,142,142],"floor_reached":18,"language":"ZHS","playtime":492,"items_purged":[],"score":257,"play_id":"8fed8d46-0f24-4650-b321-3137c5a2d087","local_time":"20210222203258","is_ascension_mode":true,"campfire_choices":[{"floor":6,"key":"REST"},{"data":"Slice","floor":10,"key":"SMITH"},{"data":"Corpse Explosion","floor":14,"key":"SMITH"}],"circlet_count":0,"master_deck":["AscendersBane","Strike_G","Strike_G","Strike_G","Strike_G","Strike_G","Defend_G","Defend_G","Defend_G","Defend_G","Defend_G+1","Survivor","Neutralize","Deadly Poison","Hidden Blade","Regret","Outmaneuver","Slice+1","Corpse Explosion+1","Slice"],"relics":["Ring of the Snake","NeowsBlessing","Vajra","Blood Vial","HornCleat","Potion Belt"],"acts_visited":["Exordium"],"potions_floor_usage":[11,18,18,18],"damage_taken":[{"damage":0,"enemies":"2 Louse","floor":1,"turns":1},{"damage":0,"enemies":"Jaw Worm","floor":2,"turns":1},{"damage":0,"enemies":"Gremlin Nob","floor":7,"turns":1},{"damage":0,"enemies":"Small Slimes","floor":8,"turns":3},{"damage":0,"enemies":"Blue Slaver","floor":11,"turns":3},{"damage":0,"enemies":"3 Louse","floor":16,"turns":1},{"damage":56,"enemies":"Slime Boss","floor":18,"turns":8}],"seed_played":"3921237956872199251","potions_obtained":[{"floor":1,"key":"ColorlessPotion"},{"floor":8,"key":"Swift Potion"},{"floor":16,"key":"BlessingOfTheForge"},{"floor":17,"key":"SmokeBomb"},{"floor":17,"key":"Reflective Coating"}],"is_trial":false,"path_per_floor":["M","M","?","?","$","R","E","M","T","R","M","PTL","PTL","R","?","M","R","B"],"character_chosen":"THE_SILENT","items_purchased":["Blood Vial"],"campfire_rested":1,"item_purchase_floors":[5],"current_hp_per_floor":[59,59,48,48,48,66,66,66,66,66,66,66,66,66,66,66,66,10,10],"gold":142,"neow_bonus":"THREE_ENEMY_KILL","is_daily":false,"chose_seed":false,"campfire_upgraded":2,"win_rate":0.0,"timestamp":1613997178,"path_taken":["M","M","?","?","$","R","E","M","T","R","M","PTL","PTL","R","?","M","R","BOSS"],"items_purchased_type":["Relic"],"build_version":"2020-12-22","purchased_purges":0,"victory":false,"max_hp_per_floor":[66,66,66,66,66,66,66,66,66,66,66,66,66,66,66,66,66,66,66],"card_choices":[{"not_picked":["Expertise","Bane"],"picked":"Deadly Poison","floor":1},{"not_picked":["Reflex","Quick Slash"],"picked":"Hidden Blade","floor":2},{"not_picked":["Hidden Blade","Dagger Throw"],"picked":"Outmaneuver","floor":7},{"not_picked":["Prepared","Sneak Up"],"picked":"Slice","floor":8},{"not_picked":["Predator","Replay:Poison Smokescreen"],"picked":"Corpse Explosion","floor":11},{"not_picked":["Outmaneuver","Prepared"],"picked":"Slice","floor":16}],"player_experience":637276,"relics_obtained":[{"floor":7,"key":"HornCleat"},{"floor":9,"key":"Potion Belt"}],"event_choices":[{"damage_healed":0,"gold_gain":75,"player_choice":"Gather Gold","damage_taken":11,"max_hp_gain":0,"max_hp_loss":0,"event_name":"World of Goop","floor":3,"gold_loss":0},{"damage_healed":0,"gold_gain":0,"player_choice":"Box","damage_taken":0,"relics_obtained":["Vajra"],"max_hp_gain":0,"max_hp_loss":0,"event_name":"Big Fish","floor":4,"gold_loss":0,"cards_obtained":["Regret"]}],"is_beta":false,"boss_relics":[],"items_purged_floors":[],"is_endless":false,"potions_floor_spawned":[1,8,16],"killed_by":"Slime Boss","ascension_level":18}}