{"host":"3gafv1lcmuyhyj09","time":1613979300,"event":{"mods":["BaseMod","Bestiary","Colored Powertips","Custom Start","Minty Spire (QoL Compilation)","Quick Restart","Relic Stats"],"gold_per_floor":[116,116,136,156,174,174,174,210,210,244,175,194,194,212,212,310,310,334,350,350,374,394,425,425,448,448,469,513,513,528,559,559,655,655,674,687,701,732,732,763,249,283,307,307,345,360,0,19,19,19],"floor_reached":51,"language":"ENG","playtime":3673,"items_purged":["Defend_P"],"score":1731,"play_id":"471872fb-ec49-43f0-970e-db8ec0fcd350","local_time":"20210222123500","is_ascension_mode":true,"campfire_choices":[{"floor":6.0,"key":"REST"},{"data":"Wallop","floor":15.0,"key":"SMITH"},{"floor":24.0,"key":"REST"},{"data":"WheelKick","floor":32.0,"key":"SMITH"},{"data":"The Bomb","floor":44,"key":"SMITH"},{"data":"EmptyMind","floor":49,"key":"SMITH"}],"circlet_count":0,"master_deck":["AscendersBane","Strike_P+1","Defend_P+1","Defend_P","Eruption","Vigilance","CarveReality","FlurryOfBlows","WheelKick+1","Wallop+1","ThirdEye","Tantrum","Vault","Protect","RitualDagger","Meditate+1","EmptyBody","Vault","DeceiveReality+1","Omniscience","Consecrate+1","Judgement+1","Conclude+1","EmptyFist+1","TalkToTheHand+1","HandOfGreed","MentalFortress","The Bomb+1","FearNoEvil","EmptyMind+1"],"relics":["PureWater","Golden Idol","Lantern","Nunchaku","Kunai","Mango","Snecko Eye","Meat on the Bone","Blood Vial","Mercury Hourglass","Centennial Puzzle","Astrolabe","CloakClasp","Prayer Wheel","Membership Card","InkBottle","Bottled Flame","Akabeko","Potion Belt","Red Mask"],"acts_visited":["TheCity","TheBeyond"],"potions_floor_usage":[40,42,50,50],"damage_taken":[{"damage":0.0,"enemies":"2 Louse","floor":1.0,"turns":2.0},{"damage":0.0,"enemies":"Jaw Worm","floor":3.0,"turns":3.0},{"damage":0.0,"enemies":"Cultist","floor":4.0,"turns":3.0},{"damage":2.0,"enemies":"Looter","floor":5.0,"turns":3.0},{"damage":0.0,"enemies":"Gremlin Nob","floor":8.0,"turns":2.0},{"damage":17.0,"enemies":"3 Sentries","floor":10.0,"turns":5.0},{"damage":0.0,"enemies":"Exordium Thugs","floor":12.0,"turns":2.0},{"damage":0.0,"enemies":"2 Fungi Beasts","floor":14.0,"turns":2.0},{"damage":0.0,"enemies":"Slime Boss","floor":16.0,"turns":3.0},{"damage":0.0,"enemies":"Spheric Guardian","floor":18.0,"turns":2.0},{"damage":3.0,"enemies":"Shell Parasite","floor":19.0,"turns":3.0},{"damage":0.0,"enemies":"Centurion and Healer","floor":21.0,"turns":3.0},{"damage":6.0,"enemies":"Snake Plant","floor":22.0,"turns":4.0},{"damage":17.0,"enemies":"Book of Stabbing","floor":23.0,"turns":5.0},{"damage":0.0,"enemies":"Shelled Parasite and Fungi","floor":25.0,"turns":3.0},{"damage":0.0,"enemies":"Chosen and Byrds","floor":27.0,"turns":5.0},{"damage":4.0,"enemies":"Slavers","floor":28.0,"turns":5.0},{"damage":0.0,"enemies":"Centurion and Healer","floor":30.0,"turns":2.0},{"damage":0.0,"enemies":"Book of Stabbing","floor":31.0,"turns":3.0},{"damage":22.0,"enemies":"Automaton","floor":33.0,"turns":9.0},{"damage":1.0,"enemies":"3 Darklings","floor":35.0,"turns":5.0},{"damage":1,"enemies":"3 Shapes","floor":36,"turns":4},{"damage":0,"enemies":"Jaw Worm Horde","floor":37,"turns":2},{"damage":1,"enemies":"Mind Bloom Boss Battle","floor":38,"turns":8},{"damage":5,"enemies":"Nemesis","floor":40,"turns":4},{"damage":1,"enemies":"Reptomancer","floor":42,"turns":3},{"damage":0,"enemies":"Giant Head","floor":45,"turns":6},{"damage":0,"enemies":"Writhing Mass","floor":46,"turns":4},{"damage":0,"enemies":"Transient","floor":48,"turns":6},{"damage":33,"enemies":"Donu and Deca","floor":50,"turns":11}],"seed_played":"-7300540324830312241","potions_obtained":[{"floor":4.0,"key":"Dexterity Potion"},{"floor":5.0,"key":"Energy Potion"},{"floor":10.0,"key":"SneckoOil"},{"floor":14.0,"key":"Energy Potion"},{"floor":31.0,"key":"PowerPotion"},{"floor":38,"key":"Block Potion"},{"floor":40,"key":"AttackPotion"},{"floor":46,"key":"Weak Potion"}],"is_trial":false,"path_per_floor":["M","?","M","M","M","R","?","E","T","E","?","M","?","M","R","B",null,"M","M","?","M","M","E","R","M","T","M","E","?","M","E","R","B",null,"M","M","M","?","?","E","$","E","T","R","E","M","?","M","R","B",null],"character_chosen":"WATCHER","items_purchased":["Membership Card","MentalFortress","InkBottle","Energy Potion","The Bomb"],"campfire_rested":2,"item_purchase_floors":[41,41,41,41,41],"current_hp_per_floor":[61,41,41,41,39,59,36,36,36,19,33,33,33,33,33,33,70,70,67,61,61,55,38,62,62,62,64,62,62,64,66,66,46,73,74,75,77,78,78,75,75,76,76,76,78,80,80,82,82,49],"gold":19,"neow_bonus":"THREE_CARDS","is_daily":false,"chose_seed":false,"campfire_upgraded":4,"win_rate":0.0,"timestamp":1613979300,"path_taken":["M","?","M","M","M","R","?","E","T","E","?","?","?","?","R","BOSS","M","M","?","M","M","E","R","M","T","M","E","?","M","E","R","BOSS","M","M","M","?","?","E","$","E","T","R","E","M","?","M","R","BOSS"],"items_purchased_type":["Relic","Card","Relic","Potion","Card"],"build_version":"2020-12-22","purchased_purges":1,"victory":true,"max_hp_per_floor":[68,68,68,68,68,68,68,68,68,68,82,82,82,82,82,82,82,82,82,82,82,82,82,82,82,82,82,82,82,82,82,82,82,82,82,82,82,82,82,82,82,82,82,82,82,82,82,82,82,82],"relic_stats":{"counters":[22,100],"Golden Idol":151,"Astrolabe":["Consecrate","Judgement","Conclude"],"CloakClasp":[182],"Mercury Hourglass":[276],"Blood Vial":28,"Nunchaku":[23],"Centennial Puzzle":[18],"Snecko Eye":[186,161,174,181],"Prayer Wheel":2,"Kunai":[47],"obtain_stats":[{"Potion Belt":45,"Lantern":0,"Golden Idol":0,"Astrolabe":34,"Mango":0,"CloakClasp":38,"Akabeko":43,"Mercury Hourglass":28,"Blood Vial":26,"Nunchaku":0,"Centennial Puzzle":31,"Bottled Flame":42,"Snecko Eye":17,"Prayer Wheel":40,"Red Mask":47,"Kunai":0,"Membership Card":41,"PureWater":0,"InkBottle":41,"Meat on the Bone":23},{"Potion Belt":19,"Lantern":0,"Golden Idol":0,"Astrolabe":12,"Mango":0,"CloakClasp":16,"Akabeko":18,"Mercury Hourglass":9,"Blood Vial":7,"Nunchaku":0,"Centennial Puzzle":11,"Bottled Flame":18,"Snecko Eye":1,"Prayer Wheel":17,"Red Mask":20,"Kunai":0,"Membership Card":17,"PureWater":0,"InkBottle":17,"Meat on the Bone":6},{"Potion Belt":79,"Lantern":0,"Golden Idol":0,"Astrolabe":47,"Mango":0,"CloakClasp":66,"Akabeko":73,"Mercury Hourglass":33,"Blood Vial":23,"Nunchaku":0,"Centennial Puzzle":38,"Bottled Flame":73,"Snecko Eye":3,"Prayer Wheel":70,"Red Mask":83,"Kunai":0,"Membership Card":70,"PureWater":0,"InkBottle":70,"Meat on the Bone":20}],"InkBottle":[10],"Meat on the Bone":0},"card_choices":[{"not_picked":["Protect","Consecrate"],"picked":"CarveReality","floor":0.0},{"not_picked":["JustLucky","Evaluate"],"picked":"FlurryOfBlows","floor":1.0},{"not_picked":["Consecrate","CrushJoints"],"picked":"WheelKick","floor":3.0},{"not_picked":["Collect","Vault"],"picked":"Wallop","floor":4.0},{"not_picked":["Evaluate","Worship","SignatureMove"],"picked":"SKIP","floor":5.0},{"not_picked":["Study","Fasting2"],"picked":"ThirdEye","floor":8.0},{"not_picked":["LessonLearned","Prostrate"],"picked":"Tantrum","floor":10.0},{"not_picked":["FlyingSleeves","Protect","Sanctity"],"picked":"SKIP","floor":12.0},{"not_picked":["Evaluate","Study","FollowUp"],"picked":"SKIP","floor":14.0},{"not_picked":["Judgement","Scrawl"],"picked":"Vault","floor":16.0},{"not_picked":["LikeWater","Halt+1"],"picked":"Protect","floor":18.0},{"not_picked":["CrushJoints","Crescendo","WreathOfFlame"],"picked":"SKIP","floor":19.0},{"not_picked":["SignatureMove","DeceiveReality"],"picked":"Meditate+1","floor":21.0},{"not_picked":["SashWhip","Pray+1","FollowUp"],"picked":"SKIP","floor":22.0},{"not_picked":["ForeignInfluence+1","Prostrate","CrushJoints"],"picked":"SKIP","floor":23.0},{"not_picked":["SashWhip","Halt+1"],"picked":"EmptyBody","floor":25.0},{"not_picked":["BattleHymn","Protect","Meditate"],"picked":"SKIP","floor":27.0},{"not_picked":["Evaluate","FlyingSleeves","Consecrate"],"picked":"SKIP","floor":28.0},{"not_picked":["Halt","CutThroughFate"],"picked":"DeceiveReality+1","floor":30.0},{"not_picked":["WaveOfTheHand","LikeWater","FlyingSleeves"],"picked":"SKIP","floor":31.0},{"not_picked":["LessonLearned","ConjureBlade"],"picked":"Omniscience","floor":33.0},{"not_picked":["SashWhip","Weave"],"picked":"EmptyFist+1","floor":35.0},{"not_picked":["SashWhip","Sanctity"],"picked":"TalkToTheHand+1","floor":36},{"not_picked":["Pray","BattleHymn","FlyingSleeves"],"picked":"SKIP","floor":37},{"not_picked":["Mind Blast","Flash of Steel"],"picked":"HandOfGreed","floor":39},{"not_picked":["Swivel","Consecrate","LessonLearned"],"picked":"SKIP","floor":40},{"not_picked":["CutThroughFate","FlurryOfBlows+1"],"picked":"FearNoEvil","floor":42},{"not_picked":["Consecrate","EmptyFist","ForeignInfluence+1"],"picked":"SKIP","floor":45},{"not_picked":["JustLucky","BattleHymn","PathToVictory"],"picked":"SKIP","floor":46},{"not_picked":["Consecrate","Evaluate","ForeignInfluence"],"picked":"SKIP","floor":46},{"not_picked":["Scrawl","SashWhip"],"picked":"EmptyMind","floor":48},{"not_picked":["SignatureMove","EmptyFist","WindmillStrike"],"picked":"SKIP","floor":48}],"player_experience":760034,"relics_obtained":[{"floor":8.0,"key":"Lantern"},{"floor":9.0,"key":"Nunchaku"},{"floor":10.0,"key":"Kunai"},{"floor":23.0,"key":"Meat on the Bone"},{"floor":26.0,"key":"Blood Vial"},{"floor":28.0,"key":"Mercury Hourglass"},{"floor":31.0,"key":"Centennial Puzzle"},{"floor":38,"key":"CloakClasp"},{"floor":40,"key":"Prayer Wheel"},{"floor":42,"key":"Bottled Flame"},{"floor":43,"key":"Akabeko"},{"floor":45,"key":"Potion Belt"}],"event_choices":[{"damage_healed":0.0,"max_hp_gain":0.0,"max_hp_loss":0.0,"gold_gain":0.0,"event_name":"Shining Light","player_choice":"Entered Light","floor":2.0,"gold_loss":0.0,"damage_taken":20.0,"cards_upgraded":["Defend_P","Strike_P"]},{"damage_healed":0.0,"max_hp_gain":0.0,"max_hp_loss":0.0,"gold_gain":0.0,"event_name":"Golden Idol","player_choice":"Take Damage","floor":7.0,"gold_loss":0.0,"damage_taken":23.0,"relics_obtained":["Golden Idol"]},{"damage_healed":0.0,"max_hp_gain":0.0,"max_hp_loss":0.0,"gold_gain":0.0,"event_name":"WeMeetAgain","player_choice":"Paid Gold","floor":11.0,"gold_loss":69.0,"damage_taken":0.0,"relics_obtained":["Mango"]},{"cards_removed":["Strike_P"],"damage_healed":0.0,"max_hp_gain":0.0,"max_hp_loss":0.0,"gold_gain":0.0,"event_name":"Bonfire Elementals","player_choice":"Offered Basic","floor":13.0,"gold_loss":0.0,"damage_taken":0.0},{"damage_healed":0.0,"max_hp_gain":0.0,"max_hp_loss":0.0,"gold_gain":0.0,"event_name":"Nest","player_choice":"Joined the Cult","floor":20.0,"gold_loss":0.0,"damage_taken":6.0,"cards_obtained":["RitualDagger"]},{"damage_healed":0.0,"max_hp_gain":0.0,"max_hp_loss":0.0,"gold_gain":0.0,"event_name":"The Library","player_choice":"Read","floor":29.0,"gold_loss":0.0,"damage_taken":0.0,"cards_obtained":["Vault"]},{"damage_healed":0,"gold_gain":0,"player_choice":"Fight","damage_taken":0,"max_hp_gain":0,"max_hp_loss":0,"event_name":"MindBloom","floor":38,"gold_loss":0},{"damage_healed":0,"gold_gain":0,"player_choice":"Memory 1","damage_taken":0,"max_hp_gain":0,"max_hp_loss":0,"event_name":"SensoryStone","floor":39,"gold_loss":0},{"damage_healed":0,"gold_gain":0,"player_choice":"Paid","damage_taken":0,"relics_obtained":["Red Mask"],"max_hp_gain":0,"max_hp_loss":0,"event_name":"Tomb of Lord Red Mask","floor":47,"gold_loss":360}],"is_beta":false,"boss_relics":[{"not_picked":["SacredBark","Black Star"],"picked":"Snecko Eye"},{"not_picked":["Runic Pyramid","Philosopher\u0027s Stone"],"picked":"Astrolabe"}],"items_purged_floors":[41],"is_endless":false,"potions_floor_spawned":[4,5,10,14,18,21,27,28,31,38,40,46],"ascension_level":18}}