{"host":"qfmqsclrfy207o1q","time":1613959755,"event":{"mods":["2.2 Compatiblity","AchievementEnabler","BaseMod","BetterRewards","Colored Map","Colored Powertips","Curses Come First","Dark Map","Downfall","Infinite Spire","Minty Spire (QoL Compilation)","Quick Restart","Rare Cards Sparkle","Relic Stats","StSLib"],"gold_per_floor":[115,115,115,115,115,148,148,181,181,181,65,29,53,13,13,132,132,151,166,166,166,183,183,212,212,235,150,6,6,6,23,23,126,126,146,160,160,12,31,31,50,50,77,77,87,119,119,119,119,119],"floor_reached":51,"language":"ENG","playtime":1991,"items_purged":[],"score":820,"play_id":"017dbc72-b755-4a15-95d5-42ec236170a8","local_time":"20210221190915","is_ascension_mode":false,"campfire_choices":[{"data":"Endless Agony","floor":7,"key":"SMITH"},{"data":"Catalyst","floor":10,"key":"SMITH"},{"data":"Noxious Fumes","floor":15,"key":"SMITH"},{"floor":23,"key":"REST"},{"floor":30,"key":"REST"},{"floor":32,"key":"REST"},{"floor":40,"key":"REST"},{"floor":42,"key":"REST"},{"data":"Burst","floor":44,"key":"SMITH"},{"floor":47,"key":"REST"},{"floor":49,"key":"REST"}],"circlet_count":0,"master_deck":["Strike_G+1","Strike_G","Strike_G","Strike_G","Defend_G","Defend_G","Defend_G","Defend_G","Neutralize","Backflip+1","Endless Agony+1","Catalyst+1","Noxious Fumes+1","Footwork","Corpse Explosion","Slice","Sucker Punch+1","Finisher+1","Quick Slash+1","CurseOfTheBell","Footwork","Heel Hook","Slice+1","Prepared+1","Terror+1","Night Terror","A Thousand Cuts+1","Caltrops+1","Backstab+1","PiercingWail+1","Dash+1","Parasite","Flying Knee+1","Dagger Spray+1","Burst+1","Tactician","Footwork+1","Dodge and Roll+1","Catalyst","Iron Wave","Infinite Blades"],"relics":["Ring of the Snake","NeowsBlessing","Bloody Idol","Potion Belt","Centennial Puzzle","Letter Opener","MealTicket","Black Star","infinitespire:CheckeredPen","infinitespire:Satchel","Calling Bell","Blood Vial","Pear","infinitespire:CursedDice","Oddly Smooth Stone","Ornamental Fan","Dream Catcher","Astrolabe","Whetstone","PreservedInsect","Boot","Snake Skull"],"acts_visited":["Exordium","TheCity","TheBeyond"],"potions_floor_usage":[15,16,16,22,24,33,41,46,50],"damage_taken":[{"damage":0,"enemies":"Small Slimes","floor":1,"turns":1},{"damage":0,"enemies":"3 Sentries","floor":6,"turns":2},{"damage":0,"enemies":"Gremlin Nob","floor":8,"turns":1},{"damage":27,"enemies":"Slime Boss","floor":16,"turns":8},{"damage":13,"enemies":"Shell Parasite","floor":18,"turns":7},{"damage":24,"enemies":"3 Byrds","floor":19,"turns":4},{"damage":26,"enemies":"Shelled Parasite and Fungi","floor":22,"turns":5},{"damage":21,"enemies":"Gremlin Leader","floor":24,"turns":6},{"damage":15,"enemies":"Chosen and Byrds","floor":31,"turns":6},{"damage":39,"enemies":"Collector","floor":33,"turns":8},{"damage":18,"enemies":"3 Shapes","floor":35,"turns":6},{"damage":66,"enemies":"3 Darklings","floor":36,"turns":5},{"damage":38,"enemies":"Writhing Mass","floor":39,"turns":5},{"damage":20,"enemies":"Sphere and 2 Shapes","floor":41,"turns":5},{"damage":37,"enemies":"3 Darklings","floor":45,"turns":3},{"damage":11,"enemies":"Nemesis","floor":46,"turns":5},{"damage":58,"enemies":"Time Eater","floor":50,"turns":14}],"seed_played":"3056692966587323000","potions_obtained":[{"floor":14,"key":"Explosive Potion"},{"floor":14,"key":"Fruit Juice"},{"floor":14,"key":"BlessingOfTheForge"},{"floor":19,"key":"LiquidMemories"},{"floor":22,"key":"Poison Potion"},{"floor":24,"key":"ColorlessPotion"},{"floor":36,"key":"sneckomod:MuddlingPotion"},{"floor":45,"key":"AttackPotion"},{"floor":46,"key":"Block Potion"}],"is_trial":false,"path_per_floor":["M","?","?","?","?","E","R","E","T","R","$","$","T","?","R","B",null,"M","M","?","?","M","R","E","AVR","T","?","$","?","R","M","R","B",null,"M","M","?","$","M","R","M","R","T","R","M","E","R","?","R","B",null],"character_chosen":"THE_SILENT","items_purchased":["Noxious Fumes","Deadly Poison","Footwork","Footwork","Heel Hook","Whetstone"],"campfire_rested":7,"item_purchase_floors":[11,11,12,28,28,38],"current_hp_per_floor":[70,70,65,65,65,65,65,65,65,65,65,65,65,65,70,43,70,57,33,33,33,12,33,17,27,32,32,47,47,71,63,80,46,80,67,8,8,23,34,58,45,69,74,74,44,40,64,64,80,22],"gold":119,"neow_bonus":"THREE_ENEMY_KILL","is_daily":false,"chose_seed":false,"campfire_upgraded":4,"win_rate":0.0,"timestamp":1613959755,"path_taken":["M","?","?","?","?","E","R","E","T","R","?","$","?","?","R","BOSS","M","M","?","?","M","R","E","AVR","T","?","?","?","R","M","R","BOSS","M","M","?","?","M","R","M","R","T","R","?","E","R","?","R","BOSS"],"items_purchased_type":["Card","Card","Card","Card","Card","Relic"],"build_version":"2020-12-22","purchased_purges":0,"victory":true,"max_hp_per_floor":[70,70,65,65,65,65,65,65,65,65,65,65,65,65,70,70,70,70,70,70,70,70,70,70,80,80,80,80,80,80,80,80,80,80,80,80,80,80,80,80,80,80,80,80,80,80,80,80,80,80],"relic_stats":{"counters":[17,91],"Astrolabe":["A Thousand Cuts","Caltrops","Backstab"],"PreservedInsect":47,"Snake Skull":[16],"Letter Opener":[55],"Whetstone":["Finisher","Strike_G"],"Boot":[13],"Blood Vial":12,"Centennial Puzzle":[44],"Dream Catcher":6,"Ornamental Fan":[64],"Bloody Idol":60,"MealTicket":30,"Black Star":2,"obtain_stats":[{"Potion Belt":6,"Pear":25,"NeowsBlessing":0,"Golden Idol":3,"infinitespire:CursedDice":25,"Astrolabe":34,"Oddly Smooth Stone":26,"PreservedInsect":43,"Snake Skull":46,"Letter Opener":9,"infinitespire:CheckeredPen":24,"Whetstone":38,"Boot":46,"Calling Bell":25,"Blood Vial":25,"Centennial Puzzle":8,"Dream Catcher":29,"Ornamental Fan":27,"Bloody Idol":20,"infinitespire:Satchel":24,"MealTicket":13,"Black Star":17,"Ring of the Snake":0},{"Potion Belt":2,"Pear":8,"NeowsBlessing":0,"Golden Idol":1,"infinitespire:CursedDice":8,"Astrolabe":10,"Oddly Smooth Stone":8,"PreservedInsect":14,"Snake Skull":16,"Letter Opener":3,"infinitespire:CheckeredPen":8,"Whetstone":12,"Boot":16,"Calling Bell":8,"Blood Vial":8,"Centennial Puzzle":3,"Dream Catcher":8,"Ornamental Fan":8,"Bloody Idol":6,"infinitespire:Satchel":8,"MealTicket":3,"Black Star":4,"Ring of the Snake":0},{"Potion Belt":3,"Pear":34,"NeowsBlessing":0,"Golden Idol":1,"infinitespire:CursedDice":34,"Astrolabe":48,"Oddly Smooth Stone":34,"PreservedInsect":69,"Snake Skull":77,"Letter Opener":4,"infinitespire:CheckeredPen":34,"Whetstone":59,"Boot":77,"Calling Bell":34,"Blood Vial":34,"Centennial Puzzle":4,"Dream Catcher":34,"Ornamental Fan":34,"Bloody Idol":23,"infinitespire:Satchel":34,"MealTicket":4,"Black Star":12,"Ring of the Snake":0}],"Ring of the Snake":[35]},"card_choices":[{"not_picked":["Heel Hook","Underhanded Strike"],"picked":"Backflip","floor":1},{"not_picked":["Sucker Punch","Flying Knee"],"picked":"Endless Agony","floor":6},{"not_picked":["Well Laid Plans","Dagger Spray"],"picked":"Catalyst","floor":8},{"not_picked":["Adrenaline","Unload"],"picked":"Corpse Explosion","floor":16},{"not_picked":["Reflex","Eviscerate"],"picked":"Slice","floor":18},{"not_picked":["Outmaneuver","Deflect"],"picked":"Sucker Punch+1","floor":19},{"not_picked":["Well Laid Plans+1","Dagger Throw"],"picked":"Finisher","floor":22},{"not_picked":["Sucker Punch","Malaise"],"picked":"Quick Slash+1","floor":24},{"not_picked":["Blade Dance","Unload"],"picked":"Slice+1","floor":30},{"not_picked":["Slice","Backflip"],"picked":"Prepared+1","floor":31},{"not_picked":["Reflex","Slice"],"picked":"Terror+1","floor":32},{"not_picked":["Corpse Explosion","Wraith Form v2"],"picked":"Night Terror","floor":33},{"not_picked":["Slice","Dagger Throw+1"],"picked":"PiercingWail+1","floor":35},{"not_picked":["Dodge and Roll+1","Flying Knee"],"picked":"Dash+1","floor":36},{"not_picked":["All Out Attack+1","Flechettes+1"],"picked":"Flying Knee+1","floor":39},{"not_picked":["Quick Slash+1","Infinite Blades"],"picked":"Dagger Spray+1","floor":40},{"not_picked":["Backflip","Poisoned Stab"],"picked":"Burst","floor":41},{"not_picked":["Dagger Throw","Outmaneuver"],"picked":"Tactician","floor":42},{"not_picked":["Bane+1","Deadly Poison+1"],"picked":"Footwork+1","floor":45},{"not_picked":["Deadly Poison+1","Flechettes+1"],"picked":"Dodge and Roll+1","floor":46},{"not_picked":["Finisher+1","Bane"],"picked":"Catalyst","floor":47},{"not_picked":["Dash","All Out Attack"],"picked":"Infinite Blades","floor":49}],"player_experience":25225,"relics_obtained":[{"floor":6,"key":"Potion Belt"},{"floor":8,"key":"Centennial Puzzle"},{"floor":9,"key":"Letter Opener"},{"floor":13,"key":"MealTicket"},{"floor":24,"key":"infinitespire:CheckeredPen"},{"floor":24,"key":"infinitespire:Satchel"},{"floor":25,"key":"Blood Vial"},{"floor":25,"key":"Pear"},{"floor":25,"key":"infinitespire:CursedDice"},{"floor":26,"key":"Oddly Smooth Stone"},{"floor":43,"key":"PreservedInsect"},{"floor":46,"key":"Boot"},{"floor":46,"key":"Snake Skull"}],"event_choices":[{"damage_healed":0,"gold_gain":0,"player_choice":"Leave","damage_taken":0,"max_hp_gain":0,"max_hp_loss":0,"event_name":"The Cleric","floor":2,"gold_loss":0},{"damage_healed":0,"gold_gain":0,"player_choice":"Lose Max HP","damage_taken":0,"relics_obtained":["Golden Idol"],"max_hp_gain":0,"max_hp_loss":5,"event_name":"Golden Idol","floor":3,"gold_loss":0},{"damage_healed":0,"gold_gain":0,"player_choice":"Ignored","damage_taken":0,"max_hp_gain":0,"max_hp_loss":0,"event_name":"Golden Wing","floor":4,"gold_loss":0},{"damage_healed":0,"gold_gain":0,"player_choice":"Grow","damage_taken":0,"max_hp_gain":0,"max_hp_loss":0,"event_name":"Living Wall","floor":5,"gold_loss":0,"cards_upgraded":["Backflip"]},{"damage_healed":0,"gold_gain":0,"player_choice":"Bought 3 Potions","damage_taken":0,"max_hp_gain":0,"max_hp_loss":0,"event_name":"The Woman in Blue","floor":14,"gold_loss":0},{"damage_healed":0,"gold_gain":0,"player_choice":"Gave Idol","damage_taken":0,"relics_obtained":["Bloody Idol"],"max_hp_gain":0,"max_hp_loss":0,"event_name":"Forgotten Altar","floor":20,"relics_lost":["Golden Idol"],"gold_loss":0},{"damage_healed":0,"gold_gain":0,"player_choice":"Obtained Relic","damage_taken":0,"relics_obtained":["Ornamental Fan"],"max_hp_gain":0,"max_hp_loss":0,"event_name":"Addict","floor":27,"gold_loss":85},{"damage_healed":0,"gold_gain":0,"player_choice":"Opened","damage_taken":0,"relics_obtained":["Dream Catcher"],"max_hp_gain":0,"max_hp_loss":0,"event_name":"The Mausoleum","floor":29,"gold_loss":0},{"cards_removed":["Deadly Poison"],"damage_healed":0,"gold_gain":0,"player_choice":"Took Card","damage_taken":0,"max_hp_gain":0,"max_hp_loss":0,"event_name":"NoteForYourself","floor":48,"gold_loss":0,"cards_obtained":["Iron Wave"]}],"is_beta":false,"boss_relics":[{"not_picked":["WristBlade","infinitespire:Cupcake"],"picked":"Black Star"},{"not_picked":["bronze:MakeshiftBattery","Sozu"],"picked":"Astrolabe"}],"items_purged_floors":[],"is_endless":false,"potions_floor_spawned":[19,22,24,36,45,46],"ascension_level":0}}