{"host":"y98rs9c3ubr5er25","time":1613959131,"event":{"mods":["AchievementEnabler","Aspiration","Bartender","BaseMod","Better Altar","Better Match","Better Note","Better Sensory Stone","Better Skull","Better Third Choice","Downfall","GifTheSpireLib","HololiveMod","Hubris","Infinite Spire","Minty Spire (QoL Compilation)","Relic Stats","Replay The Spire","StSLib","The Construct","The Poker Player"],"gold_per_floor":[118,118,118,134,152,178,178,209,262,297,312,312,487,43,43,146,146,164,164,176,176,190,190,224,224,224,249,249,261,261,279,279,279,279],"floor_reached":33,"language":"ENG","playtime":3541,"items_purged":["Doubt"],"score":343,"play_id":"54400aef-3dc9-4201-a36f-fc56f6d33c98","local_time":"20210222015851","is_ascension_mode":true,"campfire_choices":[{"data":"ReplayReversal","floor":12,"key":"SMITH"},{"data":"Chrysalis","floor":15,"key":"SMITH"},{"floor":23,"key":"REST"},{"floor":25,"key":"REST"},{"floor":32,"key":"DIG"}],"circlet_count":0,"master_deck":["Strike_R+1","Strike_R+1","Strike_R+1","Strike_R+1","Strike_R+1","Defend_R+1","Defend_R+1","Defend_R+1","Defend_R+1","Bash","ReplayReversal+1","Feel No Pain","Perfected Strike","Warcry","Thunderclap","Iron Wave","Sword Boomerang","Chrysalis+1","Spot Weakness","Demon Form","Perfected Strike+1","Thunderclap","Pommel Strike","ReplayTheSpireMod:LeadingStrike","Replay:Undeath\u0027s Touch","Rage+1","ReplayTheSpireMod:Strike From Hell+1","infinitespire:UltimateForm","infinitespire:Punishment","Perfected Strike","Evolve"],"relics":["Burning Blood","Replay:Rubber Ducky","Ring of Panic","Bag of Marbles","infinitespire:Lucky Rock","Dream Catcher","ReplayFunnel","infinitespire:Cupcake","CultistMask","CaptainsWheel","Nunchaku","ReplayTheSpireMod:TigerMarble","ReplayTheSpireMod:Ninjato","Ancient Tea Set"],"acts_visited":["Exordium","TheCity"],"potions_floor_usage":[10,16,16,33],"damage_taken":[{"damage":2,"enemies":"2 Louse","floor":1,"turns":4},{"damage":1,"enemies":"Jaw Worm","floor":4,"turns":3},{"damage":6,"enemies":"Cultist","floor":5,"turns":5},{"damage":13,"enemies":"Replay:BlueRogue","floor":6,"turns":7},{"damage":11,"enemies":"3 Sentries","floor":8,"turns":7},{"damage":11,"enemies":"Gremlin Nob","floor":10,"turns":3},{"damage":7,"enemies":"Exordium Wildlife","floor":11,"turns":2},{"damage":43,"enemies":"Hexaghost","floor":16,"turns":12},{"damage":31,"enemies":"2 Thieves","floor":18,"turns":3},{"damage":34,"enemies":"3 Byrds","floor":20,"turns":6},{"damage":13,"enemies":"Centurion and Healer","floor":22,"turns":5},{"damage":25,"enemies":"Replay:Snechameleon","floor":24,"turns":5},{"damage":84,"enemies":"Gremlin Leader","floor":27,"turns":6},{"damage":0,"enemies":"3 Cultists","floor":29,"turns":3},{"damage":0,"enemies":"Snecko","floor":31,"turns":1},{"damage":50,"enemies":"Collector","floor":33,"turns":5}],"seed_played":"6432191903145807412","potions_obtained":[{"floor":4,"key":"FearPotion"},{"floor":8,"key":"DuplicationPotion"},{"floor":10,"key":"Block Potion"},{"floor":18,"key":"FairyPotion"},{"floor":22,"key":"HeartOfIron"},{"floor":27,"key":"Weak Potion"}],"is_trial":false,"path_per_floor":["M","?","?","M","M","E","?","E","T","E","M","R","?","$","R","B",null,"M","?","M","?","M","R","E","R","T","E","AVR","M","?","M","R","B"],"character_chosen":"IRONCLAD","items_purchased":["ReplayFunnel","Chrysalis","Spot Weakness"],"campfire_rested":2,"item_purchase_floors":[14,14,14],"current_hp_per_floor":[76,81,81,86,86,79,79,74,74,69,68,68,68,68,68,31,101,76,76,48,48,41,71,52,82,82,36,36,42,42,48,48,0,0],"gold":279,"neow_bonus":"TWENTY_PERCENT_HP_BONUS","is_daily":false,"chose_seed":false,"campfire_upgraded":2,"win_rate":0.0,"timestamp":1613959131,"path_taken":["M","?","?","?","M","E","?","E","T","E","M","R","?","$","R","BOSS","M","?","?","?","M","R","E","R","T","E","AVR","M","?","M","R","BOSS"],"items_purchased_type":["Relic","Card","Card"],"build_version":"2020-12-22","purchased_purges":1,"victory":false,"max_hp_per_floor":[96,101,101,101,101,101,101,101,101,101,101,101,101,101,101,101,101,101,101,101,101,101,101,101,101,101,101,101,101,101,101,101,101,101],"relic_stats":{"Dream Catcher":2,"Nunchaku":[2],"counters":[16,77],"obtain_stats":[{"ReplayFunnel":14,"ReplayTheSpireMod:Ninjato":28,"infinitespire:Lucky Rock":9,"Ancient Tea Set":32,"Burning Blood":0,"Replay:Rubber Ducky":6,"Dream Catcher":10,"CaptainsWheel":24,"Nunchaku":26,"CultistMask":19,"Bag of Marbles":8,"ReplayTheSpireMod:TigerMarble":27,"Ring of Panic":7,"infinitespire:Cupcake":17},{"ReplayFunnel":7,"ReplayTheSpireMod:Ninjato":13,"infinitespire:Lucky Rock":5,"Ancient Tea Set":15,"Burning Blood":0,"Replay:Rubber Ducky":4,"Dream Catcher":6,"CaptainsWheel":12,"Nunchaku":12,"CultistMask":9,"Bag of Marbles":5,"ReplayTheSpireMod:TigerMarble":13,"Ring of Panic":4,"infinitespire:Cupcake":8},{"ReplayFunnel":31,"ReplayTheSpireMod:Ninjato":68,"infinitespire:Lucky Rock":26,"Ancient Tea Set":72,"Burning Blood":0,"Replay:Rubber Ducky":19,"Dream Catcher":29,"CaptainsWheel":62,"Nunchaku":62,"CultistMask":46,"Bag of Marbles":26,"ReplayTheSpireMod:TigerMarble":68,"Ring of Panic":19,"infinitespire:Cupcake":43}],"Burning Blood":90},"card_choices":[{"not_picked":["Dark Embrace","Entrench"],"picked":"ReplayReversal","floor":1},{"not_picked":["Clothesline","Anger"],"picked":"Feel No Pain","floor":4},{"not_picked":["Pommel Strike","Warcry"],"picked":"Perfected Strike","floor":5},{"not_picked":["ReplayTheSpireMod:Strike From Hell","Hemokinesis"],"picked":"Warcry","floor":6},{"not_picked":["Flex","Fiend Fire"],"picked":"Thunderclap","floor":8},{"not_picked":["Clothesline","Dropkick"],"picked":"Iron Wave","floor":10},{"not_picked":["ReplayTheSpireMod:Corrosion Curse","Clothesline"],"picked":"Sword Boomerang","floor":11},{"not_picked":["Berserk","Exhume"],"picked":"Demon Form","floor":16},{"not_picked":["infinitespire:OneForAll","True Grit"],"picked":"Perfected Strike+1","floor":18},{"not_picked":["Heavy Blade+1","ReplayTheSpireMod:Muscle Training"],"picked":"Thunderclap","floor":20},{"not_picked":["Disarm","Sword Boomerang"],"picked":"Pommel Strike","floor":22},{"not_picked":["Cleave+1","hubris:ReadiedAction"],"picked":"ReplayTheSpireMod:LeadingStrike","floor":23},{"not_picked":["Second Wind","Warcry"],"picked":"Replay:Undeath\u0027s Touch","floor":24},{"not_picked":["ReplayTheSpireMod:Corrosion Curse","Reckless Charge"],"picked":"Rage+1","floor":25},{"not_picked":["Combust","Replay:Many Hands"],"picked":"ReplayTheSpireMod:Strike From Hell+1","floor":27},{"not_picked":["ReplayReversal","Shockwave+1"],"picked":"Perfected Strike","floor":29},{"not_picked":["Cleave","hubris:CleavingFinish"],"picked":"Evolve","floor":31}],"player_experience":533716,"relics_obtained":[{"floor":6,"key":"Replay:Rubber Ducky"},{"floor":7,"key":"Ring of Panic"},{"floor":8,"key":"Bag of Marbles"},{"floor":9,"key":"infinitespire:Lucky Rock"},{"floor":10,"key":"Dream Catcher"},{"floor":24,"key":"CaptainsWheel"},{"floor":26,"key":"Nunchaku"},{"floor":27,"key":"ReplayTheSpireMod:TigerMarble"},{"floor":32,"key":"Ancient Tea Set"}],"event_choices":[{"damage_healed":0,"gold_gain":0,"player_choice":"Donut","damage_taken":0,"max_hp_gain":5,"max_hp_loss":0,"event_name":"Big Fish","floor":2,"gold_loss":0},{"damage_healed":0,"gold_gain":0,"player_choice":"Bought 0 Potions","damage_taken":0,"max_hp_gain":0,"max_hp_loss":0,"event_name":"The Woman in Blue","floor":3,"gold_loss":0},{"damage_healed":0,"gold_gain":175,"player_choice":"AGREE","damage_taken":312,"max_hp_gain":0,"max_hp_loss":0,"event_name":"betterThird:BetterSerpent","floor":13,"gold_loss":0},{"damage_healed":0,"gold_gain":0,"player_choice":"Trade","damage_taken":0,"relics_obtained":["CultistMask"],"max_hp_gain":0,"max_hp_loss":0,"event_name":"FaceTrader","floor":19,"gold_loss":0},{"damage_healed":0,"gold_gain":0,"player_choice":"Ignored","damage_taken":0,"max_hp_gain":0,"max_hp_loss":0,"event_name":"Ghosts","floor":21,"gold_loss":0},{"damage_healed":0,"gold_gain":0,"player_choice":"Simplicity","damage_taken":0,"max_hp_gain":0,"max_hp_loss":9,"event_name":"betterThird:BetterWriting","floor":30,"gold_loss":0}],"is_beta":false,"boss_relics":[{"not_picked":["aspiration:SecretTechniqueScroll","Ring of Chaos"],"picked":"infinitespire:Cupcake"}],"items_purged_floors":[14],"is_endless":false,"potions_floor_spawned":[4,8,10,18,22,27],"killed_by":"Collector","ascension_level":1}}