{"host":"0utx1lcxgx5vu4k0","time":1613965415,"event":{"mods":["BaseMod","Colored Powertips","Minty Spire (QoL Compilation)","Permanent Neow","Relic Stats","StSLib"],"gold_per_floor":[114,131,180,194,209,242,242,276,326,98,98,116,134,161,161,265,265,284,295,295,295,146,146,179,179,179,30,30,63,63,83,83,179,179,191,191,241,257,277,303,317,317,340,350,382,382,415,460,460,460,460,460,71,98,98],"floor_reached":56,"language":"ENG","playtime":2687,"items_purged":["Strike_G"],"score":1558,"play_id":"00375bf2-4326-4bbe-9009-cb1f31879e07","local_time":"20210221224335","is_ascension_mode":true,"campfire_choices":[{"floor":7.0,"key":"REST"},{"floor":15.0,"key":"RECALL"},{"floor":23.0,"key":"REST"},{"floor":30.0,"key":"REST"},{"floor":32.0,"key":"REST"},{"floor":42.0,"key":"REST"},{"floor":46.0,"key":"REST"},{"floor":49.0,"key":"REST"},{"floor":52.0,"key":"REST"}],"circlet_count":0,"master_deck":["Strike_G","Strike_G","Strike_G","Defend_G","Defend_G","Defend_G","Defend_G","Defend_G","Survivor","Neutralize","Quick Slash","Deadly Poison","Crippling Poison","Terror","Noxious Fumes","PiercingWail","Noxious Fumes","Venomology","Well Laid Plans+1","Deadly Poison+1","Crippling Poison","Crippling Poison","Backflip","Riddle With Holes+1","Malaise","Dark Shackles","Bouncing Flask+1","Phantasmal Killer","Noxious Fumes+1","Dodge and Roll+1"],"relics":["Fusion Hammer","Anchor","MealTicket","Paper Crane","Akabeko","OrangePellets","Pear","Velvet Choker","Juzu Bracelet","Eternal Feather","Mercury Hourglass","Bag of Marbles","Bronze Scales","Ninja Scroll","Runic Pyramid","Ice Cream","Bottled Tornado","Darkstone Periapt","Snake Skull","Thread and Needle","Shuriken","Toolbox","Tough Bandages"],"acts_visited":["Exordium","TheCity","TheBeyond","TheEnding"],"potions_floor_usage":[55,55,55,55],"damage_taken":[{"damage":4.0,"enemies":"Cultist","floor":1.0,"turns":4.0},{"damage":0.0,"enemies":"Small Slimes","floor":2.0,"turns":3.0},{"damage":0.0,"enemies":"Jaw Worm","floor":4.0,"turns":4.0},{"damage":0.0,"enemies":"3 Louse","floor":5.0,"turns":4.0},{"damage":12.0,"enemies":"Gremlin Nob","floor":6.0,"turns":4.0},{"damage":19.0,"enemies":"3 Sentries","floor":8.0,"turns":10.0},{"damage":0.0,"enemies":"Blue Slaver","floor":12.0,"turns":3.0},{"damage":0.0,"enemies":"Large Slime","floor":13.0,"turns":5.0},{"damage":14.0,"enemies":"Lagavulin","floor":14.0,"turns":6.0},{"damage":27.0,"enemies":"Hexaghost","floor":16.0,"turns":9.0},{"damage":2.0,"enemies":"Chosen","floor":18.0,"turns":5.0},{"damage":9.0,"enemies":"Spheric Guardian","floor":19.0,"turns":5.0},{"damage":9.0,"enemies":"Slavers","floor":24.0,"turns":5.0},{"damage":25.0,"enemies":"Book of Stabbing","floor":29.0,"turns":5.0},{"damage":0.0,"enemies":"Centurion and Healer","floor":31.0,"turns":5.0},{"damage":29.0,"enemies":"Automaton","floor":33.0,"turns":9.0},{"damage":6.0,"enemies":"3 Darklings","floor":35.0,"turns":4.0},{"damage":0.0,"enemies":"Mind Bloom Boss Battle","floor":37.0,"turns":3.0},{"damage":0.0,"enemies":"3 Shapes","floor":38.0,"turns":3.0},{"damage":0.0,"enemies":"Sphere and 2 Shapes","floor":39.0,"turns":5.0},{"damage":11.0,"enemies":"Nemesis","floor":40.0,"turns":5.0},{"damage":26.0,"enemies":"Spire Growth","floor":41.0,"turns":6.0},{"damage":8.0,"enemies":"Jaw Worm Horde","floor":44.0,"turns":4.0},{"damage":19.0,"enemies":"Giant Head","floor":45.0,"turns":7.0},{"damage":11.0,"enemies":"Nemesis","floor":47.0,"turns":5.0},{"damage":5.0,"enemies":"2 Orb Walkers","floor":48.0,"turns":3.0},{"damage":11.0,"enemies":"Time Eater","floor":50.0,"turns":9.0},{"damage":3.0,"enemies":"Shield and Spear","floor":54.0,"turns":5.0},{"damage":22,"enemies":"The Heart","floor":55,"turns":8}],"seed_played":"-4874294039098668875","potions_obtained":[{"floor":1.0,"key":"Strength Potion"},{"floor":2.0,"key":"Dexterity Potion"},{"floor":13.0,"key":"SkillPotion"},{"floor":14.0,"key":"EssenceOfSteel"},{"floor":18.0,"key":"Strength Potion"},{"floor":24.0,"key":"Fire Potion"},{"floor":35.0,"key":"SneckoOil"},{"floor":37.0,"key":"Strength Potion"},{"floor":40.0,"key":"DuplicationPotion"}],"is_trial":false,"path_per_floor":["M","M","T","M","M","E","R","E","T","$","?","M","M","E","R","B",null,"M","M","?","?","$","R","E","?","T","$","?","E","R","M","R","B",null,"M","?","?","M","M","E","M","R","T","M","E","R","E","?","R","B",null,"R","$","E","B",null],"character_chosen":"THE_SILENT","items_purchased":["Noxious Fumes","OrangePellets","Crippling Poison","Bag of Marbles","Shuriken","Toolbox"],"campfire_rested":8,"item_purchase_floors":[10,10,22,27,53,53],"current_hp_per_floor":[59,59,59,59,59,47,68,49,49,64,57,57,57,53,53,26,67,65,56,40,40,55,79,70,70,70,80,80,55,80,80,80,51,73,67,57,57,57,57,46,20,59,59,51,32,71,60,55,80,69,77,80,80,77,55],"gold":98,"neow_bonus":"BOSS_RELIC","is_daily":false,"chose_seed":false,"campfire_upgraded":0,"win_rate":0.0,"timestamp":1613965415,"path_taken":["M","?","?","M","M","E","R","E","T","?","?","M","?","E","R","BOSS","M","M","?","?","$","R","E","?","T","$","?","E","R","M","R","BOSS","M","?","?","M","M","E","M","R","T","M","E","R","E","?","R","BOSS","R","$","E","BOSS"],"items_purchased_type":["Card","Relic","Card","Relic","Relic","Relic"],"build_version":"2020-12-22","purchased_purges":1,"victory":true,"max_hp_per_floor":[70,70,70,70,70,70,70,70,70,70,70,70,70,80,80,80,80,80,80,80,80,80,80,80,80,80,80,80,80,80,80,80,80,80,80,80,80,80,80,80,80,80,80,80,80,80,80,80,80,80,80,80,80,80,80],"relic_stats":{"Darkstone Periapt":0,"OrangePellets":[12],"Tough Bandages":[3],"counters":[29,151],"Shuriken":[3],"Bronze Scales":[338],"MealTicket":40,"Eternal Feather":60,"Snake Skull":[63],"Juzu Bracelet":1,"obtain_stats":[{"Ice Cream":37,"Darkstone Periapt":45,"Pear":14,"Velvet Choker":17,"Eternal Feather":24,"Thread and Needle":48,"Snake Skull":47,"Juzu Bracelet":21,"Paper Crane":8,"Bottled Tornado":40,"Akabeko":9,"Mercury Hourglass":26,"OrangePellets":10,"Anchor":3,"Tough Bandages":54,"Ninja Scroll":29,"Shuriken":53,"Bronze Scales":28,"Toolbox":53,"MealTicket":6,"Fusion Hammer":0,"Bag of Marbles":27,"Ring of the Snake":0,"Runic Pyramid":34},{"Ice Cream":18,"Darkstone Periapt":24,"Pear":9,"Velvet Choker":10,"Eternal Feather":13,"Thread and Needle":26,"Snake Skull":25,"Juzu Bracelet":12,"Paper Crane":6,"Bottled Tornado":21,"Akabeko":6,"Mercury Hourglass":13,"OrangePellets":6,"Anchor":2,"Tough Bandages":28,"Ninja Scroll":14,"Shuriken":27,"Bronze Scales":13,"Toolbox":27,"MealTicket":5,"Fusion Hammer":0,"Bag of Marbles":13,"Ring of the Snake":0,"Runic Pyramid":16},{"Ice Cream":93,"Darkstone Periapt":121,"Pear":43,"Velvet Choker":52,"Eternal Feather":67,"Thread and Needle":129,"Snake Skull":126,"Juzu Bracelet":62,"Paper Crane":29,"Bottled Tornado":105,"Akabeko":29,"Mercury Hourglass":67,"OrangePellets":29,"Anchor":7,"Tough Bandages":143,"Ninja Scroll":72,"Shuriken":138,"Bronze Scales":67,"Toolbox":138,"MealTicket":19,"Fusion Hammer":0,"Bag of Marbles":67,"Ring of the Snake":0,"Runic Pyramid":86}],"Mercury Hourglass":[291]},"card_choices":[{"not_picked":["Footwork","Expertise"],"picked":"Quick Slash","floor":1.0},{"not_picked":["Outmaneuver","Deflect"],"picked":"Deadly Poison","floor":2.0},{"not_picked":["Deflect","Dodge and Roll","Flying Knee"],"picked":"SKIP","floor":4.0},{"not_picked":["Escape Plan","Setup"],"picked":"Crippling Poison","floor":5.0},{"not_picked":["Eviscerate","Blur"],"picked":"Endless Agony","floor":6.0},{"not_picked":["Bane","Acrobatics"],"picked":"Terror","floor":8.0},{"not_picked":["Well Laid Plans","Underhanded Strike"],"picked":"PiercingWail","floor":12.0},{"not_picked":["Escape Plan","Prepared","Eviscerate"],"picked":"SKIP","floor":13.0},{"not_picked":["Quick Slash","Slice","Noxious Fumes"],"picked":"SKIP","floor":14.0},{"not_picked":["Quick Slash","Slice"],"picked":"Noxious Fumes","floor":14.0},{"not_picked":["A Thousand Cuts","Unload"],"picked":"Venomology","floor":16.0},{"not_picked":["Quick Slash","Concentrate"],"picked":"Well Laid Plans+1","floor":18.0},{"not_picked":["Acrobatics","Sucker Punch"],"picked":"Deadly Poison+1","floor":19.0},{"not_picked":["Underhanded Strike+1","Reflex","Flying Knee"],"picked":"SKIP","floor":24.0},{"not_picked":["Prepared","Cloak And Dagger"],"picked":"Backflip","floor":29.0},{"not_picked":["Escape Plan","PiercingWail"],"picked":"Riddle With Holes+1","floor":31.0},{"not_picked":["Adrenaline","Storm of Steel"],"picked":"Malaise","floor":33.0},{"not_picked":["Dagger Spray","Deadly Poison","Flying Knee"],"picked":"SKIP","floor":35.0},{"not_picked":["Transmutation","Mayhem"],"picked":"Dark Shackles","floor":36.0},{"not_picked":["Blade Dance","Slice+1","Eviscerate"],"picked":"SKIP","floor":38.0},{"not_picked":["Concentrate+1","Masterful Stab","Prepared"],"picked":"SKIP","floor":39.0},{"not_picked":["Flying Knee","Eviscerate","Outmaneuver"],"picked":"SKIP","floor":40.0},{"not_picked":["Acrobatics","Backflip","Bane"],"picked":"SKIP","floor":41.0},{"not_picked":["Flying Knee","Choke"],"picked":"Bouncing Flask+1","floor":44.0},{"not_picked":["Prepared+1","Backstab+1","Tactician"],"picked":"SKIP","floor":45.0},{"not_picked":["Backstab","Escape Plan+1"],"picked":"Phantasmal Killer","floor":47.0},{"not_picked":["Backflip+1","Underhanded Strike"],"picked":"Noxious Fumes+1","floor":48.0},{"not_picked":["Outmaneuver","Deadly Poison"],"picked":"Dodge and Roll+1","floor":54.0}],"player_experience":82790,"relics_obtained":[{"floor":3.0,"key":"Anchor"},{"floor":6.0,"key":"MealTicket"},{"floor":8.0,"key":"Paper Crane"},{"floor":9.0,"key":"Akabeko"},{"floor":14.0,"key":"Pear"},{"floor":24.0,"key":"Eternal Feather"},{"floor":26.0,"key":"Mercury Hourglass"},{"floor":29.0,"key":"Ninja Scroll"},{"floor":37.0,"key":"Ice Cream"},{"floor":40.0,"key":"Bottled Tornado"},{"floor":45.0,"key":"Darkstone Periapt"},{"floor":47.0,"key":"Snake Skull"},{"floor":48.0,"key":"Thread and Needle"},{"floor":54.0,"key":"Tough Bandages"}],"event_choices":[{"cards_removed":["Strike_G"],"damage_healed":0.0,"max_hp_gain":0.0,"max_hp_loss":0.0,"gold_gain":0.0,"event_name":"Golden Wing","player_choice":"Card Removal","floor":11.0,"gold_loss":0.0,"damage_taken":7.0},{"damage_healed":0.0,"max_hp_gain":0.0,"max_hp_loss":0.0,"gold_gain":0.0,"event_name":"Cursed Tome","player_choice":"Obtained Book","floor":20.0,"gold_loss":0.0,"damage_taken":16.0},{"damage_healed":0.0,"max_hp_gain":0.0,"max_hp_loss":0.0,"gold_gain":0.0,"event_name":"The Mausoleum","player_choice":"Opened","floor":21.0,"gold_loss":0.0,"damage_taken":0.0,"relics_obtained":["Juzu Bracelet"]},{"damage_healed":0.0,"max_hp_gain":0.0,"max_hp_loss":0.0,"gold_gain":0.0,"event_name":"The Library","player_choice":"Read","floor":25.0,"gold_loss":0.0,"damage_taken":0.0,"cards_obtained":["Crippling Poison"]},{"cards_removed":["Endless Agony"],"damage_healed":0.0,"max_hp_gain":0.0,"max_hp_loss":0.0,"gold_gain":0.0,"event_name":"WeMeetAgain","player_choice":"Gave Card","floor":28.0,"gold_loss":0.0,"damage_taken":0.0,"relics_obtained":["Bronze Scales"]},{"damage_healed":0.0,"max_hp_gain":0.0,"max_hp_loss":0.0,"gold_gain":0.0,"event_name":"SensoryStone","player_choice":"Memory 3","floor":36.0,"gold_loss":0.0,"damage_taken":10.0},{"damage_healed":0.0,"max_hp_gain":0.0,"max_hp_loss":0.0,"gold_gain":0.0,"event_name":"MindBloom","player_choice":"Fight","floor":37.0,"gold_loss":0.0,"damage_taken":0.0},{"damage_healed":0.0,"max_hp_gain":0.0,"max_hp_loss":0.0,"gold_gain":0.0,"event_name":"Mysterious Sphere","player_choice":"Fight","floor":48.0,"gold_loss":0.0,"damage_taken":0.0}],"is_beta":false,"boss_relics":[{"not_picked":["Ectoplasm","Runic Dome"],"picked":"Velvet Choker"},{"not_picked":["Empty Cage","WristBlade"],"picked":"Runic Pyramid"}],"items_purged_floors":[22],"is_endless":false,"potions_floor_spawned":[1,2,13,14,18,19,24,35,37,40,47,48,54],"ascension_level":6}}