{"host":"l017gercouzhorma","time":1613983009,"event":{"mods":["AchievementEnabler","Aspiration","BaseMod","Challenge The Spire","Conspire","Downfall","Halation","Hermit","Hubris","Infinite Spire","Jorbs\u0027s Wanderer Trilogy","KinomotoSakuraMod(????)","Marisa????????","Mimic Mod","Minty Spire (QoL Compilation)","Random Character Button","Rare Cards Sparkle","Relic Stats","Reliquary","Replay The Spire","Shade Mod","StSLib","The Cursed","The Disciple","The Hierophant","The Jungle","The Runesmith","The Servant 0.9.4"],"gold_per_floor":[117,133,145,145,145,175,175,190,190,206,223,223,236,271,271,271,271],"floor_reached":16,"language":"ENG","playtime":1859,"items_purged":[],"score":120,"play_id":"7da0351c-c232-4f66-a052-a379c9970d72","local_time":"20210222013649","is_ascension_mode":true,"campfire_choices":[{"data":"Replay:AtTheReady","floor":7,"key":"SMITH"},{"floor":12,"key":"REST"},{"floor":15,"key":"REST"}],"circlet_count":0,"master_deck":["Strike_P","Strike_P","Strike_P","Strike_P","Defend_P","Defend_P","Defend_P","Defend_P","Eruption","Vigilance","WaveOfTheHand","FlurryOfBlows","PathToVictory+1","Replay:AtTheReady+1","Replay:Cycle","Judgement","ThirdEye","Replay:Battleflow","FlurryOfBlows","Sanctity"],"relics":["PureWater","Blood Vial","conspire:GiftBox","hubris:PeanutButter"],"acts_visited":["Exordium"],"potions_floor_usage":[8,16,16,16],"damage_taken":[{"damage":1,"enemies":"Jaw Worm","floor":1,"turns":3},{"damage":2,"enemies":"2 Louse","floor":2,"turns":5},{"damage":0,"enemies":"Cultist","floor":3,"turns":4},{"damage":33,"enemies":"3 Sentries","floor":6,"turns":9},{"damage":7,"enemies":"Blue Slaver","floor":8,"turns":3},{"damage":0,"enemies":"Exordium Thugs","floor":10,"turns":5},{"damage":8,"enemies":"conspire:2 RoseBushes","floor":11,"turns":3},{"damage":12,"enemies":"3 Louse","floor":13,"turns":4},{"damage":30,"enemies":"Replay:BlueRogue","floor":14,"turns":7},{"damage":48,"enemies":"Slime Boss","floor":16,"turns":11}],"seed_played":"-5659908977226726286","potions_obtained":[{"floor":2,"key":"Milkshake"},{"floor":3,"key":"SteroidPotion"},{"floor":6,"key":"Strength Potion"},{"floor":14,"key":"Regen Potion"}],"is_trial":false,"path_per_floor":["M","M","M","?","?","E","R","M","T","M","M","R","M","E","R","B"],"character_chosen":"WATCHER","items_purchased":[],"campfire_rested":2,"item_purchase_floors":[],"current_hp_per_floor":[78,76,76,76,76,43,43,38,38,40,34,57,47,19,42,11,11],"gold":271,"neow_bonus":"TEN_PERCENT_HP_BONUS","is_daily":false,"chose_seed":false,"campfire_upgraded":1,"win_rate":0.0,"timestamp":1613983009,"path_taken":["M","M","M","?","?","E","R","M","T","M","M","R","M","E","R","BOSS"],"items_purchased_type":[],"build_version":"2020-12-22","purchased_purges":0,"victory":false,"max_hp_per_floor":[79,79,79,79,79,79,79,79,79,79,79,79,79,79,79,79,79],"relic_stats":{"Blood Vial":12,"counters":[10,54],"obtain_stats":[{"Blood Vial":6,"conspire:GiftBox":9,"hubris:PeanutButter":14,"PureWater":0},{"Blood Vial":4,"conspire:GiftBox":5,"hubris:PeanutButter":9,"PureWater":0},{"Blood Vial":21,"conspire:GiftBox":24,"hubris:PeanutButter":43,"PureWater":0}]},"card_choices":[{"not_picked":["TalkToTheHand","Indignation"],"picked":"WaveOfTheHand","floor":1},{"not_picked":["CutThroughFate","Prostrate"],"picked":"FlurryOfBlows","floor":2},{"not_picked":["Pray","CrushJoints"],"picked":"PathToVictory","floor":3},{"not_picked":["SashWhip","FlurryOfBlows"],"picked":"Replay:AtTheReady","floor":6},{"not_picked":["EmptyFist","JustLucky"],"picked":"Replay:Cycle","floor":8},{"not_picked":["Brilliance","Vault"],"picked":"Judgement","floor":9},{"not_picked":["Conclude","Crescendo"],"picked":"ThirdEye","floor":10},{"not_picked":["Consecrate","Replay:AtTheReady"],"picked":"Replay:Battleflow","floor":11},{"not_picked":["Tantrum","FearNoEvil"],"picked":"FlurryOfBlows","floor":13},{"not_picked":["LessonLearned","DeceiveReality"],"picked":"Sanctity","floor":14}],"player_experience":866168,"relics_obtained":[{"floor":6,"key":"Blood Vial"},{"floor":9,"key":"conspire:GiftBox"},{"floor":14,"key":"hubris:PeanutButter"}],"event_choices":[],"is_beta":false,"boss_relics":[],"items_purged_floors":[],"is_endless":false,"potions_floor_spawned":[2,3,6,14],"killed_by":"Slime Boss","ascension_level":1}}