{"host":"w05x4i13f2m9joq1","time":1613986783,"event":{"mods":["100% Spire Juice","Act Like it!","BaseMod","Better Altar","Better Match","Better Note","Better Sensory Stone","Better Skull","Better Third Choice","BetterRewards","CapriCore","Colored Map","Colored Powertips","Defective Defect","Downfall","Duelist Mod","Gensokyo","GifTheSpireLib","Googly Eyes","Infinite Spire","Ironclad Rager","Lobotomy","LobotomyExtend","Marisa????????","Melee Mod","Minty Spire (QoL Compilation)","Morshu Shopkeeper - ENHANCED","MostiFishMod","Quick Restart","Rare Cards Sparkle","Reliquary","Replay The Spire","Ruina","Shop Mod","Spicy Shops","Spire Birthday Party","StSLib","The Animator","The IronCluck","Uncapped","everything is the same but u backflip on backflip","slay the spire mod where everything is the same but ironclad has a cowboy hat"],"gold_per_floor":[20,40,6,81,100,100,100,131,131,162,176,176,104,131,131,229,229,248,258,278,296,296,326,326,340,340,359,385,401,401,429,429,530,530,549,101,121,136,117,145,145,157,157,157,157],"floor_reached":44,"language":"ENG","playtime":2032,"items_purged":["Languid"],"score":743,"play_id":"5a32137e-8294-4aa4-a860-3036c3898a7f","local_time":"20210222043943","is_ascension_mode":true,"campfire_choices":[{"data":"Perfected Strike","floor":7,"key":"SMITH"},{"data":"Perfected Strike","floor":12,"key":"SMITH"},{"data":"Perfected Strike","floor":15,"key":"SMITH"},{"data":"Pommel Strike","floor":24,"key":"SMITH"},{"data":"Pommel Strike","floor":32,"key":"SMITH"},{"data":"ruina:Thirst","floor":41,"key":"SMITH"}],"circlet_count":0,"master_deck":["Bash","Twin Strike","Twin Strike","Twin Strike","Twin Strike","Twin Strike","Iron Wave","Iron Wave","Iron Wave","Iron Wave","Perfected Strike+1","Twin Strike","Iron Wave","Iron Wave","Pommel Strike","Perfected Strike+1","Flex","Perfected Strike+1","Twin Strike","Pommel Strike+1","Dual Wield+1","Heavy Blade","ruina:Thirst+1","Inflame+1","Twin Strike","Twin Strike","Pommel Strike+1","Demon Form","Pummel+1","Uppercut+1","Headbutt","Shrug It Off+1","Twin Strike","Pommel Strike+1"],"relics":["Burning Blood","DaveBox","NightmareShop","SynthV:TestCard","LetterFromLob","infinitespire:Lychee Nut","Replay:Kaleidoscope","reliquary:OuijaBoard","MealTicket","HereWithMe","Replay:Baseball","Bottled Lightning","reliquary:PartyBalloon","reliquary:FeatherDuster","reliquary:ThirdArm","bronze:BronzeIdol","Toolbox","Medical Kit","Omamori","ThornShield"],"acts_visited":["Exordium","Exordium","TheBeyond"],"potions_floor_usage":[10,16,16,31,42,42,44],"damage_taken":[{"damage":0,"enemies":"2 Louse","floor":1,"turns":1},{"damage":0,"enemies":"Cultist","floor":2,"turns":1},{"damage":0,"enemies":"Small Slimes","floor":5,"turns":2},{"damage":1,"enemies":"Gremlin Nob","floor":8,"turns":3},{"damage":24,"enemies":"Lagavulin","floor":10,"turns":4},{"damage":0,"enemies":"3 Louse","floor":11,"turns":2},{"damage":5,"enemies":"3 Sentries","floor":14,"turns":3},{"damage":25,"enemies":"The Guardian","floor":16,"turns":5},{"damage":7,"enemies":"ruina:Nosferatu","floor":18,"turns":2},{"damage":0,"enemies":"ruina:BadWolf","floor":19,"turns":2},{"damage":17,"enemies":"ruina:Nos_and_Bat","floor":20,"turns":3},{"damage":0,"enemies":"ruina:KingOfGreed","floor":21,"turns":2},{"damage":0,"enemies":"ruina:RoadHome","floor":23,"turns":1},{"damage":13,"enemies":"ruina:Woodsman","floor":25,"turns":2},{"damage":15,"enemies":"ruina:KnightOfDespair","floor":27,"turns":3},{"damage":6,"enemies":"ruina:ServantOfWrath","floor":28,"turns":3},{"damage":0,"enemies":"ruina:3_Scarecrows","floor":29,"turns":2},{"damage":8,"enemies":"ruina:RoadHome","floor":31,"turns":2},{"damage":64,"enemies":"ruina:Red_and_Wolf","floor":33,"turns":4},{"damage":6,"enemies":"Orb Walker","floor":35,"turns":2},{"damage":11,"enemies":"3 Shapes","floor":37,"turns":2},{"damage":4,"enemies":"Transient","floor":38,"turns":5},{"damage":0,"enemies":"3 Darklings","floor":39,"turns":1},{"damage":18,"enemies":"Reptomancer","floor":40,"turns":2},{"damage":32,"enemies":"Jaw Worm Horde","floor":42,"turns":2},{"damage":28,"enemies":"Nemesis","floor":44,"turns":2}],"seed_played":"7101276928512775117","potions_obtained":[{"floor":5,"key":"Explosive Potion"},{"floor":8,"key":"Cursed Concoction"},{"floor":10,"key":"FairyPotion"},{"floor":11,"key":"Ancient Potion"},{"floor":19,"key":"Dexterity Potion"},{"floor":21,"key":"ColorlessPotion"},{"floor":27,"key":"Energy Potion"},{"floor":35,"key":"SkillPotion"},{"floor":37,"key":"ElixirPotion"}],"is_trial":false,"path_per_floor":["M","M","$","?","M","E","R","E","T","E","M","R","$","E","R","B",null,"M","M","M","M","?","E","R","M","T","M","E","M","?","E","R","B",null,"M","$","M","M","M","E","R","M","T","E"],"character_chosen":"IRONCLAD","items_purchased":["Iron Wave","Flex","bronze:BronzeIdol","Toolbox","Medical Kit"],"campfire_rested":0,"item_purchase_floors":[3,13,36,36,36],"current_hp_per_floor":[57,63,63,56,62,62,62,54,54,37,46,46,46,52,52,38,50,52,54,45,54,54,54,54,47,47,43,49,54,54,52,52,22,46,49,54,49,54,54,42,42,19,19,0,0],"gold":157,"neow_bonus":"IRONCLAD_BERSERKER","is_daily":false,"chose_seed":false,"campfire_upgraded":6,"win_rate":0.0,"timestamp":1613986783,"path_taken":["M","M","$","?","?","E","R","E","T","E","M","R","$","E","R","BOSS","M","?","?","M","?","E","R","M","T","M","E","M","?","E","R","BOSS","M","$","M","M","M","E","R","M","T","E"],"items_purchased_type":["Card","Card","Relic","Relic","Relic"],"build_version":"2020-12-22","purchased_purges":1,"victory":false,"max_hp_per_floor":[72,72,72,72,72,72,72,54,54,54,54,54,54,54,54,54,54,54,54,54,54,54,54,54,54,54,54,54,54,54,54,54,54,54,54,54,54,54,54,54,54,54,54,54,54],"card_choices":[{"not_picked":["Wild Strike","Pommel Strike"],"picked":"Perfected Strike","floor":1},{"not_picked":["Clothesline","Armaments","Heavy Blade","Shockwave"],"picked":"Twin Strike","floor":2},{"not_picked":["Run Through","Reckless Charge","Replay:Undeath\u0027s Touch","ReplayTheSpireMod:Limb From Limb"],"picked":"ReplayTheSpireMod:Stacked","floor":5},{"not_picked":["True Grit","Shockwave","Warcry","Sword Boomerang"],"picked":"Armaments","floor":8},{"not_picked":["ReplayTheSpireMod:Corrosion Curse","Shrug It Off","Combust","Ghostly Armor"],"picked":"Pommel Strike","floor":10},{"not_picked":["Run Through","Pummel","ReplayTheSpireMod:Limb From Limb","Anger"],"picked":"Perfected Strike","floor":11},{"not_picked":["Second Wind","Reckless Charge","Power Through","Dropkick"],"picked":"Perfected Strike","floor":14},{"not_picked":["ReplayTheSpireMod:Limb From Limb","Infernal Blade","Flame Barrier","Perfected Strike+1"],"picked":"Twin Strike","floor":18},{"not_picked":["Sentinel","Armaments","Havoc","Sword Boomerang"],"picked":"Pommel Strike","floor":19},{"not_picked":["MostiFishMod:NewArrival","Heavy Blade","Perfected Strike","Sever Soul+1"],"picked":"Dual Wield+1","floor":20},{"not_picked":["Havoc","Perfected Strike","Cleave","Battle Trance"],"picked":"Heavy Blade","floor":21},{"not_picked":["Abandon+1","Exhume","ReplayTheSpireMod:Corrosion Curse","Flex+1"],"picked":"Inflame+1","floor":23},{"not_picked":["Spot Weakness","Flame Barrier","Anger+1","ReplayTheSpireMod:Strike From Hell+1"],"picked":"Twin Strike","floor":25},{"not_picked":["Clash","Ghostly Armor","Power Through+1","Havoc+1"],"picked":"Cleave","floor":27},{"not_picked":["ReplayTheSpireMod:Corrosion Curse+1","Headbutt+1","Anger","Heavy Blade"],"picked":"Replay:Undeath\u0027s Touch","floor":28},{"not_picked":["Headbutt+1","Havoc","Shrug It Off","Cleave+1"],"picked":"Twin Strike","floor":29},{"not_picked":["Life Link","Reckless Charge+1","Body Slam+1","Whirlwind"],"picked":"Pommel Strike","floor":31},{"not_picked":["MostiFishMod:DoubleSword","MostiFishMod:PerfectStrikeMKII","Demonic Infusion","Exhume"],"picked":"Demon Form","floor":33},{"not_picked":["Wild Strike","Armaments","infinitespire:OneForAll","Flex+1"],"picked":"Pummel+1","floor":35},{"not_picked":["Clash","Sword Boomerang","Iron Wave","Bloodletting+1"],"picked":"Uppercut+1","floor":37},{"not_picked":["Iron Wave","True Grit","Flex","Pummel"],"picked":"Headbutt","floor":38},{"not_picked":["Flex","Hemogenesis","Sword Boomerang","Anger"],"picked":"Shrug It Off+1","floor":39},{"not_picked":["Cleave+1","ICR:Frenzy+1","MostiFishMod:FlyOverUtopia","Run Through+1"],"picked":"Twin Strike","floor":40},{"not_picked":["Feel No Pain+1","Warcry","Evolve","Body Slam+1"],"picked":"Pommel Strike+1","floor":42}],"player_experience":222101,"relics_obtained":[{"floor":1,"key":"SynthV:TestCard"},{"floor":1,"key":"LetterFromLob"},{"floor":8,"key":"infinitespire:Lychee Nut"},{"floor":9,"key":"Replay:Kaleidoscope"},{"floor":10,"key":"reliquary:OuijaBoard"},{"floor":14,"key":"MealTicket"},{"floor":23,"key":"Replay:Baseball"},{"floor":26,"key":"Bottled Lightning"},{"floor":28,"key":"reliquary:PartyBalloon"},{"floor":31,"key":"reliquary:FeatherDuster"},{"floor":40,"key":"Omamori"},{"floor":43,"key":"ThornShield"}],"event_choices":[{"damage_healed":0,"gold_gain":75,"player_choice":"Touch","damage_taken":7,"max_hp_gain":0,"max_hp_loss":0,"event_name":"FaceTrader","floor":4,"gold_loss":0}],"is_beta":false,"boss_relics":[{"not_picked":["Ectoplasm","Runic Dome"],"picked":"HereWithMe"},{"not_picked":["EE1DDrone","xbg"],"picked":"reliquary:ThirdArm"}],"items_purged_floors":[36],"is_endless":false,"potions_floor_spawned":[5,8,10,11,19,21,27,28,29,35,37],"killed_by":"Nemesis","ascension_level":6}}