{"host":"kaame4qwxxqnygv7","time":1613962868,"event":{"mods":["AchievementEnabler","BaseMod","Better Match","Better Skull","Better Third Choice","BetterRewards","Block Reminder","Bossed Relics","DeckTracker","Energized Spire","GungeonMod","Minty Spire (QoL Compilation)","Quick Restart","Red Circlet Mod","StSLib","SuperFastMode","The Blue Laboratory"],"gold_per_floor":[113,113,132,149,168,206,59,59,110,150,175,190,190,190,190,303,303,323,16,16,39,39,39,67,103,103,103,131,149,176,195,210,210,210,323,323,334,388,107,107,121,121,151,373,373,412,434,449,449,475,475,475,475,475,48,76,76],"floor_reached":58,"language":"KOR","playtime":2441,"items_purged":["Strike_B","Strike_B"],"score":1948,"play_id":"5abcf4cd-7efb-47e0-8a5e-0783bddba044","local_time":"20210222120108","is_ascension_mode":true,"campfire_choices":[{"data":"Beam Cell","floor":8.0,"key":"SMITH"},{"data":"Defragment","floor":13.0,"key":"SMITH"},{"data":"Loop","floor":15.0,"key":"SMITH"},{"data":"Seek","floor":23,"key":"SMITH"},{"data":"Hologram","floor":27,"key":"SMITH"},{"data":"Loop","floor":33,"key":"SMITH"},{"data":"Reboot","floor":42,"key":"SMITH"},{"floor":51,"key":"RECALL"},{"data":"Electrodynamics","floor":54,"key":"SMITH"}],"circlet_count":0,"master_deck":["Strike_B+1","Strike_B+1","Defend_B","Defend_B","Defend_B","Defend_B","Zap","Dualcast","Chill+1","Sweeping Beam","Beam Cell+1","Loop+1","Defragment+1","Seek+1","Cold Snap","Redo+1","Hologram+1","Loop+1","Redo+1","Compile Driver+1","FTL","Reboot+1","Ball Lightning+1","Chill+1","Electrodynamics+1"],"relics":["Cracked Core","DemoMod:ClearGuonStone","Thread and Needle","DataDisk","Runic Capacitor","DemoMod:GlassGuonStoneRelic","CeramicFish","DemoMod:MeatBun","Strawberry","DemoMod:Metronome","Nuclear Battery","FossilizedHelix","Red Mask","DemoMod:RatBoots","DemoMod:ResourcefulSack","DemoMod:PartiallyEatenCheese","energizedSpire:DeadBattery","DemoMod:VorpalBullet","Potion Belt","Akabeko","Whetstone","Bronze Scales","Mercury Hourglass","Bottled Lightning","DemoMod:BlueGuonStone"],"acts_visited":["Exordium","TheCity","DemoMod:Maze","TheBeyond","TheEnding"],"potions_floor_usage":[18,32,43,43,57,57,57,57],"damage_taken":[{"damage":0.0,"enemies":"Small Slimes","floor":1.0,"turns":2.0},{"damage":0.0,"enemies":"Cultist","floor":3.0,"turns":4.0},{"damage":0.0,"enemies":"2 Louse","floor":4.0,"turns":3.0},{"damage":0.0,"enemies":"Lots of Slimes","floor":5.0,"turns":5.0},{"damage":0.0,"enemies":"3 Sentries","floor":6.0,"turns":7.0},{"damage":0.0,"enemies":"Gremlin Nob","floor":10.0,"turns":3.0},{"damage":0.0,"enemies":"2 Fungi Beasts","floor":11.0,"turns":3.0},{"damage":0.0,"enemies":"Looter","floor":12.0,"turns":1.0},{"damage":0.0,"enemies":"The Guardian","floor":16.0,"turns":9.0},{"damage":0,"enemies":"2 Thieves","floor":18,"turns":4},{"damage":0,"enemies":"3 Byrds","floor":21,"turns":4},{"damage":0,"enemies":"3 Cultists","floor":24,"turns":4},{"damage":0,"enemies":"Masked Bandits","floor":25,"turns":3},{"damage":0,"enemies":"DemoMod:Red_and_blue_shotgun_kin","floor":28,"turns":3},{"damage":0,"enemies":"DemoMod:2_Veteran_bullet_kins_and_red_shotgun_kin","floor":29,"turns":2},{"damage":0,"enemies":"DemoMod:Red_and_blue_shotgun_kin_with_gunsinger","floor":30,"turns":4},{"damage":0,"enemies":"DemoMod:2_Mousers","floor":31,"turns":4},{"damage":0,"enemies":"DemoMod:Veteran_shot_gun_kin_and_blue_shotgun_kin_with_gunsinger","floor":32,"turns":3},{"damage":0,"enemies":"DemoMod:ResourcefulRat","floor":34,"turns":7},{"damage":0,"enemies":"DemoMod:ResourcefulRat","floor":35,"turns":7},{"damage":0,"enemies":"3 Darklings","floor":37,"turns":3},{"damage":0,"enemies":"2 Orb Walkers","floor":38,"turns":5},{"damage":0,"enemies":"Orb Walker","floor":41,"turns":2},{"damage":0,"enemies":"Nemesis","floor":43,"turns":5},{"damage":0,"enemies":"Giant Head","floor":46,"turns":5},{"damage":0,"enemies":"3 Darklings","floor":47,"turns":2},{"damage":0,"enemies":"Spire Growth","floor":48,"turns":3},{"damage":0,"enemies":"Transient","floor":50,"turns":5},{"damage":0,"enemies":"Awakened One","floor":52,"turns":11},{"damage":0,"enemies":"Shield and Spear","floor":56,"turns":3},{"damage":0,"enemies":"The Heart","floor":57,"turns":6}],"seed_played":"-8925025739742802996","potions_obtained":[{"floor":1.0,"key":"blueLaboratory:NullPotion"},{"floor":3.0,"key":"LiquidMemories"},{"floor":5.0,"key":"blueLaboratory:BubblePotion"},{"floor":12.0,"key":"FearPotion"},{"floor":16.0,"key":"blueLaboratory:LouseDecoction"},{"floor":24,"key":"blueLaboratory:BottleOfVodka"},{"floor":28,"key":"Fire Potion"},{"floor":32,"key":"blueLaboratory:BubblePotion"},{"floor":43,"key":"blueLaboratory:LouseDecoction"},{"floor":46,"key":"Block Potion"},{"floor":47,"key":"blueLaboratory:BottledHope"},{"floor":50,"key":"blueLaboratory:ImpenetrablePotion"}],"is_trial":false,"path_per_floor":["M","?","M","M","M","E","$","R","T","E","M","M","R","?","R","B",null,"M","$","?","M","?","R","M","?","T","R","M","M","M","M","M","R","B","B",null,"M","?","$","?","M","R","E","?","T","E","M","M","T","M","R","B",null,"R","$","E","B",null],"character_chosen":"DEFECT","items_purchased":["DemoMod:ClearGuonStone","DemoMod:GnawedKey","DataDisk","Runic Capacitor","DemoMod:MeatBun","FossilizedHelix","DemoMod:LeadSkinPotion","Potion Belt","Bottled Lightning","blueLaboratory:StoneskinPotion"],"campfire_rested":0,"item_purchase_floors":[0,0,0,0,7,19,39,39,55,55],"current_hp_per_floor":[40,40,40,40,40,40,54,54,54,61,61,61,61,61,61,61,77,77,77,81,81,65,65,65,65,82,82,82,82,82,82,82,82,82,82,86,86,86,86,86,86,86,86,86,86,86,86,86,86,86,86,86,87,87,87,87,87],"gold":76,"neow_bonus":"","is_daily":false,"chose_seed":false,"campfire_upgraded":8,"win_rate":0.0,"timestamp":1613962868,"path_taken":["M","?","M","?","M","E","$","R","T","E","M","?","R","?","R","BOSS","M","?","?","?","?","R","M","?","T","R","M","M","M","M","M","R","BOSS","BOSS","M","?","$","?","M","R","E","?","T","E","M","M","?","M","R","BOSS","R","$","E","BOSS"],"items_purchased_type":["Relic","Relic","Relic","Relic","Relic","Relic","Undefined","Relic","Relic","Potion"],"build_version":"2020-12-22","purchased_purges":2,"victory":true,"max_hp_per_floor":[75,75,75,75,75,75,75,75,75,82,82,82,82,82,82,82,82,82,82,82,82,87,87,87,87,87,87,87,87,87,87,87,87,87,87,87,87,87,87,87,87,87,87,87,87,87,87,87,87,87,87,87,87,87,87,87,87],"card_choices":[{"not_picked":["Fusion","Turbo"],"picked":"Chill","floor":1.0},{"not_picked":["Gash","Auto Shields","Force Field"],"picked":"SKIP","floor":3.0},{"not_picked":["Stack","Static Discharge","Rebound"],"picked":"SKIP","floor":4.0},{"not_picked":["Lockon","Scrape"],"picked":"Sweeping Beam","floor":5.0},{"not_picked":["Go for the Eyes","Turbo"],"picked":"Beam Cell","floor":6.0},{"not_picked":["Core Surge","Consume"],"picked":"Loop","floor":10.0},{"not_picked":["Rebound","Blizzard"],"picked":"Defragment","floor":11.0},{"not_picked":["Beam Cell","Rebound","Leap"],"picked":"SKIP","floor":12.0},{"not_picked":["Core Surge","Reboot"],"picked":"Seek","floor":16.0},{"not_picked":["Conserve Battery","Fusion"],"picked":"Cold Snap","floor":18},{"not_picked":["Beam Cell","Coolheaded"],"picked":"Redo+1","floor":21},{"not_picked":["Leap","Steam"],"picked":"Hologram","floor":24},{"not_picked":["Heatsinks","Thunder Strike"],"picked":"Loop","floor":25},{"not_picked":["White Noise","Beam Cell"],"picked":"Redo+1","floor":28},{"not_picked":["Beam Cell+1","Stack","Reprogram"],"picked":"SKIP","floor":29},{"not_picked":["Hologram+1","Turbo+1"],"picked":"Compile Driver+1","floor":30},{"not_picked":["Go for the Eyes","Amplify"],"picked":"FTL","floor":31},{"not_picked":["FTL","Rainbow","Reprogram+1"],"picked":"SKIP","floor":32},{"not_picked":["Core Surge","Biased Cognition"],"picked":"Reboot","floor":35},{"not_picked":["Doom and Gloom+1","Steam Power+1","Tempest"],"picked":"SKIP","floor":37},{"not_picked":["Turbo","Rebound+1","Scrape"],"picked":"SKIP","floor":41},{"not_picked":["Genetic Algorithm","Capacitor+1","Beam Cell"],"picked":"SKIP","floor":43},{"not_picked":["Melter","Steam Power+1"],"picked":"Ball Lightning+1","floor":46},{"not_picked":["Redo","Heatsinks+1"],"picked":"Chill+1","floor":47},{"not_picked":["Aggregate","Streamline+1","Sunder+1"],"picked":"SKIP","floor":48},{"not_picked":["Reprogram+1","Chaos+1"],"picked":"Electrodynamics","floor":50},{"not_picked":["Ball Lightning","Fission","Stack+1"],"picked":"SKIP","floor":56}],"player_experience":312576,"relics_obtained":[{"floor":6.0,"key":"CeramicFish"},{"floor":10.0,"key":"Strawberry"},{"floor":25,"key":"Red Mask"},{"floor":36,"key":"DemoMod:RatBoots"},{"floor":36,"key":"DemoMod:ResourcefulSack"},{"floor":36,"key":"DemoMod:PartiallyEatenCheese"},{"floor":36,"key":"energizedSpire:DeadBattery"},{"floor":38,"key":"DemoMod:VorpalBullet"},{"floor":43,"key":"Akabeko"},{"floor":45,"key":"Whetstone"},{"floor":46,"key":"Bronze Scales"},{"floor":49,"key":"Mercury Hourglass"},{"floor":56,"key":"DemoMod:BlueGuonStone"}],"event_choices":[{"damage_healed":0.0,"max_hp_gain":0.0,"max_hp_loss":0.0,"gold_gain":0.0,"event_name":"Upgrade Shrine","player_choice":"Upgraded","floor":2.0,"gold_loss":0.0,"damage_taken":0.0,"cards_upgraded":["Chill"]},{"damage_healed":0.0,"max_hp_gain":0.0,"max_hp_loss":0.0,"gold_gain":0.0,"event_name":"WeMeetAgain","player_choice":"Gave Potion","floor":14.0,"gold_loss":0.0,"damage_taken":0.0,"relics_obtained":["DemoMod:Metronome"]},{"damage_healed":4,"gold_gain":0,"player_choice":"LEAVE ","damage_taken":0,"relics_obtained":[],"max_hp_gain":0,"max_hp_loss":0,"event_name":"betterSkull:BetterSkull","floor":20,"gold_loss":0,"cards_upgraded":[]},{"damage_healed":0,"gold_gain":0,"player_choice":"Shed Blood","damage_taken":21,"max_hp_gain":5,"max_hp_loss":0,"event_name":"Forgotten Altar","floor":22,"gold_loss":0},{"damage_healed":0,"gold_gain":0,"player_choice":"Fought Bandits","damage_taken":0,"max_hp_gain":0,"max_hp_loss":0,"event_name":"Masked Bandits","floor":25,"gold_loss":0},{"damage_healed":0,"gold_gain":0,"player_choice":"Fight","damage_taken":0,"max_hp_gain":0,"max_hp_loss":0,"event_name":"Mysterious Sphere","floor":38,"gold_loss":0},{"damage_healed":0,"gold_gain":0,"player_choice":"Ignored","damage_taken":0,"max_hp_gain":0,"max_hp_loss":0,"event_name":"Falling","floor":40,"gold_loss":0},{"damage_healed":0,"gold_gain":222,"player_choice":"Wore Mask","damage_taken":0,"max_hp_gain":0,"max_hp_loss":0,"event_name":"Tomb of Lord Red Mask","floor":44,"gold_loss":0}],"is_beta":false,"boss_relics":[{"not_picked":["energizedSpire:HugeHouse","DemoMod:WaxWing"],"picked":"Nuclear Battery"},{"not_picked":[]}],"items_purged_floors":[39,55],"is_endless":false,"potions_floor_spawned":[1,3,5,12,16,24,28,29,32,43,46,47,48,50],"ascension_level":5}}