{"host":"l4lyu1jo6nvtq6u8","time":1613955971,"event":{"mods":["Act Like it!","Aspiration","BaseMod","Better Sensory Stone","Better Third Choice","CapriCore","Conspire","Curses Come First","Energized Spire","FetchMod","Gensokyo","Halation","Hubris","Infinite Spire","Jedi Mod","Marisa????????","Minty Spire (QoL Compilation)","Pale of the Ancients","Poor People Problems","Quick Restart","Random Character Button","RatMod","Relic Sorter","Replay The Spire","StSLib","The Immortal","slay the spire mod where everything is the same but ironclad has a cowboy hat"],"gold_per_floor":[18,28,28,44,56,56,67,86,111,111,36,54,1,1,1,98,98,118,118,152,85,96,96,107,107,107,107,126,141,141,141,141,141,141,141],"floor_reached":33,"language":"ENG","playtime":869,"items_purged":["MokouMod:Strike","ReplayTheSpireMod:Splinters"],"score":237,"play_id":"3750cc50-ecff-4afc-9965-8d88c4809793","local_time":"20210221190611","is_ascension_mode":false,"campfire_choices":[{"data":"MokouMod:RadiantBlade","floor":6,"key":"SMITH"},{"data":"MokouMod:FujiyamaVolcano","floor":10,"key":"SMITH"},{"data":"MokouMod:SearingShot","floor":15,"key":"SMITH"},{"data":"Reinforced Body","floor":23,"key":"SMITH"},{"data":"MokouMod:Geothermal","floor":25,"key":"SMITH"},{"data":"MokouMod:Geothermal","floor":27,"key":"SMITH"},{"data":"MokouMod:InfernalWave","floor":30,"key":"SMITH"},{"floor":32,"key":"REST"}],"circlet_count":0,"master_deck":["MokouMod:Defend","MokouMod:Defend","MokouMod:Defend","MokouMod:HeatSpark","MokouMod:RadiantBlade+1","MokouMod:HeatCyclone","MokouMod:InfernalWave+1","MokouMod:FujiyamaVolcano+1","MokouMod:SearingBlow","MokouMod:SearingShot+1","MokouMod:Geothermal+1","MokouMod:SearingBlow+1","MokouMod:HeartofFire+1","MokouMod:Fireball+1","Reinforced Body+1","MokouMod:Geothermal+1","MokouMod:CrimsonArmoury+1"],"relics":["MokouMod:PhoenixFeather","Blue Doll","Astrolabe","Orichalcum","infinitespire:Broken Mirror","infinitespire:CursedDice","TungstenRod"],"acts_visited":["Exordium","Gensokyo:Gensokyoer"],"potions_floor_usage":[20,24,33],"damage_taken":[{"damage":0,"enemies":"2 Louse","floor":1,"turns":2},{"damage":16,"enemies":"infinitespire:Voidling","floor":2,"turns":3},{"damage":0,"enemies":"Cultist","floor":4,"turns":2},{"damage":14,"enemies":"Blue Slaver","floor":5,"turns":6},{"damage":0,"enemies":"2 Fungi Beasts","floor":7,"turns":2},{"damage":7,"enemies":"3 Louse","floor":8,"turns":2},{"damage":1,"enemies":"Large Slime","floor":12,"turns":3},{"damage":38,"enemies":"Slime Boss","floor":16,"turns":10},{"damage":12,"enemies":"Gensokyo:Chomper","floor":18,"turns":4},{"damage":62,"enemies":"conspire:MimicChest","floor":20,"turns":9},{"damage":22,"enemies":"Gensokyo:3_Dogs","floor":22,"turns":4},{"damage":7,"enemies":"Gensokyo:Swordslinger","floor":24,"turns":5},{"damage":0,"enemies":"Gensokyo:3_Gloops","floor":28,"turns":4},{"damage":15,"enemies":"Gensokyo:Eiki","floor":33,"turns":3}],"seed_played":"2946008798533709838","potions_obtained":[{"floor":2,"key":"GamblersBrew"},{"floor":4,"key":"Strength Potion"},{"floor":8,"key":"Languid Potion"},{"floor":18,"key":"Energy Potion"},{"floor":28,"key":"Adrenaline Potion"}],"is_trial":false,"path_per_floor":["M","M","?","M","M","R","M","M","T","R","$","M","$","?","R","B",null,"M","?","?","$","M","R","M","R","T","R","M","?","R","AVR","R","B"],"character_chosen":"MKU","items_purchased":["MokouMod:SearingShot","MokouMod:Geothermal"],"campfire_rested":1,"item_purchase_floors":[13,21],"current_hp_per_floor":[75,59,59,59,45,45,45,38,38,38,38,37,37,30,30,18,75,63,63,1,1,18,18,11,11,11,11,11,11,11,11,33,18,18,18],"gold":141,"neow_bonus":"THREE_RARE_CARDS","is_daily":false,"chose_seed":false,"campfire_upgraded":7,"win_rate":0.0,"timestamp":1613955971,"path_taken":["M","M","?","M","M","R","M","?","T","R","$","M","?","?","R","BOSS","M","?","?","?","M","R","M","R","T","R","M","?","R","AVR","R","BOSS"],"items_purchased_type":["Card","Card"],"build_version":"2020-12-22","purchased_purges":2,"victory":false,"max_hp_per_floor":[75,75,75,75,75,75,75,75,75,75,75,75,75,75,75,75,75,75,75,75,75,75,75,75,75,75,75,75,75,75,75,75,75,75,75],"card_choices":[{"not_picked":["MokouMod:SpontaneousHumanCombustion","MokouMod:HouraiForge"],"picked":"MokouMod:RadiantBlade","floor":0},{"not_picked":["MokouMod:Stoke","MokouMod:IndiscriminateIgnition","MokouMod:IgnitionBarrier"],"picked":"SKIP","floor":1},{"not_picked":["MokouMod:BlazingComet","MokouMod:RisingSunBarrier","MokouMod:InfernalWave"],"picked":"SKIP","floor":2},{"not_picked":["MokouMod:IndiscriminateIgnition","MokouMod:BurningDraft"],"picked":"MokouMod:HeatCyclone","floor":4},{"not_picked":["MokouMod:TemporalFireSeal","MokouMod:BurningDraft"],"picked":"MokouMod:InfernalWave","floor":5},{"not_picked":["MokouMod:Trailblazer","MokouMod:CrimsonFlare"],"picked":"MokouMod:FujiyamaVolcano","floor":7},{"not_picked":["MokouMod:Stoke","MokouMod:UncontrollableSolarReaction","MokouMod:Firecracker"],"picked":"SKIP","floor":8},{"not_picked":["MokouMod:FujiyamaVolcano","MokouMod:Sear"],"picked":"MokouMod:SearingBlow","floor":12},{"not_picked":["MokouMod:HouraiForge","MokouMod:Ventilation"],"picked":"MokouMod:Geothermal","floor":16},{"not_picked":["MokouMod:TemporalFireSeal","MokouMod:DanceofFlames","MokouMod:UncontrollableSolarReaction"],"picked":"SKIP","floor":18},{"not_picked":["MokouMod:Overheat+1","MokouMod:FujiyamaVolcano"],"picked":"MokouMod:CrimsonArmoury+1","floor":22},{"not_picked":["MokouMod:HeatTransfer","MokouMod:SpontaneousHumanCombustion","MokouMod:ResoluteFlare"],"picked":"SKIP","floor":24},{"not_picked":["MokouMod:Singe","MokouMod:CrimsonArmoury","MokouMod:PhoenixFeathers+1"],"picked":"SKIP","floor":28}],"player_experience":505727,"relics_obtained":[{"floor":9,"key":"Blue Doll"},{"floor":20,"key":"Orichalcum"},{"floor":26,"key":"infinitespire:Broken Mirror"},{"floor":29,"key":"infinitespire:CursedDice"}],"event_choices":[{"cards_removed":["MokouMod:Strike"],"damage_healed":0,"gold_gain":0,"player_choice":"Offered Basic","damage_taken":0,"max_hp_gain":0,"max_hp_loss":0,"event_name":"Bonfire Elementals","floor":3,"gold_loss":0},{"cards_removed":["MokouMod:Strike"],"damage_healed":0,"gold_gain":0,"player_choice":"Card Removal","damage_taken":7,"max_hp_gain":0,"max_hp_loss":0,"event_name":"Golden Wing","floor":14,"gold_loss":0}],"is_beta":false,"boss_relics":[{"not_picked":["halation:MonkeysPaw","aspiration:FutureDiary"],"picked":"Astrolabe"}],"items_purged_floors":[11,31],"is_endless":false,"potions_floor_spawned":[2,4,8,18,28],"killed_by":"Gensokyo:Eiki","ascension_level":0}}