{"host":"3j2m8n0ywf988fwb","time":1613960899,"event":{"mods":["2.2 Compatiblity","AchievementEnabler","Act Like it!","Aspiration","Astrologer","BaseMod","Better Altar","Better Match","Better Note","Better Sensory Stone","Better Skull","Better Third Choice","CCEM2","CapriCore","Colored Map","Colored Powertips","Dark Map","GifTheSpireLib","Halation","Highlight Path","Hubris","Infinite Spire","Jedi Mod","Koishi","Marisa????????","Marked Mod","Minty Spire (QoL Compilation)","Permanent Neow","Random Character Button","Relic Stats","Reliquary","Replay The Spire","Ruina","Shop Mod","StSLib","Stuff the Spire","The Alterego","The Animator","The Immortal","The Senshi","The Servant 0.9.4","Unceasing Turn Reminder","Weighted Paths","everything is the same but u backflip on backflip"],"gold_per_floor":[115,30,42,42,42,42,42,42],"floor_reached":7,"language":"ENG","playtime":280,"items_purged":[],"score":39,"play_id":"4c1ab29c-a312-454b-bdc5-0af4b228a07e","local_time":"20210221202819","is_ascension_mode":false,"campfire_choices":[{"data":"theSenshi:MoonKick","floor":6,"key":"SMITH"}],"circlet_count":0,"master_deck":["theSenshi:SailorKick","theSenshi:SailorKick","theSenshi:SailorKick","theSenshi:SailorKick","theSenshi:SailorBlock","theSenshi:SailorBlock","theSenshi:SailorBlock","theSenshi:SailorBlock","theSenshi:RoseThrow","theSenshi:MoonPrismPowerMakeUp","Normality","theSenshi:FatedKiss","theSenshi:MoonsReflection","theSenshi:MoonKick+1"],"relics":["theSenshi:TransformationBroochRelic","Tiny Chest","halation:PrussianBluePaint"],"acts_visited":["Exordium"],"potions_floor_usage":[],"damage_taken":[{"damage":10,"enemies":"Jaw Worm","floor":1,"turns":7},{"damage":0,"enemies":"Cultist","floor":3,"turns":4},{"damage":54,"enemies":"3 Sentries","floor":7,"turns":7}],"seed_played":"-8636642443588442685","potions_obtained":[],"is_trial":false,"path_per_floor":["M","?","M","?","$","R","E"],"character_chosen":"THE_SENSHI","items_purchased":[],"campfire_rested":0,"item_purchase_floors":[],"current_hp_per_floor":[65,65,65,53,53,53,0,0],"gold":42,"neow_bonus":"THREE_RARE_CARDS","is_daily":false,"chose_seed":false,"campfire_upgraded":1,"win_rate":0.0,"timestamp":1613960899,"path_taken":["M","?","?","?","?","R","E"],"items_purchased_type":[],"build_version":"2020-12-22","purchased_purges":0,"victory":false,"max_hp_per_floor":[75,75,75,75,75,75,75,75],"relic_stats":{"counters":[3,18],"Tiny Chest":0,"obtain_stats":[{"theSenshi:TransformationBroochRelic":0,"halation:PrussianBluePaint":4,"Tiny Chest":2},{"theSenshi:TransformationBroochRelic":0,"halation:PrussianBluePaint":2,"Tiny Chest":1},{"theSenshi:TransformationBroochRelic":0,"halation:PrussianBluePaint":11,"Tiny Chest":7}]},"card_choices":[{"not_picked":["theSenshi:SailorPlutoAssists","theSenshi:SailorStarHealerAssists"],"picked":"theSenshi:FatedKiss","floor":0},{"not_picked":["theSenshi:SchoolBag","theSenshi:SailorPlanetAttack"],"picked":"theSenshi:MoonsReflection","floor":1},{"not_picked":["theSenshi:Sidestep","theSenshi:SailorVenusAssists"],"picked":"theSenshi:MoonKick","floor":3}],"player_experience":940243,"relics_obtained":[],"event_choices":[{"damage_healed":0,"gold_gain":0,"player_choice":"Paid Gold","damage_taken":0,"relics_obtained":["Tiny Chest"],"max_hp_gain":0,"max_hp_loss":0,"event_name":"WeMeetAgain","floor":2,"gold_loss":85},{"damage_healed":0,"gold_gain":0,"player_choice":"Relic ","damage_taken":12,"max_hp_gain":0,"max_hp_loss":0,"event_name":"betterThird:BetterScrap","floor":4,"gold_loss":0,"cards_obtained":["Endless Agony"]}],"is_beta":false,"boss_relics":[],"items_purged_floors":[],"is_endless":false,"potions_floor_spawned":[],"killed_by":"3 Sentries","ascension_level":0}}