{"host":"sw6p9u0oh417cx03","time":1613991862,"event":{"mods":["AchievementEnabler","Act Like it!","BaseMod","CapriCore","DeckTracker","Highlight Path","Minty Spire (QoL Compilation)","Quick Restart","StSLib"],"gold_per_floor":[414,292,292,303,303,303,322,337,337,337,337],"floor_reached":10,"language":"ZHS","playtime":300,"items_purged":["Strike_G"],"score":93,"play_id":"9bf1442b-4793-452c-b2c4-3755ae4d6425","local_time":"20210222190422","is_ascension_mode":true,"campfire_choices":[{"data":"Neutralize","floor":6,"key":"SMITH"}],"circlet_count":0,"master_deck":["AscendersBane","Strike_G","Strike_G","Strike_G","Defend_G","Defend_G","Defend_G","Defend_G","Defend_G","Survivor","Neutralize+1","Acrobatics","Adrenaline","Cloak And Dagger"],"relics":["Ring of the Snake","Old Coin","Pantograph"],"acts_visited":["Exordium"],"potions_floor_usage":[10,10],"damage_taken":[{"damage":6.0,"enemies":"Small Slimes","floor":1.0,"turns":5.0},{"damage":5,"enemies":"Cultist","floor":4,"turns":4},{"damage":2,"enemies":"Jaw Worm","floor":7,"turns":5},{"damage":3,"enemies":"Red Slaver","floor":8,"turns":6},{"damage":49,"enemies":"Gremlin Nob","floor":10,"turns":5}],"seed_played":"-8277034062438206169","potions_obtained":[{"floor":1.0,"key":"Swift Potion"},{"floor":8,"key":"SpeedPotion"}],"is_trial":false,"path_per_floor":["M","$","?","M","?","R","M","M","T","E"],"character_chosen":"THE_SILENT","items_purchased":["Acrobatics"],"campfire_rested":0,"item_purchase_floors":[2],"current_hp_per_floor":[57,57,57,52,52,52,50,47,47,0,0],"gold":337,"neow_bonus":"ONE_RARE_RELIC","is_daily":false,"chose_seed":false,"campfire_upgraded":1,"win_rate":0.0,"timestamp":1613991862,"path_taken":["M","$","?","?","?","R","M","M","T","E"],"items_purchased_type":["Card"],"build_version":"2020-12-22","purchased_purges":1,"victory":false,"max_hp_per_floor":[63,63,63,63,63,63,63,63,63,63,63],"card_choices":[{"not_picked":["Leg Sweep","Dodge and Roll","Flying Knee"],"picked":"SKIP","floor":1.0},{"not_picked":["Crippling Poison","Deflect","Expertise"],"picked":"SKIP","floor":4},{"not_picked":["Poisoned Stab","Prepared"],"picked":"Cloak And Dagger","floor":7},{"not_picked":["Cloak And Dagger","All Out Attack","PiercingWail"],"picked":"SKIP","floor":8}],"player_experience":311488,"relics_obtained":[{"floor":9,"key":"Pantograph"}],"event_choices":[{"damage_healed":0,"gold_gain":0,"player_choice":"1 cards matched","damage_taken":0,"max_hp_gain":0,"max_hp_loss":0,"event_name":"Match and Keep!","floor":3,"gold_loss":0,"cards_obtained":["Adrenaline"]},{"cards_removed":["Strike_G"],"damage_healed":0,"gold_gain":0,"player_choice":"Offered Basic","damage_taken":0,"max_hp_gain":0,"max_hp_loss":0,"event_name":"Bonfire Elementals","floor":5,"gold_loss":0}],"is_beta":false,"boss_relics":[],"items_purged_floors":[2],"is_endless":false,"potions_floor_spawned":[1,8],"killed_by":"Gremlin Nob","ascension_level":12}}