{"host":"1v3mnj67s3trvm6y","time":1613971184,"event":{"mods":["BaseMod","Challenge The Spire","Minty Spire (QoL Compilation)","StSLib","The Cursed"],"gold_per_floor":[117,135,145,70,80,109,109,124,149,149,180,180,193,213,213,312,312,322,337,337,365,377,424,436,478,514,526,538,578,590,602,614,723,735,762,787,816,847,877,924,936,972,984,1024,1056,1088,1100,650,650,650,650,650,242,268,268],"floor_reached":56,"language":"ENG","playtime":4172,"items_purged":["TheCursedMod:Strike_TheCursed","TheCursedMod:Defend_TheCursed"],"score":1304,"play_id":"89664640-74af-4c60-bc40-9ee4bac5bf0d","local_time":"20210222141944","is_ascension_mode":false,"campfire_choices":[{"floor":7,"key":"REST"},{"data":"TheCursedMod:SpitefulPlan","floor":10,"key":"SMITH"},{"data":"TheCursedMod:CleanUpWorkshop","floor":12,"key":"SMITH"},{"data":"TheCursedMod:SmokeScreen","floor":15,"key":"SMITH"},{"data":"TheCursedMod:SaltUponWound","floor":24,"key":"SMITH"},{"floor":27,"key":"REST"},{"floor":30,"key":"REST"},{"floor":32,"key":"RECALL"},{"floor":41,"key":"REST"},{"floor":49,"key":"REST"},{"data":"TheCursedMod:NeowsMight","floor":52,"key":"SMITH"}],"circlet_count":0,"master_deck":["TheCursedMod:CursedWand","TheCursedMod:CleanUpWorkshop+1","TheCursedMod:Dregs","TheCursedMod:Dregs","TheCursedMod:CursedBlade","TheCursedMod:CursedShiv","TheCursedMod:SpitefulPray","TheCursedMod:RapidMovement","TheCursedMod:HellsGateOpen","TheCursedMod:SpitefulPlan+1","TheCursedMod:HellfireBreathing","TheCursedMod:FleshFromBone","TheCursedMod:SmokeScreen+1","TheCursedMod:Neurasthenia","TheCursedMod:Mangle+1","TheCursedMod:Mangle+1","TheCursedMod:SoulReap+1","TheCursedMod:SpitefulPray+1","TheCursedMod:Torture+1","TheCursedMod:HellfireBreathing","TheCursedMod:SaltUponWound+1","TheCursedMod:WearCloak","TheCursedMod:CursedSpellbook","TheCursedMod:ParallelWorld","TheCursedMod:ParallelWorld","TheCursedMod:NeowsMight+1","TheCursedMod:HellfireBreathing","TheCursedMod:WearCloak+1","TheCursedMod:CircleOfAbyss","TheCursedMod:CircleOfBlood+1","TheCursedMod:SoulReap","TheCursedMod:Torture+1","TheCursedMod:LuckyCharm+1","TheCursedMod:HellfireBreathing","TheCursedMod:HellfireBreathing+1","TheCursedMod:HellfireBreathing","TheCursedMod:Wield","TheCursedMod:Evocation","TheCursedMod:HellfireBreathing","TheCursedMod:Evocation+1"],"relics":["TheCursedMod:BlackMagic101","FossilizedHelix","TheCursedMod:CrystalBall","Tiny Chest","Astrolabe","MawBank","Kunai","Darkstone Periapt","Omamori","Prayer Wheel","Calling Bell","Happy Flower","HornCleat","CaptainsWheel","Incense Burner","Vajra","Letter Opener","Torii","Ornamental Fan","Nunchaku","Eternal Feather"],"acts_visited":["Exordium","TheCity","TheBeyond","TheEnding"],"potions_floor_usage":[6,11,18,23,25,33,54,55,55,55,55,55],"damage_taken":[{"damage":0,"enemies":"2 Louse","floor":1,"turns":3},{"damage":0,"enemies":"Jaw Worm","floor":2,"turns":4},{"damage":0,"enemies":"Small Slimes","floor":3,"turns":2},{"damage":0,"enemies":"2 Fungi Beasts","floor":5,"turns":3},{"damage":33,"enemies":"Lagavulin","floor":6,"turns":9},{"damage":0,"enemies":"Blue Slaver","floor":8,"turns":3},{"damage":0,"enemies":"3 Sentries","floor":11,"turns":6},{"damage":0,"enemies":"Exordium Wildlife","floor":13,"turns":3},{"damage":0,"enemies":"Looter","floor":14,"turns":3},{"damage":34,"enemies":"Hexaghost","floor":16,"turns":12},{"damage":15,"enemies":"2 Thieves","floor":18,"turns":4},{"damage":0,"enemies":"Spheric Guardian","floor":19,"turns":4},{"damage":0,"enemies":"Snecko","floor":21,"turns":5},{"damage":23,"enemies":"Gremlin Leader","floor":23,"turns":7},{"damage":46,"enemies":"Book of Stabbing","floor":25,"turns":6},{"damage":19,"enemies":"Slavers","floor":29,"turns":5},{"damage":23,"enemies":"Collector","floor":33,"turns":7},{"damage":0,"enemies":"3 Shapes","floor":35,"turns":7},{"damage":0,"enemies":"Orb Walker","floor":36,"turns":3},{"damage":11,"enemies":"3 Darklings","floor":37,"turns":5},{"damage":40,"enemies":"4 Shapes","floor":38,"turns":8},{"damage":19,"enemies":"Jaw Worm Horde","floor":39,"turns":6},{"damage":48,"enemies":"Reptomancer","floor":40,"turns":8},{"damage":47,"enemies":"Giant Head","floor":44,"turns":10},{"damage":8,"enemies":"Maw","floor":45,"turns":7},{"damage":19,"enemies":"Sphere and 2 Shapes","floor":46,"turns":5},{"damage":16,"enemies":"Time Eater","floor":50,"turns":10},{"damage":26,"enemies":"Shield and Spear","floor":54,"turns":8},{"damage":82,"enemies":"The Heart","floor":55,"turns":10}],"seed_played":"3567975016095393851","potions_obtained":[{"floor":1,"key":"SteroidPotion"},{"floor":2,"key":"SkillPotion"},{"floor":8,"key":"Fire Potion"},{"floor":13,"key":"Strength Potion"},{"floor":14,"key":"SkillPotion"},{"floor":18,"key":"Fire Potion"},{"floor":23,"key":"Swift Potion"},{"floor":29,"key":"Weak Potion"},{"floor":33,"key":"PowerPotion"}],"is_trial":false,"path_per_floor":["M","M","M","$","M","E","R","M","T","R","E","R","M","M","R","B",null,"M","M","?","M","$","E","R","E","T","R","?","E","R","?","R","B",null,"M","M","M","M","M","E","R","T","T","E","M","M","?","$","R","B",null,"R","$","E","B",null],"character_chosen":"THE_CURSED","items_purchased":["Ornamental Fan","TheCursedMod:HellfireBreathing","TheCursedMod:Wield","Nunchaku","TheCursedMod:Evocation","TheCursedMod:HellfireBreathing","EntropicBrew"],"campfire_rested":5,"item_purchase_floors":[48,48,48,53,53,53,53],"current_hp_per_floor":[75,75,75,75,75,42,64,64,64,64,64,64,64,64,64,30,75,70,70,70,70,70,54,54,15,15,37,37,25,47,47,47,24,75,75,75,75,46,54,24,46,46,46,32,44,39,39,39,61,51,75,75,75,54,10],"gold":268,"neow_bonus":"ONE_RARE_RELIC","is_daily":false,"chose_seed":false,"campfire_upgraded":5,"win_rate":0.0,"timestamp":1613971184,"path_taken":["M","M","M","$","M","E","R","M","T","R","E","R","M","M","R","BOSS","M","M","?","M","$","E","R","E","T","R","?","E","R","?","R","BOSS","M","M","M","M","M","E","R","?","T","E","M","M","?","?","R","BOSS","R","$","E","BOSS"],"items_purchased_type":["Relic","Card","Card","Relic","Card","Card","Potion"],"build_version":"2020-12-22","purchased_purges":2,"victory":true,"max_hp_per_floor":[75,75,75,75,75,75,75,75,75,75,75,75,75,75,75,75,75,75,75,75,75,75,75,75,75,75,75,75,75,75,75,75,75,75,75,75,75,75,75,75,75,75,75,75,75,75,75,75,75,75,75,75,75,75,75],"card_choices":[{"not_picked":["TheCursedMod:Obscuration","TheCursedMod:CursedAmulet"],"picked":"TheCursedMod:CursedBlade","floor":1},{"not_picked":["TheCursedMod:Stretching","TheCursedMod:SurpriseAttack"],"picked":"TheCursedMod:CursedShiv","floor":2},{"not_picked":["TheCursedMod:FleshFromBone","TheCursedMod:SmokeScreen"],"picked":"TheCursedMod:SpitefulPray","floor":3},{"not_picked":["TheCursedMod:BloodBarrier","TheCursedMod:Obscuration"],"picked":"TheCursedMod:RapidMovement","floor":5},{"not_picked":["TheCursedMod:CursedBlade","TheCursedMod:CursedShiv"],"picked":"TheCursedMod:HellsGateOpen","floor":6},{"not_picked":["TheCursedMod:ReleasedKnowledge","TheCursedMod:SpitefulStrike"],"picked":"TheCursedMod:SpitefulPlan","floor":8},{"not_picked":["TheCursedMod:AbyssShockwave","TheCursedMod:DarkBarrier"],"picked":"TheCursedMod:HellfireBreathing","floor":11},{"not_picked":["TheCursedMod:CursedShiv","TheCursedMod:CursedMace"],"picked":"TheCursedMod:FleshFromBone","floor":13},{"not_picked":["TheCursedMod:Obscuration","TheCursedMod:Stretching"],"picked":"TheCursedMod:SmokeScreen","floor":14},{"not_picked":["TheCursedMod:CursedRelics","TheCursedMod:AntiAging"],"picked":"TheCursedMod:Neurasthenia","floor":16},{"not_picked":["TheCursedMod:RapidMovement+1","TheCursedMod:FleshFromBone"],"picked":"TheCursedMod:SpitefulPray+1","floor":18},{"not_picked":["TheCursedMod:WearCloak","TheCursedMod:VitalStrike"],"picked":"TheCursedMod:Torture+1","floor":19},{"not_picked":["TheCursedMod:Stigma+1","TheCursedMod:FleshFromBone+1"],"picked":"TheCursedMod:HellfireBreathing","floor":21},{"not_picked":["TheCursedMod:CursedShiv","TheCursedMod:SurpriseAttack"],"picked":"TheCursedMod:SaltUponWound","floor":23},{"not_picked":["TheCursedMod:SmokeScreen","TheCursedMod:DoubleShield"],"picked":"TheCursedMod:WearCloak","floor":25},{"not_picked":["TheCursedMod:ParallelWorld","TheCursedMod:WearCloak"],"picked":"TheCursedMod:CursedSpellbook","floor":29},{"not_picked":["TheCursedMod:UltimatePain","TheCursedMod:ManaCirculation"],"picked":"TheCursedMod:NeowsMight","floor":33},{"not_picked":["TheCursedMod:SmokeScreen+1","TheCursedMod:CursedMace+1"],"picked":"TheCursedMod:HellfireBreathing","floor":35},{"not_picked":["TheCursedMod:CursedShiv","TheCursedMod:CircleOfCorruption+1"],"picked":"TheCursedMod:WearCloak+1","floor":35},{"not_picked":["TheCursedMod:Wield+1","TheCursedMod:Stretching+1"],"picked":"TheCursedMod:CircleOfAbyss","floor":36},{"not_picked":["TheCursedMod:ReleasedStrength+1","TheCursedMod:FleshFromBone+1"],"picked":"TheCursedMod:CircleOfBlood+1","floor":36},{"not_picked":["TheCursedMod:FleshFromBone+1","TheCursedMod:Mangle+1","TheCursedMod:WearCloak+1"],"picked":"SKIP","floor":37},{"not_picked":["TheCursedMod:TroublousMinions+1","TheCursedMod:VitalStrike+1","TheCursedMod:SurpriseAttack+1"],"picked":"SKIP","floor":37},{"not_picked":["TheCursedMod:CursedStaff+1","TheCursedMod:WearCloak+1"],"picked":"TheCursedMod:SoulReap","floor":38},{"not_picked":["TheCursedMod:VitalStrike+1","TheCursedMod:WearCloak+1","TheCursedMod:SurpriseAttack+1"],"picked":"SKIP","floor":38},{"not_picked":["TheCursedMod:VitalStrike","TheCursedMod:FleshFromBone"],"picked":"TheCursedMod:Torture+1","floor":39},{"not_picked":["TheCursedMod:ManaBullet","TheCursedMod:CursedStaff","TheCursedMod:WearCloak"],"picked":"SKIP","floor":39},{"not_picked":["TheCursedMod:CircleOfAbyss","TheCursedMod:AshesToAshes+1"],"picked":"TheCursedMod:LuckyCharm+1","floor":40},{"not_picked":["TheCursedMod:HellsGateOpen","TheCursedMod:Torture"],"picked":"TheCursedMod:HellfireBreathing","floor":44},{"not_picked":["TheCursedMod:CircleOfFlame","TheCursedMod:Stretching+1"],"picked":"TheCursedMod:HellfireBreathing+1","floor":45},{"not_picked":["TheCursedMod:Stigma","TheCursedMod:CursedBlade+1","TheCursedMod:SpitefulStrike"],"picked":"SKIP","floor":45},{"not_picked":["TheCursedMod:SmokeScreen","TheCursedMod:EmpowerCircles","TheCursedMod:SpreadPlague+1"],"picked":"SKIP","floor":46},{"not_picked":["TheCursedMod:VitalStrike","TheCursedMod:SurpriseAttack+1","TheCursedMod:CircleOfFlame"],"picked":"SKIP","floor":46},{"not_picked":["TheCursedMod:CircleOfFlame+1","TheCursedMod:TroublousMinions"],"picked":"TheCursedMod:Evocation+1","floor":54}],"player_experience":1593193,"relics_obtained":[{"floor":6,"key":"TheCursedMod:CrystalBall"},{"floor":11,"key":"Tiny Chest"},{"floor":23,"key":"Kunai"},{"floor":25,"key":"Darkstone Periapt"},{"floor":26,"key":"Omamori"},{"floor":29,"key":"Prayer Wheel"},{"floor":34,"key":"Happy Flower"},{"floor":34,"key":"HornCleat"},{"floor":34,"key":"CaptainsWheel"},{"floor":40,"key":"Incense Burner"},{"floor":42,"key":"Vajra"},{"floor":43,"key":"Letter Opener"},{"floor":44,"key":"Torii"},{"floor":54,"key":"Eternal Feather"}],"event_choices":[{"damage_healed":0,"gold_gain":0,"player_choice":"Opened","damage_taken":0,"relics_obtained":["MawBank"],"max_hp_gain":0,"max_hp_loss":0,"event_name":"The Mausoleum","floor":20,"gold_loss":0},{"cards_removed":["TheCursedMod:Defend_TheCursed"],"damage_healed":0,"gold_gain":0,"player_choice":"Elegance","damage_taken":0,"max_hp_gain":0,"max_hp_loss":0,"event_name":"Back to Basics","floor":28,"gold_loss":0},{"damage_healed":0,"gold_gain":0,"cards_transformed":["TheCursedMod:Strike_TheCursed","TheCursedMod:Strike_TheCursed"],"player_choice":"Became Test Subject","damage_taken":0,"max_hp_gain":0,"max_hp_loss":0,"event_name":"Drug Dealer","floor":31,"gold_loss":0,"cards_obtained":["TheCursedMod:ParallelWorld","TheCursedMod:ParallelWorld"]},{"damage_healed":0,"gold_gain":0,"player_choice":"Ignored","damage_taken":0,"max_hp_gain":0,"max_hp_loss":0,"event_name":"Tomb of Lord Red Mask","floor":47,"gold_loss":0}],"is_beta":false,"boss_relics":[{"not_picked":["Tiny House","Snecko Eye"],"picked":"Astrolabe"},{"not_picked":["TheCursedMod:BlackMagicAdvanced","Velvet Choker"],"picked":"Calling Bell"}],"items_purged_floors":[4,48],"is_endless":false,"potions_floor_spawned":[1,2,8,13,14,18,23,29,33,35,37,38,46],"ascension_level":0}}