{"host":"u0pt4wuoyrjgzhh2","time":1613984097,"event":{"mods":["ATMod(°¢èªMod)","AchievementEnabler","Act Like it!","Aspiration","BaseMod","Better Note","Better Vampires","Better-Laid Plans","BetterRewards","Block Reminder","Challenge The Spire","Colored Map","Colored Powertips","Conspire","Dota2Spire","Downfall","Gensokyo","Highlight Path","Hubris","Minty Spire (QoL Compilation)","Relic Filter Mod","Relic Stats","Reliquary","Replay The Spire","Shop Mod","Spicy Shops","StSLib","SuperFastMode","TestMod","Wide Potions","¡¾ÒÅÎï¿¨ÅÆ¡¿REMEMod"],"gold_per_floor":[99,116,131,131,231,257,281,191,216,16,16,47,61,79,99,203,203,203,216,216,53,128,128,154,196,208,268,280,302,363,386,448,559,571,483,512,393,408,83,83,131,186,186,199,240,240,240,284,302,332,332,396,35,35,35,67],"floor_reached":57,"language":"ZHS","playtime":3060,"items_purged":["bronze:Strike","bronze:Defend","bronze:Defend"],"score":1363,"play_id":"594206d3-ff2e-424f-9613-49ad79b7d0d8","local_time":"20210222165457","is_ascension_mode":true,"campfire_choices":[{"floor":1.0,"key":"RECALL"},{"data":"bronze:Separator","floor":10.0,"key":"SMITH"},{"data":"bronze:Defend","floor":18.0,"key":"PURGE"},{"data":"bronze:Allocate","floor":23.0,"key":"SMITH"},{"data":"bronze:Goto","floor":26.0,"key":"SMITH"},{"data":"REME_PuzzleBox","floor":46,"key":"SMITH"},{"data":"bronze:Repulsor","floor":54,"key":"SMITH"}],"circlet_count":0,"master_deck":["bronze:Defend","bronze:Replicate","bronze:Goto+1","AT_ShrugMaster","AT_FamilyPortrait","bronze:ItsAFeature","bronze:OilSpill+1","bronze:GetLatest","bronze:Shell+1","bronze:ChosenStrike","bronze:Allocate+1","bronze:Verify","bronze:FineTuning+1","bronze:Return+1","bronze:Iterate","bronze:GetLatest+1","bronze:FineTuning+1","bronze:Break","Purity","bronze:Repair+1","bronze:ClassDefault+1","bronze:FineTuning","bronze:MaxOutput+1","bronze:Constructor+1","bronze:Repulsor+1"],"relics":["AT_ATBox","testmod-TestBox","REME_ComplimentaryCards","Replay:Bronze Core","testmod-Hope","testmod-LifeArmor","bronze:SilverBullet","Mercury Hourglass","downfall:HeartBlessingGreen","downfall:HeartBlessingRed","Ancient Tea Set","sneckomod:SneckoTalon","aspiration:RitualStick","Dota2Spire:HandOfMidas","MawBank","aspiration:Stabinomicon","REME_LowDesire","aspiration:Lifesprig","aspiration:ArtOfWarUpgrade","downfall:HeartBlessingBlue","champ:Barbells","Chameleon Ring","TheAbacus","Simple Rune","Replay:Baseball","sneckomod:BlankCard","Dota2Spire:CrimsonGuard","OrangePellets","Nunchaku"],"acts_visited":["Exordium","TheCity","TheBeyond","TheEnding"],"potions_floor_usage":[55,56,56],"damage_taken":[{"damage":2.0,"enemies":"2 Louse","floor":2.0,"turns":3.0},{"damage":8.0,"enemies":"Jaw Worm","floor":3.0,"turns":3.0},{"damage":6.0,"enemies":"downfall:Heads","floor":5.0,"turns":7.0},{"damage":0.0,"enemies":"downfall:FleeingMerchant","floor":8.0,"turns":5.0},{"damage":19.0,"enemies":"3 Sentries","floor":9.0,"turns":4.0},{"damage":3.0,"enemies":"Gremlin Nob","floor":12.0,"turns":3.0},{"damage":0.0,"enemies":"Small Slimes","floor":13.0,"turns":2.0},{"damage":7.0,"enemies":"Exordium Wildlife","floor":14.0,"turns":3.0},{"damage":10.0,"enemies":"Exordium Thugs","floor":15.0,"turns":2.0},{"damage":8.0,"enemies":"WA_ARCHETYPE_RETAIN","floor":16.0,"turns":4.0},{"damage":0.0,"enemies":"Spheric Guardian","floor":19.0,"turns":3.0},{"damage":8.0,"enemies":"downfall:FleeingMerchant","floor":21.0,"turns":5.0},{"damage":0.0,"enemies":"downfall:LooterAlt2","floor":22.0,"turns":6.0},{"damage":6.0,"enemies":"Book of Stabbing","floor":25.0,"turns":4.0},{"damage":4.0,"enemies":"Cultist and Chosen","floor":27.0,"turns":3.0},{"damage":9.0,"enemies":"Snecko","floor":29.0,"turns":3.0},{"damage":0.0,"enemies":"Snake Plant","floor":30.0,"turns":2.0},{"damage":15.0,"enemies":"Shelled Parasite and Fungi","floor":31.0,"turns":3.0},{"damage":8.0,"enemies":"Snecko","floor":32.0,"turns":3.0},{"damage":7.0,"enemies":"SI_MIRROR_ARCHETYPE","floor":33.0,"turns":3.0},{"damage":0.0,"enemies":"Orb Walker","floor":36.0,"turns":1.0},{"damage":0.0,"enemies":"downfall:FleeingMerchant","floor":37.0,"turns":2.0},{"damage":8.0,"enemies":"3 Darklings","floor":38.0,"turns":3.0},{"damage":0.0,"enemies":"R_Hoarder","floor":42.0,"turns":2.0},{"damage":3,"enemies":"Jaw Worm Horde","floor":44,"turns":1},{"damage":4,"enemies":"Maw","floor":45,"turns":4},{"damage":0,"enemies":"Transient","floor":48,"turns":5},{"damage":3,"enemies":"Jaw Worm Horde","floor":49,"turns":2},{"damage":23,"enemies":"DF_ARCHETYPE_ORBS","floor":50,"turns":4},{"damage":47,"enemies":"downfall:CharBossMerchant","floor":52,"turns":7},{"damage":2,"enemies":"downfall:NeowBoss","floor":55,"turns":6},{"damage":22,"enemies":"downfall:NeowBossFinal","floor":56,"turns":6}],"seed_played":"8399625312820916660","potions_obtained":[{"floor":2.0,"key":"Dexterity Potion"},{"floor":3.0,"key":"Fire Potion"},{"floor":9.0,"key":"AttackPotion"},{"floor":12.0,"key":"EssenceOfSteel"},{"floor":14.0,"key":"Weak Potion"},{"floor":19.0,"key":"Elixir"},{"floor":22.0,"key":"Energy Potion"},{"floor":29.0,"key":"Swift Potion"},{"floor":32.0,"key":"testmod-SpacePotion"},{"floor":42.0,"key":"SkillPotion"},{"floor":45,"key":"DuplicationPotion"},{"floor":49,"key":"Strength Potion"}],"is_trial":false,"path_per_floor":["R","M","M","?","?","T","T","$","E","R","?","E","M","M","M","B",null,"R_BF","M","?","$","M","R","T","E","R","M","T","M","M","M","M","B",null,"R","M","$","M","$","R","T","E","?","M","M","R","?","M","M","B",null,"E","$","R","B","B",null],"character_chosen":"THE_AUTOMATON","items_purchased":["Dota2Spire:HandOfMidas","champ:Barbells","Chameleon Ring","TheAbacus","bronze:ClassDefault+1","OrangePellets","Nunchaku","AttackPotion"],"campfire_rested":0,"item_purchase_floors":[21,37,37,39,39,53,53,53],"current_hp_per_floor":[70,68,60,65,59,59,59,59,40,40,40,37,37,30,20,12,75,75,75,60,52,52,52,52,46,46,42,42,33,33,18,10,3,75,85,85,85,77,77,77,77,77,77,85,81,81,95,95,95,72,95,58,58,58,66,44],"gold":67,"neow_bonus":"BOSS_RELIC","is_daily":false,"chose_seed":false,"campfire_upgraded":5,"win_rate":0.0,"timestamp":1613984097,"path_taken":["R","M","M","?","?","?","T","?","E","R","?","E","M","M","M","BOSS","R_BF","M","?","?","M","R","T","E","R","M","?","M","M","M","M","BOSS","R","M","$","M","$","R","T","E","?","?","M","R","?","?","M","BOSS","E","$","R","BOSS","BOSS"],"items_purchased_type":["Relic","Relic","Relic","Relic","Card","Relic","Relic","Potion"],"build_version":"2020-12-22","purchased_purges":3,"victory":true,"max_hp_per_floor":[70,70,70,75,75,75,75,75,75,75,75,75,75,75,75,75,75,75,75,75,75,75,75,75,75,75,75,75,75,75,75,75,75,75,85,85,85,85,85,85,85,85,85,85,85,85,95,95,95,95,95,95,95,95,95,95],"relic_stats":{"OrangePellets":[17],"Nunchaku":[3],"TheAbacus":[156],"counters":[32,113],"MawBank":156,"obtain_stats":[{"aspiration:Lifesprig":34,"bronze:BronzeCore":0,"AT_ATBox":0,"sneckomod:BlankCard":44,"downfall:HeartBlessingGreen":10,"testmod-LifeArmor":6,"aspiration:Stabinomicon":25,"Ancient Tea Set":12,"aspiration:RitualStick":20,"Nunchaku":53,"Chameleon Ring":37,"TheAbacus":39,"Dota2Spire:CrimsonGuard":52,"downfall:HeartBlessingBlue":35,"Replay:Bronze Core":0,"aspiration:ArtOfWarUpgrade":40,"REME_LowDesire":34,"Dota2Spire:HandOfMidas":21,"champ:Barbells":37,"testmod-TestBox":0,"downfall:HeartBlessingRed":10,"sneckomod:SneckoTalon":17,"MawBank":24,"Mercury Hourglass":9,"OrangePellets":53,"Replay:Baseball":42,"testmod-Hope":0,"Simple Rune":41,"Art of War":34,"bronze:SilverBullet":7,"REME_ComplimentaryCards":0},{"aspiration:Lifesprig":20,"bronze:BronzeCore":0,"AT_ATBox":0,"sneckomod:BlankCard":25,"downfall:HeartBlessingGreen":5,"testmod-LifeArmor":3,"aspiration:Stabinomicon":14,"Ancient Tea Set":6,"aspiration:RitualStick":11,"Nunchaku":30,"Chameleon Ring":22,"TheAbacus":23,"Dota2Spire:CrimsonGuard":30,"downfall:HeartBlessingBlue":20,"Replay:Bronze Core":0,"aspiration:ArtOfWarUpgrade":23,"REME_LowDesire":20,"Dota2Spire:HandOfMidas":12,"champ:Barbells":22,"testmod-TestBox":0,"downfall:HeartBlessingRed":5,"sneckomod:SneckoTalon":10,"MawBank":13,"Mercury Hourglass":5,"OrangePellets":30,"Replay:Baseball":24,"testmod-Hope":0,"Simple Rune":23,"Art of War":20,"bronze:SilverBullet":3,"REME_ComplimentaryCards":0},{"aspiration:Lifesprig":70,"bronze:BronzeCore":0,"AT_ATBox":0,"sneckomod:BlankCard":79,"downfall:HeartBlessingGreen":22,"testmod-LifeArmor":13,"aspiration:Stabinomicon":53,"Ancient Tea Set":25,"aspiration:RitualStick":39,"Nunchaku":101,"Chameleon Ring":73,"TheAbacus":76,"Dota2Spire:CrimsonGuard":101,"downfall:HeartBlessingBlue":70,"Replay:Bronze Core":0,"aspiration:ArtOfWarUpgrade":76,"REME_LowDesire":70,"Dota2Spire:HandOfMidas":43,"champ:Barbells":73,"testmod-TestBox":0,"downfall:HeartBlessingRed":22,"sneckomod:SneckoTalon":36,"MawBank":49,"Mercury Hourglass":22,"OrangePellets":101,"Replay:Baseball":78,"testmod-Hope":0,"Simple Rune":76,"Art of War":70,"bronze:SilverBullet":13,"REME_ComplimentaryCards":0}],"aspiration:RitualStick":[9],"Mercury Hourglass":[345]},"card_choices":[{"not_picked":["bronze:BuggyMess","bronze:Fortify"],"picked":"bronze:ItsAFeature","floor":2.0},{"not_picked":["bronze:WhirlingStrike","bronze:Deprecate"],"picked":"bronze:OilSpill","floor":3.0},{"not_picked":["bronze:Philosophize","bronze:Overheat"],"picked":"bronze:GetLatest","floor":5.0},{"not_picked":["bronze:Virus","bronze:WhirlingStrike","bronze:BitShift"],"picked":"SKIP","floor":8.0},{"not_picked":["bronze:ChildClass","bronze:ItsAFeature","bronze:DelayedGuard"],"picked":"SKIP","floor":9.0},{"not_picked":["bronze:DelayedSlice","bronze:BugBarrage","bronze:Invalidate"],"picked":"SKIP","floor":12.0},{"not_picked":["bronze:Frontload","bronze:Iterate"],"picked":"bronze:ChosenStrike","floor":13.0},{"not_picked":["bronze:WildBeam","bronze:ChildClass"],"picked":"bronze:Allocate","floor":14.0},{"not_picked":["bronze:WhirlingStrike","bronze:DelayedGuard","bronze:Shield"],"picked":"SKIP","floor":15.0},{"not_picked":["bronze:SpaghettiCode","bronze:Virus"],"picked":"bronze:Verify","floor":16.0},{"not_picked":["bronze:BitShift","bronze:ForceShield","bronze:ItsAFeature"],"picked":"SKIP","floor":19.0},{"not_picked":["bronze:Flail+1","bronze:Allocate","bronze:OilSpill"],"picked":"SKIP","floor":21.0},{"not_picked":["bronze:Flail","bronze:ClassDefault"],"picked":"bronze:FineTuning","floor":22.0},{"not_picked":["bronze:ForLoop+1","bronze:Separator+1"],"picked":"bronze:Return+1","floor":25.0},{"not_picked":["bronze:Return+1","bronze:Branch","bronze:BitShift+1"],"picked":"SKIP","floor":27.0},{"not_picked":["bronze:ClassDefault","bronze:Fortify+1"],"picked":"bronze:Iterate","floor":29.0},{"not_picked":["bronze:BitShift","bronze:Backtrace"],"picked":"bronze:GetLatest","floor":30.0},{"not_picked":["bronze:Optimize+1","bronze:NullPointer"],"picked":"bronze:FineTuning+1","floor":31.0},{"not_picked":["bronze:ClassDefault","bronze:Verify","bronze:Overheat"],"picked":"SKIP","floor":32.0},{"not_picked":["bronze:AlphaBuild","bronze:ThunderWave"],"picked":"bronze:Break","floor":33.0},{"not_picked":["bronze:Overheat","bronze:Frontload","bronze:BronzeArmor"],"picked":"Purity","floor":36.0},{"not_picked":["bronze:BitShift","bronze:ChildClass","testmod-ConditionedReflex+1"],"picked":"bronze:Repair+1","floor":38.0},{"not_picked":["bronze:FineTuning","bronze:ChosenStrike","bronze:ShipIt"],"picked":"REME_PuzzleBox","floor":42.0},{"not_picked":["bronze:Philosophize","bronze:Return+1","REME_BodyOfCthun"],"picked":"bronze:MaxOutput+1","floor":44},{"not_picked":["bronze:BuggyMess+1","bronze:DarkDash+1","REME_MagicPocketWatch+1"],"picked":"bronze:Constructor+1","floor":45},{"not_picked":["bronze:Branch+1","bronze:BitShift+1","bronze:DarkDash+1","testmod-BloodBlade"],"picked":"SKIP","floor":48},{"not_picked":["bronze:Overheat","bronze:Return+1","bronze:Frontload+1","Survey Options"],"picked":"SKIP","floor":49},{"not_picked":["bronze:Frontload+1","bronze:WhirlingStrike+1","Enlightenment"],"picked":"bronze:Repulsor","floor":52}],"player_experience":172766,"relics_obtained":[{"floor":6.0,"key":"testmod-LifeArmor"},{"floor":7.0,"key":"bronze:SilverBullet"},{"floor":9.0,"key":"Mercury Hourglass"},{"floor":12.0,"key":"Ancient Tea Set"},{"floor":24.0,"key":"MawBank"},{"floor":25.0,"key":"aspiration:Stabinomicon"},{"floor":34.0,"key":"aspiration:Lifesprig"},{"floor":34.0,"key":"Art of War"},{"floor":41.0,"key":"Simple Rune"},{"floor":42.0,"key":"Replay:Baseball"},{"floor":52,"key":"Dota2Spire:CrimsonGuard"}],"event_choices":[{"damage_healed":0.0,"max_hp_gain":5.0,"max_hp_loss":0.0,"gold_gain":0.0,"event_name":"Big Fish","player_choice":"Donut","floor":4.0,"gold_loss":0.0,"damage_taken":0.0},{"cards_removed":["REME_PuzzleBox"],"damage_healed":4,"gold_gain":0,"player_choice":"Offered Rare","damage_taken":0,"max_hp_gain":10,"max_hp_loss":0,"event_name":"Bonfire Elementals","floor":47,"gold_loss":0}],"is_beta":false,"boss_relics":[{"not_picked":["conspire:RoyalGoblet","testmod-PortableAltar"],"picked":"sneckomod:SneckoTalon"},{"not_picked":["aspiration:WatcherSkillbook","aspiration:PoetsPen_weak"],"picked":"REME_LowDesire"}],"items_purged_floors":[8,37,39],"is_endless":false,"potions_floor_spawned":[2,3,9,12,14,19,22,29,30,32,42,45,49],"ascension_level":1}}