{"host":"nnt34ungdh9fkcmy","time":1613962904,"event":{"mods":["BaseMod","Downfall","Minty Spire (QoL Compilation)","StSLib","SuperFastMode"],"gold_per_floor":[111,131,2,2,12,37,37,69,69,69,103,129,129,148,148,250,250,270,286,301,54,54,79,79,110,157,157,176,176,194,226,226,226,226,226],"floor_reached":33,"language":"ENG","playtime":1469,"items_purged":["champ:Defend","champ:Defend"],"score":392,"play_id":"0755ad30-e588-46d8-9bc6-c9dcd30d9cec","local_time":"20210221200144","daily_mods":["downfall:ChampStances","DeadlyEvents","Elite Swarm","Terminal","Uncertain Future"],"is_ascension_mode":true,"campfire_choices":[{"data":"champ:SteelEdge","floor":7,"key":"SMITH"},{"data":"champ:GladiatorForm","floor":13,"key":"SMITH"},{"data":"champ:EnchantShield","floor":15,"key":"SMITH"},{"data":"champ:EnchantSword","floor":24,"key":"SMITH"},{"floor":27,"key":"REST"},{"data":"champ:StrikeOfGenius","floor":32,"key":"SMITH"}],"circlet_count":0,"master_deck":["champ:Strike","champ:Strike","champ:Defend","champ:Execute","champ:Taunt","champ:Circumvent","champ:EnGarde","champ:CrownThrow","champ:SteelEdge+1","champ:EnchantShield+1","champ:GladiatorForm+1","champ:BerserkerStyle","champ:EnchantSword+1","Writhe","champ:MurderStrike","champ:StrikeOfGenius+1","champ:BringItOn+1","champ:SteelEdge"],"relics":["champ:ChampionCrown","champ:ChampStancesModRelic","Strawberry","Turnip","Pear","Slimebound:PreparedRelic","Odd Mushroom","Busted Crown","Guardian:BottledAnomaly","InkBottle","Toxic Egg 2","Girya","Nunchaku","champ:DeflectingBracers"],"acts_visited":["Exordium","TheCity"],"potions_floor_usage":[8,23,25],"damage_taken":[{"damage":0,"enemies":"Small Slimes","floor":1,"turns":3},{"damage":0,"enemies":"2 Louse","floor":2,"turns":2},{"damage":15,"enemies":"Jaw Worm","floor":5,"turns":3},{"damage":0,"enemies":"Lagavulin","floor":6,"turns":8},{"damage":34,"enemies":"Gremlin Nob","floor":8,"turns":3},{"damage":20,"enemies":"Lagavulin","floor":11,"turns":8},{"damage":22,"enemies":"The Mushroom Lair","floor":12,"turns":5},{"damage":20,"enemies":"Looter","floor":14,"turns":2},{"damage":105,"enemies":"The Guardian","floor":16,"turns":14},{"damage":65,"enemies":"3 Byrds","floor":18,"turns":8},{"damage":39,"enemies":"Chosen","floor":19,"turns":5},{"damage":68,"enemies":"Snecko","floor":20,"turns":7},{"damage":52,"enemies":"Book of Stabbing","floor":23,"turns":7},{"damage":27,"enemies":"Slavers","floor":25,"turns":4},{"damage":25,"enemies":"Snake Plant","floor":28,"turns":3},{"damage":15,"enemies":"Chosen and Byrds","floor":30,"turns":4},{"damage":57,"enemies":"Gremlin Leader","floor":31,"turns":6},{"damage":26,"enemies":"Collector","floor":33,"turns":2}],"seed_played":"853976611264032043","potions_obtained":[{"floor":1,"key":"Block Potion"},{"floor":5,"key":"champ:CounterPotion"},{"floor":6,"key":"champ:TechniquePotion"},{"floor":11,"key":"Dexterity Potion"},{"floor":14,"key":"PowerPotion"},{"floor":23,"key":"BlessingOfTheForge"},{"floor":25,"key":"champ:UltimateStancePotion"}],"is_trial":true,"path_per_floor":["M","M","$","?","M","E","R","E","T","?","E","?","R","M","R","B",null,"M","M","M","$","?","E","R","E","T","R","M","?","M","E","R","B"],"character_chosen":"THE_CHAMP","items_purchased":["champ:EnGarde","Guardian:BottledAnomaly"],"campfire_rested":1,"item_purchase_floors":[3,21],"current_hp_per_floor":[88,87,86,90,89,95,94,80,90,83,83,76,76,76,76,58,94,72,71,59,59,59,42,42,35,35,60,50,50,50,24,24,0,0,0],"gold":226,"neow_bonus":"","is_daily":false,"chose_seed":false,"campfire_upgraded":5,"win_rate":0.0,"timestamp":1613962904,"path_taken":["M","M","$","?","M","E","R","E","T","?","E","?","R","M","R","BOSS","M","M","M","$","?","E","R","E","T","R","M","?","?","E","R","BOSS"],"items_purchased_type":["Card","Relic"],"build_version":"2020-12-22","purchased_purges":2,"victory":false,"max_hp_per_floor":[88,87,86,90,89,95,94,93,102,101,100,99,98,97,96,95,94,93,92,91,90,89,88,87,86,85,84,83,82,81,80,79,79,79,79],"card_choices":[{"not_picked":["champ:DefensiveShout","champ:FancyFootwork","champ:DeathBlow"],"picked":"SKIP","floor":1},{"not_picked":["champ:CrownThrow","champ:Backstep"],"picked":"champ:Circumvent","floor":2},{"not_picked":["champ:BringItOn","champ:BerserkersShout"],"picked":"champ:CrownThrow","floor":5},{"not_picked":["champ:Devastate","champ:HeavySlash"],"picked":"champ:SteelEdge","floor":6},{"not_picked":["champ:SteelEdge","champ:HeavySlash"],"picked":"champ:EnchantShield","floor":8},{"not_picked":["champ:TripleStrike","champ:HoldFirm"],"picked":"champ:GladiatorForm","floor":11},{"not_picked":["champ:Endure","champ:ShieldSigil"],"picked":"champ:BerserkerStyle","floor":12},{"not_picked":["champ:ShieldSlam","champ:PerfectedStrike","champ:Shatter"],"picked":"SKIP","floor":14},{"not_picked":["champ:HeavySlash","champ:Devastate"],"picked":"champ:EnchantSword","floor":16},{"not_picked":["champ:BerserkerStyle"],"picked":"SKIP","floor":18},{"not_picked":["champ:Shatter"],"picked":"SKIP","floor":19},{"not_picked":["champ:GutPunch"],"picked":"SKIP","floor":20},{"not_picked":[],"picked":"champ:MurderStrike","floor":23},{"not_picked":[],"picked":"champ:StrikeOfGenius","floor":25},{"not_picked":["champ:StanceDance+1"],"picked":"SKIP","floor":28},{"not_picked":["champ:BringItOn+1"],"picked":"SKIP","floor":30},{"not_picked":["champ:HeavySlash"],"picked":"SKIP","floor":31}],"player_experience":312143,"relics_obtained":[{"floor":6,"key":"Strawberry"},{"floor":8,"key":"Turnip"},{"floor":9,"key":"Pear"},{"floor":11,"key":"Slimebound:PreparedRelic"},{"floor":12,"key":"Odd Mushroom"},{"floor":23,"key":"Toxic Egg 2"},{"floor":25,"key":"Girya"},{"floor":26,"key":"Nunchaku"},{"floor":31,"key":"champ:DeflectingBracers"}],"event_choices":[{"damage_healed":0,"gold_gain":0,"player_choice":"Donut","damage_taken":0,"max_hp_gain":5,"max_hp_loss":0,"event_name":"Big Fish","floor":4,"gold_loss":0},{"cards_removed":["champ:Strike"],"damage_healed":0,"gold_gain":0,"player_choice":"Card Removal","damage_taken":7,"max_hp_gain":0,"max_hp_loss":0,"event_name":"Golden Wing","floor":10,"gold_loss":0},{"damage_healed":0,"gold_gain":0,"player_choice":"Fought Mushrooms","damage_taken":0,"max_hp_gain":0,"max_hp_loss":0,"event_name":"Mushrooms","floor":12,"gold_loss":0},{"damage_healed":0,"gold_gain":0,"player_choice":"Opened","damage_taken":0,"relics_obtained":["InkBottle"],"max_hp_gain":0,"max_hp_loss":0,"event_name":"The Mausoleum","floor":22,"gold_loss":0,"cards_obtained":["Writhe"]},{"damage_healed":0,"gold_gain":0,"cards_transformed":["champ:Strike","champ:Defend"],"player_choice":"Became Test Subject","damage_taken":0,"max_hp_gain":0,"max_hp_loss":0,"event_name":"Drug Dealer","floor":29,"gold_loss":0,"cards_obtained":["champ:BringItOn","champ:SteelEdge"]}],"is_beta":false,"boss_relics":[{"not_picked":["Tiny House","Empty Cage"],"picked":"Busted Crown"}],"items_purged_floors":[3,21],"is_endless":false,"potions_floor_spawned":[1,5,6,11,14,19,20,23,25],"killed_by":"Collector","ascension_level":1}}