{"host":"6fhkt7uh7k6h93g3","time":1613957605,"event":{"mods":["AchievementEnabler","Act Like it!","Aspiration","BaseMod","Better Note","BetterRewards","Colored Map","Downfall","Hermit","Marisa????????","Minty Spire (QoL Compilation)","StSLib","The Disciple"],"gold_per_floor":[99,99,109,559,575,602,650,650,669,698,718,464,475,475,486,584,584,584,584,250,250,11,24,70,82,82,102,102,334,334,353,372,471,471,471,482,495,332,332,332,332,351,351,363,374,384,403,403,414,414,414,414],"floor_reached":50,"language":"ENG","playtime":3787,"items_purged":["downfall:Malfunctioning","downfall:Icky","downfall:Icky","champ:Defend","champ:Strike"],"score":481,"play_id":"f202d58f-31e0-48a6-8bac-e49d9bf19ec8","local_time":"20210222023325","is_ascension_mode":false,"campfire_choices":[{"data":"champ:Taunt","floor":1.0,"key":"SMITH"},{"floor":8.0,"key":"REST"},{"data":"champ:MurderStrike","floor":30.0,"key":"SMITH"},{"data":"champ:StrikeOfGenius","floor":35.0,"key":"SMITH"},{"data":"champ:CheapShot","floor":40.0,"key":"SMITH"},{"data":"champ:MurderStrike","floor":43.0,"key":"SMITH"}],"circlet_count":0,"master_deck":["champ:Strike+1","champ:Defend+1","champ:Execute","champ:Taunt+1","champ:TornadoPunch","champ:FocusedDefense","champ:ShieldSlam","champ:FlashCut","champ:BringItOn","champ:CrownThrow+1","champ:ArenaPreparation+1","expansioncontent:DashGenerateEvil","champ:MurderStrike+1","champ:StrikeOfGenius+1","champ:GutPunch+1","champ:ShieldWall","champ:CheapShot+1","champ:SetATrap","champ:RisingSlash","champ:StanceDance","champ:Improvising","champ:FalseCounter+1","champ:Devastate","champ:ShieldWall+1","champ:MurderStrike+1","champ:DancingMaster"],"relics":["champ:ChampionCrownUpgraded","Mercury Hourglass","aspiration:ChemicalBlood","aspiration:ArtOfWarUpgrade","Odd Mushroom","sneckomod:BabySnecko","Membership Card","Orichalcum","aspiration:SeaSaltIceCream","aspiration:Nostalgia","Chronometer","Omamori","Philosopher\u0027s Stone","Vajra","Whetstone"],"acts_visited":["Exordium","TheCity","TheBeyond"],"potions_floor_usage":[47,49,50,50,50],"damage_taken":[{"damage":5.0,"enemies":"2 Louse","floor":3.0,"turns":2.0},{"damage":10.0,"enemies":"Small Slimes","floor":5.0,"turns":3.0},{"damage":63.0,"enemies":"Gremlin Nob","floor":6.0,"turns":6.0},{"damage":16.0,"enemies":"Cultist","floor":9.0,"turns":3.0},{"damage":15.0,"enemies":"3 Sentries","floor":10.0,"turns":6.0},{"damage":10.0,"enemies":"The Mushroom Lair","floor":11.0,"turns":3.0},{"damage":10.0,"enemies":"downfall:FleeingMerchant","floor":12.0,"turns":4.0},{"damage":10.0,"enemies":"Exordium Thugs","floor":13.0,"turns":4.0},{"damage":0.0,"enemies":"Lots of Slimes","floor":15.0,"turns":2.0},{"damage":49.0,"enemies":"DF_ARCHETYPE_STREAMLINE","floor":16.0,"turns":7.0},{"damage":30.0,"enemies":"downfall:FleeingMerchant","floor":20.0,"turns":4.0},{"damage":25.0,"enemies":"downfall:FleeingMerchant","floor":22.0,"turns":5.0},{"damage":5.0,"enemies":"downfall:LooterAlt2","floor":23.0,"turns":2.0},{"damage":33.0,"enemies":"Shell Parasite","floor":25.0,"turns":3.0},{"damage":17.0,"enemies":"Snake Plant","floor":27.0,"turns":3.0},{"damage":12.0,"enemies":"downfall:FleeingMerchant","floor":29.0,"turns":3.0},{"damage":15.0,"enemies":"3 Cultists","floor":31.0,"turns":3.0},{"damage":27.0,"enemies":"Centurion and Healer","floor":32.0,"turns":4.0},{"damage":45.0,"enemies":"IC_MUSHROOM_ARCHETYPE","floor":33.0,"turns":7.0},{"damage":15.0,"enemies":"3 Shapes","floor":36.0,"turns":4.0},{"damage":8.0,"enemies":"Orb Walker","floor":37.0,"turns":3.0},{"damage":45.0,"enemies":"Spire Growth","floor":42.0,"turns":3.0},{"damage":15.0,"enemies":"Writhing Mass","floor":44.0,"turns":5.0},{"damage":10.0,"enemies":"Sphere and 2 Shapes","floor":45.0,"turns":4.0},{"damage":33.0,"enemies":"Spire Growth","floor":46.0,"turns":3.0},{"damage":0,"enemies":"4 Shapes","floor":47,"turns":2},{"damage":25,"enemies":"3 Darklings","floor":49,"turns":3},{"damage":69,"enemies":"WA_ARCHETYPE_DIVINITY","floor":50,"turns":5}],"seed_played":"-4391199824953553675","potions_obtained":[{"floor":6.0,"key":"Regen Potion"},{"floor":9.0,"key":"Regen Potion"},{"floor":13.0,"key":"Strength Potion"},{"floor":16.0,"key":"champ:OpenerPotion"},{"floor":20.0,"key":"Fruit Juice"},{"floor":23.0,"key":"PowerPotion"},{"floor":25.0,"key":"AttackPotion"},{"floor":36.0,"key":"Weak Potion"},{"floor":42.0,"key":"Block Potion"},{"floor":42.0,"key":"DistilledChaos"},{"floor":46.0,"key":"hexamod:SoulburnPotion"},{"floor":47,"key":"SkillPotion"}],"is_trial":false,"path_per_floor":["R","?","M","?","M","E","T","R","M","E","?","$","M","?","M","B",null,"R","?","$","?","$","M","T","M","R","M","?","$","R","M","M","B",null,"R","M","M","$","?","R","T","M","R","M","M","M","M","?","M","B"],"character_chosen":"THE_CHAMP","items_purchased":["expansioncontent:DashGenerateEvil","Membership Card","champ:ShieldWall","Orichalcum","aspiration:SeaSaltIceCream","champ:SetATrap","champ:Improvising","Vajra"],"campfire_rested":1,"item_purchase_floors":[12,20,20,20,22,22,29,38],"current_hp_per_floor":[99,99,94,94,94,51,51,80,74,84,84,84,84,84,84,45,99,99,99,94,94,94,94,94,93,93,76,76,69,69,69,67,52,104,104,99,91,91,83,83,83,73,73,73,63,60,60,60,60,0,0,0],"gold":414,"neow_bonus":"TEN_PERCENT_HP_BONUS","is_daily":false,"chose_seed":false,"campfire_upgraded":5,"win_rate":0.0,"timestamp":1613957605,"path_taken":["R","?","M","?","M","E","T","R","M","E","?","$","M","?","M","BOSS","R","?","$","?","$","M","T","?","R","?","?","$","R","?","M","BOSS","R","M","M","$","?","R","T","M","R","M","M","M","?","?","M","BOSS"],"items_purchased_type":["Card","Relic","Card","Relic","Relic","Card","Card","Relic"],"build_version":"2020-12-22","purchased_purges":5,"victory":false,"max_hp_per_floor":[99,99,99,99,99,99,99,99,99,99,99,99,99,99,99,99,99,99,99,104,104,104,104,104,104,104,104,104,104,104,104,104,104,104,104,104,104,104,104,104,104,104,104,104,104,104,104,104,104,104,104,104],"card_choices":[{"not_picked":["champ:Haymaker","champ:PreciseThrust"],"picked":"champ:TornadoPunch","floor":3.0},{"not_picked":["champ:TornadoPunch","champ:BladeFlurry"],"picked":"champ:FocusedDefense","floor":5.0},{"not_picked":["champ:Backstep","champ:AdrenalArmor"],"picked":"champ:ShieldSlam","floor":6.0},{"not_picked":["champ:BladeFlurry","champ:EndlessRage"],"picked":"champ:FlashCut","floor":9.0},{"not_picked":["champ:SetATrap","champ:FancyFootwork"],"picked":"champ:BringItOn","floor":10.0},{"not_picked":["champ:RecklessLeap","champ:Haymaker"],"picked":"champ:CrownThrow","floor":11.0},{"not_picked":["champ:Lariat","champ:StanceDance"],"picked":"champ:ArenaPreparation","floor":12.0},{"not_picked":["champ:StanceDance","champ:FanOfKnives"],"picked":"champ:MurderStrike","floor":13.0},{"not_picked":["champ:FocusedBerserking","champ:AdrenalArmor","champ:StanceDance"],"picked":"SKIP","floor":15.0},{"not_picked":["champ:ShieldThrow","champ:Improvising"],"picked":"champ:StrikeOfGenius","floor":16.0},{"not_picked":["champ:TornadoPunch+1","champ:HeartStrike"],"picked":"champ:GutPunch","floor":20.0},{"not_picked":["champ:FocusedDefense","champ:ShieldSlam+1","champ:Haymaker+1"],"picked":"SKIP","floor":22.0},{"not_picked":["champ:BringItOn","champ:PreemptiveStrike","champ:AdrenalArmor"],"picked":"SKIP","floor":23.0},{"not_picked":["champ:Circumvent","champ:BladeFlurry","champ:EnGarde"],"picked":"SKIP","floor":25.0},{"not_picked":["champ:StanceDance","champ:DefensiveShout"],"picked":"champ:RisingSlash","floor":27.0},{"not_picked":["champ:BladeFlurry+1","champ:HeartStrike"],"picked":"champ:StanceDance","floor":29.0},{"not_picked":["champ:Shatter","champ:Parry"],"picked":"champ:FalseCounter+1","floor":31.0},{"not_picked":["champ:Backstep","champ:Encircle"],"picked":"champ:Devastate","floor":32.0},{"not_picked":["champ:ShieldSlam+1","champ:BerserkersShout","champ:DeathBlow+1"],"picked":"SKIP","floor":36.0},{"not_picked":["champ:BladeFlurry+1","champ:FlashCut+1"],"picked":"champ:ShieldWall+1","floor":37.0},{"not_picked":["champ:BladeFlurry","champ:TornadoPunch"],"picked":"champ:MurderStrike","floor":42.0},{"not_picked":["champ:DefensiveShout+1","champ:FlashCut","champ:EndlessRage"],"picked":"SKIP","floor":44.0},{"not_picked":["champ:CrownThrow","champ:Lariat","champ:Circumvent+1"],"picked":"SKIP","floor":45.0},{"not_picked":["champ:TornadoPunch+1","champ:Shatter","champ:BringItOn"],"picked":"SKIP","floor":46.0},{"not_picked":["champ:StanceDance+1","champ:PreciseThrust+1"],"picked":"champ:DancingMaster","floor":47},{"not_picked":["champ:ArenaPreparation+1","champ:DefensiveShout","champ:EnGarde"],"picked":"SKIP","floor":49}],"player_experience":397226,"relics_obtained":[{"floor":6.0,"key":"Mercury Hourglass"},{"floor":7.0,"key":"aspiration:ChemicalBlood"},{"floor":10.0,"key":"Art of War"},{"floor":11.0,"key":"Odd Mushroom"},{"floor":24.0,"key":"Omamori"},{"floor":41.0,"key":"Whetstone"}],"event_choices":[{"damage_healed":0.0,"max_hp_gain":0.0,"max_hp_loss":0.0,"gold_gain":0.0,"event_name":"Mushrooms","player_choice":"Fought Mushrooms","floor":11.0,"gold_loss":0.0,"damage_taken":0.0},{"damage_healed":0.0,"max_hp_gain":0.0,"max_hp_loss":0.0,"gold_gain":0.0,"event_name":"betterNote:BetterNote","player_choice":"Ignored","floor":14.0,"gold_loss":0.0,"damage_taken":0.0,"cards_obtained":["Alpha"]},{"cards_removed":["champ:Defend"],"damage_healed":0,"gold_gain":0,"player_choice":"Offered Basic","damage_taken":0,"max_hp_gain":0,"max_hp_loss":0,"event_name":"Bonfire Elementals","floor":48,"gold_loss":0}],"is_beta":false,"boss_relics":[{"not_picked":["Black Star","aspiration:DefectSkillbook"],"picked":"champ:ChampionCrownUpgraded"},{"not_picked":["aspiration:RunicSpoon","aspiration:MarisaSkillbook"],"picked":"Philosopher\u0027s Stone"}],"items_purged_floors":[12,20,22,29,38],"is_endless":false,"potions_floor_spawned":[6,9,13,15,16,23,25,32,37,42,45,47],"killed_by":"WA_ARCHETYPE_DIVINITY","ascension_level":0}}