{"host":"qgrlfjrqk9z96gfi","time":1613975424,"event":{"mods":["BaseMod","Block Reminder","Colored Map","Custom Start","DeckTracker","Minty Spire (QoL Compilation)"],"gold_per_floor":[117,131,131,147,160,160,193,193,217,233,263,263,293,307,307,381,381,391,306,144,154,154,154,154],"floor_reached":23,"language":"ENG","playtime":764,"items_purged":["Strike_G"],"score":402,"play_id":"3d7dd03b-8fef-4728-aa07-b81602f8f66e","local_time":"20210221203024","is_ascension_mode":true,"campfire_choices":[{"data":"Tools of the Trade","floor":6.0,"key":"SMITH"},{"floor":8.0,"key":"REST"},{"data":"Noxious Fumes","floor":15.0,"key":"SMITH"}],"circlet_count":0,"master_deck":["AscendersBane","Strike_G","Strike_G","Strike_G","Strike_G","Defend_G","Defend_G","Defend_G","Defend_G","Defend_G","Survivor","Neutralize","Doppelganger","Dagger Throw","Skewer+1","Underhanded Strike","Tools of the Trade+1","Noxious Fumes+1","Glass Knife","Crippling Poison","Bullet Time","Underhanded Strike","PiercingWail","Endless Agony","Ghostly","Ghostly","Ghostly"],"relics":["Ring of the Snake","Nunchaku","Centennial Puzzle","Smiling Mask","HoveringKite","Happy Flower"],"acts_visited":["Exordium","TheCity"],"potions_floor_usage":[23],"damage_taken":[{"damage":4.0,"enemies":"Jaw Worm","floor":1.0,"turns":7.0},{"damage":6.0,"enemies":"Small Slimes","floor":2.0,"turns":4.0},{"damage":0.0,"enemies":"Cultist","floor":4.0,"turns":3.0},{"damage":13.0,"enemies":"Blue Slaver","floor":5.0,"turns":3.0},{"damage":28.0,"enemies":"Gremlin Nob","floor":7.0,"turns":4.0},{"damage":3.0,"enemies":"Exordium Wildlife","floor":10.0,"turns":3.0},{"damage":1.0,"enemies":"Lagavulin","floor":11.0,"turns":5.0},{"damage":3.0,"enemies":"Looter","floor":14.0,"turns":2.0},{"damage":39.0,"enemies":"The Guardian","floor":16.0,"turns":11.0},{"damage":23.0,"enemies":"Chosen","floor":18.0,"turns":5.0},{"damage":0.0,"enemies":"Spheric Guardian","floor":21.0,"turns":3.0},{"damage":28,"enemies":"Gremlin Leader","floor":23,"turns":6}],"seed_played":"5303890097270931243","potions_obtained":[{"floor":7.0,"key":"SteroidPotion"},{"floor":10.0,"key":"EssenceOfSteel"},{"floor":11.0,"key":"AttackPotion"},{"floor":16.0,"key":"SneckoOil"}],"is_trial":false,"path_per_floor":["M","M","?","M","M","R","E","R","T","M","E","?","?","M","R","B",null,"M","?","$","M","?","E"],"character_chosen":"THE_SILENT","items_purchased":["PiercingWail","BlessingOfTheForge"],"campfire_rested":1,"item_purchase_floors":[20,20],"current_hp_per_floor":[55,49,49,49,36,36,8,27,27,24,23,45,45,42,42,3,50,27,27,27,27,27,0,0],"gold":154,"neow_bonus":"ONE_RANDOM_RARE_CARD","is_daily":false,"chose_seed":false,"campfire_upgraded":2,"win_rate":0.0,"timestamp":1613975424,"path_taken":["M","M","?","M","M","R","E","R","T","M","E","?","?","M","R","BOSS","M","?","$","M","?","E"],"items_purchased_type":["Card","Potion"],"build_version":"2020-12-22","purchased_purges":1,"victory":false,"max_hp_per_floor":[66,66,66,66,66,66,66,66,66,66,66,66,66,66,66,66,66,66,66,66,66,33,33,33],"card_choices":[{"not_picked":["Backflip","Slice"],"picked":"Dagger Throw","floor":1.0},{"not_picked":["Quick Slash","Cloak And Dagger"],"picked":"Skewer","floor":2.0},{"not_picked":["Sucker Punch","Acrobatics"],"picked":"Underhanded Strike","floor":4.0},{"not_picked":["Outmaneuver","Sucker Punch"],"picked":"Tools of the Trade","floor":5.0},{"not_picked":["Deadly Poison","Backflip","Quick Slash"],"picked":"SKIP","floor":7.0},{"not_picked":["Deadly Poison","Backflip"],"picked":"Noxious Fumes","floor":10.0},{"not_picked":["Dodge and Roll","A Thousand Cuts"],"picked":"Glass Knife","floor":11.0},{"not_picked":["Underhanded Strike","Acrobatics"],"picked":"Crippling Poison","floor":14.0},{"not_picked":["Tools of the Trade","A Thousand Cuts"],"picked":"Bullet Time","floor":16.0},{"not_picked":["Sucker Punch","Bouncing Flask"],"picked":"Underhanded Strike","floor":18.0},{"not_picked":["Dagger Throw","Masterful Stab"],"picked":"Endless Agony","floor":21.0}],"player_experience":1184707,"relics_obtained":[{"floor":7.0,"key":"Nunchaku"},{"floor":9.0,"key":"Centennial Puzzle"},{"floor":11.0,"key":"Smiling Mask"}],"event_choices":[{"damage_healed":0.0,"max_hp_gain":0.0,"max_hp_loss":0.0,"gold_gain":0.0,"event_name":"Living Wall","player_choice":"Grow","floor":3.0,"gold_loss":0.0,"damage_taken":0.0,"cards_upgraded":["Skewer"]},{"damage_healed":22.0,"max_hp_gain":0.0,"max_hp_loss":0.0,"gold_gain":0.0,"event_name":"Big Fish","player_choice":"Banana","floor":12.0,"gold_loss":0.0,"damage_taken":0.0},{"damage_healed":0.0,"max_hp_gain":0.0,"max_hp_loss":0.0,"gold_gain":30.0,"event_name":"Dead Adventurer","player_choice":"Searched \u00271\u0027 times","floor":13.0,"gold_loss":0.0,"damage_taken":0.0},{"damage_healed":0.0,"max_hp_gain":0.0,"max_hp_loss":0.0,"gold_gain":30.0,"event_name":"Dead Adventurer","player_choice":"Searched \u00271\u0027 times","floor":13.0,"gold_loss":0.0,"damage_taken":0.0},{"damage_healed":0.0,"max_hp_gain":0.0,"max_hp_loss":0.0,"gold_gain":0.0,"event_name":"Addict","player_choice":"Obtained Relic","floor":19.0,"gold_loss":85.0,"damage_taken":0.0,"relics_obtained":["Happy Flower"]},{"damage_healed":0.0,"max_hp_gain":0.0,"max_hp_loss":33.0,"gold_gain":0.0,"event_name":"Ghosts","player_choice":"Became a Ghost","floor":22.0,"gold_loss":0.0,"damage_taken":0.0,"cards_obtained":["Ghostly","Ghostly","Ghostly"]}],"is_beta":false,"boss_relics":[{"not_picked":["Ring of the Serpent","Ectoplasm"],"picked":"HoveringKite"}],"items_purged_floors":[20],"is_endless":false,"potions_floor_spawned":[7,10,11,16],"killed_by":"Gremlin Leader","ascension_level":20}}