{"host":"xpnapoz7r05b4ck7","time":1613952159,"event":{"mods":["Act Like it!","Arknights","BaseMod","Minty Spire (QoL Compilation)","StSLib","The Alterego","The Animator"],"gold_per_floor":[115,36,53,110,110,143,143,162,162,37,37,57,112,4,4,101,101,117,101,101,117,132,132,132,132],"floor_reached":24,"language":"ENG","playtime":2248,"items_purged":[],"score":246,"play_id":"f77f2c98-6466-4a2e-bf0b-02b255cfe523","local_time":"20210221190239","is_ascension_mode":false,"campfire_choices":[{"data":"alterego_mod:IndependentAction","floor":7,"key":"SMITH"},{"data":"alterego_mod:Support","floor":11,"key":"SMITH"},{"floor":15,"key":"REST"},{"floor":23,"key":"REST"}],"circlet_count":0,"master_deck":["alterego_mod:Strike","alterego_mod:Strike","alterego_mod:Defend","alterego_mod:Defend","alterego_mod:Defend","alterego_mod:Impale","alterego_mod:BigMeatyClaws","alterego_mod:BrynhildrsRune","alterego_mod:GoddessCore","alterego_mod:Undulate","alterego_mod:Punishment","alterego_mod:Support+1","alterego_mod:IndependentAction+1","alterego_mod:DeftHands","alterego_mod:ChallengeComplete","alterego_mod:TrickOrTreatment","alterego_mod:Nekomimi","alterego_mod:Weigh+1","alterego_mod:Belts+1","alterego_mod:Nekomimi+1","alterego_mod:Bounce","alterego_mod:Skirt+1","alterego_mod:SuperDuperMasochism","alterego_mod:VirginLaserPalladion"],"relics":["alterego_mod:MasochisticConstitution","NeowsBlessing","Pen Nib","Vajra","Bottled Flame","CaptainsWheel","Thread and Needle","Astrolabe"],"acts_visited":["Exordium","TheCity"],"potions_floor_usage":[8,12,16,19],"damage_taken":[{"damage":0,"enemies":"ats:Genji","floor":1,"turns":1},{"damage":0,"enemies":"Jaw Worm","floor":3,"turns":1},{"damage":0,"enemies":"Gremlin Nob","floor":6,"turns":1},{"damage":8,"enemies":"Small Slimes","floor":8,"turns":2},{"damage":3,"enemies":"Exordium Thugs","floor":12,"turns":4},{"damage":14,"enemies":"Gremlin Nob","floor":13,"turns":4},{"damage":50,"enemies":"Hexaghost","floor":16,"turns":7},{"damage":6,"enemies":"Spheric Guardian","floor":18,"turns":5},{"damage":25,"enemies":"2 Thieves","floor":19,"turns":4},{"damage":17,"enemies":"Snake Plant","floor":21,"turns":2},{"damage":14,"enemies":"3 Cultists","floor":22,"turns":6},{"damage":66,"enemies":"Gremlin Leader","floor":24,"turns":7}],"seed_played":"-5063376354118874724","potions_obtained":[{"floor":1,"key":"SteroidPotion"},{"floor":8,"key":"Block Potion"},{"floor":13,"key":"ColorlessPotion"},{"floor":18,"key":"SkillPotion"}],"is_trial":false,"path_per_floor":["M","$","M","?","?","E","R","M","T","?","R","M","?","$","R","B",null,"M","M","?","M","M","R","E"],"character_chosen":"The_Alterego","items_purchased":["alterego_mod:Undulate","alterego_mod:Punishment","alterego_mod:Belle","alterego_mod:Nekomimi"],"campfire_rested":2,"item_purchase_floors":[2,2,14,14],"current_hp_per_floor":[70,70,70,70,63,63,63,56,56,56,56,54,41,41,62,13,74,69,47,47,31,27,50,0,0],"gold":132,"neow_bonus":"THREE_ENEMY_KILL","is_daily":false,"chose_seed":false,"campfire_upgraded":2,"win_rate":0.0,"timestamp":1613952159,"path_taken":["M","$","M","?","?","E","R","M","T","?","R","?","?","$","R","BOSS","M","M","?","M","?","R","E"],"items_purchased_type":["Card","Card","Card","Card"],"build_version":"2020-12-22","purchased_purges":0,"victory":false,"max_hp_per_floor":[70,70,70,70,70,70,70,71,71,71,71,72,73,73,73,74,74,75,76,76,77,78,78,78,78],"card_choices":[{"not_picked":["alterego_mod:PurpleHair","alterego_mod:Birthday"],"picked":"alterego_mod:GoddessCore","floor":1},{"not_picked":["alterego_mod:DiscoLights","alterego_mod:Punishment"],"picked":"alterego_mod:Support","floor":3},{"not_picked":["alterego_mod:Stockings","alterego_mod:Smother"],"picked":"alterego_mod:IndependentAction","floor":6},{"not_picked":["alterego_mod:Clap","alterego_mod:SakuraPetals"],"picked":"alterego_mod:DeftHands","floor":8},{"not_picked":["alterego_mod:MagicResistance","alterego_mod:HighServant"],"picked":"alterego_mod:ChallengeComplete","floor":12},{"not_picked":["alterego_mod:BustOut","alterego_mod:Undulate"],"picked":"alterego_mod:TrickOrTreatment","floor":13},{"not_picked":["alterego_mod:Vow","alterego_mod:InsideBaseball"],"picked":"alterego_mod:Weigh","floor":16},{"not_picked":["alterego_mod:Jiggle","alterego_mod:TrashNCrash"],"picked":"alterego_mod:Bounce","floor":18},{"not_picked":["alterego_mod:Complex","alterego_mod:PresenceConcealment"],"picked":"alterego_mod:Skirt+1","floor":19},{"not_picked":["alterego_mod:GoddessCore+1","alterego_mod:SakuraPetals"],"picked":"alterego_mod:SuperDuperMasochism","floor":21},{"not_picked":["alterego_mod:BeGentle","alterego_mod:RidiculouslyBig+1"],"picked":"alterego_mod:VirginLaserPalladion","floor":22}],"player_experience":755267,"relics_obtained":[{"floor":6,"key":"Vajra"},{"floor":9,"key":"Bottled Flame"},{"floor":13,"key":"Thread and Needle"}],"event_choices":[{"damage_healed":0,"gold_gain":57,"player_choice":"Gained Gold","damage_taken":0,"max_hp_gain":0,"max_hp_loss":0,"event_name":"Golden Wing","floor":4,"gold_loss":0},{"damage_healed":0,"gold_gain":0,"player_choice":"Success","damage_taken":7,"relics_obtained":["Pen Nib"],"max_hp_gain":0,"max_hp_loss":0,"event_name":"Scrap Ooze","floor":5,"gold_loss":0},{"damage_healed":0,"gold_gain":0,"player_choice":"Paid Gold","damage_taken":0,"relics_obtained":["CaptainsWheel"],"max_hp_gain":0,"max_hp_loss":0,"event_name":"WeMeetAgain","floor":10,"gold_loss":125},{"damage_healed":0,"gold_gain":30,"player_choice":"Searched \u00272\u0027 times","damage_taken":0,"max_hp_gain":0,"max_hp_loss":0,"event_name":"Dead Adventurer","floor":13,"gold_loss":0},{"damage_healed":0,"gold_gain":0,"player_choice":"Forge","damage_taken":0,"max_hp_gain":0,"max_hp_loss":0,"event_name":"Accursed Blacksmith","floor":20,"gold_loss":0,"cards_upgraded":["alterego_mod:Weigh"]}],"is_beta":false,"boss_relics":[{"not_picked":["Ectoplasm","Snecko Eye"],"picked":"Astrolabe"}],"items_purged_floors":[],"is_endless":false,"potions_floor_spawned":[1,8,13,18],"killed_by":"Gremlin Leader","ascension_level":0}}