{"host":"n5s5ra9ho7zqf9wm","time":1613992865,"event":{"mods":["Alarm Clock","Ascension Reborn","Aspiration","BaseMod","Better Altar","Better Note","Better Sensory Stone","Better Third Choice","Better Vampires","BetterRewards","Block Reminder","Card Forge","Colored Powertips","Curses Come First","Decade(王小明)","Displayed Cursed Tome","Grow up Mod","Hubris","Infinite Spire","Jedi Mod","Marisa（F雨　魔理沙）","Minty Spire (QoL Compilation)","Nova Terra(诺娃・泰拉)","Quick Restart","Rare Cards Sparkle","Red Circlet Mod","Relic Stats","Reliquary","Remove Card Discount Mod","Replay The Spire","Ryuuou龙王","SIMod","Say the Spire","Shop Mod","Spicy Shops","StSLib","TestMod","The Alterego","The Animator","The Construct","The Cursed","The Disciple","The Marked","The Mystic","The Runesmith","The Servant 0.9.4","Waifu the Spire","[JumpMod]舞动尖塔","【功能Mod】聪明的最终Boss","【遗物卡牌】REMEMod","篝火指南"],"gold_per_floor":[114,141,159,159,159,192,37,53,53,88,88,104,124,150,107,184,184,195,209,209,609,327,327,356,373,419,429,441,458,458,508,12,89,89,106,106,106,122,168,198,198,228,253,281,291,319,419,438,438,514,588,588,596,605,605,619,619,642,651,675,675,720,727,750,757,757,651,716,716,727,727,734,934,946,976,978,978,978,1006,1006,1019,1036,1050,1050,1061,363,427,427,439,453,471,471,471,505,505,531,531,531,531,543,559,613,613,627,999,991,991],"floor_reached":106,"language":"ZHS","playtime":3974,"items_purged":["Wild Strike","Havoc"],"score":2623,"play_id":"21741fd9-be34-47f9-8d6d-a148dab4f6ac","local_time":"20210222192105","is_ascension_mode":true,"campfire_choices":[{"floor":23.0,"key":"RECALL"}],"circlet_count":0,"master_deck":["AscendersBane","theMarked:UnarmedFury","Seeing Red","Seeing Red","Offering","Reinforced Body","Flex","Flex","Searing Blow","Double Tap","Seeing Red","Parasite","Parasite","Pot Of Greed","Pot Of Greed"],"relics":["animator:TheEruzaStone","Decadriver","theMarked:ArtifactOfAir","Grinning Jar"],"acts_visited":["Exordium","TheCity","TheBeyond","Exordium","TheCity","TheBeyond"],"potions_floor_usage":[],"damage_taken":[{"damage":5.0,"enemies":"Small Slimes","floor":1.0,"turns":4.0},{"damage":7.0,"enemies":"Jaw Worm","floor":3.0,"turns":2.0},{"damage":28.0,"enemies":"Lagavulin","floor":6.0,"turns":4.0},{"damage":6.0,"enemies":"infinitespire:Voidling","floor":8.0,"turns":2.0},{"damage":16.0,"enemies":"Replay:BlueRogue","floor":10.0,"turns":5.0},{"damage":6.0,"enemies":"Looter","floor":12.0,"turns":3.0},{"damage":0.0,"enemies":"Blue Slaver","floor":13.0,"turns":3.0},{"damage":5.0,"enemies":"Gremlin Nob","floor":14.0,"turns":3.0},{"damage":69.0,"enemies":"Fading Forest","floor":16.0,"turns":13.0},{"damage":4.0,"enemies":"3 Byrds","floor":18.0,"turns":2.0},{"damage":3.0,"enemies":"Spheric Guardian","floor":19.0,"turns":3.0},{"damage":0.0,"enemies":"Book of Stabbing","floor":24.0,"turns":2.0},{"damage":0.0,"enemies":"3 Cultists","floor":25.0,"turns":1.0},{"damage":0.0,"enemies":"Snecko","floor":27.0,"turns":2.0},{"damage":0.0,"enemies":"Shelled Parasite and Fungi","floor":28.0,"turns":2.0},{"damage":0.0,"enemies":"Sentry and Sphere","floor":29.0,"turns":3.0},{"damage":1.0,"enemies":"Champ","floor":33.0,"turns":11.0},{"damage":34.0,"enemies":"3 Darklings","floor":35.0,"turns":2.0},{"damage":0.0,"enemies":"2 Orb Walkers","floor":39.0,"turns":1.0},{"damage":0.0,"enemies":"Nightmare","floor":40.0,"turns":1.0},{"damage":0.0,"enemies":"Giant Head","floor":42.0,"turns":1.0},{"damage":0.0,"enemies":"R_Hoarder","floor":44.0,"turns":2.0},{"damage":0.0,"enemies":"Orb Walker","floor":45.0,"turns":1.0},{"damage":0.0,"enemies":"Reptomancer","floor":46.0,"turns":1.0},{"damage":0.0,"enemies":"infinitespire:Three Voidlings","floor":47.0,"turns":1.0},{"damage":164.0,"enemies":"Nightmare_Alpha","floor":47.0,"turns":6.0},{"damage":0.0,"enemies":"Maw","floor":48.0,"turns":1.0},{"damage":0.0,"enemies":"hubris:GrandSnecko","floor":50.0,"turns":1.0},{"damage":0.0,"enemies":"infinitespire:MassOfShapes","floor":51.0,"turns":1.0},{"damage":1.0,"enemies":"Cultist","floor":53.0,"turns":1.0},{"damage":1.0,"enemies":"2 Louse","floor":54.0,"turns":1.0},{"damage":0.0,"enemies":"Jaw Worm","floor":56.0,"turns":1.0},{"damage":0.0,"enemies":"Replay:BlueRogue","floor":58.0,"turns":1.0},{"damage":0.0,"enemies":"Looter","floor":59.0,"turns":1.0},{"damage":0.0,"enemies":"3 Sentries","floor":60.0,"turns":1.0},{"damage":0.0,"enemies":"Exordium Wildlife","floor":63.0,"turns":1.0},{"damage":0.0,"enemies":"Replay:BlueRogue","floor":64.0,"turns":1.0},{"damage":0.0,"enemies":"Gremlin Gang","floor":65.0,"turns":1.0},{"damage":0.0,"enemies":"Slime Boss","floor":68.0,"turns":1.0},{"damage":0.0,"enemies":"3 Byrds","floor":70.0,"turns":1.0},{"damage":0.0,"enemies":"2 Thieves","floor":72.0,"turns":1.0},{"damage":0.0,"enemies":"Centurion and Healer","floor":74.0,"turns":1.0},{"damage":0.0,"enemies":"Book of Stabbing","floor":75.0,"turns":1.0},{"damage":0.0,"enemies":"Snake Plant","floor":76.0,"turns":1.0},{"damage":0.0,"enemies":"Nightmare","floor":79.0,"turns":1.0},{"damage":0.0,"enemies":"Shelled Parasite and Fungi","floor":81.0,"turns":1.0},{"damage":0.0,"enemies":"Centurion and Healer","floor":82.0,"turns":1.0},{"damage":0.0,"enemies":"Cultist and Chosen","floor":83.0,"turns":1.0},{"damage":0.0,"enemies":"Snake Plant","floor":85.0,"turns":1.0},{"damage":0.0,"enemies":"hubris:MusketHawk","floor":87.0,"turns":1.0},{"damage":0.0,"enemies":"3 Shapes","floor":89.0,"turns":1.0},{"damage":0.0,"enemies":"3 Darklings","floor":90.0,"turns":1.0},{"damage":0.0,"enemies":"Maw","floor":91.0,"turns":1.0},{"damage":0.0,"enemies":"R_Hoarder","floor":94.0,"turns":1.0},{"damage":0.0,"enemies":"Giant Head","floor":96.0,"turns":1.0},{"damage":0.0,"enemies":"Spire Growth","floor":100.0,"turns":1.0},{"damage":0.0,"enemies":"Jaw Worm Horde","floor":101.0,"turns":1.0},{"damage":0.0,"enemies":"2 Orb Walkers","floor":102.0,"turns":1.0},{"damage":0,"enemies":"Sphere and 2 Shapes","floor":104,"turns":1},{"damage":117,"enemies":"Awakened One","floor":106,"turns":3}],"seed_played":"422941380241341640","potions_obtained":[{"floor":3.0,"key":"SteroidPotion"},{"floor":6.0,"key":"testmod-TimePotion"},{"floor":8.0,"key":"Weak Potion"},{"floor":19.0,"key":"Swift Potion"},{"floor":24.0,"key":"SkillPotion"},{"floor":25.0,"key":"REME_GoldPotion"},{"floor":29.0,"key":"Energy Potion"},{"floor":33.0,"key":"FearPotion"},{"floor":39.0,"key":"Swift Potion"},{"floor":42.0,"key":"jedi:StrikingPotion"},{"floor":46.0,"key":"ElixirPotion"}],"is_trial":false,"path_per_floor":["M","?","M","?","T","E","R","M","T","E","?","M","M","E","R","B",null,"M","M","AVR","?","$","R","E","M","T","M","M","M","?","?","R","B",null,"M","?","T","$","?","NM","AVR","E","T","E","M","E","?","M","R","B","B",null,"M","M","?","M","AVR","E","M","E","T","T","M","E","M","?","R","B",null,"M","?","M","?","M","E","M","PTL","PTL","NM","T","M","M","M","T","M","R","B",null,"M","M","M","?","?","E","$","E","T","PTL","PTL","M","M","?","AVR","M","R","B"],"character_chosen":"IRONCLAD","items_purchased":["MerchantsRug","Thunderclap","Juzu Bracelet","reliquary:FingerTrap","Tiny Chest","Pommel Strike","REME_HourglassOfDeath","testmod-Register","jedi:collectorstrike","Wild Strike","Havoc","Incense Burner","Brimstone","jedi:archwizardhat","ReplayTheSpireMod:ShopPack","infinitespire:Chaos"],"campfire_rested":0,"item_purchase_floors":[7,7,15,22,22,22,32,32,32,67,67,86,86,86,86,105],"current_hp_per_floor":[83,93,96,106,116,98,108,112,122,116,126,130,140,145,155,120,224,230,237,254,264,274,284,294,304,314,324,334,344,354,364,374,383,422,425,435,445,455,465,475,485,495,505,515,525,535,529,539,549,559,569,604,613,622,637,647,657,666,675,684,693,702,711,720,729,738,747,756,765,774,783,792,801,810,819,828,837,846,855,864,873,882,891,900,909,918,927,936,945,954,963,972,981,990,999,1008,1017,1026,1035,1044,1053,1062,1071,1080,117,0,0],"gold":991,"neow_bonus":"BOSS_RELIC","is_daily":false,"chose_seed":false,"campfire_upgraded":0,"win_rate":0.0,"timestamp":1613992865,"path_taken":["M","?","?","?","?","E","R","M","T","E","?","?","M","E","R","BOSS","M","M","AVR","?","$","R","E","M","T","M","M","M","?","?","R","BOSS","M","?","?","$","?","NM","AVR","E","T","E","M","E","?","M","R","BOSS","BOSS","M","M","?","M","AVR","E","M","E","T","?","M","E","M","?","R","BOSS","M","?","M","?","M","E","M","PTL","PTL","NM","T","M","M","M","?","M","R","BOSS","M","M","M","?","?","E","$","E","T","PTL","PTL","M","M","?","AVR","M","R","BOSS"],"items_purchased_type":["Relic","Card","Relic","Relic","Relic","Card","Relic","Relic","Card","Card","Card","Relic","Relic","Relic","Relic","Relic"],"build_version":"2020-12-22","purchased_purges":2,"victory":false,"max_hp_per_floor":[95,105,115,125,135,145,155,165,175,185,195,205,215,225,235,245,255,265,275,292,302,312,322,332,342,352,362,372,382,392,402,412,422,432,442,452,462,472,482,492,502,512,522,532,542,552,562,572,582,592,602,612,621,630,639,648,657,666,675,684,693,702,711,720,729,738,747,756,765,774,783,792,801,810,819,828,837,846,855,864,873,882,891,900,909,918,927,936,945,954,963,972,981,990,999,1008,1017,1026,1035,1044,1053,1062,1071,1080,117,117,117],"relic_stats":{"counters":[60,117],"obtain_stats":[{"reliquary:BigHammer":17,"Hammer of Thor":0,"testmod-IWantAll":0,"infinitespire:Cubic Diamond":11,"testmod-PortableAltar":52,"hubris:MadmansSpellBook":105,"Runic Capacitor":105,"testmod-RainbowHikingShoes":39,"testmod-Fanaticism":34,"jedi:leech":80,"infinitespire:ShieldingShard":6,"Strawberry":20,"jedi:paperfaux":105,"theMarked:VonisonLock":105,"Replay:Bottled Flurry":61,"reliquary:FingerTrap":22,"hubris:TinFlute":58,"m_SnakeCloak":105,"MerchantsRug":7,"testmod-IntensifyImprint":102,"testmod-TestBox":0,"testmod-Register":32,"Tingsha":105,"infinitespire:Beetle Shell":60,"animator:TheEruzaStone":105,"aspiration:SeaSaltIceCream":14,"reliquary:WeakTea":57,"WarpedTongs":66,"hubris:Zylophone":105,"SlaversCollar":0,"jedi:heavyjacket":24,"ReplayTheSpireMod:Spearhead":96,"REME_HourglassOfDeath":32,"Anvil of the Gods":0,"Brimstone":86,"testmod-Acrobat":64,"hubris:TenFootPole":84,"Black Star":103,"MiniHakkero":105,"Grinning Jar":105,"Mirror":44,"aspiration:Lifesprig":40,"hubris:Metronome":105,"reliquary:Firecrackers":5,"Blue Doll":94,"Decadriver":105,"REME_DuelDisc":88,"Juzu Bracelet":15,"Incense Burner":86,"testmod-RandomTest":46,"jedi:archwizardhat":86,"Burning Blood":0,"Pet Ghost":79,"theMarked:KettuFlask":105,"TheAbacus":105,"Tiny Chest":22,"reliquary:RoseTintedGlasses":26,"infinitespire:Chaos":105,"InkBottle":103,"hubris:GlazedTorus":41,"aspiration:ChemicalBlood":62,"aspiration:Legacy_Headhunter":105,"Gremlin Food":43,"HowToJump":0,"Replay:Towering Pillar of Hats":47,"animator:ColorlessFragment":105,"infinitespire:EmptyRelic":105,"TheCursedMod:PinkPellets":105,"Seething Fire":0,"testmod-ConstraintPeriapt":105,"testmod-IndustrialRevolution":10,"reliquary:IridiumChain":37,"White Beast Statue":42,"Mercury?":105,"construct:Challenge1":105,"ShroomBag":105,"theMarked:ArtifactOfAir":105,"Pondfish Scales":2,"DataDisk":14,"construct:Challenge2":105,"construct:Cogwheel":105,"Coffee Dripper":69,"Garlic":97,"Paper Turtyl":105,"REME_ComplimentaryCards":0,"ReplayTheSpireMod:ShopPack":86,"m_RuneBlood":105},{"reliquary:BigHammer":9,"Hammer of Thor":0,"testmod-IWantAll":0,"infinitespire:Cubic Diamond":5,"testmod-PortableAltar":29,"hubris:MadmansSpellBook":59,"Runic Capacitor":59,"testmod-RainbowHikingShoes":19,"testmod-Fanaticism":17,"jedi:leech":45,"infinitespire:ShieldingShard":3,"Strawberry":11,"jedi:paperfaux":59,"theMarked:VonisonLock":59,"Replay:Bottled Flurry":35,"reliquary:FingerTrap":11,"hubris:TinFlute":33,"m_SnakeCloak":59,"MerchantsRug":3,"testmod-IntensifyImprint":58,"testmod-TestBox":0,"testmod-Register":16,"Tingsha":59,"infinitespire:Beetle Shell":35,"animator:TheEruzaStone":59,"aspiration:SeaSaltIceCream":8,"reliquary:WeakTea":32,"WarpedTongs":38,"hubris:Zylophone":59,"SlaversCollar":0,"jedi:heavyjacket":12,"ReplayTheSpireMod:Spearhead":55,"REME_HourglassOfDeath":16,"Anvil of the Gods":0,"Brimstone":49,"testmod-Acrobat":37,"hubris:TenFootPole":48,"Black Star":58,"MiniHakkero":59,"Grinning Jar":59,"Mirror":22,"aspiration:Lifesprig":20,"hubris:Metronome":59,"reliquary:Firecrackers":2,"Blue Doll":54,"Decadriver":59,"REME_DuelDisc":50,"Juzu Bracelet":8,"Incense Burner":49,"testmod-RandomTest":24,"jedi:archwizardhat":49,"Burning Blood":0,"Pet Ghost":45,"theMarked:KettuFlask":59,"TheAbacus":59,"Tiny Chest":11,"reliquary:RoseTintedGlasses":13,"infinitespire:Chaos":59,"InkBottle":58,"hubris:GlazedTorus":20,"aspiration:ChemicalBlood":35,"aspiration:Legacy_Headhunter":59,"Gremlin Food":21,"HowToJump":0,"Replay:Towering Pillar of Hats":26,"animator:ColorlessFragment":59,"infinitespire:EmptyRelic":59,"TheCursedMod:PinkPellets":59,"Seething Fire":0,"testmod-ConstraintPeriapt":59,"testmod-IndustrialRevolution":5,"reliquary:IridiumChain":18,"White Beast Statue":21,"Mercury?":59,"construct:Challenge1":59,"ShroomBag":59,"theMarked:ArtifactOfAir":59,"Pondfish Scales":1,"DataDisk":8,"construct:Challenge2":59,"construct:Cogwheel":59,"Coffee Dripper":39,"Garlic":55,"Paper Turtyl":59,"REME_ComplimentaryCards":0,"ReplayTheSpireMod:ShopPack":49,"m_RuneBlood":59},{"reliquary:BigHammer":39,"Hammer of Thor":0,"testmod-IWantAll":0,"infinitespire:Cubic Diamond":17,"testmod-PortableAltar":84,"hubris:MadmansSpellBook":114,"Runic Capacitor":114,"testmod-RainbowHikingShoes":68,"testmod-Fanaticism":65,"jedi:leech":100,"infinitespire:ShieldingShard":10,"Strawberry":44,"jedi:paperfaux":114,"theMarked:VonisonLock":114,"Replay:Bottled Flurry":90,"reliquary:FingerTrap":44,"hubris:TinFlute":88,"m_SnakeCloak":114,"MerchantsRug":10,"testmod-IntensifyImprint":113,"testmod-TestBox":0,"testmod-Register":54,"Tingsha":114,"infinitespire:Beetle Shell":90,"animator:TheEruzaStone":114,"aspiration:SeaSaltIceCream":26,"reliquary:WeakTea":87,"WarpedTongs":93,"hubris:Zylophone":114,"SlaversCollar":0,"jedi:heavyjacket":46,"ReplayTheSpireMod:Spearhead":110,"REME_HourglassOfDeath":54,"Anvil of the Gods":0,"Brimstone":104,"testmod-Acrobat":92,"hubris:TenFootPole":103,"Black Star":113,"MiniHakkero":114,"Grinning Jar":114,"Mirror":72,"aspiration:Lifesprig":69,"hubris:Metronome":114,"reliquary:Firecrackers":6,"Blue Doll":109,"Decadriver":114,"REME_DuelDisc":105,"Juzu Bracelet":26,"Incense Burner":104,"testmod-RandomTest":74,"jedi:archwizardhat":104,"Burning Blood":0,"Pet Ghost":100,"theMarked:KettuFlask":114,"TheAbacus":114,"Tiny Chest":44,"reliquary:RoseTintedGlasses":47,"infinitespire:Chaos":114,"InkBottle":113,"hubris:GlazedTorus":69,"aspiration:ChemicalBlood":90,"aspiration:Legacy_Headhunter":114,"Gremlin Food":70,"HowToJump":0,"Replay:Towering Pillar of Hats":81,"animator:ColorlessFragment":114,"infinitespire:EmptyRelic":114,"TheCursedMod:PinkPellets":114,"Seething Fire":0,"testmod-ConstraintPeriapt":114,"testmod-IndustrialRevolution":17,"reliquary:IridiumChain":67,"White Beast Statue":70,"Mercury?":114,"construct:Challenge1":114,"ShroomBag":114,"theMarked:ArtifactOfAir":114,"Pondfish Scales":4,"DataDisk":26,"construct:Challenge2":114,"construct:Cogwheel":114,"Coffee Dripper":94,"Garlic":110,"Paper Turtyl":114,"REME_ComplimentaryCards":0,"ReplayTheSpireMod:ShopPack":104,"m_RuneBlood":114}]},"card_choices":[{"not_picked":["Infernal Blade","Anger"],"picked":"Pommel Strike","floor":1.0},{"not_picked":["Heavy Blade","Clothesline"],"picked":"Warcry","floor":2.0},{"not_picked":["Warcry","Searing Blow"],"picked":"Whirlwind","floor":3.0},{"not_picked":["Replay:Undeath\u0027s Touch","Metallicize","Twin Strike"],"picked":"SKIP","floor":6.0},{"not_picked":["ReplayTheSpireMod:Strike From Hell","True Grit","Rupture"],"picked":"SKIP","floor":8.0},{"not_picked":["Anger","Infernal Blade"],"picked":"Seeing Red","floor":10.0},{"not_picked":["Cleave","Wild Strike","Armaments"],"picked":"SKIP","floor":12.0},{"not_picked":["Rupture","Twin Strike","Pommel Strike"],"picked":"SKIP","floor":13.0},{"not_picked":["Headbutt","ReplayTheSpireMod:Limb From Limb"],"picked":"Sword Boomerang","floor":14.0},{"not_picked":["Demon Form","Bludgeon"],"picked":"Barricade","floor":16.0},{"not_picked":["Perfected Strike","Havoc","Sword Boomerang+1"],"picked":"SKIP","floor":18.0},{"not_picked":["REME_SingleHolding","REME_Scribble","True Grit"],"picked":"SKIP","floor":19.0},{"not_picked":["Double Tap","Clash","Replay:Undeath\u0027s Touch+1"],"picked":"SKIP","floor":24.0},{"not_picked":["Power Through","Perfected Strike","Sword Boomerang"],"picked":"SKIP","floor":25.0},{"not_picked":["Perfected Strike","Fire Breathing"],"picked":"Defy Death+1","floor":27.0},{"not_picked":["Twin Strike+1","Evolve"],"picked":"Life Link","floor":28.0},{"not_picked":["Run Through","Clothesline","Life Link"],"picked":"SKIP","floor":29.0},{"not_picked":["Clash","Pommel Strike","Twin Strike"],"picked":"SKIP","floor":35.0},{"not_picked":["jedi:strikingstrike","Rampage","Immolate"],"picked":"SKIP","floor":40.0},{"not_picked":["jedi:strikingstrike","Rampage","Immolate"],"picked":"SKIP","floor":40.0},{"not_picked":["Feel No Pain","Replay:Undeath\u0027s Touch"],"picked":"Flex","floor":42.0},{"not_picked":["jedi:MakeshiftSword","Run Through","Pommel Strike"],"picked":"SKIP","floor":44.0},{"not_picked":["jedi:MakeshiftSword","Run Through","Pommel Strike"],"picked":"SKIP","floor":44.0},{"not_picked":["Cleave","jedi:collectorstrike"],"picked":"Flex","floor":45.0},{"not_picked":["Dual Wield","Replay:Undeath\u0027s Touch+1","jedi:strikingstrike"],"picked":"SKIP","floor":46.0},{"not_picked":["infinitespire:SevenWalls","ReplayTheSpireMod:??????????????????????"],"picked":"hubris:InfiniteBlow+52","floor":47.0},{"not_picked":["Inflame+1","Dropkick","Iron Wave"],"picked":"SKIP","floor":48.0},{"not_picked":["Feed","Brutality"],"picked":"Offering","floor":50.0},{"not_picked":["Juggernaut","Barricade"],"picked":"Offering","floor":51.0},{"not_picked":["Pommel Strike","jedi:fear","Sword Boomerang"],"picked":"SKIP","floor":53.0},{"not_picked":["Bloodletting","Anger","jedi:fear"],"picked":"SKIP","floor":54.0},{"not_picked":["Armaments","ReplayTheSpireMod:Strike From Hell","Massacre"],"picked":"SKIP","floor":56.0},{"not_picked":["ReplayReversal","Clothesline"],"picked":"Double Tap","floor":58.0},{"not_picked":["Rampage","Flex","Sword Boomerang"],"picked":"SKIP","floor":59.0},{"not_picked":["Run Through","Heavy Blade","Thunderclap"],"picked":"SKIP","floor":60.0},{"not_picked":["ReplayTheSpireMod:Corrosion Curse","Anger","Feel No Pain"],"picked":"SKIP","floor":63.0},{"not_picked":["Anger","Sever Soul","Entrench"],"picked":"SKIP","floor":64.0},{"not_picked":["Shockwave","Run Through","Armaments"],"picked":"SKIP","floor":65.0},{"not_picked":["Seeing Red","Perfected Strike","jedi:fear+1"],"picked":"SKIP","floor":70.0},{"not_picked":["Massacre","Cleave","Metallicize+1"],"picked":"SKIP","floor":72.0},{"not_picked":["Warcry","Sword Boomerang","ReplayTheSpireMod:Corrosion Curse"],"picked":"SKIP","floor":74.0},{"not_picked":["jedi:controlledanger","Cleave+1","Fiend Fire"],"picked":"SKIP","floor":75.0},{"not_picked":["Ghostly Armor","ReplayTheSpireMod:Strike From Hell","Thunderclap"],"picked":"SKIP","floor":76.0},{"not_picked":["Thunderclap","Limit Break","Searing Blow+1"],"picked":"SKIP","floor":79.0},{"not_picked":["Clothesline+1","Headbutt"],"picked":"Wild Strike","floor":81.0},{"not_picked":["Hemokinesis","Anger+1","Run Through"],"picked":"SKIP","floor":82.0},{"not_picked":["Havoc","Perfected Strike","Eclipse"],"picked":"SKIP","floor":83.0},{"not_picked":["Thunderclap","Searing Blow","Spot Weakness"],"picked":"SKIP","floor":85.0},{"not_picked":["Second Wind","Flame Barrier"],"picked":"Armaments+1","floor":89.0},{"not_picked":["Cleave","Battle Trance"],"picked":"Ghostly Armor","floor":90.0},{"not_picked":["Life Link","Warcry","Pommel Strike"],"picked":"SKIP","floor":91.0},{"not_picked":["Sentinel","Headbutt+1","Uppercut"],"picked":"SKIP","floor":94.0},{"not_picked":["Fiend Fire","jedi:bloodyhammer","ReplayTheSpireMod:Muscle Training"],"picked":"SKIP","floor":96.0},{"not_picked":["Heavy Blade","Twin Strike","Anger"],"picked":"SKIP","floor":100.0},{"not_picked":["Heavy Blade","Twin Strike","Anger"],"picked":"SKIP","floor":100.0},{"not_picked":["Reckless Charge","Cleave","True Grit"],"picked":"SKIP","floor":101.0},{"not_picked":["Thunderclap","Cleave+1","Warcry"],"picked":"SKIP","floor":104}],"player_experience":67729,"relics_obtained":[{"floor":2.0,"key":"Pondfish Scales"},{"floor":5.0,"key":"reliquary:Firecrackers"},{"floor":6.0,"key":"infinitespire:ShieldingShard"},{"floor":10.0,"key":"testmod-IndustrialRevolution"},{"floor":14.0,"key":"aspiration:SeaSaltIceCream"},{"floor":24.0,"key":"jedi:heavyjacket"},{"floor":26.0,"key":"reliquary:RoseTintedGlasses"},{"floor":37.0,"key":"reliquary:IridiumChain"},{"floor":39.0,"key":"testmod-RainbowHikingShoes"},{"floor":40.0,"key":"aspiration:Lifesprig"},{"floor":42.0,"key":"White Beast Statue"},{"floor":43.0,"key":"Gremlin Food"},{"floor":44.0,"key":"Mirror"},{"floor":46.0,"key":"testmod-RandomTest"},{"floor":47.0,"key":"Replay:Towering Pillar of Hats"},{"floor":58.0,"key":"hubris:TinFlute"},{"floor":60.0,"key":"infinitespire:Beetle Shell"},{"floor":61.0,"key":"Replay:Bottled Flurry"},{"floor":62.0,"key":"aspiration:ChemicalBlood"},{"floor":64.0,"key":"testmod-Acrobat"},{"floor":75.0,"key":"reliquary:WeakTea"},{"floor":79.0,"key":"Pet Ghost"},{"floor":80.0,"key":"jedi:leech"},{"floor":84.0,"key":"hubris:TenFootPole"},{"floor":94.0,"key":"Blue Doll"},{"floor":96.0,"key":"ReplayTheSpireMod:Spearhead"},{"floor":97.0,"key":"Garlic"},{"floor":102.0,"key":"testmod-IntensifyImprint"}],"event_choices":[{"damage_healed":0.0,"max_hp_gain":0.0,"max_hp_loss":0.0,"gold_gain":0.0,"event_name":"给自己的盒子","player_choice":"Ignored","floor":4.0,"gold_loss":0.0,"damage_taken":0.0},{"damage_healed":0.0,"max_hp_gain":0.0,"max_hp_loss":0.0,"gold_gain":400.0,"event_name":"恩洛斯的盘子","player_choice":"Sell","floor":21.0,"relics_lost":["REME_ComplimentaryCards"],"gold_loss":0.0,"damage_taken":0.0},{"damage_healed":0.0,"max_hp_gain":0.0,"max_hp_loss":0.0,"gold_gain":50.0,"event_name":"betterThird:BetterNest","player_choice":"Steal","floor":31.0,"gold_loss":0.0,"damage_taken":0.0},{"cards_removed":["Thunderclap"],"damage_healed":0.0,"max_hp_gain":0.0,"max_hp_loss":0.0,"gold_gain":0.0,"event_name":"Falling","player_choice":"Removed Attack","floor":36.0,"gold_loss":0.0,"damage_taken":0.0},{"damage_healed":0.0,"max_hp_gain":0.0,"max_hp_loss":0.0,"gold_gain":0.0,"event_name":"Mysterious Sphere","player_choice":"Fight","floor":39.0,"gold_loss":0.0,"damage_taken":0.0},{"cards_removed":["Warcry"],"damage_healed":5.0,"max_hp_gain":0.0,"max_hp_loss":0.0,"gold_gain":0.0,"event_name":"Bonfire Elementals","player_choice":"Offered Common","floor":55.0,"gold_loss":0.0,"damage_taken":0.0},{"cards_removed":["Warcry"],"damage_healed":5.0,"max_hp_gain":0.0,"max_hp_loss":0.0,"gold_gain":0.0,"event_name":"Bonfire Elementals","player_choice":"Offered Special","floor":55.0,"gold_loss":0.0,"damage_taken":0.0},{"damage_healed":0.0,"max_hp_gain":0.0,"max_hp_loss":0.0,"gold_gain":0.0,"event_name":"Accursed Blacksmith","player_choice":"Rummage","floor":66.0,"gold_loss":0.0,"damage_taken":0.0,"relics_obtained":["WarpedTongs"],"cards_obtained":["Pain"]},{"damage_healed":0.0,"max_hp_gain":0.0,"max_hp_loss":0.0,"gold_gain":0.0,"event_name":"Purifier","player_choice":"Ignored","floor":71.0,"gold_loss":0.0,"damage_taken":0.0},{"damage_healed":0.0,"max_hp_gain":0.0,"max_hp_loss":0.0,"gold_gain":250.0,"event_name":"The Joust","player_choice":"Bet on Owner","floor":73.0,"gold_loss":50.0,"damage_taken":0.0},{"cards_removed":["Offering"],"damage_healed":0.0,"max_hp_gain":0.0,"max_hp_loss":0.0,"gold_gain":0.0,"event_name":"Falling","player_choice":"Removed Skill","floor":92.0,"gold_loss":0.0,"damage_taken":0.0},{"damage_healed":0.0,"max_hp_gain":0.0,"max_hp_loss":0.0,"gold_gain":0.0,"event_name":"Duplicator","player_choice":"Copied","floor":93.0,"gold_loss":0.0,"damage_taken":0.0,"cards_obtained":["infinitespire:FutureSight"]},{"damage_healed":0.0,"max_hp_gain":0.0,"max_hp_loss":0.0,"gold_gain":0.0,"event_name":"Mysterious Sphere","player_choice":"Fight","floor":102.0,"gold_loss":0.0,"damage_taken":0.0}],"is_beta":false,"boss_relics":[{"not_picked":["testmod-Recursion","Replay:Drink Me"],"picked":"reliquary:BigHammer"},{"not_picked":["testmod-IncinerationGenerator","Replay:Grab Bag"],"picked":"testmod-Fanaticism"},{"not_picked":["aspiration:ServantSkillbook","ReplayTheSpireMod:DimensionalGlitch"],"picked":"testmod-PortableAltar"},{"not_picked":["Astrolabe","Philosopher\u0027s Stone"],"picked":"Coffee Dripper"},{"not_picked":["testmod-EnergyCheck","Replay:Wanted Poster"],"picked":"REME_DuelDisc"}],"items_purged_floors":[67,67],"is_endless":true,"potions_floor_spawned":[3,6,8,19,24,25,29,33,39,42,44,45,46,47,47,48,50,51,53,54,56,58,59,60,63,64,65,68,70,72,74,75,76,79,81,82,83,85,87,89,90,91,94,96,100,101,102,104],"killed_by":"Awakened One","ascension_level":0}}