{"host":"aygt75jb8cs7sa4f","time":1613991142,"event":{"mods":["Act Like it!","AlwaysNeverKeys","BaseMod","Better Third Choice","BetterRewards","Colored Map","Conspire","Dota2Spire","GifTheSpireLib","Halation","Hallownest","Hermit","Marisa????????","Minty Spire (QoL Compilation)","Permanent Neow","Reliquary","Replay The Spire","Spikes Relics","StSLib","The Animator","The Bug Knight","The Cursed","The Servant 0.9.4"],"gold_per_floor":[115,126,137,153,153,153,153,181,181,181,193,193,212,225,225,323,323,333,352,352,369,389,389,389,163,163,163,163,163,180,212,212,212,212],"floor_reached":33,"language":"ENG","playtime":2546,"items_purged":["hermit:Headshot"],"score":269,"play_id":"38f9a4f5-3450-40d2-a234-cb56292d86c6","local_time":"20210222055222","daily_mods":["SealedDeck","Flight"],"is_ascension_mode":false,"campfire_choices":[{"data":"hermit:BigShot","floor":6,"key":"SMITH"},{"data":"hermit:TakeAim","floor":7,"key":"SMITH"},{"data":"hermit:Ricochet","floor":10,"key":"SMITH"},{"data":"hermit:TakeAim","floor":12,"key":"SMITH"},{"data":"hermit:CalledShot","floor":15,"key":"SMITH"},{"floor":23,"key":"REST"},{"floor":24,"key":"REST"},{"data":"hermit:Dive","floor":28,"key":"SMITH"},{"data":"hermit:ItchyTrigger","floor":29,"key":"SMITH"},{"floor":32,"key":"REST"}],"circlet_count":0,"master_deck":["hermit:Glare","hermit:TrackingShot","hermit:BigShot+1","hermit:TakeAim+1","hermit:Dive+1","hermit:GhostlyPresence","hermit:Ricochet+1","hermit:CalledShot+1","hermit:TakeAim+1","hermit:Dive","hermit:Deadeye","hermit:Ricochet","hermit:Enervate","hermit:ItchyTrigger+1","Writhe","hermit:LowProfile"],"relics":["hermit:Momento","reliquary:PorcupineQuills","reliquary:RoseTintedGlasses","Dota2Spire:Vanguard","Dota2Spire:BlackKingBar","conspire:DeflatedDodgeball","Matryoshka"],"acts_visited":["Exordium","TheCity"],"potions_floor_usage":[14,16,31,33,33],"damage_taken":[{"damage":0,"enemies":"Cultist","floor":1,"turns":4},{"damage":0,"enemies":"Jaw Worm","floor":2,"turns":4},{"damage":6,"enemies":"2 Louse","floor":3,"turns":4},{"damage":2,"enemies":"Looter","floor":4,"turns":3},{"damage":13,"enemies":"3 Sentries","floor":8,"turns":7},{"damage":0,"enemies":"2 Fungi Beasts","floor":11,"turns":2},{"damage":5,"enemies":"Large Slime","floor":13,"turns":4},{"damage":10,"enemies":"Looter","floor":14,"turns":3},{"damage":20,"enemies":"Hexaghost","floor":16,"turns":6},{"damage":1,"enemies":"conspire:FuzzyDice","floor":18,"turns":6},{"damage":4,"enemies":"Chosen","floor":19,"turns":4},{"damage":49,"enemies":"3 Cultists","floor":21,"turns":6},{"damage":15,"enemies":"Snake Plant","floor":22,"turns":4},{"damage":12,"enemies":"conspire:HollyBat","floor":30,"turns":5},{"damage":21,"enemies":"conspire:SneckoGhost","floor":31,"turns":4},{"damage":60,"enemies":"Automaton","floor":33,"turns":8}],"seed_played":"-522680739115985705","potions_obtained":[{"floor":4,"key":"Elixir"},{"floor":13,"key":"Dota2Spire:Clarity"},{"floor":16,"key":"hermit:BlackBile"},{"floor":22,"key":"conspire:TimeTravelPotion"},{"floor":30,"key":"Dota2Spire:Clarity"}],"is_trial":true,"path_per_floor":["M","M","M","M","?","R","R","E","T","R","M","R","M","M","R","B",null,"M","M","?","M","M","R","R","$","T","?","R","R","M","E","R","B"],"character_chosen":"HERMIT","items_purchased":["Dota2Spire:Vanguard"],"campfire_rested":3,"item_purchase_floors":[25],"current_hp_per_floor":[75,75,69,67,75,75,75,62,62,62,62,62,57,47,47,27,75,74,70,70,21,6,28,50,50,50,50,50,50,38,28,50,0,0],"gold":212,"neow_bonus":"","is_daily":false,"chose_seed":false,"campfire_upgraded":7,"win_rate":0.0,"timestamp":1613991142,"path_taken":["M","?","M","M","?","R","R","E","T","R","M","R","?","M","R","BOSS","M","M","?","M","M","R","R","$","T","?","R","R","M","E","R","BOSS"],"items_purchased_type":["Relic"],"build_version":"2020-12-22","purchased_purges":1,"victory":false,"max_hp_per_floor":[75,75,75,75,75,75,75,75,75,75,75,75,75,75,75,75,75,75,75,75,75,75,75,75,75,75,75,75,75,75,75,75,75,75],"card_choices":[{"not_picked":["hermit:PistolWhip","hermit:Misfire","hermit:HighCaliber"],"picked":"SKIP","floor":1},{"not_picked":["hermit:WideOpen","hermit:TakeAim"],"picked":"hermit:Scavenge","floor":2},{"not_picked":["hermit:Coalescence","hermit:Spite","hermit:Dive"],"picked":"SKIP","floor":3},{"not_picked":["hermit:SprayPray","hermit:GoldenBullet","hermit:Shortfuse"],"picked":"SKIP","floor":4},{"not_picked":["hermit:Determination","hermit:FullyLoaded","hermit:GoldenBullet"],"picked":"SKIP","floor":8},{"not_picked":["hermit:CalledShot","hermit:Ricochet"],"picked":"hermit:Deadeye","floor":11},{"not_picked":["hermit:SprayPray","hermit:CursedWeapon"],"picked":"hermit:Ricochet","floor":13},{"not_picked":["hermit:Horror","hermit:Spite"],"picked":"hermit:Enervate","floor":14},{"not_picked":["hermit:TrackingShot+1","hermit:Roulette"],"picked":"hermit:ItchyTrigger","floor":18},{"not_picked":["hermit:Desperado","hermit:Roulette","hermit:Determination+1"],"picked":"SKIP","floor":19},{"not_picked":["hermit:Dive+1","hermit:Combo"],"picked":"hermit:Headshot","floor":21},{"not_picked":["hermit:TakeCover","hermit:Dive","hermit:Ricochet"],"picked":"SKIP","floor":22},{"not_picked":["hermit:Ricochet","hermit:BodyArmor","hermit:Coalescence+1"],"picked":"SKIP","floor":30},{"not_picked":["hermit:TrackingShot","hermit:Snipe"],"picked":"hermit:LowProfile","floor":31}],"player_experience":427609,"relics_obtained":[{"floor":8,"key":"reliquary:PorcupineQuills"},{"floor":9,"key":"reliquary:RoseTintedGlasses"},{"floor":26,"key":"Dota2Spire:BlackKingBar"},{"floor":31,"key":"Matryoshka"}],"event_choices":[{"cards_removed":["hermit:Scavenge"],"damage_healed":8,"gold_gain":0,"player_choice":"Offered Uncommon","damage_taken":0,"max_hp_gain":0,"max_hp_loss":0,"event_name":"Bonfire Elementals","floor":5,"gold_loss":0},{"damage_healed":0,"gold_gain":0,"player_choice":"Ignored","damage_taken":0,"max_hp_gain":0,"max_hp_loss":0,"event_name":"Beggar","floor":20,"gold_loss":0},{"damage_healed":0,"gold_gain":0,"player_choice":"Opened","damage_taken":0,"relics_obtained":["conspire:DeflatedDodgeball"],"max_hp_gain":0,"max_hp_loss":0,"event_name":"The Mausoleum","floor":27,"gold_loss":0,"cards_obtained":["Writhe"]}],"is_beta":false,"boss_relics":[{"not_picked":["halation:Risk","halation:Yufonium","halation:LoveArrow"]}],"items_purged_floors":[25],"is_endless":false,"potions_floor_spawned":[4,13,16,22,30],"killed_by":"Automaton","ascension_level":0}}