{"host":"pifa3o3uv2a0m12r","time":1613968216,"event":{"mods":["AchievementEnabler","BaseMod","Colored Map","Minty Spire (QoL Compilation)","StSLib","SuperFastMode"],"gold_per_floor":[119,119,139,157,157,168,195,53,79,79,98,98,132,159,159,262,262,262,262,262,262,39,39,39,39,39,39,39,39,39,39,39,39,39,39,39,39,39],"floor_reached":37,"language":"FRA","playtime":1329,"items_purged":["Strike_R"],"score":387,"play_id":"40992207-3ae0-47e4-bd27-f17b76f25d06","local_time":"20210221183016","is_ascension_mode":false,"campfire_choices":[{"floor":10,"key":"REST"},{"data":"Bash","floor":15,"key":"SMITH"},{"floor":23,"key":"REST"},{"floor":28,"key":"REST"},{"floor":32,"key":"REST"}],"circlet_count":0,"master_deck":["Strike_R","Strike_R+1","Strike_R","Strike_R+1","Defend_R","Defend_R","Defend_R","Defend_R","Bash+1","Body Slam","Ghostly Armor","Shrug It Off","Juggernaut","Dropkick","Dropkick","Ghostly Armor","Shrug It Off","Entrench+1"],"relics":["Burning Blood","NeowsBlessing","MawBank","CeramicFish","Red Skull","Ectoplasm","DollysMirror","Oddly Smooth Stone","Black Star"],"acts_visited":["Exordium","TheCity","TheBeyond"],"potions_floor_usage":[20,21,27,33,33,37,37],"damage_taken":[{"damage":0,"enemies":"Cultist","floor":1,"turns":1},{"damage":0,"enemies":"Small Slimes","floor":3,"turns":1},{"damage":0,"enemies":"2 Louse","floor":4,"turns":1},{"damage":25,"enemies":"Large Slime","floor":6,"turns":9},{"damage":33,"enemies":"Gremlin Nob","floor":7,"turns":6},{"damage":6,"enemies":"2 Fungi Beasts","floor":11,"turns":5},{"damage":23,"enemies":"Lagavulin","floor":13,"turns":8},{"damage":0,"enemies":"Exordium Wildlife","floor":14,"turns":5},{"damage":36,"enemies":"The Guardian","floor":16,"turns":12},{"damage":30,"enemies":"Spheric Guardian","floor":18,"turns":6},{"damage":35,"enemies":"3 Byrds","floor":19,"turns":6},{"damage":16,"enemies":"Shelled Parasite and Fungi","floor":20,"turns":5},{"damage":42,"enemies":"Centurion and Healer","floor":21,"turns":5},{"damage":10,"enemies":"3 Cultists","floor":24,"turns":6},{"damage":2,"enemies":"Snecko","floor":25,"turns":5},{"damage":19,"enemies":"Centurion and Healer","floor":27,"turns":9},{"damage":15,"enemies":"Snake Plant","floor":30,"turns":4},{"damage":21,"enemies":"Champ","floor":33,"turns":12},{"damage":32,"enemies":"3 Shapes","floor":35,"turns":8},{"damage":32,"enemies":"3 Darklings","floor":36,"turns":13},{"damage":53,"enemies":"2 Orb Walkers","floor":37,"turns":3}],"seed_played":"-3853729435275000509","potions_obtained":[{"floor":3,"key":"SpeedPotion"},{"floor":4,"key":"FearPotion"},{"floor":6,"key":"BloodPotion"},{"floor":16,"key":"BloodPotion"},{"floor":21,"key":"FearPotion"},{"floor":24,"key":"SkillPotion"},{"floor":25,"key":"LiquidBronze"},{"floor":27,"key":"FearPotion"},{"floor":33,"key":"BloodPotion"}],"is_trial":false,"path_per_floor":["M","?","M","M","?","M","E","$","T","R","M","?","E","M","R","B",null,"M","M","M","M","$","R","M","M","T","M","R","?","M","?","R","B",null,"M","M","?"],"character_chosen":"IRONCLAD","items_purchased":["Juggernaut","DollysMirror"],"campfire_rested":4,"item_purchase_floors":[8,22],"current_hp_per_floor":[80,64,70,76,76,57,30,30,30,54,54,80,63,69,69,39,80,56,27,33,13,13,37,33,37,37,24,48,33,24,24,49,34,85,59,33,0,0],"gold":39,"neow_bonus":"THREE_ENEMY_KILL","is_daily":false,"chose_seed":false,"campfire_upgraded":1,"win_rate":0.0,"timestamp":1613968216,"path_taken":["M","?","M","M","?","M","E","$","T","R","M","?","E","M","R","BOSS","M","M","M","M","$","R","M","M","T","M","R","?","M","?","R","BOSS","M","M","?"],"items_purchased_type":["Card","Relic"],"build_version":"2020-12-22","purchased_purges":1,"victory":false,"max_hp_per_floor":[80,80,80,80,80,80,80,80,80,80,80,80,80,80,80,80,80,80,80,80,80,80,80,80,80,80,80,80,85,85,85,85,85,85,85,85,85,85],"card_choices":[{"not_picked":["Thunderclap","Anger"],"picked":"Body Slam","floor":1},{"not_picked":["Feel No Pain","Sword Boomerang"],"picked":"Ghostly Armor","floor":3},{"not_picked":["Clash","Flex","Pommel Strike"],"picked":"SKIP","floor":4},{"not_picked":["Wild Strike","Fire Breathing"],"picked":"Shrug It Off","floor":6},{"not_picked":["Feel No Pain","Spot Weakness","Dark Embrace"],"picked":"SKIP","floor":7},{"not_picked":["Juggernaut","Evolve","Armaments"],"picked":"SKIP","floor":11},{"not_picked":["Pummel","Berserk"],"picked":"Dropkick","floor":13},{"not_picked":["Feel No Pain","Body Slam"],"picked":"Dropkick","floor":14},{"not_picked":["Wild Strike+1","Armaments","Seeing Red"],"picked":"SKIP","floor":18},{"not_picked":["Pommel Strike","Whirlwind+1","Sword Boomerang"],"picked":"SKIP","floor":19},{"not_picked":["Infernal Blade","Carnage+1","Feel No Pain"],"picked":"SKIP","floor":20},{"not_picked":["Clash+1","Anger","Wild Strike"],"picked":"SKIP","floor":21},{"not_picked":["Havoc+1","Sever Soul"],"picked":"Shrug It Off","floor":24},{"not_picked":["Bloodletting","Flex","True Grit"],"picked":"SKIP","floor":25},{"not_picked":["Perfected Strike","Clash"],"picked":"Entrench+1","floor":27},{"not_picked":["Body Slam","Rupture+1","Iron Wave"],"picked":"SKIP","floor":30},{"not_picked":["Pommel Strike","Cleave","Bloodletting+1"],"picked":"SKIP","floor":35},{"not_picked":["Headbutt","Heavy Blade","Flex"],"picked":"SKIP","floor":36}],"player_experience":145325,"relics_obtained":[{"floor":7,"key":"MawBank"},{"floor":9,"key":"CeramicFish"},{"floor":13,"key":"Red Skull"},{"floor":26,"key":"Oddly Smooth Stone"}],"event_choices":[{"damage_healed":0,"gold_gain":0,"player_choice":"Entered Light","damage_taken":16,"max_hp_gain":0,"max_hp_loss":0,"event_name":"Shining Light","floor":2,"gold_loss":0,"cards_upgraded":["Strike_R","Strike_R"]},{"damage_healed":0,"gold_gain":0,"player_choice":"Ignored","damage_taken":0,"max_hp_gain":0,"max_hp_loss":0,"event_name":"Liars Game","floor":5,"gold_loss":0},{"damage_healed":26,"gold_gain":0,"player_choice":"Banana","damage_taken":0,"max_hp_gain":0,"max_hp_loss":0,"event_name":"Big Fish","floor":12,"gold_loss":0},{"damage_healed":0,"gold_gain":0,"player_choice":"Shed Blood","damage_taken":20,"max_hp_gain":5,"max_hp_loss":0,"event_name":"Forgotten Altar","floor":29,"gold_loss":0},{"damage_healed":0,"gold_gain":0,"player_choice":"Ignored","damage_taken":0,"max_hp_gain":0,"max_hp_loss":0,"event_name":"Vampires","floor":31,"gold_loss":0},{"damage_healed":0,"gold_gain":0,"player_choice":"Fight","damage_taken":0,"max_hp_gain":0,"max_hp_loss":0,"event_name":"Mysterious Sphere","floor":37,"gold_loss":0}],"is_beta":false,"boss_relics":[{"not_picked":["Snecko Eye","Runic Pyramid"],"picked":"Ectoplasm"},{"not_picked":["Cursed Key","Calling Bell"],"picked":"Black Star"}],"items_purged_floors":[22],"is_endless":false,"potions_floor_spawned":[3,4,6,13,16,21,24,25,27,33],"killed_by":"2 Orb Walkers","ascension_level":0}}