{"host":"y4mx56vxqys6xwyn","time":1613968854,"event":{"mods":["BaseMod","Hermit","Minty Spire (QoL Compilation)","StSLib","The Bug Knight"],"gold_per_floor":[112,124,124,49,59,59,77,106,106,125,157,175,204,224,224,320,320,335,353,364,364,381,381,381],"floor_reached":23,"language":"ENG","playtime":1358,"items_purged":[],"score":217,"play_id":"1ed28783-80fc-435e-a3f2-9f98c815706a","local_time":"20210221224054","is_ascension_mode":false,"campfire_choices":[{"data":"Zap","floor":6,"key":"SMITH"},{"floor":15,"key":"REST"}],"circlet_count":0,"master_deck":["Strike_B","Strike_B","Strike_B","Strike_B","Defend_B","Defend_B","Defend_B","Defend_B","Zap+1","Dualcast","Ball Lightning","Ball Lightning","Sunder","Conserve Battery","Rebound","Capacitor","Hologram","Rebound","Thunder Strike","Sweeping Beam","Thunder Strike","Doom and Gloom","Defragment","Recycle+1","Loop+1"],"relics":["Cracked Core","HollowMod:PaleOreRelic","Anchor","Bottled Flame","Toy Ornithopter","Tiny Chest","Bag of Preparation","SlaversCollar"],"acts_visited":["Exordium","TheCity"],"potions_floor_usage":[11,16,16,16],"damage_taken":[{"damage":1,"enemies":"2 Louse","floor":1,"turns":3},{"damage":7,"enemies":"Small Slimes","floor":2,"turns":3},{"damage":0,"enemies":"Cultist","floor":5,"turns":2},{"damage":0,"enemies":"Large Slime","floor":7,"turns":2},{"damage":26,"enemies":"Gremlin Nob","floor":8,"turns":4},{"damage":0,"enemies":"Blue Slaver","floor":10,"turns":2},{"damage":20,"enemies":"3 Sentries","floor":11,"turns":6},{"damage":0,"enemies":"Looter","floor":12,"turns":2},{"damage":14,"enemies":"Gremlin Nob","floor":13,"turns":3},{"damage":0,"enemies":"Gremlin Gang","floor":14,"turns":3},{"damage":42,"enemies":"Hexaghost","floor":16,"turns":8},{"damage":10,"enemies":"Spheric Guardian","floor":18,"turns":3},{"damage":29,"enemies":"3 Byrds","floor":19,"turns":5},{"damage":32,"enemies":"Snake Plant","floor":20,"turns":5},{"damage":20,"enemies":"3 Cultists","floor":22,"turns":4},{"damage":18,"enemies":"HollowMod:Nosk","floor":23,"turns":3}],"seed_played":"-1085296928956822773","potions_obtained":[{"floor":2,"key":"DuplicationPotion"},{"floor":5,"key":"DuplicationPotion"},{"floor":10,"key":"PotionOfCapacity"},{"floor":11,"key":"SkillPotion"},{"floor":19,"key":"SkillPotion"}],"is_trial":false,"path_per_floor":["M","M","?","$","M","R","M","E","T","M","E","M","E","M","R","B",null,"M","M","M","?","M","E"],"character_chosen":"DEFECT","items_purchased":["Sunder"],"campfire_rested":1,"item_purchase_floors":[4],"current_hp_per_floor":[74,67,64,64,64,64,64,38,38,38,23,23,9,9,31,4,75,65,36,4,29,9,0,0],"gold":381,"neow_bonus":"RANDOM_COMMON_RELIC","is_daily":false,"chose_seed":false,"campfire_upgraded":1,"win_rate":0.0,"timestamp":1613968854,"path_taken":["M","M","?","$","M","R","M","E","T","M","E","M","E","M","R","BOSS","M","M","M","?","M","E"],"items_purchased_type":["Card"],"build_version":"2020-12-22","purchased_purges":0,"victory":false,"max_hp_per_floor":[75,75,75,75,75,75,75,75,75,75,75,75,75,75,75,75,75,75,75,75,75,75,75,75],"card_choices":[{"not_picked":["Turbo","Steam Power"],"picked":"Ball Lightning","floor":1},{"not_picked":["Storm","Leap"],"picked":"Ball Lightning","floor":2},{"not_picked":["Sweeping Beam","Gash","Steam"],"picked":"SKIP","floor":5},{"not_picked":["Stack","Compile Driver"],"picked":"Conserve Battery","floor":7},{"not_picked":["Undo","Steam"],"picked":"Rebound","floor":8},{"not_picked":["Ball Lightning","Cold Snap"],"picked":"Capacitor","floor":10},{"not_picked":["Hello World","Conserve Battery"],"picked":"Hologram","floor":11},{"not_picked":["Stack","Beam Cell"],"picked":"Rebound","floor":12},{"not_picked":["Hologram","Compile Driver"],"picked":"Thunder Strike","floor":13},{"not_picked":["Go for the Eyes","Streamline"],"picked":"Sweeping Beam","floor":14},{"not_picked":["Creative AI","Core Surge"],"picked":"Thunder Strike","floor":16},{"not_picked":["Cold Snap","FTL"],"picked":"Doom and Gloom","floor":18},{"not_picked":["Fusion","Rebound"],"picked":"Defragment","floor":19},{"not_picked":["Go for the Eyes","Turbo"],"picked":"Recycle+1","floor":20},{"not_picked":["Stack+1","Steam"],"picked":"Loop+1","floor":22}],"player_experience":99068,"relics_obtained":[{"floor":8,"key":"Bottled Flame"},{"floor":9,"key":"Toy Ornithopter"},{"floor":11,"key":"Tiny Chest"},{"floor":13,"key":"Bag of Preparation"}],"event_choices":[{"damage_healed":0,"gold_gain":0,"player_choice":"Success","damage_taken":3,"relics_obtained":["Anchor"],"max_hp_gain":0,"max_hp_loss":0,"event_name":"Scrap Ooze","floor":3,"gold_loss":0},{"damage_healed":25,"gold_gain":0,"player_choice":"Heal","damage_taken":0,"max_hp_gain":0,"max_hp_loss":0,"event_name":"The Library","floor":21,"gold_loss":0}],"is_beta":false,"boss_relics":[{"not_picked":["FrozenCore","Fusion Hammer"],"picked":"SlaversCollar"}],"items_purged_floors":[],"is_endless":false,"potions_floor_spawned":[2,5,10,11,19],"killed_by":"HollowMod:Nosk","ascension_level":0}}