{"host":"d52brwsy6af8zvaq","time":1613952610,"event":{"mods":["AchievementEnabler","BaseMod","Bestiary","Highlight Path","Minty Spire (QoL Compilation)","Quick Restart","Relic Stats","ojb\u0027s Better Paths Mod"],"gold_per_floor":[365,382,67,84,124,177,177,177,177],"floor_reached":8,"language":"ENG","playtime":285,"items_purged":["Doubt"],"score":116,"play_id":"aeb00605-4d4a-4276-a6fa-03c6a0b3fd43","local_time":"20210221171010","is_ascension_mode":true,"campfire_choices":[{"floor":7,"key":"REST"}],"circlet_count":0,"master_deck":["AscendersBane","Strike_B","Strike_B","Strike_B","Strike_B","Defend_B","Defend_B","Defend_B","Defend_B","Zap","Dualcast","Cold Snap","Rebound","Coolheaded","HandOfGreed","Sunder","Leap"],"relics":["Cracked Core","Torii"],"acts_visited":["Exordium"],"potions_floor_usage":[6],"damage_taken":[{"damage":12.0,"enemies":"Cultist","floor":1.0,"turns":4.0},{"damage":2.0,"enemies":"Jaw Worm","floor":2.0,"turns":6.0},{"damage":3.0,"enemies":"2 Louse","floor":4.0,"turns":2.0},{"damage":2.0,"enemies":"Red Slaver","floor":5.0,"turns":3.0},{"damage":35,"enemies":"Lagavulin","floor":6,"turns":11},{"damage":32,"enemies":"Gremlin Nob","floor":8,"turns":3}],"seed_played":"-1616889714629351540","potions_obtained":[{"floor":2.0,"key":"Strength Potion"},{"floor":4.0,"key":"LiquidMemories"}],"is_trial":false,"path_per_floor":["M","M","$","M","M","E","R","E"],"character_chosen":"DEFECT","items_purchased":["Coolheaded","HandOfGreed"],"campfire_rested":1,"item_purchase_floors":[3,3],"current_hp_per_floor":[52,50,50,47,45,10,31,0,0],"gold":177,"neow_bonus":"TWO_FIFTY_GOLD","is_daily":false,"chose_seed":false,"campfire_upgraded":0,"win_rate":0.0,"timestamp":1613952610,"path_taken":["M","M","$","?","M","E","R","E"],"items_purchased_type":["Card","Card"],"build_version":"2020-12-22","purchased_purges":1,"victory":false,"max_hp_per_floor":[71,71,71,71,71,71,71,71,71],"relic_stats":{"Torii":0,"counters":[6,29],"obtain_stats":[{"Torii":6,"Cracked Core":0},{"Torii":5,"Cracked Core":0},{"Torii":26,"Cracked Core":0}]},"card_choices":[{"not_picked":["Steam Power","Streamline"],"picked":"Cold Snap","floor":1.0},{"not_picked":["Skim","Tempest"],"picked":"Rebound","floor":2.0},{"not_picked":["Beam Cell","Rebound"],"picked":"Sunder","floor":4.0},{"not_picked":["Heatsinks","Skim"],"picked":"Leap","floor":5.0},{"not_picked":["Creative AI","Heatsinks","Storm"],"picked":"SKIP","floor":6}],"player_experience":2331230,"relics_obtained":[{"floor":6,"key":"Torii"}],"event_choices":[],"is_beta":false,"boss_relics":[],"items_purged_floors":[3],"is_endless":false,"potions_floor_spawned":[2,4],"killed_by":"Gremlin Nob","ascension_level":20}}