{"host":"en4narc5947t7k9n","time":1613980272,"event":{"mods":["AchievementEnabler","BaseMod","Colored Map","Minty Spire (QoL Compilation)","SuperFastMode"],"gold_per_floor":[112,131,131,131,131,206,206,233,258,258,277,307,307,307,307,409,409,424,440,65,82,82,82,93,93,93,103,131,156,156,168,168,168,168],"floor_reached":33,"language":"KOR","playtime":1287,"items_purged":[],"score":265,"play_id":"1f1b54f6-5710-4aba-af05-e4f14b8133d5","local_time":"20210222165112","is_ascension_mode":false,"campfire_choices":[{"floor":7,"key":"RECALL"},{"data":"All Out Attack","floor":10,"key":"SMITH"},{"floor":13,"key":"REST"},{"data":"Neutralize","floor":15,"key":"SMITH"},{"floor":23,"key":"REST"},{"floor":30,"key":"REST"},{"floor":32,"key":"REST"}],"circlet_count":0,"master_deck":["Strike_G","Strike_G","Strike_G","Defend_G","Defend_G","Defend_G","Defend_G","Defend_G","Survivor","Neutralize+1","Deadly Poison","Poisoned Stab","All Out Attack+1","Backflip","Leg Sweep","Envenom","Blade Dance","Bouncing Flask+1","Bouncing Flask+1","Noxious Fumes","Flying Knee+1","Quick Slash+1","Acrobatics","Tactician"],"relics":["Ring of the Snake","NeowsBlessing","Tiny Chest","Odd Mushroom","Vajra","White Beast Statue","Black Star","DollysMirror","Oddly Smooth Stone","The Courier","Tingsha","Question Card","Boot"],"acts_visited":["Exordium","TheCity"],"potions_floor_usage":[16,16,19,21,22,27,28,28,28,33,33],"damage_taken":[{"damage":0,"enemies":"Small Slimes","floor":1,"turns":1},{"damage":0,"enemies":"2 Louse","floor":2,"turns":1},{"damage":0,"enemies":"The Mushroom Lair","floor":8,"turns":1},{"damage":3,"enemies":"Jaw Worm","floor":11,"turns":3},{"damage":15,"enemies":"Lagavulin","floor":12,"turns":7},{"damage":26,"enemies":"The Guardian","floor":16,"turns":10},{"damage":7,"enemies":"Chosen","floor":18,"turns":5},{"damage":12,"enemies":"3 Byrds","floor":19,"turns":6},{"damage":18,"enemies":"Snecko","floor":21,"turns":5},{"damage":0,"enemies":"Centurion and Healer","floor":22,"turns":1},{"damage":22,"enemies":"Snake Plant","floor":24,"turns":5},{"damage":3,"enemies":"Snecko","floor":27,"turns":4},{"damage":25,"enemies":"Gremlin Leader","floor":28,"turns":6},{"damage":18,"enemies":"Centurion and Healer","floor":31,"turns":5},{"damage":28,"enemies":"Collector","floor":33,"turns":3}],"seed_played":"8914988974252486397","potions_obtained":[{"floor":1,"key":"DuplicationPotion"},{"floor":8,"key":"Ancient Potion"},{"floor":12,"key":"DuplicationPotion"},{"floor":16,"key":"PowerPotion"},{"floor":18,"key":"AttackPotion"},{"floor":19,"key":"ColorlessPotion"},{"floor":21,"key":"SmokeBomb"},{"floor":24,"key":"Explosive Potion"},{"floor":27,"key":"DistilledChaos"},{"floor":28,"key":"DuplicationPotion"},{"floor":31,"key":"DistilledChaos"}],"is_trial":false,"path_per_floor":["M","M","?","?","$","?","R","?","T","R","M","E","R","T","R","B",null,"M","M","$","M","M","R","M","?","T","M","E","T","R","M","R","B"],"character_chosen":"THE_SILENT","items_purchased":["DollysMirror","Oddly Smooth Stone","Noxious Fumes"],"campfire_rested":4,"item_purchase_floors":[20,20,20],"current_hp_per_floor":[70,70,58,51,51,40,40,40,40,40,37,22,43,43,43,17,70,63,51,51,33,33,54,32,32,32,29,4,4,25,7,28,0,0],"gold":168,"neow_bonus":"THREE_ENEMY_KILL","is_daily":false,"chose_seed":false,"campfire_upgraded":2,"win_rate":0.0,"timestamp":1613980272,"path_taken":["M","M","?","?","$","?","R","?","T","R","M","E","R","?","R","BOSS","M","M","$","M","?","R","M","?","T","?","E","?","R","M","R","BOSS"],"items_purchased_type":["Relic","Relic","Card"],"build_version":"2020-12-22","purchased_purges":0,"victory":false,"max_hp_per_floor":[70,70,70,70,70,70,70,70,70,70,70,70,70,70,70,70,70,70,70,70,70,70,70,70,70,70,70,70,70,70,70,70,70,70],"card_choices":[{"not_picked":["Reflex","Caltrops"],"picked":"Deadly Poison","floor":1},{"not_picked":["Slice","Tactician"],"picked":"Poisoned Stab","floor":2},{"not_picked":["Accuracy","Dagger Spray"],"picked":"All Out Attack","floor":8},{"not_picked":["Outmaneuver","Acrobatics"],"picked":"Backflip","floor":11},{"not_picked":["Poisoned Stab","Flying Knee"],"picked":"Leg Sweep","floor":12},{"not_picked":["After Image","Unload"],"picked":"Envenom","floor":16},{"not_picked":["Flying Knee","Footwork"],"picked":"Blade Dance","floor":18},{"not_picked":["Dagger Spray+1","Slice+1"],"picked":"Bouncing Flask+1","floor":19},{"not_picked":["Blade Dance","Poisoned Stab","Setup"],"picked":"SKIP","floor":21},{"not_picked":["Predator","Cloak And Dagger"],"picked":"Flying Knee+1","floor":24},{"not_picked":["Riddle With Holes","Dodge and Roll"],"picked":"Quick Slash+1","floor":27},{"not_picked":["Sucker Punch","Flying Knee"],"picked":"Acrobatics","floor":28},{"not_picked":["Flying Knee","Well Laid Plans","Storm of Steel"],"picked":"Tactician","floor":31}],"player_experience":149101,"relics_obtained":[{"floor":8,"key":"Odd Mushroom"},{"floor":12,"key":"Vajra"},{"floor":14,"key":"White Beast Statue"},{"floor":26,"key":"The Courier"},{"floor":28,"key":"Tingsha"},{"floor":28,"key":"Question Card"},{"floor":29,"key":"Boot"}],"event_choices":[{"damage_healed":0,"gold_gain":0,"player_choice":"Success","damage_taken":12,"relics_obtained":["Tiny Chest"],"max_hp_gain":0,"max_hp_loss":0,"event_name":"Scrap Ooze","floor":3,"gold_loss":0},{"cards_removed":["Strike_G"],"damage_healed":0,"gold_gain":0,"player_choice":"Card Removal","damage_taken":7,"max_hp_gain":0,"max_hp_loss":0,"event_name":"Golden Wing","floor":4,"gold_loss":0},{"damage_healed":0,"gold_gain":75,"player_choice":"Gather Gold","damage_taken":11,"max_hp_gain":0,"max_hp_loss":0,"event_name":"World of Goop","floor":6,"gold_loss":0},{"damage_healed":0,"gold_gain":0,"player_choice":"Fought Mushrooms","damage_taken":0,"max_hp_gain":0,"max_hp_loss":0,"event_name":"Mushrooms","floor":8,"gold_loss":0},{"cards_removed":["Strike_G"],"damage_healed":0,"gold_gain":0,"player_choice":"Purged","damage_taken":0,"max_hp_gain":0,"max_hp_loss":0,"event_name":"Purifier","floor":25,"gold_loss":0}],"is_beta":false,"boss_relics":[{"not_picked":["SacredBark","Ectoplasm"],"picked":"Black Star"}],"items_purged_floors":[],"is_endless":false,"potions_floor_spawned":[1,8,12,16,18,19,21,22,24,27,28,31],"killed_by":"Collector","ascension_level":0}}