{"host":"ocllwaoi18j60ltd","time":1613990022,"event":{"mods":["BaseMod","DeckTracker","Minty Spire (QoL Compilation)","Permanent Neow","Quick Restart","StSLib","SuperFastMode"],"gold_per_floor":[114,132,147,163,163,163,197,209,209,110,110,141,141,156,156,229,229,239,249,108,108,108],"floor_reached":21,"language":"KOR","playtime":563,"items_purged":["Strike_B","Strike_B"],"score":382,"play_id":"7edf16cb-61ba-4919-b6de-c72d492ecd4f","local_time":"20210222193342","is_ascension_mode":true,"campfire_choices":[{"floor":6,"key":"REST"},{"floor":11,"key":"REST"},{"data":"White Noise","floor":13,"key":"SMITH"},{"data":"Reinforced Body","floor":15,"key":"SMITH"}],"circlet_count":0,"master_deck":["AscendersBane","Strike_B+1","Defend_B","Defend_B","Defend_B","Defend_B+1","Zap","Dualcast","Ball Lightning","White Noise+1","Reinforced Body+1","Hologram","Coolheaded","Barrage","Reboot","Turbo","Core Surge","Lockon","Seek","Auto Shields","Self Repair"],"relics":["Cracked Core","PreservedInsect","Bag of Marbles","Inserter"],"acts_visited":["Exordium","TheCity"],"potions_floor_usage":[7,8,16],"damage_taken":[{"damage":15,"enemies":"Small Slimes","floor":1,"turns":3},{"damage":2,"enemies":"Cultist","floor":2,"turns":4},{"damage":7,"enemies":"Jaw Worm","floor":3,"turns":4},{"damage":0,"enemies":"Blue Slaver","floor":4,"turns":4},{"damage":24,"enemies":"Lagavulin","floor":7,"turns":6},{"damage":0,"enemies":"2 Fungi Beasts","floor":8,"turns":3},{"damage":14,"enemies":"3 Sentries","floor":12,"turns":4},{"damage":0,"enemies":"Large Slime","floor":14,"turns":5},{"damage":21,"enemies":"Hexaghost","floor":16,"turns":8},{"damage":28,"enemies":"Spheric Guardian","floor":18,"turns":4},{"damage":14,"enemies":"Chosen","floor":19,"turns":5},{"damage":7,"enemies":"Sentry and Sphere","floor":21,"turns":3}],"seed_played":"1566712910333763887","potions_obtained":[{"floor":2,"key":"Explosive Potion"},{"floor":3,"key":"Strength Potion"},{"floor":7,"key":"CultistPotion"},{"floor":12,"key":"LiquidBronze"},{"floor":19,"key":"PowerPotion"}],"is_trial":false,"path_per_floor":["M","M","M","M","?","R","E","M","T","$","R","E","R","M","R","B",null,"M","M","$","M"],"character_chosen":"DEFECT","items_purchased":["Turbo","Self Repair"],"campfire_rested":2,"item_purchase_floors":[10,20],"current_hp_per_floor":[49,47,40,40,19,40,16,16,16,16,37,23,23,23,23,2,54,26,12,12,5,5],"gold":108,"neow_bonus":"TRANSFORM_CARD","is_daily":false,"chose_seed":false,"campfire_upgraded":2,"win_rate":0.0,"timestamp":1613990022,"path_taken":["M","M","M","M","?","R","E","M","T","$","R","E","R","M","R","BOSS","M","M","$","M"],"items_purchased_type":["Card","Card"],"build_version":"2020-12-22","purchased_purges":2,"victory":false,"max_hp_per_floor":[71,71,71,71,71,71,71,71,71,71,71,71,71,71,71,71,71,71,71,71,71,71],"card_choices":[{"not_picked":["Redo","Cold Snap"],"picked":"White Noise","floor":1},{"not_picked":["Ball Lightning","Rebound"],"picked":"Reinforced Body","floor":2},{"not_picked":["Turbo","Gash"],"picked":"Hologram","floor":3},{"not_picked":["Steam","Redo"],"picked":"Coolheaded","floor":4},{"not_picked":["Leap","Beam Cell"],"picked":"Barrage","floor":7},{"not_picked":["Leap","Beam Cell"],"picked":"Reboot","floor":8},{"not_picked":["Rebound","Leap"],"picked":"Core Surge","floor":12},{"not_picked":["Compile Driver","Steam"],"picked":"Lockon","floor":14},{"not_picked":["Meteor Strike","Fission"],"picked":"Seek","floor":16},{"not_picked":["Stack+1","Ball Lightning","Sweeping Beam"],"picked":"SKIP","floor":18},{"not_picked":["Go for the Eyes","Genetic Algorithm"],"picked":"Auto Shields","floor":19}],"player_experience":858197,"relics_obtained":[{"floor":7,"key":"PreservedInsect"},{"floor":12,"key":"Bag of Marbles"}],"event_choices":[{"damage_healed":0,"gold_gain":0,"player_choice":"Entered Light","damage_taken":21,"max_hp_gain":0,"max_hp_loss":0,"event_name":"Shining Light","floor":5,"gold_loss":0,"cards_upgraded":["Strike_B","Defend_B"]}],"is_beta":false,"boss_relics":[{"not_picked":["Nuclear Battery","Busted Crown"],"picked":"Inserter"}],"items_purged_floors":[10,20],"is_endless":false,"potions_floor_spawned":[2,3,7,12,19],"killed_by":"Sentry and Sphere","ascension_level":20}}