{"host":"wha9hktbkslqvblg","time":1613994250,"event":{"mods":["BaseMod","Colored Map","Minty Spire (QoL Compilation)","Relic Stats","SuperFastMode","everything is the same but u backflip on backflip"],"gold_per_floor":[13,29,46,56,72,102,102,117,117,133,133,143,29,104,104,104,104],"floor_reached":16,"language":"KOR","playtime":323,"items_purged":["Strike_R"],"score":212,"play_id":"6a985116-770b-4729-8741-e92e598566ec","local_time":"20210222204410","is_ascension_mode":true,"campfire_choices":[{"data":"Hemokinesis","floor":7,"key":"SMITH"},{"data":"Rupture","floor":11,"key":"SMITH"},{"data":"Sword Boomerang","floor":15,"key":"SMITH"}],"circlet_count":0,"master_deck":["AscendersBane","Strike_R","Strike_R","Strike_R","Strike_R","Defend_R","Defend_R","Defend_R","Defend_R","Bash","Offering","Shockwave","Hemokinesis+1","Rupture+1","Offering","Sword Boomerang+1","Seeing Red","Power Through"],"relics":["Burning Blood","Blood Vial","Pear"],"acts_visited":["Exordium"],"potions_floor_usage":[8],"damage_taken":[{"damage":2.0,"enemies":"Cultist","floor":1.0,"turns":4.0},{"damage":8.0,"enemies":"Jaw Worm","floor":2.0,"turns":3.0},{"damage":10.0,"enemies":"Small Slimes","floor":3.0,"turns":4.0},{"damage":10.0,"enemies":"Exordium Thugs","floor":4.0,"turns":3.0},{"damage":22.0,"enemies":"Lots of Slimes","floor":5.0,"turns":5.0},{"damage":30,"enemies":"Lagavulin","floor":6,"turns":5},{"damage":19,"enemies":"3 Louse","floor":8,"turns":3},{"damage":8,"enemies":"Blue Slaver","floor":10,"turns":1},{"damage":12,"enemies":"2 Fungi Beasts","floor":12,"turns":3},{"damage":22,"enemies":"Slime Boss","floor":16,"turns":5}],"seed_played":"6907120525964390542","potions_obtained":[{"floor":2.0,"key":"BloodPotion"},{"floor":3.0,"key":"Energy Potion"},{"floor":8,"key":"Energy Potion"}],"is_trial":false,"path_per_floor":["M","M","M","M","M","E","R","M","T","M","R","M","$","?","R","B"],"character_chosen":"IRONCLAD","items_purchased":["Power Through"],"campfire_rested":0,"item_purchase_floors":[13],"current_hp_per_floor":[72,70,66,62,46,22,22,26,36,36,36,32,32,21,21,1,1],"gold":104,"neow_bonus":"THREE_RARE_CARDS","is_daily":false,"chose_seed":false,"campfire_upgraded":3,"win_rate":0.0,"timestamp":1613994250,"path_taken":["M","M","?","M","?","E","R","M","T","M","R","M","$","?","R","BOSS"],"items_purchased_type":["Card"],"build_version":"2020-12-22","purchased_purges":1,"victory":false,"max_hp_per_floor":[75,75,75,75,75,75,75,75,85,85,85,85,85,85,85,85,85],"relic_stats":{"Blood Vial":8,"counters":[10,36],"obtain_stats":[{"Blood Vial":6,"Pear":9,"Burning Blood":0},{"Blood Vial":6,"Pear":7,"Burning Blood":0},{"Blood Vial":24,"Pear":27,"Burning Blood":0}],"Burning Blood":54},"card_choices":[{"not_picked":["Double Tap","Berserk"],"picked":"Offering","floor":0.0},{"not_picked":["Iron Wave","Sword Boomerang","Combust"],"picked":"SKIP","floor":1.0},{"not_picked":["Heavy Blade","Spot Weakness"],"picked":"Shockwave","floor":2.0},{"not_picked":["Infernal Blade","Entrench"],"picked":"Hemokinesis","floor":3.0},{"not_picked":["Sword Boomerang","Heavy Blade"],"picked":"Rupture","floor":4.0},{"not_picked":["Rupture","Perfected Strike","Cleave"],"picked":"SKIP","floor":5.0},{"not_picked":["Armaments","Thunderclap"],"picked":"Offering","floor":6},{"not_picked":["Dropkick","Metallicize"],"picked":"Sword Boomerang","floor":8},{"not_picked":["Warcry","Thunderclap"],"picked":"Seeing Red","floor":10},{"not_picked":["Carnage","Sword Boomerang","Metallicize"],"picked":"SKIP","floor":12}],"player_experience":1007189,"relics_obtained":[{"floor":6,"key":"Blood Vial"},{"floor":9,"key":"Pear"}],"event_choices":[{"damage_healed":0,"gold_gain":75,"player_choice":"Gather Gold","damage_taken":11,"max_hp_gain":0,"max_hp_loss":0,"event_name":"World of Goop","floor":14,"gold_loss":0}],"is_beta":false,"boss_relics":[],"items_purged_floors":[13],"is_endless":false,"potions_floor_spawned":[2,3,8,10],"killed_by":"Slime Boss","ascension_level":20}}