{"host":"nnt34ungdh9fkcmy","time":1613959672,"event":{"mods":["BaseMod","Downfall","Minty Spire (QoL Compilation)","StSLib","SuperFastMode"],"gold_per_floor":[141,141,183,225,255,330,390,480,480,576,633,714,771,861,861,1158,1158,1203,1233,1233,1280,1280,1370,1382,1499,1538,1550,1652,1664,1676,1778,1790,2099,2111,2159,2171,2183,2228,2297,2384,2396,2510,2548,2560,2647,2695,1816,1873,1873,1873],"floor_reached":51,"language":"ENG","playtime":2045,"items_purged":["Slimebound:Strike_Slimebound"],"score":1221,"play_id":"b97b96c4-761f-4ba0-be12-d8260564c7df","local_time":"20210221190752","daily_mods":["Cursed Run","Blue Cards","Midas"],"is_ascension_mode":true,"campfire_choices":[{"floor":15,"key":"REST"},{"floor":24,"key":"REST"},{"floor":27,"key":"REST"},{"floor":29,"key":"REST"},{"floor":32,"key":"REST"},{"floor":41,"key":"REST"},{"floor":44,"key":"REST"},{"floor":49,"key":"REST"}],"circlet_count":0,"master_deck":["Slimebound:Strike_Slimebound","Slimebound:Tackle","Slimebound:Defend_Slimebound","Slimebound:Defend_Slimebound","Slimebound:Defend_Slimebound","Slimebound:Split","Slimebound:CorrosiveSpit","Glacier","Slimebound:GoopSpray","Loop","Ball Lightning+1","Slimebound:Gluttony","Recycle","Shame","Slimebound:ViciousTackle","Slimebound:LeadByExample","Slimebound:SplitLeeching","Compile Driver","Decay","Slimebound:CheckThePlaybook","Static Discharge+1","Slimebound:LeadByExample","Slimebound:SplitSpecialist","Parasite","Writhe","Shame","Slimebound:LivingWall+1","Slimebound:RollThrough+1","Stack","Slimebound:SplitSpecialist","Slimebound:SplitLeeching","downfall:Icky","Slimebound:Teamwork","CurseOfTheBell","Panache","Slimebound:SlimeSpikes+1","Slimebound:RollThrough+1","Regret","Slimebound:LevelUp+1","Panache","Sunder","Flash of Steel","Slimebound:SlimeSpikes","Capacitor+1","downfall:Bewildered"],"relics":["Cursed Key","Darkstone Periapt","Du-Vu Doll","Strawberry","Smiling Mask","Akabeko","bronze:DecasWashers","Gambling Chip","Art of War","Dream Catcher","Fusion Hammer","Potion Belt","MawBank","Bottled Lightning","White Beast Statue","hexamod:BolsterEngine","Bottled Tornado","Anchor","Calling Bell","Bag of Marbles","InkBottle","Unceasing Top","Ornamental Fan","Lantern","Slimebound:AggressiveSlimeRelic","Eternal Feather","Incense Burner","Whetstone"],"acts_visited":["Exordium","TheCity","TheBeyond"],"potions_floor_usage":[10,14,28,31,39,50,50,50,50],"damage_taken":[{"damage":10,"enemies":"2 Louse","floor":1,"turns":3},{"damage":0,"enemies":"Cultist","floor":3,"turns":3},{"damage":0,"enemies":"Jaw Worm","floor":4,"turns":4},{"damage":0,"enemies":"Looter","floor":5,"turns":4},{"damage":10,"enemies":"3 Sentries","floor":6,"turns":7},{"damage":0,"enemies":"2 Fungi Beasts","floor":7,"turns":3},{"damage":36,"enemies":"Gremlin Nob","floor":8,"turns":5},{"damage":4,"enemies":"Lagavulin","floor":10,"turns":6},{"damage":3,"enemies":"3 Louse","floor":11,"turns":2},{"damage":13,"enemies":"Gremlin Nob","floor":12,"turns":5},{"damage":5,"enemies":"Lots of Slimes","floor":13,"turns":4},{"damage":0,"enemies":"Lagavulin","floor":14,"turns":6},{"damage":18,"enemies":"Slime Boss","floor":16,"turns":8},{"damage":13,"enemies":"3 Byrds","floor":18,"turns":6},{"damage":0,"enemies":"Chosen","floor":19,"turns":4},{"damage":31,"enemies":"Slavers","floor":23,"turns":3},{"damage":3,"enemies":"Gremlin Leader","floor":25,"turns":7},{"damage":12,"enemies":"Slavers","floor":28,"turns":4},{"damage":20,"enemies":"Book of Stabbing","floor":31,"turns":5},{"damage":30,"enemies":"Champ","floor":33,"turns":8},{"damage":0,"enemies":"Orb Walker","floor":35,"turns":1},{"damage":0,"enemies":"3 Shapes","floor":38,"turns":1},{"damage":0,"enemies":"Transient","floor":39,"turns":5},{"damage":24,"enemies":"Giant Head","floor":40,"turns":6},{"damage":0,"enemies":"Reptomancer","floor":42,"turns":2},{"damage":4,"enemies":"Nemesis","floor":45,"turns":3},{"damage":0,"enemies":"Jaw Worm Horde","floor":46,"turns":1},{"damage":0,"enemies":"3 Darklings","floor":48,"turns":1},{"damage":34,"enemies":"Time Eater","floor":50,"turns":4}],"seed_played":"-8769140841592133129","potions_obtained":[{"floor":3,"key":"FairyPotion"},{"floor":7,"key":"Regen Potion"},{"floor":8,"key":"SteroidPotion"},{"floor":10,"key":"bronze:BurnAndBuffPotion"},{"floor":14,"key":"PowerPotion"},{"floor":28,"key":"sneckomod:MuddlingPotion"},{"floor":31,"key":"FearPotion"},{"floor":33,"key":"LiquidMemories"},{"floor":35,"key":"Slimebound:SpawnSlimePotion"},{"floor":38,"key":"PowerPotion"},{"floor":39,"key":"DistilledChaos"},{"floor":42,"key":"Fire Potion"},{"floor":46,"key":"LiquidMemories"}],"is_trial":true,"path_per_floor":["M","?","M","M","M","E","M","E","T","E","M","E","M","E","R","B",null,"M","M","?","T","?","E","R","E","T","R","E","R","?","E","R","B",null,"M","?","?","M","M","E","R","E","T","R","E","M","$","M","R","B",null],"character_chosen":"SLIMEBOUND","items_purchased":["Incense Burner","Whetstone","Panache","Sunder","Flash of Steel","Slimebound:SlimeSpikes"],"campfire_rested":8,"item_purchase_floors":[47,47,47,47,47,47],"current_hp_per_floor":[55,62,62,62,62,52,52,16,22,33,30,17,12,12,35,23,84,71,71,71,77,83,52,80,77,83,102,90,102,102,82,102,78,114,114,104,104,104,104,80,114,114,120,120,116,116,116,116,120,92],"gold":1873,"neow_bonus":"","is_daily":false,"chose_seed":false,"campfire_upgraded":0,"win_rate":0.0,"timestamp":1613959672,"path_taken":["M","?","M","M","M","E","M","E","T","E","?","E","M","E","R","BOSS","M","M","?","?","?","E","R","E","T","R","E","R","?","E","R","BOSS","M","?","?","M","M","E","R","E","T","R","E","M","$","M","R","BOSS"],"items_purchased_type":["Relic","Relic","Card","Card","Card","Card"],"build_version":"2020-12-22","purchased_purges":1,"victory":true,"max_hp_per_floor":[65,72,72,72,72,72,72,72,78,78,78,78,78,78,78,84,84,84,84,84,90,96,96,96,96,102,102,102,102,102,102,102,108,114,114,114,114,114,114,114,114,114,120,120,120,120,120,120,120,126],"card_choices":[{"not_picked":["Slimebound:LeechingTouch","Slimebound:HauntingLick"],"picked":"Sweeping Beam","floor":1},{"not_picked":["Slimebound:SplitMire","Slimebound:Prepare"],"picked":"Glacier","floor":3},{"not_picked":["Slimebound:ItLooksTasty","Rip and Tear"],"picked":"Slimebound:GoopSpray","floor":4},{"not_picked":["Slimebound:Gluttony","Cold Snap"],"picked":"Loop","floor":5},{"not_picked":["Slimebound:SpikyOuterGoop","White Noise"],"picked":"Ball Lightning","floor":6},{"not_picked":["Slimebound:Prepare","Slimebound:FinishingTackle"],"picked":"Slimebound:Gluttony","floor":7},{"not_picked":["Slimebound:ComboTackle","Slimebound:LeadByExample"],"picked":"Recycle","floor":8},{"not_picked":["Thunder Strike","Slimebound:GoopSpray"],"picked":"Slimebound:ViciousTackle","floor":10},{"not_picked":["Sunder","Ball Lightning"],"picked":"Slimebound:LeadByExample","floor":11},{"not_picked":["Slimebound:FirmFortitude","Slimebound:GoopTackle"],"picked":"Slimebound:SplitLeeching","floor":12},{"not_picked":["Gash","Go for the Eyes"],"picked":"Compile Driver","floor":13},{"not_picked":["Slimebound:HauntingLick","Slimebound:SplitBruiser","Darkness"],"picked":"SKIP","floor":14},{"not_picked":["Slimebound:PrepareCrush","Amplify"],"picked":"Slimebound:CheckThePlaybook","floor":16},{"not_picked":["Skim+1","Gash+1","Turbo"],"picked":"SKIP","floor":18},{"not_picked":["Melter","Slimebound:SlimeBarrage"],"picked":"Static Discharge+1","floor":19},{"not_picked":["Slimebound:Nibble","Slimebound:RainOfGoop","Gash+1"],"picked":"SKIP","floor":23},{"not_picked":["Go for the Eyes","Slimebound:GrowthPunch+1","Hyperbeam"],"picked":"SKIP","floor":25},{"not_picked":["Gash","Slimebound:LeechingTouch+1"],"picked":"Slimebound:LivingWall+1","floor":27},{"not_picked":["Slimebound:FlameTackle","Hologram"],"picked":"Slimebound:RollThrough","floor":28},{"not_picked":["Ball Lightning","Slimebound:Dissolve+1"],"picked":"Stack","floor":29},{"not_picked":["Steam Power","Turbo","Sweeping Beam"],"picked":"SKIP","floor":31},{"not_picked":["Slimebound:ProtectTheBoss","Slimebound:LeechEnergy"],"picked":"Slimebound:SplitLeeching","floor":32},{"not_picked":["Buffer","Slimebound:OneTwoCombo"],"picked":"Slimebound:Teamwork","floor":33},{"not_picked":["Steam","Cold Snap+1","Self Repair+1"],"picked":"SKIP","floor":35},{"not_picked":["Metamorphosis","Violence"],"picked":"Panache","floor":36},{"not_picked":["Slimebound:LeechingTouch","Sweeping Beam+1"],"picked":"Slimebound:SlimeSpikes+1","floor":38},{"not_picked":["Slimebound:LeechEnergy+1","Rip and Tear+1","Slimebound:SlimeTap"],"picked":"SKIP","floor":39},{"not_picked":["Slimebound:SlimeTap","Slimebound:FinishingTackle+1","Doom and Gloom"],"picked":"SKIP","floor":40},{"not_picked":["Slimebound:Prepare","Slimebound:RainOfGoop+1"],"picked":"Slimebound:RollThrough+1","floor":42},{"not_picked":["Slimebound:ItLooksTasty","Slimebound:FinishingTackle"],"picked":"Slimebound:LevelUp+1","floor":44},{"not_picked":["All For One","Rebound","Slimebound:FirmFortitude"],"picked":"SKIP","floor":45},{"not_picked":["Ball Lightning+1","Slimebound:ViciousTackle","Slimebound:Schlurp"],"picked":"SKIP","floor":46},{"not_picked":["Beam Cell","Coolheaded"],"picked":"Capacitor+1","floor":48}],"player_experience":308425,"relics_obtained":[{"floor":6,"key":"Smiling Mask"},{"floor":8,"key":"Akabeko"},{"floor":9,"key":"bronze:DecasWashers"},{"floor":10,"key":"Gambling Chip"},{"floor":12,"key":"Art of War"},{"floor":14,"key":"Dream Catcher"},{"floor":21,"key":"Potion Belt"},{"floor":23,"key":"Bottled Lightning"},{"floor":25,"key":"White Beast Statue"},{"floor":26,"key":"hexamod:BolsterEngine"},{"floor":28,"key":"Bottled Tornado"},{"floor":31,"key":"Anchor"},{"floor":34,"key":"Bag of Marbles"},{"floor":34,"key":"InkBottle"},{"floor":34,"key":"Unceasing Top"},{"floor":40,"key":"Ornamental Fan"},{"floor":42,"key":"Lantern"},{"floor":43,"key":"Slimebound:AggressiveSlimeRelic"},{"floor":45,"key":"Eternal Feather"}],"event_choices":[{"cards_removed":["Sweeping Beam"],"damage_healed":0,"gold_gain":0,"player_choice":"Gave Card","damage_taken":0,"relics_obtained":["Strawberry"],"max_hp_gain":0,"max_hp_loss":0,"event_name":"WeMeetAgain","floor":2,"gold_loss":0},{"damage_healed":0,"gold_gain":0,"cards_transformed":["Slimebound:Strike_Slimebound","Slimebound:Defend_Slimebound"],"player_choice":"Became Test Subject","damage_taken":0,"max_hp_gain":0,"max_hp_loss":0,"event_name":"Drug Dealer","floor":20,"gold_loss":0,"cards_obtained":["Slimebound:LeadByExample","Slimebound:SplitSpecialist"]},{"damage_healed":0,"gold_gain":0,"player_choice":"Opened","damage_taken":0,"relics_obtained":["MawBank"],"max_hp_gain":0,"max_hp_loss":0,"event_name":"The Mausoleum","floor":22,"gold_loss":0,"cards_obtained":["Writhe"]},{"damage_healed":0,"gold_gain":0,"player_choice":"Read","damage_taken":0,"max_hp_gain":0,"max_hp_loss":0,"event_name":"The Library","floor":30,"gold_loss":0,"cards_obtained":["Slimebound:SplitSpecialist"]},{"damage_healed":0,"gold_gain":0,"player_choice":"Memory 3","damage_taken":10,"max_hp_gain":0,"max_hp_loss":0,"event_name":"SensoryStone","floor":36,"gold_loss":0},{"damage_healed":0,"gold_gain":0,"player_choice":"Ignored","damage_taken":0,"max_hp_gain":0,"max_hp_loss":0,"event_name":"NoteForYourself","floor":37,"gold_loss":0}],"is_beta":false,"boss_relics":[{"not_picked":["Astrolabe","Empty Cage"],"picked":"Fusion Hammer"},{"not_picked":["Pandora\u0027s Box","bronze:MakeshiftBattery"],"picked":"Calling Bell"}],"items_purged_floors":[47],"is_endless":false,"potions_floor_spawned":[3,7,8,10,11,14,18,19,28,31,33,35,38,39,40,42,45,46,48],"ascension_level":1}}