{"host":"p7cjtxxrilhp4dw7","time":1613958060,"event":{"mods":["BaseMod","Block Reminder","Colored Map","Curses Come First","Downfall","Highlight Path","Minty Spire (QoL Compilation)","StSLib"],"gold_per_floor":[99,109,119,119,135,161,185,22,22,56,56,72,72,72,90,168,168,68,88,104,16,16,35,61,61,87,87,87,87],"floor_reached":27,"language":"ENG","playtime":4653,"items_purged":[],"score":423,"play_id":"447437e7-7493-4b3e-8734-87e4876a1dd2","local_time":"20210221184100","is_ascension_mode":true,"campfire_choices":[{"data":"Slimebound:Split","floor":1,"key":"SMITH"},{"data":"Slimebound:Nibble","floor":9,"key":"SMITH"},{"floor":11,"key":"REST"},{"data":"Slimebound:GoopSpray","floor":13,"key":"SMITH"},{"data":"Slimebound:MassFeed","floor":18,"key":"SMITH"}],"circlet_count":0,"master_deck":["AscendersBane","Slimebound:Strike_Slimebound","Slimebound:Strike_Slimebound","Slimebound:Strike_Slimebound","Slimebound:Tackle","Slimebound:Defend_Slimebound","Slimebound:Defend_Slimebound","Slimebound:Defend_Slimebound","Slimebound:Defend_Slimebound","Slimebound:Split+1","Slimebound:CorrosiveSpit+1","Slimebound:SpikyOuterGoop","Slimebound:GoopSpray+1","Slimebound:Nibble+1","Slimebound:LeechingTouch","Slimebound:Chomp","Slimebound:SlimeSpikes","Slimebound:MassFeed+1","Slimebound:FinishingTackle","Slimebound:BestDefense","Slimebound:GoopTackle+1","Decay","Doubt","Slimebound:LivingWall"],"relics":["Slimebound:AbsorbEndCombat","Toy Ornithopter","Tiny Chest","Slimebound:SelfDamagePreventRelic","Boot","Blue Candle","Cursed Key","downfall:HeartBlessingBlue","Vajra","Pantograph","Blood Vial"],"acts_visited":["Exordium","TheCity"],"potions_floor_usage":[6,10,16,16,20,23,26],"damage_taken":[{"damage":0,"enemies":"2 Louse","floor":2,"turns":3},{"damage":3,"enemies":"Jaw Worm","floor":3,"turns":4},{"damage":13,"enemies":"Small Slimes","floor":5,"turns":4},{"damage":22,"enemies":"3 Sentries","floor":6,"turns":8},{"damage":0,"enemies":"downfall:FleeingMerchant","floor":8,"turns":4},{"damage":21,"enemies":"Gremlin Nob","floor":10,"turns":5},{"damage":0,"enemies":"Exordium Wildlife","floor":12,"turns":3},{"damage":1,"enemies":"3 Louse","floor":15,"turns":2},{"damage":18,"enemies":"WA_ARCHETYPE_RETAIN","floor":16,"turns":8},{"damage":14,"enemies":"Spheric Guardian","floor":19,"turns":5},{"damage":22,"enemies":"downfall:LooterAlt2","floor":20,"turns":3},{"damage":10,"enemies":"downfall:FleeingMerchant","floor":21,"turns":4},{"damage":27,"enemies":"Centurion and Healer","floor":23,"turns":7},{"damage":35,"enemies":"Book of Stabbing","floor":26,"turns":6},{"damage":11,"enemies":"Shelled Parasite and Fungi","floor":27,"turns":3}],"seed_played":"6993747784034278569","potions_obtained":[{"floor":3,"key":"Dexterity Potion"},{"floor":5,"key":"Explosive Potion"},{"floor":6,"key":"hexamod:SoulburnPotion"},{"floor":15,"key":"PowerPotion"},{"floor":16,"key":"hexamod:SoulburnPotion"},{"floor":20,"key":"Guardian:BlockOnCardUsePotion"},{"floor":23,"key":"Block Potion"}],"is_trial":false,"path_per_floor":["R","M","M","?","M","E","T","$","R","E","R","M","R","?","M","B",null,"R","M","M","$","?","M","T","T","E","M"],"character_chosen":"SLIMEBOUND","items_purchased":["Slimebound:SelfDamagePreventRelic","Slimebound:BestDefense"],"campfire_rested":1,"item_purchase_floors":[8,21],"current_hp_per_floor":[59,61,62,55,46,35,35,43,43,33,52,60,60,60,61,52,62,72,62,49,43,43,33,33,33,11,6,6,6],"gold":87,"neow_bonus":"UPGRADE_CARD","is_daily":false,"chose_seed":false,"campfire_upgraded":4,"win_rate":0.0,"timestamp":1613958060,"path_taken":["R","M","M","?","M","E","T","?","R","E","R","M","R","?","M","BOSS","R","M","M","$","?","M","T","?","E","M"],"items_purchased_type":["Relic","Card"],"build_version":"2020-12-22","purchased_purges":0,"victory":false,"max_hp_per_floor":[65,65,65,65,65,65,65,65,65,65,65,65,65,65,65,65,65,75,79,79,79,79,83,83,83,83,83,83,83],"card_choices":[{"not_picked":["Slimebound:SplitBruiser","Slimebound:RejuvenatingLick","Slimebound:Gluttony"],"picked":"SKIP","floor":2},{"not_picked":["Slimebound:FlameTackle","Slimebound:BestDefense"],"picked":"Slimebound:SpikyOuterGoop","floor":3},{"not_picked":["Slimebound:PressTheAttack","Slimebound:SplitBruiser"],"picked":"Slimebound:GoopSpray","floor":5},{"not_picked":["Slimebound:FlameTackle","Slimebound:SplitAcid"],"picked":"Slimebound:Nibble","floor":6},{"not_picked":["Slimebound:SplitLeeching","Slimebound:FirmFortitude"],"picked":"Slimebound:LeechingTouch","floor":8},{"not_picked":["Slimebound:PressTheAttack","Slimebound:OneTwoCombo"],"picked":"Slimebound:Chomp","floor":10},{"not_picked":["Slimebound:HauntingLick","Slimebound:ItLooksTasty","Slimebound:Nibble"],"picked":"SKIP","floor":12},{"not_picked":["Slimebound:PressTheAttack","Slimebound:MegaLick"],"picked":"Slimebound:SlimeSpikes","floor":15},{"not_picked":["Slimebound:Darklings","Slimebound:MinionMaster"],"picked":"Slimebound:MassFeed","floor":16},{"not_picked":["Slimebound:SplitAcid","Slimebound:HauntingLick"],"picked":"Slimebound:FinishingTackle","floor":19},{"not_picked":["Slimebound:RejuvenatingLick","Slimebound:FinishingTackle","Slimebound:PressTheAttack"],"picked":"SKIP","floor":20},{"not_picked":["Slimebound:GoopSpray","Slimebound:LevelUp","Slimebound:HauntingLick"],"picked":"SKIP","floor":21},{"not_picked":["Slimebound:PressTheAttack","Slimebound:SpikyOuterGoop"],"picked":"Slimebound:GoopTackle+1","floor":23},{"not_picked":["Slimebound:MassFeed","Slimebound:ProtectTheBoss"],"picked":"Slimebound:LivingWall","floor":26}],"player_experience":857413,"relics_obtained":[{"floor":6,"key":"Tiny Chest"},{"floor":10,"key":"Boot"},{"floor":24,"key":"Vajra"},{"floor":25,"key":"Pantograph"},{"floor":26,"key":"Blood Vial"}],"event_choices":[{"damage_healed":0,"gold_gain":0,"player_choice":"Success","damage_taken":7,"relics_obtained":["Toy Ornithopter"],"max_hp_gain":0,"max_hp_loss":0,"event_name":"Scrap Ooze","floor":4,"gold_loss":0},{"damage_healed":0,"gold_gain":0,"player_choice":"Ignored","damage_taken":0,"max_hp_gain":0,"max_hp_loss":0,"event_name":"Ghosts","floor":22,"gold_loss":0}],"is_beta":false,"boss_relics":[{"not_picked":["Sozu","Philosopher\u0027s Stone"],"picked":"Cursed Key"}],"items_purged_floors":[],"is_endless":false,"potions_floor_spawned":[3,5,6,15,16,20,23],"killed_by":"Shelled Parasite and Fungi","ascension_level":13}}