{"host":"drl4gs3853zme1q6","time":1613977980,"event":{"mods":["AchievementEnabler","BaseMod","Colored Map","Colored Powertips","Hermit","Hubris","Infinite Spire","Jorbs\u0027s Wanderer Trilogy","Minty Spire (QoL Compilation)","Replay The Spire","StSLib","The Cursed","The Hierophant"],"gold_per_floor":[119,135,135,146,159,159,159,159],"floor_reached":7,"language":"ENG","playtime":238,"items_purged":[],"score":43,"play_id":"3bfd7a23-3aa1-4f13-896c-78a873e835c5","local_time":"20210222011300","daily_mods":["Heirloom","Time Dilation"],"is_ascension_mode":false,"campfire_choices":[{"data":"Toxin Wave","floor":6,"key":"SMITH"}],"circlet_count":0,"master_deck":["Strike_G","Strike_G","Strike_G","Strike_G","Strike_G","Defend_G","Defend_G","Defend_G","Defend_G","Defend_G","Survivor","Neutralize","Toxin Wave+1","Accuracy","Dodge and Roll"],"relics":["Ring of the Snake","CaptainsWheel"],"acts_visited":["Exordium"],"potions_floor_usage":[],"damage_taken":[{"damage":0,"enemies":"Small Slimes","floor":1,"turns":3},{"damage":13,"enemies":"Jaw Worm","floor":2,"turns":5},{"damage":0,"enemies":"2 Louse","floor":4,"turns":2},{"damage":2,"enemies":"Blue Slaver","floor":5,"turns":4},{"damage":18,"enemies":"Replay:BlueRogue","floor":7,"turns":8}],"seed_played":"1699150944789334842","potions_obtained":[{"floor":4,"key":"FairyPotion"}],"is_trial":true,"path_per_floor":["M","M","?","M","M","R","E"],"character_chosen":"THE_SILENT","items_purchased":[],"campfire_rested":0,"item_purchase_floors":[],"current_hp_per_floor":[70,57,62,62,60,60,42,42],"gold":159,"neow_bonus":"","is_daily":false,"chose_seed":false,"campfire_upgraded":1,"win_rate":0.0,"timestamp":1613977980,"path_taken":["M","M","?","M","M","R","E"],"items_purchased_type":[],"build_version":"2020-12-22","purchased_purges":0,"victory":false,"max_hp_per_floor":[70,70,75,75,75,75,75,75],"card_choices":[{"not_picked":["hubris:SlightOfHand","Dodge and Roll","Tactician"],"picked":"SKIP","floor":1},{"not_picked":["Bouncing Flask","Flying Knee"],"picked":"Toxin Wave","floor":2},{"not_picked":["Sucker Punch","Dodge and Roll"],"picked":"Accuracy","floor":4},{"not_picked":["PiercingWail","Endless Agony"],"picked":"Dodge and Roll","floor":5}],"player_experience":393972,"relics_obtained":[],"event_choices":[{"damage_healed":0,"gold_gain":0,"player_choice":"Donut","damage_taken":0,"max_hp_gain":5,"max_hp_loss":0,"event_name":"Big Fish","floor":3,"gold_loss":0}],"is_beta":false,"boss_relics":[],"items_purged_floors":[],"is_endless":false,"potions_floor_spawned":[4],"killed_by":"Replay:BlueRogue","ascension_level":0}}