{"host":"m1hrbr0uwda4cktq","time":1613957653,"event":{"mods":["BaseMod","BetterRewards","Colored Map","Colored Powertips","Highlight Path","Minty Spire (QoL Compilation)","Shop Mod","SuperFastMode"],"gold_per_floor":[116,132,150,150,150,179,179,204,229,239,249,261,289,305,305,401,401,412,426,441,456,456,490,509,509,533,545,574,603,615,615],"floor_reached":30,"language":"ENG","playtime":2100,"items_purged":[],"score":292,"play_id":"89606bef-6f5f-426d-8a3f-78997910e07b","local_time":"20210221223413","is_ascension_mode":true,"campfire_choices":[{"data":"Dodge and Roll","floor":7,"key":"SMITH"},{"floor":15,"key":"REST"},{"floor":27,"key":"REST"}],"circlet_count":0,"master_deck":["Strike_G","Strike_G","Defend_G","Defend_G","Defend_G","Defend_G","Defend_G","Survivor","Neutralize","Infinite Blades","Crippling Poison","Dagger Spray","PiercingWail","Dash","Dodge and Roll+1","After Image","Dagger Spray","Blur","Noxious Fumes","Accuracy","Catalyst","Envenom","Caltrops","Dodge and Roll","Catalyst+1","Deadly Poison","Dash","Choke","PiercingWail","Wraith Form v2","Injury","Regret","Deadly Poison","Crippling Poison"],"relics":["Ring of the Snake","Question Card","Happy Flower","Oddly Smooth Stone","Potion Belt","Pear","Bag of Marbles","Pen Nib","Boot","Cursed Key","InkBottle","MawBank"],"acts_visited":["Exordium","TheCity"],"potions_floor_usage":[16,16,24,30,30],"damage_taken":[{"damage":0.0,"enemies":"Small Slimes","floor":1.0,"turns":3.0},{"damage":0.0,"enemies":"2 Louse","floor":2.0,"turns":2.0},{"damage":0.0,"enemies":"Jaw Worm","floor":3.0,"turns":4.0},{"damage":18,"enemies":"3 Sentries","floor":6,"turns":12},{"damage":7,"enemies":"Lagavulin","floor":8,"turns":9},{"damage":0,"enemies":"Blue Slaver","floor":10,"turns":5},{"damage":0,"enemies":"Looter","floor":11,"turns":3},{"damage":0,"enemies":"Lots of Slimes","floor":12,"turns":1},{"damage":13,"enemies":"Gremlin Nob","floor":13,"turns":4},{"damage":14,"enemies":"Exordium Thugs","floor":14,"turns":4},{"damage":25,"enemies":"The Guardian","floor":16,"turns":10},{"damage":0,"enemies":"Shell Parasite","floor":18,"turns":6},{"damage":16,"enemies":"2 Thieves","floor":19,"turns":4},{"damage":11,"enemies":"Shelled Parasite and Fungi","floor":20,"turns":6},{"damage":14,"enemies":"Snake Plant","floor":21,"turns":4},{"damage":37,"enemies":"Gremlin Leader","floor":23,"turns":6},{"damage":0,"enemies":"Centurion and Healer","floor":24,"turns":5},{"damage":27,"enemies":"Cultist and Chosen","floor":28,"turns":6},{"damage":10,"enemies":"Snecko","floor":29,"turns":4},{"damage":27,"enemies":"Book of Stabbing","floor":30,"turns":3}],"seed_played":"-4155950154138916648","potions_obtained":[{"floor":1.0,"key":"GamblersBrew"},{"floor":6,"key":"AttackPotion"},{"floor":8,"key":"Ancient Potion"},{"floor":11,"key":"FairyPotion"},{"floor":14,"key":"SkillPotion"},{"floor":19,"key":"DuplicationPotion"},{"floor":28,"key":"GamblersBrew"}],"is_trial":false,"path_per_floor":["M","M","M","?","?","E","R","E","T","M","M","M","E","M","R","B",null,"M","M","M","M","?","E","M","?","T","R","M","M","E"],"character_chosen":"THE_SILENT","items_purchased":["Question Card","Happy Flower"],"campfire_rested":2,"item_purchase_floors":[0,0],"current_hp_per_floor":[70,70,70,70,45,37,37,30,30,30,30,30,17,3,27,2,80,80,64,53,39,39,2,2,2,2,26,24,14,0,0],"gold":615,"neow_bonus":"","is_daily":false,"chose_seed":false,"campfire_upgraded":1,"win_rate":0.0,"timestamp":1613957653,"path_taken":["M","M","M","?","?","E","R","E","T","M","M","?","E","M","R","BOSS","M","M","M","M","?","E","M","?","T","R","M","M","E"],"items_purchased_type":["Relic","Relic"],"build_version":"2020-12-22","purchased_purges":0,"victory":false,"max_hp_per_floor":[70,70,70,70,70,80,80,80,80,80,80,80,80,80,80,80,80,80,80,80,80,80,80,80,80,80,80,80,80,80,80],"card_choices":[{"not_picked":["Dagger Spray","Finisher","Skewer"],"picked":"Crippling Poison","floor":1.0},{"not_picked":["Outmaneuver","Dash","Prepared"],"picked":"Dagger Spray","floor":2.0},{"not_picked":["Outmaneuver","Flying Knee","Night Terror"],"picked":"PiercingWail","floor":3.0},{"not_picked":["Underhanded Strike","Leg Sweep","Dagger Spray"],"picked":"Dodge and Roll","floor":6},{"not_picked":["PiercingWail","Flechettes","Bouncing Flask"],"picked":"After Image","floor":8},{"not_picked":["Cloak And Dagger","Prepared","Flechettes"],"picked":"Dagger Spray","floor":10},{"not_picked":["Dagger Spray","Sucker Punch","Outmaneuver"],"picked":"Blur","floor":11},{"not_picked":["Skewer","Acrobatics","Dodge and Roll"],"picked":"Noxious Fumes","floor":12},{"not_picked":["Endless Agony","Dagger Spray","Blade Dance"],"picked":"Accuracy","floor":13},{"not_picked":["Sucker Punch","Die Die Die","Prepared"],"picked":"Catalyst","floor":14},{"not_picked":["Burst","Unload","Bullet Time"],"picked":"Envenom","floor":16},{"not_picked":["Deflect+1","Acrobatics","Underhanded Strike"],"picked":"Caltrops","floor":18},{"not_picked":["Die Die Die","Dash","Dagger Spray"],"picked":"Dodge and Roll","floor":19},{"not_picked":["Caltrops","Bane","Flying Knee"],"picked":"Catalyst+1","floor":20},{"not_picked":["Bane","Quick Slash","Backflip"],"picked":"Deadly Poison","floor":21},{"not_picked":["Infinite Blades+1","Quick Slash","Well Laid Plans+1"],"picked":"PiercingWail","floor":23},{"not_picked":["Well Laid Plans","Flying Knee+1","Acrobatics"],"picked":"Wraith Form v2","floor":24},{"not_picked":["Reflex","Prepared+1","Poisoned Stab"],"picked":"Deadly Poison","floor":28},{"not_picked":["Slice","Blade Dance","Prepared"],"picked":"Crippling Poison","floor":29}],"player_experience":182221,"relics_obtained":[{"floor":6,"key":"Pear"},{"floor":8,"key":"Bag of Marbles"},{"floor":9,"key":"Pen Nib"},{"floor":13,"key":"Boot"},{"floor":23,"key":"InkBottle"},{"floor":26,"key":"MawBank"}],"event_choices":[{"damage_healed":0,"gold_gain":0,"cards_transformed":["Strike_G"],"player_choice":"Change","damage_taken":0,"max_hp_gain":0,"max_hp_loss":0,"event_name":"Living Wall","floor":4,"gold_loss":0,"cards_obtained":["Dash"]},{"damage_healed":0,"gold_gain":0,"player_choice":"Success","damage_taken":25,"relics_obtained":["Potion Belt"],"max_hp_gain":0,"max_hp_loss":0,"event_name":"Scrap Ooze","floor":5,"gold_loss":0},{"damage_healed":0,"gold_gain":0,"cards_transformed":["Strike_G","Strike_G"],"player_choice":"Became Test Subject","damage_taken":0,"max_hp_gain":0,"max_hp_loss":0,"event_name":"Drug Dealer","floor":22,"gold_loss":0,"cards_obtained":["Dash","Choke"]},{"damage_healed":0,"gold_gain":0,"player_choice":"1 cards matched","damage_taken":0,"max_hp_gain":0,"max_hp_loss":0,"event_name":"Match and Keep!","floor":25,"gold_loss":0,"cards_obtained":["Injury"]}],"is_beta":false,"boss_relics":[{"not_picked":["HoveringKite","Runic Dome"],"picked":"Cursed Key"}],"items_purged_floors":[],"is_endless":false,"potions_floor_spawned":[1,6,8,11,14,19,28],"killed_by":"Book of Stabbing","ascension_level":1}}