{"host":"f5gffvlv6a66yqkd","time":1613983171,"event":{"mods":["2.2 Compatiblity","BaseMod","Colored Map","Custom Start","DeckTracker","Keyboard Shortcuts","Minty Spire (QoL Compilation)","Permanent Neow","Quick Restart","Relic Stats","StSLib","SuperFastMode"],"gold_per_floor":[109,34,34,34,54,54,66,93,93,93,93,93,125,47,47,121,121,131,131,56,32,82,82,109,109,109,109,109],"floor_reached":27,"language":"KOR","playtime":374,"items_purged":[],"score":466,"play_id":"30a917c6-67aa-4249-a5b0-4091b6c725de","local_time":"20210222173931","is_ascension_mode":true,"campfire_choices":[{"data":"Zap","floor":6,"key":"SMITH"},{"floor":10,"key":"REST"},{"data":"Go for the Eyes","floor":12,"key":"SMITH"},{"floor":15,"key":"REST"},{"data":"Beam Cell","floor":23,"key":"SMITH"},{"data":"Biased Cognition","floor":25,"key":"SMITH"}],"circlet_count":0,"master_deck":["AscendersBane","Strike_B","Defend_B","Defend_B","Defend_B","Defend_B","Zap+1","Dualcast","Streamline","Go for the Eyes+1","Sweeping Beam","Gash","All For One","Gash","FTL","Biased Cognition+1","CurseOfTheBell","BootSequence","Beam Cell+1"],"relics":["Cracked Core","Boot","Sundial","Mummified Hand","Cables","Matryoshka","Calling Bell","MealTicket","Mercury Hourglass","Incense Burner","Turnip","Blood Vial","Ice Cream"],"acts_visited":["Exordium","TheCity"],"potions_floor_usage":[16],"damage_taken":[{"damage":2,"enemies":"2 Louse","floor":1,"turns":4},{"damage":2,"enemies":"Jaw Worm","floor":5,"turns":4},{"damage":12,"enemies":"Small Slimes","floor":7,"turns":3},{"damage":29,"enemies":"Gremlin Nob","floor":8,"turns":4},{"damage":30,"enemies":"3 Sentries","floor":13,"turns":6},{"damage":25,"enemies":"Slime Boss","floor":16,"turns":5},{"damage":1,"enemies":"Spheric Guardian","floor":18,"turns":3},{"damage":45,"enemies":"Slavers","floor":24,"turns":5},{"damage":2,"enemies":"Chosen","floor":27,"turns":3}],"seed_played":"7409889407007505122","potions_obtained":[{"floor":7,"key":"SkillPotion"},{"floor":16,"key":"CultistPotion"},{"floor":24,"key":"SteroidPotion"}],"is_trial":false,"path_per_floor":["M","?","T","T","M","R","M","E","T","R","?","R","E","$","R","B",null,"M","?","?","$","?","R","E","R","T","M"],"character_chosen":"DEFECT","items_purchased":["FTL","Beam Cell"],"campfire_rested":2,"item_purchase_floors":[14,21],"current_hp_per_floor":[62,62,62,62,60,60,48,19,19,40,40,40,10,10,31,6,55,54,54,54,69,69,69,24,24,24,24,24],"gold":109,"neow_bonus":"RANDOM_COMMON_RELIC","is_daily":false,"chose_seed":false,"campfire_upgraded":4,"win_rate":0.0,"timestamp":1613983171,"path_taken":["M","?","?","?","M","R","M","E","T","R","?","R","E","$","R","BOSS","M","?","?","?","?","R","E","R","T","M"],"items_purchased_type":["Card","Card"],"build_version":"2020-12-22","purchased_purges":0,"victory":false,"max_hp_per_floor":[71,71,71,71,71,71,71,71,71,71,71,71,71,71,71,71,71,71,71,71,71,71,71,71,71,71,71,71],"relic_stats":{"Blood Vial":2,"counters":[9,37],"Sundial":[4],"Mummified Hand":[3],"MealTicket":15,"Turnip":[0],"Boot":[38],"obtain_stats":[{"Ice Cream":26,"Incense Burner":17,"Boot":0,"Cables":8,"Mercury Hourglass":17,"Calling Bell":17,"Blood Vial":26,"Matryoshka":13,"Sundial":3,"Mummified Hand":4,"MealTicket":17,"Turnip":24,"Cracked Core":0},{"Ice Cream":8,"Incense Burner":6,"Boot":0,"Cables":4,"Mercury Hourglass":6,"Calling Bell":6,"Blood Vial":8,"Matryoshka":5,"Sundial":1,"Mummified Hand":1,"MealTicket":6,"Turnip":8,"Cracked Core":0},{"Ice Cream":34,"Incense Burner":26,"Boot":0,"Cables":15,"Mercury Hourglass":26,"Calling Bell":26,"Blood Vial":34,"Matryoshka":21,"Sundial":4,"Mummified Hand":4,"MealTicket":26,"Turnip":34,"Cracked Core":0}],"Cables":[15,15,0,0,0],"Mercury Hourglass":[48]},"card_choices":[{"not_picked":["Go for the Eyes","Stack"],"picked":"Streamline","floor":1},{"not_picked":["Conserve Battery","Force Field"],"picked":"Go for the Eyes","floor":5},{"not_picked":["Storm","Capacitor"],"picked":"Sweeping Beam","floor":7},{"not_picked":["Static Discharge","Conserve Battery"],"picked":"Gash","floor":8},{"not_picked":["Compile Driver","Genetic Algorithm"],"picked":"Gash","floor":13},{"not_picked":["Fission","Meteor Strike"],"picked":"Biased Cognition","floor":16},{"not_picked":["Leap","Go for the Eyes"],"picked":"BootSequence","floor":18},{"not_picked":["BootSequence","Ball Lightning","Leap"],"picked":"SKIP","floor":24}],"player_experience":1547582,"relics_obtained":[{"floor":3,"key":"Sundial"},{"floor":4,"key":"Mummified Hand"},{"floor":8,"key":"Cables"},{"floor":13,"key":"Matryoshka"},{"floor":17,"key":"MealTicket"},{"floor":17,"key":"Mercury Hourglass"},{"floor":17,"key":"Incense Burner"},{"floor":24,"key":"Turnip"},{"floor":26,"key":"Blood Vial"},{"floor":26,"key":"Ice Cream"}],"event_choices":[{"cards_removed":["Strike_B"],"damage_healed":0,"gold_gain":0,"player_choice":"Card Removal","damage_taken":0,"max_hp_gain":0,"max_hp_loss":0,"event_name":"The Cleric","floor":2,"gold_loss":75},{"damage_healed":0,"gold_gain":0,"cards_transformed":["Strike_B"],"player_choice":"Change","damage_taken":0,"max_hp_gain":0,"max_hp_loss":0,"event_name":"Living Wall","floor":11,"gold_loss":0,"cards_obtained":["All For One"]},{"damage_healed":0,"gold_gain":0,"player_choice":"Ignored","damage_taken":0,"max_hp_gain":0,"max_hp_loss":0,"event_name":"The Mausoleum","floor":19,"gold_loss":0},{"cards_removed":["Strike_B"],"damage_healed":0,"gold_gain":0,"player_choice":"Gave Gold","damage_taken":0,"max_hp_gain":0,"max_hp_loss":0,"event_name":"Beggar","floor":20,"gold_loss":75},{"damage_healed":0,"gold_gain":50,"player_choice":"Stole From Cult","damage_taken":0,"max_hp_gain":0,"max_hp_loss":0,"event_name":"Nest","floor":22,"gold_loss":0}],"is_beta":false,"boss_relics":[{"not_picked":["Black Star","SlaversCollar"],"picked":"Calling Bell"}],"items_purged_floors":[],"is_endless":false,"potions_floor_spawned":[7,16,24],"killed_by":"Chosen","ascension_level":20}}