{"host":"6fhkt7uh7k6h93g3","time":1613953660,"event":{"mods":["AchievementEnabler","Act Like it!","Aspiration","BaseMod","Better Note","BetterRewards","Colored Map","Downfall","Hermit","Marisa????????","Minty Spire (QoL Compilation)","StSLib","The Disciple"],"gold_per_floor":[99,114,564,222,222,222,249,260,260,260,260,72,100,113,128,239,239,239,260,260,104,122,322,322,190,204,224,224,192,192,218,242,352,352,352,377,391,79,92,92,116,116,116,116],"floor_reached":42,"language":"ENG","playtime":6099,"items_purged":["downfall:Icky","downfall:Icky","downfall:Icky","hexamod:Strike"],"score":438,"play_id":"d07a803d-cf94-4c44-a402-12fa8c9c4dd9","local_time":"20210222012740","is_ascension_mode":false,"campfire_choices":[{"data":"hexamod:Float","floor":1.0,"key":"SMITH"},{"data":"hexamod:DynamicBlow","floor":9.0,"key":"SMITH"},{"data":"hexamod:Sear","floor":11.0,"key":"SMITH"},{"data":"hexamod:ForkedFlame","floor":18.0,"key":"SMITH"},{"data":"hexamod:VolcanoVisage","floor":28.0,"key":"SMITH"},{"floor":30.0,"key":"REST"},{"data":"hexamod:SearingWound","floor":35,"key":"SMITH"}],"circlet_count":0,"master_deck":["hexamod:Strike","hexamod:Strike","hexamod:Defend","hexamod:Defend","hexamod:Defend","hexamod:Sear+1","hexamod:Float+1","hexamod:HauntingEcho","hexamod:SecondSeal","hexamod:DynamicBlow+1","hexamod:FourthSeal","hexamod:SearingWound+1","hexamod:HeatShield","hexamod:SpectersWail","hexamod:Firestarter","hexamod:ShieldOfDarkness","hexamod:ForkedFlame+1","hexamod:AdvancingGuard+1","hexamod:Haunt","hexamod:FastForward","hexamod:FastForward+1","hexamod:VolcanoVisage+1","hexamod:RadiantFlame","expansioncontent:DashGenerateEvil","hexamod:GhostShield+1","hexamod:FifthSeal","hexamod:FirstSeal"],"relics":["hexamod:SpiritBrand","Sling","Centennial Puzzle","aspiration:FutureDiary","Dream Catcher","Gremlin Horn","SlaversCollar","Lizard Tail","hexamod:MatchstickCase"],"acts_visited":["Exordium","TheCity","TheBeyond"],"potions_floor_usage":[36,37,39],"damage_taken":[{"damage":2.0,"enemies":"2 Louse","floor":2.0,"turns":3.0},{"damage":0.0,"enemies":"downfall:FleeingMerchant","floor":4.0,"turns":4.0},{"damage":1.0,"enemies":"Jaw Worm","floor":8.0,"turns":4.0},{"damage":5.0,"enemies":"downfall:FleeingMerchant","floor":12.0,"turns":4.0},{"damage":0.0,"enemies":"Small Slimes","floor":13.0,"turns":3.0},{"damage":10.0,"enemies":"Gremlin Gang","floor":14.0,"turns":5.0},{"damage":2.0,"enemies":"Blue Slaver","floor":15.0,"turns":3.0},{"damage":25.0,"enemies":"SI_SHIV_ARCHETYPE","floor":16.0,"turns":10.0},{"damage":0.0,"enemies":"Chosen","floor":19.0,"turns":6.0},{"damage":0.0,"enemies":"downfall:FleeingMerchant","floor":21.0,"turns":4.0},{"damage":9.0,"enemies":"Spheric Guardian","floor":22.0,"turns":4.0},{"damage":4.0,"enemies":"downfall:FleeingMerchant","floor":25.0,"turns":4.0},{"damage":14.0,"enemies":"Snecko","floor":26.0,"turns":5.0},{"damage":0.0,"enemies":"Snake Plant","floor":27.0,"turns":3.0},{"damage":21.0,"enemies":"downfall:FleeingMerchant","floor":29.0,"turns":3.0},{"damage":3.0,"enemies":"Sentry and Sphere","floor":31.0,"turns":5.0},{"damage":10.0,"enemies":"Snecko","floor":32.0,"turns":5.0},{"damage":24.0,"enemies":"WA_ARCHETYPE_CALM","floor":33.0,"turns":10.0},{"damage":16,"enemies":"3 Darklings","floor":36,"turns":5},{"damage":9,"enemies":"3 Shapes","floor":37,"turns":7},{"damage":44,"enemies":"Transient","floor":39,"turns":5},{"damage":71,"enemies":"Giant Head","floor":42,"turns":8}],"seed_played":"5203266429970207468","potions_obtained":[{"floor":13.0,"key":"SteroidPotion"},{"floor":13.0,"key":"FearPotion"},{"floor":15.0,"key":"SkillPotion"},{"floor":19.0,"key":"LiquidBronze"},{"floor":21.0,"key":"SkillPotion"},{"floor":26.0,"key":"SmokeBomb"},{"floor":29.0,"key":"bronze:BurnAndBuffPotion"},{"floor":31.0,"key":"Weak Potion"},{"floor":32.0,"key":"Block Potion"},{"floor":36,"key":"hexamod:SoulburnPotion"},{"floor":37,"key":"Swift Potion"}],"is_trial":false,"path_per_floor":["R","M","?","$","?","?","T","M","R","?","R","$","M","M","M","B",null,"R","M","?","$","M","?","T","$","M","M","R","$","R","M","M","B",null,"R","M","M","$","M","$","T","E"],"character_chosen":"THE_SPIRIT","items_purchased":["hexamod:SecondSeal","hexamod:DynamicBlow","Sling","hexamod:HeatShield","Dream Catcher","expansioncontent:DashGenerateEvil","Regen Potion","Lizard Tail"],"campfire_rested":1,"item_purchase_floors":[4,4,4,12,21,29,29,38],"current_hp_per_floor":[77,75,75,75,75,63,63,62,62,67,67,62,62,52,50,25,77,77,77,77,77,68,68,68,64,50,50,50,29,52,64,54,30,77,77,61,59,59,15,15,15,0,0,0],"gold":116,"neow_bonus":"TEN_PERCENT_HP_BONUS","is_daily":false,"chose_seed":false,"campfire_upgraded":6,"win_rate":0.0,"timestamp":1613953660,"path_taken":["R","M","?","$","?","?","T","M","R","?","R","$","M","?","M","BOSS","R","M","?","$","?","?","T","$","M","?","R","?","R","M","M","BOSS","R","M","M","$","M","$","T","E"],"items_purchased_type":["Card","Card","Relic","Card","Relic","Card","Potion","Relic"],"build_version":"2020-12-22","purchased_purges":4,"victory":false,"max_hp_per_floor":[77,77,77,77,77,77,77,77,77,77,77,77,77,77,77,77,77,77,77,77,77,77,77,77,77,77,77,77,77,77,77,77,77,77,77,77,77,77,77,77,77,77,77,77],"card_choices":[{"not_picked":["hexamod:Rewind","hexamod:AdvancingGuard"],"picked":"hexamod:NightmareGuise","floor":2.0},{"not_picked":["hexamod:GhostLash","hexamod:SecondSeal"],"picked":"hexamod:HauntingEcho","floor":4.0},{"not_picked":["hexamod:SwordOfDarkness","hexamod:SkipABeat"],"picked":"hexamod:FourthSeal","floor":8.0},{"not_picked":["hexamod:HauntingEcho","hexamod:Firestarter"],"picked":"hexamod:SearingWound","floor":12.0},{"not_picked":["hexamod:RadiantFlame","hexamod:GhostOfSpireFuture"],"picked":"hexamod:SpectersWail","floor":13.0},{"not_picked":["hexamod:ChargedBarrage","hexamod:EmpoweredFlame"],"picked":"hexamod:Firestarter","floor":14.0},{"not_picked":["hexamod:InspiringFlames","hexamod:ExtraCrispy"],"picked":"hexamod:ShieldOfDarkness","floor":15.0},{"not_picked":["hexamod:SixthSeal","hexamod:TimeOfNeed"],"picked":"hexamod:ForkedFlame","floor":16.0},{"not_picked":["hexamod:Hexaguard","hexamod:BacktrackSmack+1"],"picked":"hexamod:AdvancingGuard+1","floor":19.0},{"not_picked":["hexamod:NightmareGuise","hexamod:SecondSeal"],"picked":"hexamod:FastForward","floor":21.0},{"not_picked":["hexamod:Firestarter","hexamod:HauntingEcho+1"],"picked":"hexamod:FastForward+1","floor":22.0},{"not_picked":["hexamod:HauntingEcho","hexamod:PhantomCloak"],"picked":"hexamod:VolcanoVisage","floor":25.0},{"not_picked":["hexamod:SpectersWail+1","hexamod:GhostflameBarrier"],"picked":"hexamod:RadiantFlame","floor":26.0},{"not_picked":["hexamod:NightmareStrike+1","hexamod:EmpoweredFlame","hexamod:StepThrough"],"picked":"SKIP","floor":27.0},{"not_picked":["hexamod:SoulSteal","hexamod:PhantomCloak","hexamod:FastForward"],"picked":"SKIP","floor":29.0},{"not_picked":["hexamod:InspiringFlames","hexamod:SwordOfDarkness","hexamod:HeatShield+1"],"picked":"SKIP","floor":31.0},{"not_picked":["hexamod:ExtraCrispy","hexamod:AdvancingGuard+1"],"picked":"hexamod:GhostShield+1","floor":32.0},{"not_picked":["hexamod:UnlimitedPower","hexamod:GhostOfSpirePresent"],"picked":"hexamod:FifthSeal","floor":33.0},{"not_picked":["hexamod:SecondSeal","hexamod:SixthSeal"],"picked":"hexamod:FirstSeal","floor":36},{"not_picked":["hexamod:SecondSeal","hexamod:HeatCrush","hexamod:FastForward"],"picked":"SKIP","floor":36},{"not_picked":["hexamod:GhostShield","hexamod:AdvancingGuard+1","hexamod:Firestarter"],"picked":"SKIP","floor":37},{"not_picked":["hexamod:SpectersWail","hexamod:GhostOfSpireFuture","hexamod:ShieldOfDarkness+1"],"picked":"SKIP","floor":39}],"player_experience":391127,"relics_obtained":[{"floor":7.0,"key":"Centennial Puzzle"},{"floor":24.0,"key":"Gremlin Horn"},{"floor":41,"key":"hexamod:MatchstickCase"}],"event_choices":[{"damage_healed":0.0,"max_hp_gain":0.0,"max_hp_loss":0.0,"gold_gain":0.0,"event_name":"Scrap Ooze","player_choice":"Fled","floor":6.0,"gold_loss":0.0,"damage_taken":12.0},{"cards_removed":["hexamod:NightmareGuise"],"damage_healed":5.0,"max_hp_gain":0.0,"max_hp_loss":0.0,"gold_gain":0.0,"event_name":"Bonfire Elementals","player_choice":"Offered Common","floor":10.0,"gold_loss":0.0,"damage_taken":0.0},{"cards_removed":["hexamod:NightmareGuise"],"damage_healed":5.0,"max_hp_gain":0.0,"max_hp_loss":0.0,"gold_gain":0.0,"event_name":"Bonfire Elementals","player_choice":"Offered Special","floor":10.0,"gold_loss":0.0,"damage_taken":0.0}],"is_beta":false,"boss_relics":[{"not_picked":["Snecko Eye","aspiration:SecretTechniqueScroll"],"picked":"aspiration:FutureDiary"},{"not_picked":["Empty Cage","Sozu"],"picked":"SlaversCollar"}],"items_purged_floors":[4,12,25,29],"is_endless":false,"potions_floor_spawned":[13,15,16,22,26,31,32,36,37],"killed_by":"Giant Head","ascension_level":0}}