{"host":"w14xfy17z3c5mpoi","time":1613956194,"event":{"mods":["AchievementEnabler","BaseMod","Minty Spire (QoL Compilation)","Relic Stats"],"gold_per_floor":[18,18,31,48,123,123,152,152,175,175,192,226,238,257,257,354,354,371,391,21,41,60,60,78,78,78,0,30,30,30,59,59,160,160,170,181,193,208,208,208,32,58,58,58,58,58,70,90,90,90],"floor_reached":51,"language":"ENG","playtime":2626,"items_purged":["Strike_G","Strike_G"],"score":1102,"play_id":"19cd26d3-5c48-4ad6-90e6-a59fc391f1c8","local_time":"20210221200954","is_ascension_mode":true,"campfire_choices":[{"data":"Apotheosis","floor":6,"key":"SMITH"},{"data":"Wraith Form v2","floor":8,"key":"SMITH"},{"data":"Neutralize","floor":10,"key":"SMITH"},{"floor":15,"key":"REST"},{"data":"Adrenaline","floor":23,"key":"SMITH"},{"data":"Calculated Gamble","floor":25,"key":"SMITH"},{"floor":30,"key":"REST"},{"floor":32,"key":"REST"},{"floor":40,"key":"REST"},{"floor":44,"key":"REST"},{"floor":46,"key":"REST"},{"floor":49,"key":"REST"}],"circlet_count":0,"master_deck":["AscendersBane","Strike_G","Strike_G","Defend_G","Defend_G","Defend_G","Defend_G","Defend_G","Survivor","Neutralize+1","Apotheosis+1","Quick Slash","Quick Slash","Wraith Form v2+1","Endless Agony","Bouncing Flask","Bouncing Flask","Flying Knee","Noxious Fumes","Adrenaline+1","Concentrate","Poisoned Stab","Calculated Gamble+1","Crippling Poison","Deadly Poison+1","Burst","PiercingWail+1","PiercingWail+1","Poisoned Stab","Madness","Madness","Wraith Form v2+1","Deadly Poison","PiercingWail+1"],"relics":["Ring of the Snake","Blood Vial","Strawberry","Ornamental Fan","Runic Pyramid","Tingsha","Bag of Preparation","Darkstone Periapt","Incense Burner","Fusion Hammer","StrikeDummy","Calipers"],"acts_visited":["Exordium","TheCity","TheBeyond"],"potions_floor_usage":[7,14,14,16,28,31,35,37,42,50],"damage_taken":[{"damage":5,"enemies":"2 Louse","floor":1,"turns":4},{"damage":4,"enemies":"Cultist","floor":3,"turns":3},{"damage":0,"enemies":"Small Slimes","floor":4,"turns":3},{"damage":2,"enemies":"Lagavulin","floor":7,"turns":7},{"damage":15,"enemies":"3 Louse","floor":11,"turns":2},{"damage":16,"enemies":"3 Sentries","floor":12,"turns":9},{"damage":19,"enemies":"Blue Slaver","floor":13,"turns":4},{"damage":0,"enemies":"Exordium Wildlife","floor":14,"turns":2},{"damage":12,"enemies":"Hexaghost","floor":16,"turns":8},{"damage":2,"enemies":"Spheric Guardian","floor":18,"turns":4},{"damage":24,"enemies":"2 Thieves","floor":19,"turns":5},{"damage":10,"enemies":"Chosen and Byrds","floor":21,"turns":4},{"damage":0,"enemies":"Snecko","floor":22,"turns":4},{"damage":3,"enemies":"Centurion and Healer","floor":24,"turns":6},{"damage":22,"enemies":"Book of Stabbing","floor":28,"turns":5},{"damage":17,"enemies":"Slavers","floor":31,"turns":3},{"damage":22,"enemies":"Automaton","floor":33,"turns":8},{"damage":1,"enemies":"3 Darklings","floor":35,"turns":5},{"damage":10,"enemies":"Orb Walker","floor":36,"turns":4},{"damage":7,"enemies":"Writhing Mass","floor":37,"turns":4},{"damage":7,"enemies":"Jaw Worm Horde","floor":38,"turns":5},{"damage":24,"enemies":"Reptomancer","floor":42,"turns":8},{"damage":0,"enemies":"4 Shapes","floor":47,"turns":6},{"damage":17,"enemies":"Sphere and 2 Shapes","floor":48,"turns":5},{"damage":47,"enemies":"Time Eater","floor":50,"turns":12}],"seed_played":"2504686605171348273","potions_obtained":[{"floor":3,"key":"ColorlessPotion"},{"floor":4,"key":"SpeedPotion"},{"floor":13,"key":"Weak Potion"},{"floor":14,"key":"Poison Potion"},{"floor":18,"key":"AttackPotion"},{"floor":19,"key":"Weak Potion"},{"floor":31,"key":"Ancient Potion"},{"floor":33,"key":"BlessingOfTheForge"},{"floor":35,"key":"BlessingOfTheForge"},{"floor":38,"key":"Fire Potion"},{"floor":42,"key":"BlessingOfTheForge"},{"floor":48,"key":"Dexterity Potion"}],"is_trial":false,"path_per_floor":["M","?","M","M","?","R","E","R","T","R","M","E","M","M","R","B",null,"M","M","$","M","M","R","M","R","T","?","E","$","R","E","R","B",null,"M","M","M","M","?","R","$","E","T","R","?","R","M","M","R","B",null],"character_chosen":"THE_SILENT","items_purchased":["Tingsha","LiquidMemories"],"campfire_rested":7,"item_purchase_floors":[20,41],"current_hp_per_floor":[58,58,54,54,43,43,41,41,48,48,35,21,4,6,29,19,63,63,41,41,33,35,35,34,34,34,34,14,14,37,22,45,25,64,65,57,52,47,37,60,60,38,38,61,61,77,77,60,77,30],"gold":90,"neow_bonus":"RANDOM_COLORLESS_2","is_daily":false,"chose_seed":false,"campfire_upgraded":5,"win_rate":0.0,"timestamp":1613956194,"path_taken":["M","?","?","M","?","R","E","R","T","R","M","E","M","M","R","BOSS","M","M","$","M","M","R","M","R","T","?","E","$","R","E","R","BOSS","M","M","M","M","?","R","$","E","T","R","?","R","?","M","R","BOSS"],"items_purchased_type":["Relic","Potion"],"build_version":"2020-12-22","purchased_purges":2,"victory":true,"max_hp_per_floor":[70,70,70,70,70,70,70,70,77,77,77,77,77,77,77,77,77,77,77,77,77,77,77,77,77,77,77,77,77,77,77,77,77,77,77,77,77,77,77,77,77,77,77,77,77,77,77,77,77,77],"relic_stats":{"Blood Vial":36,"Darkstone Periapt":0,"counters":[25,130],"Ornamental Fan":[72],"Tingsha":[338],"Bag of Preparation":[24],"obtain_stats":[{"Blood Vial":7,"Darkstone Periapt":28,"Calipers":43,"Ornamental Fan":12,"Strawberry":9,"Tingsha":20,"Fusion Hammer":34,"Bag of Preparation":26,"Incense Burner":31,"StrikeDummy":42,"Ring of the Snake":0,"Runic Pyramid":17},{"Blood Vial":4,"Darkstone Periapt":15,"Calipers":22,"Ornamental Fan":6,"Strawberry":4,"Tingsha":11,"Fusion Hammer":17,"Bag of Preparation":14,"Incense Burner":16,"StrikeDummy":22,"Ring of the Snake":0,"Runic Pyramid":9},{"Blood Vial":17,"Darkstone Periapt":70,"Calipers":107,"Ornamental Fan":28,"Strawberry":17,"Tingsha":51,"Fusion Hammer":81,"Bag of Preparation":65,"Incense Burner":73,"StrikeDummy":107,"Ring of the Snake":0,"Runic Pyramid":42}],"Ring of the Snake":[52]},"card_choices":[{"not_picked":["Magnetism","Secret Technique"],"picked":"Apotheosis","floor":0},{"not_picked":["Heel Hook","Bane"],"picked":"Quick Slash","floor":1},{"not_picked":["Infinite Blades","Heel Hook"],"picked":"Quick Slash","floor":3},{"not_picked":["Escape Plan","Quick Slash"],"picked":"Wraith Form v2","floor":4},{"not_picked":["Riddle With Holes","Deadly Poison"],"picked":"Endless Agony","floor":7},{"not_picked":["Bane","Footwork"],"picked":"Bouncing Flask","floor":11},{"not_picked":["Dagger Throw","Tactician"],"picked":"Bouncing Flask","floor":12},{"not_picked":["Choke","Cloak And Dagger"],"picked":"Flying Knee","floor":13},{"not_picked":["Outmaneuver","Choke"],"picked":"Noxious Fumes","floor":14},{"not_picked":["Die Die Die","A Thousand Cuts"],"picked":"Adrenaline","floor":16},{"not_picked":["Deflect+1","Cloak And Dagger","Blade Dance"],"picked":"SKIP","floor":18},{"not_picked":["Concentrate","Well Laid Plans","Eviscerate"],"picked":"SKIP","floor":19},{"not_picked":["Well Laid Plans","Eviscerate"],"picked":"Concentrate","floor":19},{"not_picked":["Dodge and Roll","Bouncing Flask"],"picked":"Poisoned Stab","floor":21},{"not_picked":["Slice+1","Choke","Masterful Stab+1"],"picked":"SKIP","floor":22},{"not_picked":["Slice+1","Choke","Masterful Stab+1"],"picked":"SKIP","floor":22},{"not_picked":["Slice","Setup"],"picked":"Calculated Gamble","floor":24},{"not_picked":["Cloak And Dagger+1","Masterful Stab"],"picked":"Crippling Poison","floor":28},{"not_picked":["Distraction+1","Die Die Die"],"picked":"Deadly Poison+1","floor":31},{"not_picked":["Bullet Time","Corpse Explosion"],"picked":"Burst","floor":33},{"not_picked":["Dagger Spray","Heel Hook+1","Infinite Blades+1"],"picked":"SKIP","floor":35},{"not_picked":["Outmaneuver+1","Caltrops+1"],"picked":"PiercingWail+1","floor":36},{"not_picked":["Flechettes","Acrobatics"],"picked":"PiercingWail+1","floor":37},{"not_picked":["Outmaneuver+1","Acrobatics"],"picked":"Poisoned Stab","floor":38},{"not_picked":["Quick Slash+1","Dagger Spray+1","Skewer+1"],"picked":"SKIP","floor":42},{"not_picked":["Sucker Punch+1","Escape Plan"],"picked":"Deadly Poison","floor":47},{"not_picked":["A Thousand Cuts","Dagger Throw"],"picked":"PiercingWail+1","floor":48}],"player_experience":753623,"relics_obtained":[{"floor":7,"key":"Blood Vial"},{"floor":9,"key":"Strawberry"},{"floor":12,"key":"Ornamental Fan"},{"floor":26,"key":"Bag of Preparation"},{"floor":28,"key":"Darkstone Periapt"},{"floor":31,"key":"Incense Burner"},{"floor":42,"key":"StrikeDummy"},{"floor":43,"key":"Calipers"}],"event_choices":[{"cards_removed":["Strike_G"],"damage_healed":0,"gold_gain":0,"player_choice":"Offered Basic","damage_taken":0,"max_hp_gain":0,"max_hp_loss":0,"event_name":"Bonfire Elementals","floor":2,"gold_loss":0},{"damage_healed":0,"gold_gain":75,"player_choice":"Gather Gold","damage_taken":11,"max_hp_gain":0,"max_hp_loss":0,"event_name":"World of Goop","floor":5,"gold_loss":0},{"damage_healed":0,"gold_gain":0,"player_choice":"Paid Fearfully","damage_taken":0,"max_hp_gain":0,"max_hp_loss":0,"event_name":"Masked Bandits","floor":27,"gold_loss":78},{"damage_healed":0,"gold_gain":0,"player_choice":"Embrace Madness","damage_taken":10,"max_hp_gain":0,"max_hp_loss":0,"event_name":"Winding Halls","floor":39,"gold_loss":0,"cards_obtained":["Madness","Madness"]},{"damage_healed":0,"gold_gain":0,"player_choice":"Copied","damage_taken":0,"max_hp_gain":0,"max_hp_loss":0,"event_name":"Duplicator","floor":45,"gold_loss":0,"cards_obtained":["Wraith Form v2"]}],"is_beta":false,"boss_relics":[{"not_picked":["Busted Crown","Runic Dome"],"picked":"Runic Pyramid"},{"not_picked":["Cursed Key","SacredBark"],"picked":"Fusion Hammer"}],"items_purged_floors":[20,41],"is_endless":false,"potions_floor_spawned":[3,4,13,14,18,19,31,33,35,38,42,48],"ascension_level":11}}