{"host":"8z0h4areh8sio1k0","time":1613960417,"event":{"mods":["10 clothes from DAL","Act Like it!","Aspiration","BaseMod","Colored Map","Conspire","Crowbot","Hubris","Library of Ruina Extra","Mimic Mod","Minty Spire (QoL Compilation)","Replay The Spire","Ring Of Destiny","StSLib","TestMod","The Blue Laboratory","The Fake Hero","The Hierophant","[Fun]BeWhatYouAte","【功能Mod】精心准备","【遗物Mod】死灵法师NEW"],"gold_per_floor":[119,131,142,158,176,176,208,208,232,232,507,507,522,43,43,138,138,158,173,188,206,54,54,65,65,65,78,98,102,102],"floor_reached":29,"language":"ZHS","playtime":2233,"items_purged":["Regret","RingOfDestiny:Strike_MB"],"score":256,"play_id":"f19039df-5793-4a0e-8723-f57c321507cc","local_time":"20210222102017","is_ascension_mode":false,"campfire_choices":[{"data":"RingOfDestiny:Illusion","floor":6.0,"key":"SMITH"},{"data":"RingOfDestiny:DeathLeakage","floor":8.0,"key":"SMITH"},{"data":"RingOfDestiny:DeathLeakage","floor":12.0,"key":"SMITH"},{"data":"RingOfDestiny:DarkShield","floor":15.0,"key":"SMITH"},{"data":"RingOfDestiny:InnerFocus","floor":23.0,"key":"SMITH"}],"circlet_count":0,"master_deck":["RingOfDestiny:Defend_MB","RingOfDestiny:Strike_MB","RingOfDestiny:Strike_MB","RingOfDestiny:DeathLeakage+1","RingOfDestiny:DeathLeakage+1","RingOfDestiny:DarkShield+1","RingOfDestiny:GrowBullet","RingOfDestiny:RestraintRing","RingOfDestiny:InnerFocus+1","RingOfDestiny:DeadlyShoot","RingOfDestiny:EtchSpirit","RingOfDestiny:Illusion+1","RingOfDestiny:Apoptosis","RingOfDestiny:RapidFire","RingOfDestiny:Determination","RingOfDestiny:TimingBreath","RingOfDestiny:DoomsdayMark+1","RingOfDestiny:BlastBullet","RingOfDestiny:Reload+1","RingOfDestiny:Determination","RingOfDestiny:RiteOfOrigin","RingOfDestiny:QuickDraw"],"relics":["RingOfDestiny:Flintlock","testmod-TestBox","NeowsBlessing","testmod-DragonStarHat","Kunai","Centennial Puzzle","hubris:CrystalStatue","testmod-Antiphasic","Pet Ghost"],"acts_visited":["Exordium","TheCity"],"potions_floor_usage":[29,29],"damage_taken":[{"damage":0.0,"enemies":"Jaw Worm","floor":1.0,"turns":1.0},{"damage":0.0,"enemies":"2 Louse","floor":2.0,"turns":1.0},{"damage":0.0,"enemies":"Cultist","floor":3.0,"turns":1.0},{"damage":13.0,"enemies":"Blue Slaver","floor":4.0,"turns":4.0},{"damage":10.0,"enemies":"2 Fungi Beasts","floor":5.0,"turns":4.0},{"damage":37.0,"enemies":"3 Sentries","floor":7.0,"turns":10.0},{"damage":8.0,"enemies":"Exordium Wildlife","floor":13.0,"turns":4.0},{"damage":18.0,"enemies":"Hexaghost","floor":16.0,"turns":8.0},{"damage":25.0,"enemies":"Spheric Guardian","floor":18.0,"turns":4.0},{"damage":6.0,"enemies":"Shell Parasite","floor":19.0,"turns":4.0},{"damage":22.0,"enemies":"Chosen and Byrds","floor":20.0,"turns":10.0},{"damage":11.0,"enemies":"Snecko","floor":21.0,"turns":5.0},{"damage":20.0,"enemies":"conspire:HollyBat","floor":24.0,"turns":7.0},{"damage":24.0,"enemies":"3 Cultists","floor":27.0,"turns":6.0},{"damage":0.0,"enemies":"Chosen and Byrds","floor":28.0,"turns":4.0},{"damage":41,"enemies":"conspire:MimicChest","floor":29,"turns":7}],"seed_played":"532411318388399741","potions_obtained":[{"floor":1.0,"key":"blueLaboratory:LouseDecoction"},{"floor":4.0,"key":"Swift Potion"},{"floor":13.0,"key":"blueLaboratory:LouseDecoction"},{"floor":20.0,"key":"Flashbang"},{"floor":24.0,"key":"FearPotion"},{"floor":27.0,"key":"Adrenaline Potion"},{"floor":28.0,"key":"blueLaboratory:BottleOfRum"}],"is_trial":false,"path_per_floor":["M","M","M","M","M","R","E","R","T","?","?","R","M","$","R","B",null,"M","M","M","M","$","R","M","?","T","M","M","?"],"character_chosen":"MagicBullet","items_purchased":["hubris:CrystalStatue","testmod-Antiphasic","RingOfDestiny:Reload+1"],"campfire_rested":0,"item_purchase_floors":[14,14,22],"current_hp_per_floor":[98,98,98,85,75,75,48,48,48,48,48,48,50,50,50,42,98,73,77,65,54,54,54,44,44,44,20,30,0,0],"gold":102,"neow_bonus":"THREE_ENEMY_KILL","is_daily":false,"chose_seed":false,"campfire_upgraded":5,"win_rate":0.0,"timestamp":1613960417,"path_taken":["M","M","M","M","M","R","E","R","T","?","?","R","M","$","R","BOSS","M","M","?","M","$","R","M","?","T","M","M","?"],"items_purchased_type":["Relic","Relic","Card"],"build_version":"2020-12-22","purchased_purges":2,"victory":false,"max_hp_per_floor":[98,98,98,98,98,98,98,98,98,98,98,98,98,98,98,98,98,98,98,98,98,98,98,98,98,98,98,98,98,98],"card_choices":[{"not_picked":["RingOfDestiny:Apoptosis","RingOfDestiny:Potential"],"picked":"RingOfDestiny:DeadlyShoot","floor":1.0},{"not_picked":["RingOfDestiny:NimbleShield","RingOfDestiny:PhantasmalAssailants"],"picked":"RingOfDestiny:EtchSpirit","floor":2.0},{"not_picked":["RingOfDestiny:Residual","RingOfDestiny:DoomsdayMark"],"picked":"RingOfDestiny:Illusion","floor":3.0},{"not_picked":["RingOfDestiny:Enchantment","RingOfDestiny:PhantasmalAssailants"],"picked":"RingOfDestiny:Apoptosis","floor":4.0},{"not_picked":["RingOfDestiny:SleepingBullet","RingOfDestiny:Potential"],"picked":"RingOfDestiny:RapidFire","floor":5.0},{"not_picked":["RingOfDestiny:PhantasmalAssailants","RingOfDestiny:EtchPhantom","RingOfDestiny:DeadlyShoot"],"picked":"SKIP","floor":7.0},{"not_picked":["RingOfDestiny:TestBullet","RingOfDestiny:VolleyBullet"],"picked":"RingOfDestiny:Determination","floor":13.0},{"not_picked":["RingOfDestiny:Demise","RingOfDestiny:PressuredBullet"],"picked":"RingOfDestiny:TimingBreath","floor":16.0},{"not_picked":["RingOfDestiny:DeathLeakage","RingOfDestiny:Crimson"],"picked":"RingOfDestiny:DoomsdayMark+1","floor":18.0},{"not_picked":["RingOfDestiny:OathOfBlood+1","RingOfDestiny:NimbleShield+1","RingOfDestiny:DeathTrack"],"picked":"SKIP","floor":19.0},{"not_picked":["RingOfDestiny:DarkShield","RingOfDestiny:GrowBullet","RingOfDestiny:Illusion"],"picked":"SKIP","floor":20.0},{"not_picked":["RingOfDestiny:Enchantment","RingOfDestiny:FlowerOfDespair"],"picked":"RingOfDestiny:BlastBullet","floor":21.0},{"not_picked":["RingOfDestiny:DeathLeakage","RingOfDestiny:BlastBullet"],"picked":"RingOfDestiny:Determination","floor":24.0},{"not_picked":["RingOfDestiny:Residual","RingOfDestiny:DeathTrack"],"picked":"RingOfDestiny:RiteOfOrigin","floor":27.0},{"not_picked":["RingOfDestiny:DeadlyShoot+1","RingOfDestiny:PhantasmalAssailants"],"picked":"RingOfDestiny:QuickDraw","floor":28.0}],"player_experience":598982,"relics_obtained":[{"floor":7.0,"key":"Kunai"},{"floor":9.0,"key":"Centennial Puzzle"},{"floor":26.0,"key":"Pet Ghost"}],"event_choices":[{"damage_healed":0.0,"max_hp_gain":0.0,"max_hp_loss":0.0,"gold_gain":275.0,"event_name":"Golden Shrine","player_choice":"Desecrate","floor":11.0,"gold_loss":0.0,"damage_taken":0.0,"cards_obtained":["Regret"]},{"damage_healed":0.0,"max_hp_gain":0.0,"max_hp_loss":0.0,"gold_gain":0.0,"event_name":"给自己的盒子","player_choice":"Ignored","floor":25.0,"gold_loss":0.0,"damage_taken":0.0}],"is_beta":false,"boss_relics":[{"not_picked":["conspire:SeveredTorchhead","aspiration:RunicSpoon","Replay:Grab Bag"]}],"items_purged_floors":[14,22],"is_endless":false,"potions_floor_spawned":[1,4,13,20,24,27,28],"killed_by":"conspire:MimicChest","ascension_level":0}}