{"host":"dh4nu8nelr2izibb","time":1613961886,"event":{"mods":["BaseMod","Better Skull","Better Third Choice","Card Filter","Card Forge","Curses Come First","Displayed Cursed Tome","HololiveMod","Marisa????????","Minty Spire (QoL Compilation)","Poor People Problems","Quick Restart","Relic Filter","Reliquary","StSLib","The Servant 0.9.4","WarShipGirlsR/????R mod","Yakumo Yukari mod"],"gold_per_floor":[110,122,135,135,149,149,182,182,251,251,271,271,347,357,357,428,428,428,428,223,223,223,223,223,223,223,223,40,40,40,40,40,40,40,40,40,40,40,40,40,40,40,40,40,40,40,40,40,40,40],"floor_reached":51,"language":"ENG","playtime":1610,"items_purged":["Strike_G","Strike_G"],"score":1474,"play_id":"5b5eb615-f441-471d-808e-2b37e8fcf262","local_time":"20210221214446","is_ascension_mode":true,"campfire_choices":[{"floor":6.0,"key":"DIG"},{"floor":8.0,"key":"REST"},{"data":"1","floor":10.0,"key":"LIFT"},{"data":"2","floor":12.0,"key":"LIFT"},{"data":"3","floor":15.0,"key":"LIFT"},{"floor":23.0,"key":"REST"},{"data":"Noxious Fumes","floor":27.0,"key":"SMITH"},{"floor":30.0,"key":"DIG"},{"data":"Footwork","floor":32.0,"key":"SMITH"},{"floor":40.0,"key":"DIG"},{"floor":42.0,"key":"DIG"},{"floor":46.0,"key":"DIG"},{"floor":49.0,"key":"DIG"}],"circlet_count":0,"master_deck":["AscendersBane","Strike_G+1","Strike_G","Defend_G+1","Defend_G","Defend_G","Defend_G","Survivor","Neutralize+1","Leg Sweep","Backflip","Poisoned Stab","Dagger Spray","Blade Dance","Flying Knee+1","Predator+1","Envenom+1","Terror+1","Noxious Fumes+1","Footwork+1","Slice+1","Phantasmal Killer","Riddle With Holes+1","Tools of the Trade","Cloak And Dagger","Deflect+1"],"relics":["Ring of the Snake","Hammer of Thor","Seething Fire","Anvil of the Gods","Shovel","Girya","Molten Egg 2","Matryoshka","Ectoplasm","Membership Card","Vajra","MealTicket","Eternal Feather","Tiny Chest","Fusion Hammer","reliquary:TatteredRug","Regal Pillow","reliquary:Firecrackers","Shuriken","Ancient Tea Set","Calipers","Blue Candle","reliquary:BoilingFlask","Ornamental Fan"],"acts_visited":["Exordium","TheCity","TheBeyond"],"potions_floor_usage":[50],"damage_taken":[{"damage":0.0,"enemies":"Jaw Worm","floor":1.0,"turns":8.0},{"damage":0.0,"enemies":"2 Louse","floor":2.0,"turns":4.0},{"damage":1.0,"enemies":"Cultist","floor":3.0,"turns":5.0},{"damage":1.0,"enemies":"2 Fungi Beasts","floor":5.0,"turns":4.0},{"damage":21.0,"enemies":"Lagavulin","floor":7.0,"turns":7.0},{"damage":0.0,"enemies":"Red Slaver","floor":11.0,"turns":3.0},{"damage":6.0,"enemies":"Exordium Wildlife","floor":14.0,"turns":5.0},{"damage":14.0,"enemies":"Hexaghost","floor":16.0,"turns":8.0},{"damage":10.0,"enemies":"Chosen","floor":18.0,"turns":4.0},{"damage":7.0,"enemies":"3 Byrds","floor":19.0,"turns":4.0},{"damage":14.0,"enemies":"Shelled Parasite and Fungi","floor":24.0,"turns":4.0},{"damage":3.0,"enemies":"3 Cultists","floor":25.0,"turns":4.0},{"damage":12.0,"enemies":"Snake Plant","floor":29.0,"turns":3.0},{"damage":12.0,"enemies":"Shelled Parasite and Fungi","floor":31.0,"turns":4.0},{"damage":7.0,"enemies":"Champ","floor":33.0,"turns":9.0},{"damage":19.0,"enemies":"3 Darklings","floor":35.0,"turns":4.0},{"damage":6.0,"enemies":"3 Shapes","floor":37.0,"turns":2.0},{"damage":18.0,"enemies":"Writhing Mass","floor":38.0,"turns":4.0},{"damage":5.0,"enemies":"Sphere and 2 Shapes","floor":39.0,"turns":6.0},{"damage":0.0,"enemies":"Mind Bloom Boss Battle","floor":44.0,"turns":4.0},{"damage":0.0,"enemies":"Giant Head","floor":45.0,"turns":4.0},{"damage":17.0,"enemies":"Maw","floor":48.0,"turns":5.0},{"damage":34,"enemies":"Donu and Deca","floor":50,"turns":7}],"seed_played":"9002479194142615856","potions_obtained":[{"floor":1.0,"key":"Explosive Potion"},{"floor":5.0,"key":"Strength Potion"},{"floor":7.0,"key":"PanachePotion"},{"floor":29.0,"key":"AttackPotion"},{"floor":31.0,"key":"SpeedPotion"},{"floor":33.0,"key":"GamblersBrew"},{"floor":38.0,"key":"FearPotion"}],"is_trial":false,"path_per_floor":["M","M","M","?","M","R","E","R","T","R","M","R","?","M","R","B",null,"M","M","$","?","?","R","M","M","T","R","$","M","R","M","R","B",null,"M","?","M","M","M","R","T","R","T","?","E","R","?","M","R","B",null],"character_chosen":"THE_SILENT","items_purchased":["Membership Card","Eternal Feather"],"campfire_rested":2,"item_purchase_floors":[20,28],"current_hp_per_floor":[59,59,58,40,39,39,18,36,36,36,36,36,36,30,30,16,49,39,32,32,32,32,50,36,33,33,33,48,36,48,36,48,41,55,36,36,30,12,7,22,22,37,37,37,37,52,52,35,50,16],"gold":40,"neow_bonus":"ONE_RARE_RELIC","is_daily":false,"chose_seed":false,"campfire_upgraded":2,"win_rate":0.0,"timestamp":1613961886,"path_taken":["M","M","M","?","M","R","E","R","T","R","M","R","?","M","R","BOSS","M","M","$","?","?","R","M","M","T","R","$","M","R","?","R","BOSS","M","?","?","M","M","R","?","R","T","?","E","R","?","M","R","BOSS"],"items_purchased_type":["Relic","Relic"],"build_version":"2020-12-22","purchased_purges":2,"victory":true,"max_hp_per_floor":[60,60,60,60,60,60,60,60,60,60,60,60,60,60,60,60,60,60,60,60,60,60,60,60,60,60,60,60,60,60,60,60,60,60,60,60,60,60,60,60,60,60,60,60,60,60,60,60,60,60],"card_choices":[{"not_picked":["Caltrops","Acrobatics"],"picked":"Leg Sweep","floor":1.0},{"not_picked":["Expertise","Choke"],"picked":"Backflip","floor":2.0},{"not_picked":["Acrobatics","Setup"],"picked":"Poisoned Stab","floor":3.0},{"not_picked":["Prepared","Masterful Stab"],"picked":"Dagger Spray","floor":5.0},{"not_picked":["Backstab+1","Bullet Time"],"picked":"Blade Dance","floor":7.0},{"not_picked":["Blur","Sucker Punch+1"],"picked":"Flying Knee+1","floor":11.0},{"not_picked":["PiercingWail","Underhanded Strike+1"],"picked":"Predator+1","floor":14.0},{"not_picked":["Corpse Explosion","Venomology"],"picked":"Envenom","floor":16.0},{"not_picked":["Dodge and Roll","Predator+1"],"picked":"Quick Slash+1","floor":18.0},{"not_picked":["Deflect","Setup+1","Well Laid Plans+1"],"picked":"SKIP","floor":19.0},{"not_picked":["Deflect","Backflip"],"picked":"Terror+1","floor":24.0},{"not_picked":["Dagger Throw+1","Sucker Punch+1"],"picked":"Noxious Fumes","floor":25.0},{"not_picked":["Infinite Blades","Dagger Throw+1"],"picked":"Footwork","floor":29.0},{"not_picked":["Tactician","Deadly Poison"],"picked":"Slice+1","floor":31.0},{"not_picked":["Corpse Explosion","Tools of the Trade"],"picked":"Phantasmal Killer","floor":33.0},{"not_picked":["Terror","Cloak And Dagger"],"picked":"Riddle With Holes+1","floor":35.0},{"not_picked":[],"picked":"Tools of the Trade","floor":36.0},{"not_picked":["Bane+1","Sucker Punch+1"],"picked":"Cloak And Dagger","floor":37.0},{"not_picked":["Dagger Spray+1","Distraction","Dodge and Roll+1"],"picked":"SKIP","floor":38.0},{"not_picked":["Outmaneuver","Endless Agony+1","Concentrate"],"picked":"SKIP","floor":39.0},{"not_picked":["Bane+1","Dagger Spray+1"],"picked":"Deflect+1","floor":44.0},{"not_picked":["Slice+1","PiercingWail","Blur"],"picked":"SKIP","floor":45.0},{"not_picked":["Dagger Spray+1","Infinite Blades+1","Underhanded Strike+1"],"picked":"SKIP","floor":48.0}],"player_experience":1198935,"relics_obtained":[{"floor":6.0,"key":"Girya"},{"floor":7.0,"key":"Molten Egg 2"},{"floor":9.0,"key":"Matryoshka"},{"floor":26.0,"key":"Vajra"},{"floor":26.0,"key":"MealTicket"},{"floor":30.0,"key":"Tiny Chest"},{"floor":40.0,"key":"reliquary:TatteredRug"},{"floor":41.0,"key":"Regal Pillow"},{"floor":41.0,"key":"reliquary:Firecrackers"},{"floor":42.0,"key":"Shuriken"},{"floor":43.0,"key":"Ancient Tea Set"},{"floor":44.0,"key":"Calipers"},{"floor":45.0,"key":"Blue Candle"},{"floor":46.0,"key":"reliquary:BoilingFlask"},{"floor":49.0,"key":"Ornamental Fan"}],"event_choices":[{"damage_healed":58.0,"max_hp_gain":0.0,"max_hp_loss":60.0,"gold_gain":0.0,"event_name":"betterThird:BetterShining","player_choice":"Upgrade","floor":4.0,"gold_loss":0.0,"damage_taken":18.0,"cards_upgraded":["Strike_G","Defend_G"]},{"damage_healed":0.0,"max_hp_gain":0.0,"max_hp_loss":0.0,"gold_gain":76.0,"event_name":"Golden Wing","player_choice":"Gained Gold","floor":13.0,"gold_loss":0.0,"damage_taken":0.0},{"damage_healed":0.0,"max_hp_gain":0.0,"max_hp_loss":0.0,"gold_gain":0.0,"event_name":"Forgotten Altar","player_choice":"Smashed Altar","floor":21.0,"gold_loss":0.0,"damage_taken":0.0,"cards_obtained":["Decay"]},{"damage_healed":0.0,"max_hp_gain":0.0,"max_hp_loss":0.0,"gold_gain":0.0,"event_name":"FaceTrader","player_choice":"Leave","floor":22.0,"gold_loss":0.0,"damage_taken":0.0},{"damage_healed":0.0,"max_hp_gain":0.0,"max_hp_loss":0.0,"gold_gain":0.0,"event_name":"MindBloom","player_choice":"Fight","floor":44.0,"gold_loss":0.0,"damage_taken":0.0},{"cards_removed":["Quick Slash"],"damage_healed":0.0,"max_hp_gain":0.0,"max_hp_loss":0.0,"gold_gain":0.0,"event_name":"Falling","player_choice":"Removed Attack","floor":47.0,"gold_loss":0.0,"damage_taken":0.0}],"is_beta":false,"boss_relics":[{"not_picked":["SacredBark","Pandora\u0027s Box"],"picked":"Ectoplasm"},{"not_picked":["Runic Dome","Astrolabe"],"picked":"Fusion Hammer"}],"items_purged_floors":[20,28],"is_endless":false,"potions_floor_spawned":[1,5,7,14,29,31,33,35,38,39],"ascension_level":19}}