{"host":"o0dii6afppedd0fm","time":1613966486,"event":{"mods":["BaseMod","Colored Powertips","Minty Spire (QoL Compilation)","StSLib"],"gold_per_floor":[112,122,141,141,153,153,36,65,65,81,92,92,110,128,128,223,223,243,243,168,180,260,260,110,121,121,121,221,221,221],"floor_reached":29,"language":"ZHS","playtime":2715,"items_purged":[],"score":227,"play_id":"2d5b293c-abc1-4782-aa8f-ea350c117497","local_time":"20210222120126","is_ascension_mode":false,"campfire_choices":[{"floor":6,"key":"REST"},{"floor":15,"key":"REST"},{"data":"Dualcast","floor":23,"key":"SMITH"}],"circlet_count":0,"master_deck":["Strike_B+1","Strike_B+1","Defend_B+1","Defend_B+1","Defend_B+1","Zap","Dualcast+1","White Noise","Storm","Hologram","Coolheaded","Sweeping Beam","Double Energy","Rebound","Hello World","Streamline","Rainbow","FTL","Skim","Glacier","Multi-Cast","Hologram+1","Stack+1","Shame","Reboot","Chill","Undo","Decay","Self Repair"],"relics":["Cracked Core","MealTicket","Pear","Matryoshka","Cursed Key","Happy Flower","Eternal Feather","Bag of Preparation","Shuriken","Ice Cream","White Beast Statue"],"acts_visited":["Exordium","TheCity"],"potions_floor_usage":[8,28,29,29],"damage_taken":[{"damage":1,"enemies":"Cultist","floor":1,"turns":3},{"damage":5,"enemies":"Jaw Worm","floor":2,"turns":3},{"damage":2,"enemies":"2 Louse","floor":3,"turns":3},{"damage":2,"enemies":"Blue Slaver","floor":5,"turns":4},{"damage":15,"enemies":"3 Sentries","floor":8,"turns":5},{"damage":13,"enemies":"Exordium Thugs","floor":10,"turns":5},{"damage":16,"enemies":"3 Louse","floor":11,"turns":4},{"damage":8,"enemies":"Exordium Wildlife","floor":13,"turns":3},{"damage":0,"enemies":"Large Slime","floor":14,"turns":5},{"damage":23,"enemies":"Hexaghost","floor":16,"turns":8},{"damage":3,"enemies":"3 Byrds","floor":18,"turns":4},{"damage":7,"enemies":"Spheric Guardian","floor":21,"turns":3},{"damage":5,"enemies":"Cultist and Chosen","floor":25,"turns":9},{"damage":14,"enemies":"Colosseum Slavers","floor":28,"turns":4},{"damage":54,"enemies":"Colosseum Nobs","floor":28,"turns":6},{"damage":15,"enemies":"Book of Stabbing","floor":29,"turns":4}],"seed_played":"1904199718187773321","potions_obtained":[{"floor":3,"key":"Dexterity Potion"},{"floor":5,"key":"EssenceOfSteel"},{"floor":8,"key":"SteroidPotion"},{"floor":10,"key":"Block Potion"},{"floor":13,"key":"AttackPotion"}],"is_trial":false,"path_per_floor":["M","M","M","?","M","R","$","E","T","M","M","?","M","M","R","B",null,"M","?","?","M","T","R","$","M","T","?","?","E"],"character_chosen":"DEFECT","items_purchased":["Rebound","Hello World","Reboot","Chill"],"campfire_rested":2,"item_purchase_floors":[7,7,24,24],"current_hp_per_floor":[53,48,46,39,37,59,59,44,54,41,25,25,17,17,42,19,85,82,82,82,75,75,85,85,80,80,80,12,0,0],"gold":221,"neow_bonus":"TRANSFORM_TWO_CARDS","is_daily":false,"chose_seed":false,"campfire_upgraded":1,"win_rate":0.0,"timestamp":1613966486,"path_taken":["M","?","M","?","?","R","$","E","T","M","M","?","?","M","R","BOSS","M","?","?","M","?","R","$","?","T","?","?","E"],"items_purchased_type":["Card","Card","Card","Card"],"build_version":"2020-12-22","purchased_purges":0,"victory":false,"max_hp_per_floor":[75,75,75,75,75,75,75,75,85,85,85,85,85,85,85,85,85,85,85,85,85,85,85,85,85,85,85,85,85,85],"card_choices":[{"not_picked":["BootSequence","Ball Lightning"],"picked":"Hologram","floor":1},{"not_picked":["White Noise","Cold Snap"],"picked":"Coolheaded","floor":2},{"not_picked":["Force Field","Compile Driver"],"picked":"Sweeping Beam","floor":3},{"not_picked":["Undo","Stack"],"picked":"Double Energy","floor":5},{"not_picked":["Redo","Reinforced Body"],"picked":"Streamline","floor":8},{"not_picked":["BootSequence","Blizzard"],"picked":"Rainbow","floor":10},{"not_picked":["Ball Lightning","Scrape"],"picked":"FTL","floor":11},{"not_picked":["Hello World","Scrape"],"picked":"Skim","floor":13},{"not_picked":["BootSequence","Compile Driver"],"picked":"Glacier","floor":14},{"not_picked":["Thunder Strike","Buffer"],"picked":"Multi-Cast","floor":16},{"not_picked":["Ball Lightning+1","FTL"],"picked":"Hologram+1","floor":18},{"not_picked":["Beam Cell","Leap"],"picked":"Stack+1","floor":21},{"not_picked":["Barrage","Streamline"],"picked":"Undo","floor":25},{"not_picked":["Hello World","Steam"],"picked":"Self Repair","floor":28}],"player_experience":30761,"relics_obtained":[{"floor":8,"key":"MealTicket"},{"floor":9,"key":"Pear"},{"floor":22,"key":"Happy Flower"},{"floor":22,"key":"Eternal Feather"},{"floor":26,"key":"Bag of Preparation"},{"floor":26,"key":"Shuriken"},{"floor":28,"key":"Ice Cream"},{"floor":28,"key":"White Beast Statue"}],"event_choices":[{"damage_healed":0,"gold_gain":0,"player_choice":"Damaged","damage_taken":7,"max_hp_gain":0,"max_hp_loss":0,"event_name":"Wheel of Change","floor":4,"gold_loss":0},{"damage_healed":0,"gold_gain":0,"player_choice":"Gave Potion","damage_taken":0,"relics_obtained":["Matryoshka"],"max_hp_gain":0,"max_hp_loss":0,"event_name":"WeMeetAgain","floor":12,"gold_loss":0},{"damage_healed":0,"gold_gain":0,"player_choice":"Simplicity","damage_taken":0,"max_hp_gain":0,"max_hp_loss":0,"event_name":"Back to Basics","floor":19,"gold_loss":0,"cards_upgraded":["Strike_B","Strike_B","Strike_B","Defend_B","Defend_B","Defend_B"]},{"cards_removed":["Strike_B"],"damage_healed":0,"gold_gain":0,"player_choice":"Gave Gold","damage_taken":0,"max_hp_gain":0,"max_hp_loss":0,"event_name":"Beggar","floor":20,"gold_loss":75},{"damage_healed":0,"gold_gain":0,"player_choice":"Ignored","damage_taken":0,"max_hp_gain":0,"max_hp_loss":0,"event_name":"Vampires","floor":27,"gold_loss":0},{"damage_healed":0,"gold_gain":0,"player_choice":"Fight","damage_taken":0,"max_hp_gain":0,"max_hp_loss":0,"event_name":"Colosseum","floor":28,"gold_loss":0},{"damage_healed":0,"gold_gain":0,"player_choice":"Fought Nobs","damage_taken":0,"max_hp_gain":0,"max_hp_loss":0,"event_name":"Colosseum","floor":28,"gold_loss":0}],"is_beta":false,"boss_relics":[{"not_picked":["Astrolabe","Velvet Choker"],"picked":"Cursed Key"}],"items_purged_floors":[],"is_endless":false,"potions_floor_spawned":[3,5,8,10,13,25,28],"killed_by":"Book of Stabbing","ascension_level":0}}