{"host":"bpdbi03e31cbjklx","time":1613964133,"event":{"mods":["BaseMod","Colored Map","Colored Powertips","Downfall","Highlight Path","Minty Spire (QoL Compilation)","Replay The Spire","StSLib","The Senshi"],"gold_per_floor":[114,131,149,166,178,178,193,209,233,233,233,249,260,48,48,150,150,90,100,100,100],"floor_reached":20,"language":"ENG","playtime":2232,"items_purged":[],"score":179,"play_id":"7cbb5bac-6003-4269-8b12-999f7830e0df","local_time":"20210221212213","is_ascension_mode":true,"campfire_choices":[{"data":"Dualcast","floor":6,"key":"SMITH"},{"data":"Defragment","floor":11,"key":"SMITH"},{"data":"ReplayTheSpireMod:Calculation Training","floor":15,"key":"SMITH"}],"circlet_count":0,"master_deck":["Strike_B","Strike_B","Strike_B","Strike_B","Defend_B","Defend_B","Defend_B","Defend_B","Zap","Dualcast+1","Gash","Time Bomb","Leap","Turbo","Coolheaded","Defragment+1","Melter","Regret","Mirror Shield","ReplayTheSpireMod:Calculation Training+1","Electrodynamics","Glacier","Fission","Gash+1","Loop"],"relics":["Cracked Core","Oddly Smooth Stone"],"acts_visited":["Exordium","TheCity"],"potions_floor_usage":[4,16,16,16],"damage_taken":[{"damage":1,"enemies":"Jaw Worm","floor":1,"turns":3},{"damage":2,"enemies":"2 Louse","floor":2,"turns":2},{"damage":5,"enemies":"Small Slimes","floor":3,"turns":3},{"damage":0,"enemies":"Gremlin Gang","floor":4,"turns":2},{"damage":0,"enemies":"Looter","floor":5,"turns":4},{"damage":2,"enemies":"2 Fungi Beasts","floor":7,"turns":4},{"damage":2,"enemies":"Blue Slaver","floor":8,"turns":4},{"damage":26,"enemies":"Exordium Thugs","floor":12,"turns":4},{"damage":4,"enemies":"3 Louse","floor":13,"turns":4},{"damage":5,"enemies":"Hexaghost","floor":16,"turns":8},{"damage":13,"enemies":"2 Thieves","floor":18,"turns":4},{"damage":27,"enemies":"Chosen","floor":19,"turns":6},{"damage":48,"enemies":"Snake Plant","floor":20,"turns":5}],"seed_played":"-3609755485758770344","potions_obtained":[{"floor":2,"key":"PowerPotion"},{"floor":4,"key":"sneckomod:MuddlingPotion"},{"floor":5,"key":"Elixir"},{"floor":12,"key":"hexamod:SoulburnPotion"},{"floor":19,"key":"PotionOfCapacity"}],"is_trial":false,"path_per_floor":["M","M","M","M","M","R","M","M","T","?","R","M","M","$","R","B",null,"M","M","M"],"character_chosen":"DEFECT","items_purchased":["Electrodynamics","Glacier"],"campfire_rested":0,"item_purchase_floors":[14,14],"current_hp_per_floor":[81,79,74,74,74,74,72,70,70,70,70,44,40,40,40,35,82,69,42,0,0],"gold":100,"neow_bonus":"TEN_PERCENT_HP_BONUS","is_daily":false,"chose_seed":false,"campfire_upgraded":3,"win_rate":0.0,"timestamp":1613964133,"path_taken":["M","M","M","M","M","R","M","M","T","?","R","M","M","$","R","BOSS","M","M","M"],"items_purchased_type":["Card","Card"],"build_version":"2020-12-22","purchased_purges":0,"victory":false,"max_hp_per_floor":[82,82,82,82,82,82,82,82,82,82,82,82,82,82,82,82,82,82,82,82,82],"card_choices":[{"not_picked":["Steam Power","Rebound"],"picked":"Gash","floor":1},{"not_picked":["Sunder","Redo"],"picked":"Time Bomb","floor":2},{"not_picked":["Storm","Go for the Eyes"],"picked":"Leap","floor":3},{"not_picked":["Rebound","Steam"],"picked":"Turbo","floor":4},{"not_picked":["FIFO Queue","Darkness"],"picked":"Coolheaded","floor":5},{"not_picked":["Hologram","Undo"],"picked":"Defragment","floor":7},{"not_picked":["Turbo","Rip and Tear"],"picked":"Melter","floor":8},{"not_picked":["Leap","FIFO Queue"],"picked":"Mirror Shield","floor":12},{"not_picked":["Turbo","Static Discharge"],"picked":"ReplayTheSpireMod:Calculation Training","floor":13},{"not_picked":["Mirror Shield","Thunder Strike"],"picked":"Fission","floor":16},{"not_picked":["Coolheaded","Compile Driver+1"],"picked":"Gash+1","floor":18},{"not_picked":["Scrape","Cold Snap+1"],"picked":"Loop","floor":19}],"player_experience":444405,"relics_obtained":[],"event_choices":[{"damage_healed":0,"gold_gain":0,"player_choice":"Box","damage_taken":0,"relics_obtained":["Oddly Smooth Stone"],"max_hp_gain":0,"max_hp_loss":0,"event_name":"Big Fish","floor":10,"gold_loss":0,"cards_obtained":["Regret"]}],"is_beta":false,"boss_relics":[{"not_picked":["Snecko Eye","Coffee Dripper","Sozu"]}],"items_purged_floors":[],"is_endless":false,"potions_floor_spawned":[2,4,5,12,19],"killed_by":"Snake Plant","ascension_level":1}}