{"host":"36t3qd3wjvajtu1z","time":1613980251,"event":{"mods":["2.2 Compatiblity","AchievementEnabler","BaseMod","Bestiary","Block Reminder","Colored Powertips","Curses Come First","Filter the Spire","Highlight Path","Minty Spire (QoL Compilation)","Permanent Neow","Quick Restart","Random Character Button","Rare Cards Sparkle","Relic Stats","Slay-I","StSLib","Unknown Chances"],"gold_per_floor":[213,232,70,89,164,164,193,193,193,193,477,477,506,63,63,147,147,172,10,33,45,74,74,115,115,124,138,66,102,123,143,143,227,227,237,253,262,96,125,161,161,179,205,230,258,258,292,316,316,316],"floor_reached":51,"language":"ENG","playtime":3579,"items_purged":["Strike_B","Regret"],"score":1512,"play_id":"3468e4f1-a1ba-4648-bbbe-e910ef43dfc3","local_time":"20210221235051","is_ascension_mode":true,"campfire_choices":[{"data":"Sunder","floor":6.0,"key":"SMITH"},{"data":"Zap","floor":8.0,"key":"SMITH"},{"data":"Go for the Eyes","floor":10.0,"key":"SMITH"},{"data":"Dualcast","floor":12.0,"key":"SMITH"},{"data":"Glacier","floor":15.0,"key":"SMITH"},{"data":"Fission","floor":23.0,"key":"SMITH"},{"data":"Coolheaded","floor":25.0,"key":"SMITH"},{"data":"Fission","floor":32.0,"key":"SMITH"},{"floor":41,"key":"REST"},{"data":"Creative AI","floor":46,"key":"SMITH"},{"floor":49,"key":"REST"}],"circlet_count":0,"master_deck":["AscendersBane","Strike_B","Strike_B","Strike_B","Defend_B","Defend_B","Defend_B","Defend_B","Zap+1","Dualcast+1","Ball Lightning","Sunder+1","Go for the Eyes+1","Auto Shields","Streamline","Capacitor","Glacier+1","FTL","Fission+1","Hologram","Beam Cell","Coolheaded+1","Capacitor","Injury","Loop","Fission+1","Hologram","Creative AI+1","Echo Form","Writhe","Self Repair+1","Aggregate+1","Discovery+1","Secret Technique+1","Skim+1","Skim+1"],"relics":["Cracked Core","Eternal Feather","CeramicFish","DataDisk","Cursed Key","Happy Flower","Ancient Tea Set","Mercury Hourglass","Darkstone Periapt","Black Star","Anchor","Toxic Egg 2","Omamori","Juzu Bracelet","Smiling Mask","PreservedInsect","Blood Vial"],"acts_visited":["Exordium","TheCity","TheBeyond"],"potions_floor_usage":[40,47],"damage_taken":[{"damage":9.0,"enemies":"Small Slimes","floor":1.0,"turns":4.0},{"damage":0.0,"enemies":"Cultist","floor":2.0,"turns":3.0},{"damage":2.0,"enemies":"Jaw Worm","floor":4.0,"turns":3.0},{"damage":7.0,"enemies":"Gremlin Nob","floor":7.0,"turns":3.0},{"damage":0.0,"enemies":"2 Fungi Beasts","floor":13.0,"turns":2.0},{"damage":13.0,"enemies":"The Guardian","floor":16.0,"turns":9.0},{"damage":15.0,"enemies":"2 Thieves","floor":18.0,"turns":5.0},{"damage":1.0,"enemies":"3 Byrds","floor":20.0,"turns":5.0},{"damage":14.0,"enemies":"3 Cultists","floor":21.0,"turns":5.0},{"damage":3.0,"enemies":"Snake Plant","floor":22.0,"turns":5.0},{"damage":3.0,"enemies":"Gremlin Leader","floor":24.0,"turns":9.0},{"damage":6.0,"enemies":"Cultist and Chosen","floor":27.0,"turns":4.0},{"damage":11.0,"enemies":"Book of Stabbing","floor":29.0,"turns":4.0},{"damage":4.0,"enemies":"3 Cultists","floor":30.0,"turns":6.0},{"damage":13.0,"enemies":"Sentry and Sphere","floor":31.0,"turns":4.0},{"damage":7.0,"enemies":"Champ","floor":33.0,"turns":11.0},{"damage":4.0,"enemies":"Orb Walker","floor":35.0,"turns":4.0},{"damage":0.0,"enemies":"3 Shapes","floor":36.0,"turns":7.0},{"damage":32.0,"enemies":"Spire Growth","floor":39.0,"turns":6.0},{"damage":39,"enemies":"Giant Head","floor":40,"turns":9},{"damage":9,"enemies":"Nemesis","floor":44,"turns":9},{"damage":39,"enemies":"Transient","floor":45,"turns":6},{"damage":19,"enemies":"Giant Head","floor":47,"turns":9},{"damage":18,"enemies":"Jaw Worm Horde","floor":48,"turns":7},{"damage":118,"enemies":"Donu and Deca","floor":50,"turns":12}],"seed_played":"357357923315321887","potions_obtained":[{"floor":1.0,"key":"LiquidBronze"},{"floor":4.0,"key":"SteroidPotion"},{"floor":16.0,"key":"DistilledChaos"},{"floor":20.0,"key":"Ancient Potion"},{"floor":21.0,"key":"FocusPotion"},{"floor":29.0,"key":"Dexterity Potion"},{"floor":35.0,"key":"DistilledChaos"},{"floor":44,"key":"FairyPotion"},{"floor":45,"key":"ColorlessPotion"},{"floor":47,"key":"FairyPotion"}],"is_trial":false,"path_per_floor":["M","M","$","M","?","R","E","R","T","R","?","R","M","$","R","B",null,"M","$","M","M","M","R","E","R","T","M","$","E","M","M","R","B",null,"M","M","?","$","M","E","R","?","T","E","M","R","E","M","R","B",null],"character_chosen":"DEFECT","items_purchased":["Sunder","DataDisk","Capacitor","Glacier","FTL","Happy Flower","Loop","Anchor"],"campfire_rested":2,"item_purchase_floors":[3,14,14,14,14,19,28,38],"current_hp_per_floor":[55,55,55,53,42,42,35,41,41,47,47,56,56,56,65,52,66,51,51,50,36,33,45,42,54,54,48,48,37,33,20,35,28,60,56,56,76,76,44,15,56,51,51,52,23,44,35,29,73,33],"gold":316,"neow_bonus":"HUNDRED_GOLD","is_daily":false,"chose_seed":false,"campfire_upgraded":9,"win_rate":0.0,"timestamp":1613980251,"path_taken":["M","M","$","M","?","R","E","R","T","R","?","R","?","$","R","BOSS","M","?","?","M","?","R","E","R","T","M","$","E","M","?","R","BOSS","M","M","?","$","M","E","R","?","T","E","M","R","E","M","R","BOSS"],"items_purchased_type":["Card","Relic","Card","Card","Card","Relic","Card","Relic"],"build_version":"2020-12-22","purchased_purges":2,"victory":true,"max_hp_per_floor":[71,71,71,71,71,71,71,71,71,71,71,71,71,71,71,71,71,71,71,71,71,71,71,71,71,71,71,71,71,71,71,71,71,71,71,71,77,77,77,77,77,77,77,77,77,77,77,77,77,77],"relic_stats":{"Darkstone Periapt":6,"Happy Flower":[40],"counters":[25,148],"CeramicFish":207,"Eternal Feather":129,"PreservedInsect":130,"Juzu Bracelet":0,"Cursed Key":2,"Smiling Mask":0,"Mercury Hourglass":[288],"Blood Vial":4,"Black Star":3,"obtain_stats":[{"Darkstone Periapt":29,"Happy Flower":19,"CeramicFish":9,"Eternal Feather":7,"PreservedInsect":44,"Omamori":40,"Juzu Bracelet":43,"Cursed Key":17,"Ancient Tea Set":24,"Smiling Mask":44,"Mercury Hourglass":26,"Blood Vial":47,"DataDisk":14,"Anchor":38,"Black Star":34,"Toxic Egg 2":40,"Cracked Core":0},{"Darkstone Periapt":13,"Happy Flower":7,"CeramicFish":4,"Eternal Feather":4,"PreservedInsect":21,"Omamori":20,"Juzu Bracelet":20,"Cursed Key":6,"Ancient Tea Set":11,"Smiling Mask":21,"Mercury Hourglass":11,"Blood Vial":23,"DataDisk":5,"Anchor":18,"Black Star":16,"Toxic Egg 2":20,"Cracked Core":0},{"Darkstone Periapt":61,"Happy Flower":29,"CeramicFish":13,"Eternal Feather":13,"PreservedInsect":115,"Omamori":106,"Juzu Bracelet":106,"Cursed Key":24,"Ancient Tea Set":53,"Smiling Mask":115,"Mercury Hourglass":53,"Blood Vial":130,"DataDisk":15,"Anchor":92,"Black Star":82,"Toxic Egg 2":106,"Cracked Core":0}]},"card_choices":[{"not_picked":["Skim","Hologram"],"picked":"Ball Lightning","floor":1.0},{"not_picked":["Fusion","Steam Power","Tempest"],"picked":"SKIP","floor":2.0},{"not_picked":["Turbo","Leap"],"picked":"Go for the Eyes","floor":4.0},{"not_picked":["Hello World","Compile Driver"],"picked":"Auto Shields","floor":7.0},{"not_picked":["Compile Driver","Redo"],"picked":"Streamline","floor":13.0},{"not_picked":["Buffer","Biased Cognition"],"picked":"Fission","floor":16.0},{"not_picked":["Rip and Tear+1","Coolheaded"],"picked":"Hologram","floor":18.0},{"not_picked":["Hologram","Cold Snap"],"picked":"Beam Cell","floor":20.0},{"not_picked":["Go for the Eyes","Steam","Stack"],"picked":"SKIP","floor":21.0},{"not_picked":["Cold Snap","Beam Cell"],"picked":"Coolheaded","floor":22.0},{"not_picked":["Force Field","Sweeping Beam"],"picked":"Capacitor","floor":24.0},{"not_picked":["Redo","Coolheaded","Go for the Eyes"],"picked":"SKIP","floor":27.0},{"not_picked":["Stack","Gash"],"picked":"Fission","floor":29.0},{"not_picked":["Streamline","Steam"],"picked":"Hologram","floor":30.0},{"not_picked":["Defragment","Steam"],"picked":"Creative AI","floor":31.0},{"not_picked":["Rainbow","Thunder Strike"],"picked":"Echo Form","floor":33.0},{"not_picked":["Gash","Redo","Leap"],"picked":"SKIP","floor":35.0},{"not_picked":["Beam Cell","Redo","Sweeping Beam"],"picked":"SKIP","floor":36.0},{"not_picked":["Rebound","Streamline+1"],"picked":"Self Repair+1","floor":39.0},{"not_picked":["Force Field+1","Ball Lightning"],"picked":"Aggregate+1","floor":40},{"not_picked":["HandOfGreed","Sadistic Nature"],"picked":"Discovery+1","floor":42},{"not_picked":["PanicButton+1","Good Instincts+1"],"picked":"Secret Technique+1","floor":42},{"not_picked":["Rip and Tear","Sunder","Self Repair"],"picked":"SKIP","floor":44},{"not_picked":["Compile Driver","Coolheaded+1"],"picked":"Skim+1","floor":45},{"not_picked":["Gash","Sweeping Beam","Turbo+1"],"picked":"SKIP","floor":47},{"not_picked":["Conserve Battery+1","Cold Snap"],"picked":"Skim+1","floor":48}],"player_experience":573120,"relics_obtained":[{"floor":7.0,"key":"Eternal Feather"},{"floor":9.0,"key":"CeramicFish"},{"floor":24.0,"key":"Ancient Tea Set"},{"floor":26.0,"key":"Mercury Hourglass"},{"floor":29.0,"key":"Darkstone Periapt"},{"floor":40,"key":"Toxic Egg 2"},{"floor":40,"key":"Omamori"},{"floor":43,"key":"Juzu Bracelet"},{"floor":44,"key":"Smiling Mask"},{"floor":44,"key":"PreservedInsect"},{"floor":47,"key":"Blood Vial"}],"event_choices":[{"damage_healed":0.0,"max_hp_gain":0.0,"max_hp_loss":0.0,"gold_gain":75.0,"event_name":"World of Goop","player_choice":"Gather Gold","floor":5.0,"gold_loss":0.0,"damage_taken":11.0},{"damage_healed":0.0,"max_hp_gain":0.0,"max_hp_loss":0.0,"gold_gain":275.0,"event_name":"Golden Shrine","player_choice":"Desecrate","floor":11.0,"gold_loss":0.0,"damage_taken":0.0,"cards_obtained":["Regret"]},{"damage_healed":14.0,"max_hp_gain":0.0,"max_hp_loss":0.0,"gold_gain":0.0,"event_name":"Winding Halls","player_choice":"Writhe","floor":37.0,"gold_loss":0.0,"damage_taken":0.0,"cards_obtained":["Writhe"]},{"damage_healed":0,"gold_gain":0,"player_choice":"Memory 2","damage_taken":5,"max_hp_gain":0,"max_hp_loss":0,"event_name":"SensoryStone","floor":42,"gold_loss":0}],"is_beta":false,"boss_relics":[{"not_picked":["Velvet Choker","Fusion Hammer"],"picked":"Cursed Key"},{"not_picked":["SlaversCollar","SacredBark"],"picked":"Black Star"}],"items_purged_floors":[3,14],"is_endless":false,"potions_floor_spawned":[1,4,7,16,20,21,22,29,35,44,45,47],"ascension_level":17}}