{"host":"z9x5nldzhmx4jdfi","time":1613957112,"event":{"mods":["2.2 Compatiblity","Act Like it!","Arknights","BaseMod","Bestiary","Better Altar","Better Match","Better Note","Better Sensory Stone","Better Skull","Better Third Choice","BetterRewards","Block Reminder","Card Filter","Colored Powertips","Infinite Spire","Minty Spire (QoL Compilation)","Relic Filter","StSLib","Td1madao Mod","The Servant 0.9.4","Wandering Minibosses"],"gold_per_floor":[111,111,129,129,145,178,188,188,213,213,163,180,180,197,197,301,301,321,340,358,374,68,101,151,163,163,191,207,207,207,220,220,316,316,330,348,373,385,398,427,427,427,477,492,492,492,492,503,503,503,503,503,232,261,261],"floor_reached":56,"language":"ENG","playtime":5496,"items_purged":["ats:Strike C","ats:Ambush"],"score":1273,"play_id":"be80a77b-4692-45d9-9922-d0372e9d7b6f","local_time":"20210221192512","is_ascension_mode":false,"campfire_choices":[{"data":"ats:Demon Strength","floor":8,"key":"SMITH"},{"data":"ats:Neurotoxin","floor":15,"key":"SMITH"},{"data":"ats:Ambush","floor":29,"key":"SMITH"},{"data":"ats:Shell Defense","floor":32,"key":"SMITH"},{"data":"ats:Nebulous Foxfire","floor":41,"key":"SMITH"},{"floor":45,"key":"RECALL"},{"data":"infinitespire:UltimateForm","floor":49,"key":"SMITH"},{"data":"ats:Neurotoxin","floor":52,"key":"SMITH"}],"circlet_count":0,"master_deck":["ats:Strike G+1","ats:Strike S","ats:Armor Crushing Shot","ats:Defend","ats:Defend","ats:Defend+1","ats:Defend+1","ats:Emotion Absorption","ats:Overload+1","ats:Shell Defense+1","ats:Flexible Camouflage","ats:Red Shift","ats:Demon Strength+1","ats:Neurotoxin+1","ats:Ambush+1","ats:Assault Order+1","ats:Closed Bolt Burst Fire","ats:Neurotoxin+1","infinitespire:Collect","ats:Revitalization","ats:Thorns+1","ats:Poison Spread+1","ats:Nebulous Foxfire+1","ats:Guard Mode","infinitespire:UltimateForm+1","Madness+1","ats:Chain Hook+1","ats:Shell Defense"],"relics":["ats:Sanity","ats:Originium","Centennial Puzzle","infinitespire:Beetle Shell","Bird Faced Urn","Philosopher\u0027s Stone","Incense Burner","Gambling Chip","FossilizedHelix","Tiny House","Ginger","ats:Hidden Killer","Coffee Dripper","Juzu Bracelet","Pear","Lantern","Torii"],"acts_visited":["Exordium","TheCity","TheBeyond","TheEnding"],"potions_floor_usage":[6,13,16,20,33,55,55],"damage_taken":[{"damage":10,"enemies":"Jaw Worm","floor":1,"turns":5},{"damage":0,"enemies":"2 Louse","floor":3,"turns":2},{"damage":18,"enemies":"ats:Genji","floor":5,"turns":7},{"damage":26,"enemies":"3 Sentries","floor":6,"turns":14},{"damage":6,"enemies":"Large Slime","floor":7,"turns":7},{"damage":1,"enemies":"3 Louse","floor":12,"turns":2},{"damage":20,"enemies":"Lots of Slimes","floor":14,"turns":6},{"damage":0,"enemies":"Hexaghost","floor":16,"turns":7},{"damage":12,"enemies":"2 Thieves","floor":18,"turns":3},{"damage":22,"enemies":"3 Byrds","floor":19,"turns":5},{"damage":18,"enemies":"Snecko","floor":20,"turns":5},{"damage":25,"enemies":"Centurion and Healer","floor":21,"turns":7},{"damage":14,"enemies":"Book of Stabbing","floor":23,"turns":4},{"damage":0,"enemies":"3 Cultists","floor":25,"turns":3},{"damage":22,"enemies":"Slavers","floor":27,"turns":7},{"damage":6,"enemies":"Sentry and Sphere","floor":28,"turns":4},{"damage":18,"enemies":"Chosen and Byrds","floor":31,"turns":6},{"damage":0,"enemies":"Champ","floor":33,"turns":7},{"damage":23,"enemies":"Orb Walker","floor":35,"turns":6},{"damage":9,"enemies":"3 Darklings","floor":36,"turns":4},{"damage":1,"enemies":"Transient","floor":38,"turns":5},{"damage":0,"enemies":"Spire Growth","floor":39,"turns":4},{"damage":10,"enemies":"Giant Head","floor":40,"turns":7},{"damage":1,"enemies":"Sphere and 2 Shapes","floor":44,"turns":4},{"damage":19,"enemies":"3 Darklings","floor":48,"turns":12},{"damage":63,"enemies":"Awakened One","floor":50,"turns":11},{"damage":27,"enemies":"Shield and Spear","floor":54,"turns":8},{"damage":23,"enemies":"The Heart","floor":55,"turns":9}],"seed_played":"-1360103666021172350","potions_obtained":[{"floor":1,"key":"FearPotion"},{"floor":6,"key":"SteroidPotion"},{"floor":7,"key":"Fruit Juice"},{"floor":12,"key":"BlessingOfTheForge"},{"floor":13,"key":"LiquidBronze"},{"floor":19,"key":"SkillPotion"},{"floor":20,"key":"SteroidPotion"},{"floor":33,"key":"Explosive Potion"},{"floor":39,"key":"LiquidMemories"}],"is_trial":false,"path_per_floor":["M","?","M","?","M","E","M","R","T","?","?","M","?","M","R","B",null,"M","M","M","M","$","E","AVR","M","T","E","M","R","?","M","R","B",null,"M","M","T","M","M","E","R","?","T","M","R","?","?","M","R","B",null,"R","$","E","B",null],"character_chosen":"DOCTOR_CLASS","items_purchased":["Incense Burner","ats:Shell Defense","Lantern"],"campfire_rested":0,"item_purchase_floors":[22,53,53],"current_hp_per_floor":[69,53,53,53,38,24,24,24,24,17,17,16,21,13,13,19,84,74,66,61,48,48,43,48,59,59,49,53,53,53,58,58,89,89,74,77,77,89,89,91,91,99,99,98,98,73,54,99,99,92,99,99,99,99,98],"gold":261,"neow_bonus":"TEN_PERCENT_HP_BONUS","is_daily":false,"chose_seed":false,"campfire_upgraded":7,"win_rate":0.0,"timestamp":1613957112,"path_taken":["M","?","M","?","M","E","M","R","T","?","?","M","?","M","R","BOSS","M","?","M","M","$","E","AVR","?","T","E","M","R","?","M","R","BOSS","M","?","?","M","M","E","R","?","T","M","R","?","?","M","R","BOSS","R","$","E","BOSS"],"items_purchased_type":["Relic","Card","Relic"],"build_version":"2020-12-22","purchased_purges":2,"victory":true,"max_hp_per_floor":[79,79,79,79,79,79,79,79,79,79,79,79,84,84,84,84,84,84,84,84,84,84,84,89,89,89,89,89,89,89,89,89,89,89,89,89,89,89,89,99,99,99,99,99,99,99,99,99,99,99,99,99,99,99,99],"card_choices":[{"not_picked":["ats:Closed Bolt Burst Fire","ats:Song Of Battle"],"picked":"ats:Overload","floor":1},{"not_picked":["ats:Absolute Focus","ats:Apocalypse"],"picked":"ats:Shell Defense","floor":3},{"not_picked":["ats:Rapid Magazine","ats:Very Hot Blade"],"picked":"ats:Flexible Camouflage","floor":5},{"not_picked":["ats:Guard Mode","ats:Encircling Forest"],"picked":"ats:Red Shift","floor":6},{"not_picked":["ats:Cat Scratch","ats:Ignite"],"picked":"ats:Demon Strength","floor":7},{"not_picked":["ats:Explosion Area Strengthen","ats:Poison Spread"],"picked":"ats:Neurotoxin","floor":12},{"not_picked":["ats:Collapsing Strike","ats:Healing Drone","ats:Apocalypse"],"picked":"SKIP","floor":14},{"not_picked":["ats:Roar Of Ursus","ats:Soul Rend"],"picked":"ats:Ambush","floor":16},{"not_picked":["ats:Powerful Strike","ats:Leaping Hammer","ats:Very Hot Blade"],"picked":"SKIP","floor":18},{"not_picked":["ats:Soul Rend","ats:Leaping Hammer"],"picked":"ats:Assault Order+1","floor":19},{"not_picked":["ats:Sword Rain+1","ats:Serious Mode","ats:Guardian Obelisk"],"picked":"SKIP","floor":20},{"not_picked":["ats:Serious Mode","ats:Rapid Magazine"],"picked":"ats:Closed Bolt Burst Fire","floor":21},{"not_picked":["ats:True Silver Slash","ats:Poison Spread"],"picked":"ats:Neurotoxin","floor":23},{"not_picked":["ats:Very Hot Blade","ats:Assault Order","ats:Song Of Battle"],"picked":"SKIP","floor":25},{"not_picked":["ats:Ignite+1","ats:Guardian Obelisk+1","ats:Hammer On"],"picked":"SKIP","floor":27},{"not_picked":["ats:Powerful Strike","ats:Composite Medical Shells"],"picked":"ats:Revitalization","floor":28},{"not_picked":["ats:Burning Ground","ats:Leaping Hammer","ats:Hammer On"],"picked":"SKIP","floor":31},{"not_picked":["ats:Durian","ats:Dogmatic Field"],"picked":"ats:Ambush","floor":33},{"not_picked":["ats:Shell Defense+1","ats:Very Hot Blade+1"],"picked":"ats:Thorns+1","floor":35},{"not_picked":["ats:Assault Order+1","ats:Closed Bolt Burst Fire+1","ats:Counter Healing Mode+1"],"picked":"SKIP","floor":36},{"not_picked":["ats:Explosion Area Strengthen+1","ats:Cat Scratch","ats:Burning Ground"],"picked":"SKIP","floor":38},{"not_picked":["ats:Sashimi Platter","ats:Support Order+1"],"picked":"ats:Poison Spread+1","floor":39},{"not_picked":["ats:Guard Mode","ats:Demon Strength+1"],"picked":"ats:Nebulous Foxfire","floor":40},{"not_picked":["ats:Blood Oath","ats:Neurotoxin"],"picked":"ats:Guard Mode","floor":44},{"not_picked":["infinitespire:NeuralNetwork","infinitespire:Punishment"],"picked":"infinitespire:UltimateForm","floor":46},{"not_picked":["ats:Flexible Camouflage+1","ats:Closed Bolt Burst Fire"],"picked":"ats:Chain Hook+1","floor":48},{"not_picked":["ats:Ignite+1","ats:Apocalypse","ats:Burning Ground"],"picked":"SKIP","floor":54}],"player_experience":1013824,"relics_obtained":[{"floor":6,"key":"ats:Originium"},{"floor":6,"key":"Centennial Puzzle"},{"floor":9,"key":"infinitespire:Beetle Shell"},{"floor":23,"key":"ats:Originium"},{"floor":23,"key":"Gambling Chip"},{"floor":26,"key":"Ginger"},{"floor":27,"key":"ats:Originium"},{"floor":27,"key":"ats:Hidden Killer"},{"floor":37,"key":"Juzu Bracelet"},{"floor":40,"key":"ats:Originium"},{"floor":40,"key":"Pear"},{"floor":54,"key":"Torii"}],"event_choices":[{"damage_healed":69,"gold_gain":0,"player_choice":"Upgrade","damage_taken":16,"max_hp_gain":0,"max_hp_loss":79,"event_name":"betterThird:BetterShining","floor":2,"gold_loss":0,"cards_upgraded":["ats:Strike G","ats:Defend"]},{"damage_healed":0,"gold_gain":0,"player_choice":"Relic ","damage_taken":7,"max_hp_gain":0,"max_hp_loss":0,"event_name":"betterThird:BetterScrap","floor":10,"gold_loss":0,"cards_obtained":["Auto Shields"]},{"cards_removed":["ats:Strike V"],"damage_healed":0,"gold_gain":0,"player_choice":"Card Removal","damage_taken":0,"max_hp_gain":0,"max_hp_loss":0,"event_name":"The Cleric","floor":11,"gold_loss":50},{"damage_healed":0,"gold_gain":0,"player_choice":"Got Potions","damage_taken":0,"max_hp_gain":0,"max_hp_loss":0,"event_name":"Lab","floor":13,"gold_loss":0},{"cards_removed":["ats:Overload"],"damage_healed":0,"gold_gain":0,"player_choice":"Give","damage_taken":0,"max_hp_gain":0,"max_hp_loss":0,"event_name":"betterNote:BetterNote","floor":30,"gold_loss":0,"cards_obtained":["None"]},{"damage_healed":8,"gold_gain":0,"player_choice":"Full Heal","damage_taken":0,"max_hp_gain":0,"max_hp_loss":0,"event_name":"Wheel of Change","floor":42,"gold_loss":0},{"damage_healed":0,"gold_gain":3,"player_choice":"2","damage_taken":0,"max_hp_gain":0,"max_hp_loss":19,"event_name":"betterStone:BetterStone","floor":47,"gold_loss":0}],"is_beta":false,"boss_relics":[{"not_picked":["Empty Cage","Snecko Eye"],"picked":"Philosopher\u0027s Stone"},{"not_picked":["ats:Tactical Delivery","Pandora\u0027s Box"],"picked":"Coffee Dripper"}],"items_purged_floors":[24,53],"is_endless":false,"potions_floor_spawned":[1,6,7,12,19,20,27,31,33,35,38,39,40],"ascension_level":0}}