{"host":"uzcks4yhskks9i02","time":1613967141,"event":{"mods":["BaseMod","Minty Spire (QoL Compilation)"],"gold_per_floor":[117,128,144,144,156,188,188,188,188,188,188,218,236,201,201,296,296,311,311,78,78,92,92,127,127,181,181,212,224,224,249,249,347,347,366,385,48,60,73,105,124,153,180,180,205,205,16,28,28,28],"floor_reached":51,"language":"ENG","playtime":4183,"items_purged":[],"score":1085,"play_id":"c058194f-2ff4-40fe-b52a-e319f24dc961","local_time":"20210221211221","is_ascension_mode":true,"campfire_choices":[{"floor":7.0,"key":"REST"},{"data":"Bullet Time","floor":10.0,"key":"SMITH"},{"floor":15.0,"key":"REST"},{"data":"Glass Knife","floor":23.0,"key":"SMITH"},{"data":"A Thousand Cuts","floor":25.0,"key":"SMITH"},{"data":"Corpse Explosion","floor":27.0,"key":"SMITH"},{"floor":32.0,"key":"REST"},{"data":"Flechettes","floor":44,"key":"SMITH"},{"floor":46,"key":"REST"},{"data":"Footwork","floor":49,"key":"SMITH"}],"circlet_count":0,"master_deck":["Strike_G","Strike_G","Strike_G+1","Defend_G+1","Defend_G","Defend_G","Defend_G+1","Defend_G","Survivor","Neutralize","Dagger Throw","Burst+1","Escape Plan","Predator","Backflip","Setup","Bullet Time+1","Venomology","Leg Sweep","Corpse Explosion+1","Concentrate","Glass Knife+1","Unload+1","A Thousand Cuts+1","PiercingWail","Blur+1","Die Die Die","Tools of the Trade","Leg Sweep+1","Underhanded Strike+1","Crippling Poison","Riddle With Holes+1","Flechettes+1","Footwork+1","Caltrops+1"],"relics":["Ring of the Snake","Tingsha","HornCleat","Gremlin Horn","Philosopher\u0027s Stone","MutagenicStrength","PreservedInsect","Art of War","Potion Belt","Regal Pillow","The Courier","Runic Pyramid","Membership Card","Whetstone","Vajra","Strawberry","Boot","Ornamental Fan","War Paint","Kunai","Bag of Preparation","TungstenRod"],"acts_visited":["Exordium","TheCity","TheBeyond"],"potions_floor_usage":[36,39,40,42,45,45,50,50,50,50],"damage_taken":[{"damage":1.0,"enemies":"Jaw Worm","floor":1.0,"turns":6.0},{"damage":0.0,"enemies":"Small Slimes","floor":2.0,"turns":7.0},{"damage":1.0,"enemies":"Cultist","floor":3.0,"turns":3.0},{"damage":4.0,"enemies":"Large Slime","floor":5.0,"turns":6.0},{"damage":24.0,"enemies":"Lagavulin","floor":6.0,"turns":11.0},{"damage":38.0,"enemies":"Gremlin Nob","floor":12.0,"turns":6.0},{"damage":0.0,"enemies":"Blue Slaver","floor":13.0,"turns":3.0},{"damage":40.0,"enemies":"The Guardian","floor":16.0,"turns":19.0},{"damage":5.0,"enemies":"3 Byrds","floor":18.0,"turns":3.0},{"damage":3.0,"enemies":"Shell Parasite","floor":22.0,"turns":4.0},{"damage":0.0,"enemies":"Slavers","floor":24.0,"turns":2.0},{"damage":4.0,"enemies":"Book of Stabbing","floor":28.0,"turns":3.0},{"damage":5.0,"enemies":"Centurion and Healer","floor":29.0,"turns":3.0},{"damage":0.0,"enemies":"Gremlin Leader","floor":31.0,"turns":5.0},{"damage":20.0,"enemies":"Collector","floor":33.0,"turns":8.0},{"damage":0,"enemies":"3 Shapes","floor":35,"turns":3},{"damage":1,"enemies":"3 Darklings","floor":36,"turns":3},{"damage":8,"enemies":"Spire Growth","floor":38,"turns":5},{"damage":5,"enemies":"Maw","floor":39,"turns":8},{"damage":9,"enemies":"Giant Head","floor":40,"turns":6},{"damage":0,"enemies":"4 Shapes","floor":41,"turns":2},{"damage":8,"enemies":"Nemesis","floor":42,"turns":3},{"damage":23,"enemies":"Giant Head","floor":45,"turns":9},{"damage":0,"enemies":"Sphere and 2 Shapes","floor":48,"turns":3},{"damage":9,"enemies":"Donu and Deca","floor":50,"turns":5}],"seed_played":"981137991431108081","potions_obtained":[{"floor":2.0,"key":"SkillPotion"},{"floor":12.0,"key":"Energy Potion"},{"floor":16.0,"key":"Energy Potion"},{"floor":29.0,"key":"PowerPotion"},{"floor":35,"key":"CultistPotion"},{"floor":40,"key":"Block Potion"},{"floor":42,"key":"LiquidBronze"}],"is_trial":false,"path_per_floor":["M","M","M","?","M","E","R","?","T","R","?","E","M","?","R","B",null,"M","?","$","?","M","R","E","R","T","R","E","M","?","E","R","B",null,"M","M","$","M","M","E","M","E","T","R","E","R","$","M","R","B",null],"character_chosen":"THE_SILENT","items_purchased":["Glass Knife","PreservedInsect","Membership Card","Whetstone","Vajra","Strawberry","Crippling Poison","Bag of Preparation","TungstenRod","Footwork"],"campfire_rested":4,"item_purchase_floors":[20,20,37,37,37,37,37,47,47,47],"current_hp_per_floor":[48,48,47,47,43,19,40,40,40,40,45,7,7,25,47,7,58,53,53,53,75,72,72,72,72,72,72,68,63,49,49,80,60,75,75,74,81,73,68,59,59,51,51,51,28,69,69,69,69,60],"gold":28,"neow_bonus":"TRANSFORM_TWO_CARDS","is_daily":false,"chose_seed":false,"campfire_upgraded":6,"win_rate":0.0,"timestamp":1613967141,"path_taken":["M","M","M","?","M","E","R","?","T","R","?","E","?","?","R","BOSS","M","?","$","?","M","R","E","R","T","R","E","M","?","E","R","BOSS","M","M","$","M","M","E","M","E","T","R","E","R","$","M","R","BOSS"],"items_purchased_type":["Card","Relic","Relic","Relic","Relic","Relic","Card","Relic","Relic","Card"],"build_version":"2020-12-22","purchased_purges":0,"victory":true,"max_hp_per_floor":[70,70,70,70,70,70,70,70,70,70,75,75,75,75,75,75,75,75,75,75,75,75,75,75,75,75,75,75,75,80,80,80,80,80,80,80,87,87,87,87,87,87,87,87,87,87,87,87,87,87],"card_choices":[{"not_picked":["Cloak And Dagger","Dodge and Roll"],"picked":"Escape Plan","floor":1.0},{"not_picked":["Flying Knee","Prepared"],"picked":"Predator","floor":2.0},{"not_picked":["Acrobatics","Slice"],"picked":"Backflip","floor":3.0},{"not_picked":["Underhanded Strike","Deflect"],"picked":"Setup","floor":5.0},{"not_picked":["Noxious Fumes","Expertise"],"picked":"Bullet Time","floor":6.0},{"not_picked":["Expertise","Poisoned Stab"],"picked":"Venomology","floor":12.0},{"not_picked":["Flying Knee","Skewer"],"picked":"Leg Sweep","floor":13.0},{"not_picked":["Tools of the Trade","Malaise"],"picked":"Corpse Explosion","floor":16.0},{"not_picked":["Deflect+1","Bane"],"picked":"Concentrate","floor":18.0},{"not_picked":["Cloak And Dagger","Dodge and Roll"],"picked":"Unload","floor":22.0},{"not_picked":["Expertise","Blade Dance"],"picked":"A Thousand Cuts","floor":24.0},{"not_picked":["Poisoned Stab+1","Finisher"],"picked":"PiercingWail","floor":28.0},{"not_picked":["Bane","Dagger Throw"],"picked":"Blur+1","floor":29.0},{"not_picked":["Eviscerate","Footwork"],"picked":"Die Die Die","floor":31.0},{"not_picked":["Adrenaline","Bullet Time"],"picked":"Tools of the Trade","floor":33.0},{"not_picked":["Backflip+1","Slice+1"],"picked":"Leg Sweep+1","floor":35},{"not_picked":["Dodge and Roll+1","Acrobatics"],"picked":"Underhanded Strike+1","floor":36},{"not_picked":["Leg Sweep+1","Dash"],"picked":"Riddle With Holes+1","floor":38},{"not_picked":["Endless Agony","Slice"],"picked":"Flechettes","floor":39},{"not_picked":["Flying Knee+1","Reflex+1","Backflip"],"picked":"SKIP","floor":40},{"not_picked":["Prepared+1","Grand Finale","Blur+1"],"picked":"SKIP","floor":41},{"not_picked":["Heel Hook","Dagger Spray","Prepared+1"],"picked":"SKIP","floor":42},{"not_picked":["Underhanded Strike+1","Expertise","Heel Hook"],"picked":"SKIP","floor":45},{"not_picked":["Dagger Throw","Flying Knee"],"picked":"Caltrops+1","floor":48}],"player_experience":603345,"relics_obtained":[{"floor":6.0,"key":"Tingsha"},{"floor":9.0,"key":"HornCleat"},{"floor":12.0,"key":"Gremlin Horn"},{"floor":24.0,"key":"Art of War"},{"floor":26.0,"key":"Potion Belt"},{"floor":28.0,"key":"Regal Pillow"},{"floor":31.0,"key":"The Courier"},{"floor":40,"key":"Boot"},{"floor":42,"key":"Ornamental Fan"},{"floor":43,"key":"War Paint"},{"floor":45,"key":"Kunai"}],"event_choices":[{"damage_healed":0.0,"max_hp_gain":0.0,"max_hp_loss":0.0,"gold_gain":0.0,"event_name":"Living Wall","player_choice":"Grow","floor":4.0,"gold_loss":0.0,"damage_taken":0.0,"cards_upgraded":["Burst"]},{"damage_healed":0.0,"max_hp_gain":0.0,"max_hp_loss":0.0,"gold_gain":0.0,"event_name":"Liars Game","player_choice":"Ignored","floor":8.0,"gold_loss":0.0,"damage_taken":0.0},{"damage_healed":0.0,"max_hp_gain":5.0,"max_hp_loss":0.0,"gold_gain":0.0,"event_name":"Big Fish","player_choice":"Donut","floor":11.0,"gold_loss":0.0,"damage_taken":0.0},{"damage_healed":18.0,"max_hp_gain":0.0,"max_hp_loss":0.0,"gold_gain":0.0,"event_name":"The Cleric","player_choice":"Healed","floor":14.0,"gold_loss":35.0,"damage_taken":0.0},{"damage_healed":0.0,"max_hp_gain":0.0,"max_hp_loss":0.0,"gold_gain":0.0,"event_name":"Drug Dealer","player_choice":"Inject Mutagens","floor":19.0,"gold_loss":0.0,"damage_taken":0.0,"relics_obtained":["MutagenicStrength"]},{"damage_healed":25.0,"max_hp_gain":0.0,"max_hp_loss":0.0,"gold_gain":0.0,"event_name":"The Library","player_choice":"Heal","floor":21.0,"gold_loss":0.0,"damage_taken":0.0},{"damage_healed":0.0,"max_hp_gain":5.0,"max_hp_loss":0.0,"gold_gain":0.0,"event_name":"Forgotten Altar","player_choice":"Shed Blood","floor":30.0,"gold_loss":0.0,"damage_taken":19.0}],"is_beta":false,"boss_relics":[{"not_picked":["Velvet Choker","Snecko Eye"],"picked":"Philosopher\u0027s Stone"},{"not_picked":["Cursed Key","Black Star"],"picked":"Runic Pyramid"}],"items_purged_floors":[],"is_endless":false,"potions_floor_spawned":[2,12,16,24,29,31,35,39,40,42],"ascension_level":5}}