{"host":"bna4wnej92zvowpa","time":1613991057,"event":{"mods":["BaseMod","Downfall","Hubris","Infinite Spire","Minty Spire (QoL Compilation)","Reliquary","Replay The Spire","StSLib"],"gold_per_floor":[99,109,109,125,145,158,185,647,686,683,722,734,746,231,248,353,353,353,368,383,211,211,211,292,292,213,225,225,241,241,266,284,382,432,332,346,346,359,65,89,89,15,15,15,32,43,61,89,99,99],"floor_reached":51,"language":"ENG","playtime":3020,"items_purged":["hubris:Greed","hubris:Despair","Shame"],"score":1007,"play_id":"ef662b00-4f9a-4be8-9c92-70f57b48f001","local_time":"20210222125057","is_ascension_mode":false,"campfire_choices":[{"data":"champ:Execute","floor":13.0,"key":"SMITH"},{"data":"champ:UltimateStance","floor":18.0,"key":"SMITH"},{"data":"champ:PreciseThrust","floor":23.0,"key":"SMITH"},{"data":"expansioncontent:QuickStudy","floor":35.0,"key":"SMITH"}],"circlet_count":0,"master_deck":["champ:Strike","champ:Strike","champ:Strike+1","champ:Strike","champ:Defend","champ:Defend","champ:Defend","champ:Defend","champ:Execute+1","champ:Taunt","Omega+1","Omega+1","champ:PreciseThrust+1","champ:EnGarde","champ:FanOfKnives","downfall:Icky","downfall:Icky","downfall:Icky","champ:CrownThrow","champ:SkillfulDodge+1","champ:FlashCut","expansioncontent:QuickStudy+1","champ:ShieldWall","champ:UltimateStance+1","champ:PreciseThrust+1","champ:ArenaPreparation+1","champ:ShieldWall","infinitespire:Gouge+1","champ:AdrenalArmor","champ:EnragedBash","champ:StanceDance","champ:FanOfKnives","champ:TripleStrike","champ:Endure","champ:StanceDance+1","champ:StanceDance+1","champ:PreciseThrust","champ:DeathBlow","champ:UltimateStance+1","champ:AdrenalArmor+1","champ:PreemptiveStrike+1","champ:EndlessRage","champ:DefensiveShout","champ:ArenaPreparation"],"relics":["champ:ChampionCrownUpgraded","MawBank","reliquary:Knoch","Ice Cream","Enchiridion","Enchiridion","Enchiridion","reliquary:NewFriend","Charon\u0027s Ashes","Ginger","Potion Belt","Guide Book","Lantern","Lantern","Lantern","reliquary:PrincelyHelmet","ReplayTheSpireMod:CursedCoin","infinitespire:Satchel","infinitespire:Cupcake","reliquary:PartyBalloon","Tiny House","downfall:HeartBlessingGreen","downfall:TeleportStone","hubris:TenFootPole","Lantern","infinitespire:WardingShard","reliquary:SilkGlove"],"acts_visited":["Exordium","TheCity","TheBeyond"],"potions_floor_usage":[38],"damage_taken":[{"damage":0.0,"enemies":"2 Louse","floor":2.0,"turns":1.0},{"damage":0.0,"enemies":"Cultist","floor":4.0,"turns":1.0},{"damage":0.0,"enemies":"Small Slimes","floor":5.0,"turns":1.0},{"damage":10.0,"enemies":"2 Fungi Beasts","floor":6.0,"turns":2.0},{"damage":10.0,"enemies":"Gremlin Nob","floor":9.0,"turns":2.0},{"damage":10.0,"enemies":"downfall:FleeingMerchant","floor":10.0,"turns":4.0},{"damage":10.0,"enemies":"Lagavulin","floor":11.0,"turns":2.0},{"damage":0.0,"enemies":"downfall:FleeingMerchant","floor":14.0,"turns":1.0},{"damage":10.0,"enemies":"3 Louse","floor":15.0,"turns":1.0},{"damage":10.0,"enemies":"WA_ARCHETYPE_RETAIN","floor":16.0,"turns":2.0},{"damage":5.0,"enemies":"Shell Parasite","floor":19.0,"turns":2.0},{"damage":0.0,"enemies":"downfall:LooterAlt2","floor":20.0,"turns":2.0},{"damage":10.0,"enemies":"Snecko","floor":27.0,"turns":2.0},{"damage":0.0,"enemies":"Snake Plant","floor":29.0,"turns":2.0},{"damage":35.0,"enemies":"Book of Stabbing","floor":31.0,"turns":2.0},{"damage":0.0,"enemies":"Cultist and Chosen","floor":32.0,"turns":1.0},{"damage":55.0,"enemies":"IC_MUSHROOM_ARCHETYPE","floor":33.0,"turns":2.0},{"damage":30.0,"enemies":"Orb Walker","floor":36.0,"turns":1.0},{"damage":5,"enemies":"3 Darklings","floor":38,"turns":1},{"damage":5,"enemies":"Sphere and 2 Shapes","floor":45,"turns":1},{"damage":5,"enemies":"Spire Growth","floor":46,"turns":2},{"damage":70,"enemies":"Transient","floor":47,"turns":5},{"damage":47,"enemies":"Nightmare","floor":48,"turns":4},{"damage":38,"enemies":"4 Shapes","floor":49,"turns":2},{"damage":75,"enemies":"DF_ARCHETYPE_ORBS","floor":50,"turns":3}],"seed_played":"3743661985387137240","potions_obtained":[{"floor":2.0,"key":"Block Potion"},{"floor":3.0,"key":"Weak Potion"},{"floor":3.0,"key":"hexamod:SoulburnPotion"},{"floor":6.0,"key":"Adrenaline Potion"},{"floor":15.0,"key":"champ:TechniquePotion"},{"floor":27.0,"key":"Fruit Juice"},{"floor":29.0,"key":"Reflective Coating"},{"floor":33.0,"key":"Swift Potion"},{"floor":34.0,"key":"SteroidPotion"},{"floor":45,"key":"LiquidBronze"}],"is_trial":false,"path_per_floor":["R","M","?","M","M","M","T","?","E","$","E","?","R","$","M","B",null,"R","M","M","$","?","R","T","?","$","M","AVR","M","?","E","M","B",null,"R","M","?","M","$","T","T","$","$","?","M","M","M","NM","M","B",null],"character_chosen":"THE_CHAMP","items_purchased":["Ginger","Potion Belt","Guide Book","expansioncontent:QuickStudy","champ:ShieldWall","champ:UltimateStancePotion","champ:ShieldWall","ReplayTheSpireMod:CursedCoin","champ:AdrenalArmor","EntropicBrew","hubris:TenFootPole","champ:PreciseThrust","champ:DeathBlow"],"campfire_rested":0,"item_purchase_floors":[14,14,14,14,14,21,21,26,26,26,39,39,42],"current_hp_per_floor":[99,99,99,99,99,99,99,99,99,99,99,99,99,99,99,99,99,99,99,99,99,99,99,99,99,99,104,104,104,104,104,104,104,109,109,109,109,109,109,109,109,109,109,109,109,109,109,92,109,94],"gold":99,"neow_bonus":"TEN_PERCENT_HP_BONUS","is_daily":false,"chose_seed":false,"campfire_upgraded":4,"win_rate":0.0,"timestamp":1613991057,"path_taken":["R","M","?","?","M","M","T","?","E","$","E","?","R","$","M","BOSS","R","M","M","$","?","R","T","?","$","M","AVR","M","?","E","M","BOSS","R","M","?","M","$","?","T","?","$","?","M","?","M","NM","M","BOSS"],"items_purchased_type":["Relic","Relic","Relic","Card","Card","Potion","Card","Relic","Card","Potion","Relic","Card","Card"],"build_version":"2020-12-22","purchased_purges":3,"victory":true,"max_hp_per_floor":[99,99,99,99,99,99,99,99,99,99,99,99,99,99,99,99,99,99,99,99,99,99,99,99,99,99,104,104,104,104,104,104,104,109,109,109,109,109,109,109,109,109,109,109,109,109,109,109,109,109],"card_choices":[{"not_picked":["champ:Haymaker","champ:FocusedBerserking"],"picked":"champ:PreciseThrust","floor":2.0},{"not_picked":["champ:GutPunch","champ:BerserkersShout"],"picked":"champ:EnGarde","floor":4.0},{"not_picked":["champ:Endure","champ:Duel"],"picked":"champ:FanOfKnives","floor":5.0},{"not_picked":["champ:HeartStrike","champ:TornadoPunch","champ:Endure"],"picked":"SKIP","floor":6.0},{"not_picked":["champ:DancingMaster","champ:EnGarde"],"picked":"champ:CrownThrow","floor":9.0},{"not_picked":["champ:RecklessLeap","champ:GutPunch","champ:PreemptiveStrike"],"picked":"SKIP","floor":10.0},{"not_picked":["champ:FanOfKnives","champ:CrownThrow"],"picked":"champ:SkillfulDodge","floor":11.0},{"not_picked":["champ:BringItOn","champ:GutPunch"],"picked":"champ:FlashCut","floor":14.0},{"not_picked":["champ:Circumvent","champ:TornadoPunch","champ:SteelEdge"],"picked":"SKIP","floor":15.0},{"not_picked":["champ:MurderStrike","champ:VampiricStrike"],"picked":"champ:UltimateStance","floor":16.0},{"not_picked":["champ:IronFortress","champ:FocusedBerserking+1"],"picked":"champ:PreciseThrust","floor":19.0},{"not_picked":["champ:BerserkersShout","champ:IronFortress"],"picked":"champ:ArenaPreparation+1","floor":20.0},{"not_picked":["infinitespire:Fortify","ReplayTheSpireMod:Chaos Vortex"],"picked":"infinitespire:Gouge","floor":25.0},{"not_picked":["champ:Backstep+1","champ:ShieldSlam","champ:HeartStrike+1"],"picked":"SKIP","floor":27.0},{"not_picked":["champ:EnGarde","champ:MurderStrike"],"picked":"champ:EnragedBash","floor":29.0},{"not_picked":["champ:BringItOn","champ:FalseCounter"],"picked":"champ:StanceDance","floor":31.0},{"not_picked":["champ:Lariat+1","champ:PreciseThrust"],"picked":"champ:FanOfKnives","floor":32.0},{"not_picked":["champ:IgnorePain","champ:Devastate"],"picked":"champ:TripleStrike","floor":33.0},{"not_picked":["champ:Shatter","champ:BringItOn"],"picked":"champ:Endure","floor":34.0},{"not_picked":["champ:Lariat+1","champ:BladeFlurry"],"picked":"champ:StanceDance+1","floor":36.0},{"not_picked":["champ:IronFortress","champ:Haymaker"],"picked":"champ:StanceDance+1","floor":38},{"not_picked":["champ:RapidStrikes","champ:Duel"],"picked":"champ:AdrenalArmor+1","floor":45},{"not_picked":["champ:EnGarde","champ:StanceDance"],"picked":"champ:PreemptiveStrike+1","floor":46},{"not_picked":["champ:Backstep","champ:Encircle+1"],"picked":"champ:EndlessRage","floor":47},{"not_picked":["champ:MurderStrike","champ:Shatter+1"],"picked":"champ:DefensiveShout","floor":48},{"not_picked":["champ:FanOfKnives+1","champ:StanceDance+1"],"picked":"champ:ArenaPreparation","floor":49}],"player_experience":61245,"relics_obtained":[{"floor":7.0,"key":"MawBank"},{"floor":9.0,"key":"reliquary:Knoch"},{"floor":11.0,"key":"reliquary:NewFriend"},{"floor":24.0,"key":"reliquary:PrincelyHelmet"},{"floor":31.0,"key":"reliquary:PartyBalloon"},{"floor":40,"key":"Lantern"},{"floor":41,"key":"infinitespire:WardingShard"},{"floor":48,"key":"reliquary:SilkGlove"}],"event_choices":[{"damage_healed":0.0,"max_hp_gain":0.0,"max_hp_loss":0.0,"gold_gain":0.0,"event_name":"Lab","player_choice":"Got Potions","floor":3.0,"gold_loss":0.0,"damage_taken":0.0}],"is_beta":false,"boss_relics":[{"not_picked":["Abe\u0027s Treasure","Coffee Dripper"],"picked":"champ:ChampionCrownUpgraded"},{"not_picked":["Cursed Key","hubris:BlackHole"],"picked":"Tiny House"}],"items_purged_floors":[26,28,39],"is_endless":false,"potions_floor_spawned":[2,6,11,15,27,29,33,36,45,47],"ascension_level":0}}