{"host":"aaqofma31c3gm2hj","time":1613980955,"event":{"mods":["BaseMod","GungeonMod","Minty Spire (QoL Compilation)","Replay The Spire","Spicy Shops","StSLib"],"gold_per_floor":[114,114,189,189,64,64,64],"floor_reached":6,"language":"ZHS","playtime":54,"items_purged":[],"score":82,"play_id":"21e15c43-fd6a-4a59-b786-6ee5928645fa","local_time":"20210222160235","daily_mods":["Shiny","Diverse","Binary"],"is_ascension_mode":false,"campfire_choices":[],"circlet_count":0,"master_deck":["DemoMod:Desperate","DemoMod:BSG","DemoMod:Eureka","DemoMod:GunslingerForm","DemoMod:FinishedGun","DemoMod:SuppressiveFire","DemoMod:Behold!","DemoMod:FullFirepower","DemoMod:DoubleVision","DemoMod:FightSabre","DemoMod:BlankBullets","DemoMod:Slinger","DemoMod:BlackHoleGun","DemoMod:ThirdPartyController","DemoMod:BalloonGun","DemoMod:DarkMarker","DemoMod:Elimentaler","DemoMod:BulletBore","DemoMod:Gungine","Brilliance","Devotion","Replay:AllIn","LessonLearned","Vault","Alpha","Establishment","Replay:LoomingThreat","DeusExMachina","Judgement","ConjureBlade","MasterReality+1","Blasphemy","Ragnarok","Scrawl","Wish","Omniscience","SpiritShield","DevaForm","Hyperbeam","Machine Learning","Buffer","Mirror Shield","Seek","Echo Form","All For One","Reboot","Fission","Core Surge","Multi-Cast","Thunder Strike","Biased Cognition","Electrodynamics","ReplayRNGCard","ReplayTheSpireMod:Omega Cannon","Rainbow","Meteor Strike","ReplayTheSpireMod:Fabricate Wheel","Amplify","Creative AI","ReplayTheSpireMod:Necrosis","Corpse Explosion","Die Die Die","Atom Bomb","ReplayTheSpireMod:From All Sides","Adrenaline","Envenom","Doppelganger","Burst","Wraith Form v2","Tools of the Trade","After Image","Poison Darts","A Thousand Cuts","Venomology","Replay:Bag of Tricks","Malaise","Phantasmal Killer","Night Terror","Unload","Bullet Time","Storm of Steel","Glass Knife","Grand Finale","Double Tap","Demon Form","Fiend Fire","Eclipse","Berserk","Impervious","Juggernaut","Brutality","Demonic Infusion","Exhume","Offering","Bludgeon","Feed+1","Replay:Many Hands","Limit Break","Corruption","Barricade","Hemogenesis","Reaper","Immolate"],"relics":["Cracked Core","ReplayTheSpireMod:Ring of Exchange","Ornamental Fan"],"acts_visited":["Exordium"],"potions_floor_usage":[],"damage_taken":[{"damage":0.0,"enemies":"2 Louse","floor":1.0,"turns":1.0},{"damage":0,"enemies":"Replay:BlueRogue","floor":6,"turns":1}],"seed_played":"-9004314451342404475","potions_obtained":[],"is_trial":false,"path_per_floor":["M","?","?","?","$","E"],"character_chosen":"DEFECT","items_purchased":["Ornamental Fan"],"campfire_rested":0,"item_purchase_floors":[5],"current_hp_per_floor":[75,60,49,49,49,49,49],"gold":64,"neow_bonus":"","is_daily":true,"chose_seed":false,"campfire_upgraded":0,"win_rate":0.0,"timestamp":1613980955,"path_taken":["M","?","?","?","$","E"],"items_purchased_type":["Relic"],"build_version":"2020-12-22","purchased_purges":0,"victory":false,"max_hp_per_floor":[75,75,75,75,75,75,75],"card_choices":[{"not_picked":["Beam Cell","Flying Knee"],"picked":"SKIP","floor":1.0}],"player_experience":690697,"relics_obtained":[{"floor":4,"key":"ReplayTheSpireMod:Ring of Exchange"}],"event_choices":[{"damage_healed":0.0,"max_hp_gain":0.0,"max_hp_loss":0.0,"gold_gain":0.0,"event_name":"Shining Light","player_choice":"Entered Light","floor":2.0,"gold_loss":0.0,"damage_taken":15.0,"cards_upgraded":["Feed","MasterReality"]},{"damage_healed":0.0,"max_hp_gain":0.0,"max_hp_loss":0.0,"gold_gain":75.0,"event_name":"World of Goop","player_choice":"Gather Gold","floor":3.0,"gold_loss":0.0,"damage_taken":11.0}],"is_beta":false,"boss_relics":[],"items_purged_floors":[],"is_endless":false,"potions_floor_spawned":[],"killed_by":"Replay:BlueRogue","ascension_level":0}}