{"host":"2haferq23ht5nrlk","time":1613996342,"event":{"mods":["ATMod(阿瑾Mod)","Act Like it!","Arknights","Aspiration","BaseMod","BetterRewards","Colored Powertips","Conspire","Dota2Spire","KomeijiMod","Lobotomy","LobotomyExtend","Minty Spire (QoL Compilation)","Quick Restart","Relic Filter Mod","Relic Stats","Reliquary","Replay The Spire","Spicy Shops","StSLib","TestMod","The Cursed","UnlockEverythingMod","【遗物卡牌】REMEMod"],"gold_per_floor":[277,28,47,47,47,76,76,87,87,87,100,100,100,110,110,214,214,224,224,184,197,213,238,39,73,100,100,134,134,134,88,88,187,187,198,42,52,52,52,84,84,84,108,408,78,58,92,92,92,92],"floor_reached":51,"language":"ZHS","playtime":2940,"items_purged":["LittlePrince"],"score":805,"play_id":"1cdcc651-4065-4693-a17d-f43c54ee9012","local_time":"20210222201902","is_ascension_mode":false,"campfire_choices":[{"data":"ats:Demon Strength","floor":10,"key":"SMITH"},{"data":"ats:Powerful Strike","floor":12,"key":"SMITH"},{"floor":15,"key":"RECALL"},{"floor":27,"key":"REST"},{"data":"Secret Weapon","floor":29,"key":"SMITH"},{"floor":32,"key":"DIG"},{"data":"ats:Flexible Camouflage","floor":41,"key":"SMITH"},{"data":"Confused","floor":49,"key":"PURGE"}],"circlet_count":0,"master_deck":["ApocalypseBird","PunishingBird","LongBird","BigBird","ats:Strike V+1","ats:Armor Crushing Shot","ats:Demon Strength+1","ats:Powerful Strike+1","GalaxyChild","ats:Ignite+1","ats:Hook Shot+1","Wellcheers","VoidDream","ats:True Silver Slash+1","ats:Powerful Strike","ats:Powerful Strike","Mercenary","ats:Blood Oath+1","OldLady","ats:Thermite Blade","Secret Weapon+1","testmod-VirtualReality","testmod-Illusory","ats:Leaping Hammer+1","BigBadWolf","ats:Leaping Hammer","ats:Flexible Camouflage+1","ats:Apocalypse","ats:Durian","ats:Song Of Battle","ats:Song Of Battle","ats:Closed Bolt Burst Fire+1","ats:Blood Oath+1","OSAHOGD","ats:Calcification","ats:Counter Healing Mode+1"],"relics":["ats:Sanity","AT_ATBox","REME_ComplimentaryCards","testmod-TestBox","CogitoBucket","LetterFromLob","AT_LudenTempest","Yang_Lob","REME_PuzzleBoxRelic","ats:Originium","Orichalcum","Bottled Tornado","MagicBullet_r","TreeSap","Dota2Spire:Bloodstone","ats:Lavender","Dota2Spire:DrumOfEndurance","Gremlin Food","Bird Faced Urn","reliquary:TuningFork","conspire:RoyalGoblet","BackwardClock","AT_SunfireAegis","Juzu Bracelet","Twilight","testmod-OneHitWonder","aspiration:HummingbirdHeart","The Courier"],"acts_visited":["Exordium","TheCity","TheBeyond"],"potions_floor_usage":[16,16,28,33,39,39,47,50,50],"damage_taken":[{"damage":1,"enemies":"Jaw Worm","floor":1,"turns":4},{"damage":0,"enemies":"2 Louse","floor":3,"turns":2},{"damage":0,"enemies":"Lagavulin","floor":6,"turns":4},{"damage":0,"enemies":"Cultist","floor":8,"turns":2},{"damage":0,"enemies":"2 Fungi Beasts","floor":11,"turns":2},{"damage":0,"enemies":"Exordium Thugs","floor":14,"turns":2},{"damage":20,"enemies":"Hexaghost","floor":16,"turns":5},{"damage":0,"enemies":"Shell Parasite","floor":18,"turns":1},{"damage":0,"enemies":"conspire:FuzzyDice","floor":21,"turns":2},{"damage":0,"enemies":"Snecko","floor":22,"turns":2},{"damage":26,"enemies":"Replay:Snechameleon","floor":23,"turns":3},{"damage":0,"enemies":"Gremlin Leader","floor":25,"turns":3},{"damage":0,"enemies":"conspire:Head Lice","floor":28,"turns":2},{"damage":33,"enemies":"Collector","floor":33,"turns":6},{"damage":46,"enemies":"3 Darklings","floor":35,"turns":4},{"damage":0,"enemies":"Orb Walker","floor":37,"turns":2},{"damage":79,"enemies":"Writhing Mass","floor":39,"turns":7},{"damage":0,"enemies":"Reptomancer","floor":40,"turns":3},{"damage":17,"enemies":"Giant Head","floor":47,"turns":4},{"damage":30,"enemies":"Replay:Hell Engine","floor":50,"turns":7}],"seed_played":"3533297415915309481","potions_obtained":[{"floor":3,"key":"Weak Potion"},{"floor":6,"key":"SpeedPotion"},{"floor":22,"key":"AttackPotion"},{"floor":28,"key":"Explosive Potion"},{"floor":33,"key":"ats:Emergency Sanity Potion"},{"floor":37,"key":"ats:Burn Big Potion"},{"floor":39,"key":"EssenceOfSteel"},{"floor":46,"key":"PowerPotion"},{"floor":47,"key":"LifebloodPotion"}],"is_trial":false,"path_per_floor":["M","$","M","?","?","E","?","M","T","R","M","R","E","M","R","B",null,"M","?","?","M","M","E","$","E","T","R","E","R","?","$","R","B",null,"M","$","M","?","M","E","R","?","T","?","$","?","E","?","R","B",null],"character_chosen":"DOCTOR_CLASS","items_purchased":["ats:Demon Strength","AT_LudenTempest","ats:Mental Burst","ReplayTheSpireMod:ShopPack","ats:Automatic Cover","ats:Apocalypse","AT_SunfireAegis","aspiration:HummingbirdHeart"],"campfire_rested":1,"item_purchase_floors":[2,2,2,24,24,31,36,45],"current_hp_per_floor":[71,71,71,64,64,64,72,72,72,72,72,72,72,72,72,55,72,72,72,72,72,72,51,51,57,57,72,72,72,72,72,72,51,72,39,39,53,53,34,46,46,46,46,46,46,46,67,67,67,43],"gold":92,"neow_bonus":"","is_daily":false,"chose_seed":false,"campfire_upgraded":4,"win_rate":0.0,"timestamp":1613996342,"path_taken":["M","$","M","?","?","E","?","M","T","R","M","R","E","M","R","BOSS","M","?","?","M","?","E","$","E","T","R","E","R","?","$","R","BOSS","M","$","M","?","M","E","R","?","T","?","?","?","E","?","R","BOSS"],"items_purchased_type":["Card","Relic","Card","Relic","Card","Card","Relic","Relic"],"build_version":"2020-12-22","purchased_purges":1,"victory":true,"max_hp_per_floor":[72,72,72,72,72,72,72,72,72,72,72,72,72,72,72,72,72,72,72,72,72,72,72,72,72,72,72,72,72,72,72,72,72,72,72,72,72,72,72,72,72,72,72,72,72,72,72,72,72,72],"relic_stats":{"counters":[22,69],"Bird Faced Urn":[32],"Juzu Bracelet":2,"Orichalcum":[156],"obtain_stats":[{"AT_ATBox":0,"conspire:RoyalGoblet":34,"Dota2Spire:DrumOfEndurance":25,"Twilight":39,"Juzu Bracelet":38,"Bottled Tornado":9,"Yang_Lob":3,"CogitoBucket":0,"TreeSap":14,"ats:Sanity":0,"Gremlin Food":26,"BackwardClock":35,"testmod-TestBox":0,"MagicBullet_r":13,"ats:Lavender":23,"Dota2Spire:Bloodstone":17,"The Courier":47,"aspiration:HummingbirdHeart":45,"Orichalcum":6,"AT_LudenTempest":2,"ats:Originium":6,"Bird Faced Urn":28,"LetterFromLob":1,"reliquary:TuningFork":32,"REME_PuzzleBoxRelic":4,"AT_SunfireAegis":36,"testmod-OneHitWonder":40,"REME_ComplimentaryCards":0,"ReplayTheSpireMod:ShopPack":24},{"AT_ATBox":0,"conspire:RoyalGoblet":15,"Dota2Spire:DrumOfEndurance":13,"Twilight":19,"Juzu Bracelet":18,"Bottled Tornado":4,"Yang_Lob":2,"CogitoBucket":0,"TreeSap":7,"ats:Sanity":0,"Gremlin Food":13,"BackwardClock":17,"testmod-TestBox":0,"MagicBullet_r":5,"ats:Lavender":12,"Dota2Spire:Bloodstone":8,"The Courier":21,"aspiration:HummingbirdHeart":20,"Orichalcum":3,"AT_LudenTempest":1,"ats:Originium":3,"Bird Faced Urn":14,"LetterFromLob":1,"reliquary:TuningFork":14,"REME_PuzzleBoxRelic":2,"AT_SunfireAegis":17,"testmod-OneHitWonder":20,"REME_ComplimentaryCards":0,"ReplayTheSpireMod:ShopPack":12},{"AT_ATBox":0,"conspire:RoyalGoblet":41,"Dota2Spire:DrumOfEndurance":33,"Twilight":55,"Juzu Bracelet":48,"Bottled Tornado":12,"Yang_Lob":6,"CogitoBucket":0,"TreeSap":17,"ats:Sanity":0,"Gremlin Food":33,"BackwardClock":46,"testmod-TestBox":0,"MagicBullet_r":14,"ats:Lavender":30,"Dota2Spire:Bloodstone":22,"The Courier":62,"aspiration:HummingbirdHeart":58,"Orichalcum":10,"AT_LudenTempest":4,"ats:Originium":10,"Bird Faced Urn":35,"LetterFromLob":4,"reliquary:TuningFork":35,"REME_PuzzleBoxRelic":6,"AT_SunfireAegis":46,"testmod-OneHitWonder":58,"REME_ComplimentaryCards":0,"ReplayTheSpireMod:ShopPack":30}]},"card_choices":[{"not_picked":["Murderer","SpiderBud"],"picked":"Yin","floor":1},{"not_picked":["ats:Charging Defense","ats:Thorns"],"picked":"ats:Mental Burst","floor":1},{"not_picked":["ats:Closed Bolt Burst Fire","ats:Revitalization"],"picked":"ats:Hammer On","floor":3},{"not_picked":["LaLuna","CherryBlossoms"],"picked":"Laetitia","floor":6},{"not_picked":["ats:Counter Healing Mode","ats:Spore Proliferation"],"picked":"ats:Directed Diagnosis","floor":6},{"not_picked":["SpiderBud","LittlePrince"],"picked":"PunishingBird","floor":8},{"not_picked":["ats:Automatic Cover","ats:Assault Order"],"picked":"ats:Powerful Strike","floor":8},{"not_picked":["Murderer","Scarecrow"],"picked":"GalaxyChild","floor":11},{"not_picked":["ats:Hammer On","ats:Neurotoxin"],"picked":"ats:Ignite","floor":11},{"not_picked":["ats:Hammer On","ats:Absolute Focus"],"picked":"ats:Hook Shot","floor":14},{"not_picked":["Murderer","UniverseFragment"],"picked":"Wellcheers","floor":14},{"not_picked":["WhitesApple","CherryBlossoms","SingingMachine"],"picked":"Singing Bowl","floor":16},{"not_picked":["BigBird","LittleHelper"],"picked":"VoidDream","floor":16},{"not_picked":["ats:Rat Pack","ats:Nebulous Foxfire"],"picked":"ats:True Silver Slash","floor":16},{"not_picked":["ats:Very Hot Blade","ats:Thorns+1"],"picked":"ats:Powerful Strike","floor":18},{"not_picked":["FairyFestival","BlackSwan"],"picked":"LongBird","floor":21},{"not_picked":["ats:Absolute Focus","ats:Shell Defense"],"picked":"ats:Powerful Strike","floor":21},{"not_picked":["UniverseFragment","BigBadWolf"],"picked":"Mercenary","floor":22},{"not_picked":["ats:Ignite","ats:Spore Proliferation"],"picked":"ats:Blood Oath+1","floor":22},{"not_picked":["UniverseFragment","QueenBee"],"picked":"OldLady","floor":23},{"not_picked":["ats:Ambush","ats:Explosion Area Strengthen"],"picked":"ats:Thermite Blade","floor":23},{"not_picked":["Midas Touch","ReplayTheSpireMod:Necrogeddon"],"picked":"Secret Weapon","floor":24},{"not_picked":["testmod-Collector","conspire:Banana"],"picked":"testmod-VirtualReality","floor":24},{"not_picked":["testmod-DeathImprint","REME_AllRoundStrike"],"picked":"testmod-Illusory","floor":24},{"not_picked":["NakedNest","Variant"],"picked":"LittlePrince","floor":25},{"not_picked":["ats:Revitalization","ats:Flame Of Heaven"],"picked":"ats:Leaping Hammer+1","floor":25},{"not_picked":["LaLuna","Woodsman"],"picked":"BigBadWolf","floor":28},{"not_picked":["ats:Disruption Kick","ats:Magnetic Hammer"],"picked":"ats:Leaping Hammer","floor":28},{"not_picked":["ats:Volcano","ats:Echo Reverb"],"picked":"ats:Durian","floor":33},{"not_picked":["ats:Support Order","ats:Poison Spread+1"],"picked":"ats:Song Of Battle","floor":35},{"not_picked":["QueenOfHatred","CherryBlossoms"],"picked":"BigBird","floor":37},{"not_picked":["ats:Apocalypse+1","ats:Consecutive Shot Auto"],"picked":"ats:Closed Bolt Burst Fire+1","floor":37},{"not_picked":["ats:Powerful Strike+1","ats:Collapsing Strike"],"picked":"ats:Blood Oath+1","floor":39},{"not_picked":["GreedKing","BodiesMountain"],"picked":"OSAHOGD","floor":40},{"not_picked":["ats:Hammer On","ats:Sword Rain+1"],"picked":"ats:Calcification","floor":40},{"not_picked":["ats:Red Shift","ats:Song Of Battle"],"picked":"ats:Counter Healing Mode+1","floor":47}],"player_experience":28162,"relics_obtained":[{"floor":1,"key":"LetterFromLob"},{"floor":6,"key":"ats:Originium"},{"floor":6,"key":"Orichalcum"},{"floor":9,"key":"Bottled Tornado"},{"floor":23,"key":"ats:Originium"},{"floor":23,"key":"ats:Lavender"},{"floor":25,"key":"ats:Originium"},{"floor":25,"key":"Dota2Spire:DrumOfEndurance"},{"floor":26,"key":"Gremlin Food"},{"floor":28,"key":"Bird Faced Urn"},{"floor":28,"key":"ats:Originium"},{"floor":32,"key":"reliquary:TuningFork"},{"floor":39,"key":"Twilight"},{"floor":40,"key":"testmod-OneHitWonder"},{"floor":47,"key":"The Courier"}],"event_choices":[{"damage_healed":0,"gold_gain":0,"player_choice":"Success","damage_taken":7,"relics_obtained":["REME_PuzzleBoxRelic"],"max_hp_gain":0,"max_hp_loss":0,"event_name":"Scrap Ooze","floor":4,"gold_loss":0},{"damage_healed":0,"gold_gain":0,"player_choice":"Leave","damage_taken":0,"max_hp_gain":0,"max_hp_loss":0,"event_name":"The Cleric","floor":5,"gold_loss":0},{"damage_healed":0,"gold_gain":0,"player_choice":"Ignored","damage_taken":0,"max_hp_gain":0,"max_hp_loss":0,"event_name":"Cursed Tome","floor":19,"gold_loss":0},{"damage_healed":0,"gold_gain":0,"player_choice":"Upgraded Two","damage_taken":0,"max_hp_gain":0,"max_hp_loss":0,"event_name":"Designer","floor":20,"gold_loss":40,"cards_upgraded":["ats:Ignite","ats:Hook Shot"]},{"damage_healed":0,"gold_gain":0,"player_choice":"1 cards matched","damage_taken":0,"max_hp_gain":0,"max_hp_loss":0,"event_name":"Match and Keep!","floor":30,"gold_loss":0,"cards_obtained":["ats:Flexible Camouflage"]},{"damage_healed":0,"gold_gain":0,"player_choice":"Swap Relic","damage_taken":0,"relics_obtained":["Juzu Bracelet"],"max_hp_gain":0,"max_hp_loss":0,"event_name":"给自己的盒子","floor":38,"relics_lost":["ReplayTheSpireMod:ShopPack"],"gold_loss":0},{"damage_healed":0,"gold_gain":0,"player_choice":"Upgraded","damage_taken":0,"max_hp_gain":0,"max_hp_loss":0,"event_name":"Upgrade Shrine","floor":42,"gold_loss":0,"cards_upgraded":["ats:True Silver Slash"]},{"damage_healed":0,"gold_gain":300,"player_choice":"Gold","damage_taken":0,"max_hp_gain":0,"max_hp_loss":0,"event_name":"Wheel of Change","floor":44,"gold_loss":0},{"damage_healed":0,"gold_gain":0,"player_choice":"Bought 1 Potion","damage_taken":0,"max_hp_gain":0,"max_hp_loss":0,"event_name":"The Woman in Blue","floor":46,"gold_loss":0}],"is_beta":false,"boss_relics":[{"not_picked":["SacredBark","reliquary:Craggleroot"],"picked":"Dota2Spire:Bloodstone"},{"not_picked":["reliquary:KinkedSpring","Replay:Ancient Bell"],"picked":"conspire:RoyalGoblet"}],"items_purged_floors":[45],"is_endless":false,"potions_floor_spawned":[3,6,11,14,22,28,33,37,39,47],"ascension_level":0}}