{"host":"tr0r177cvmpvg89h","time":1613993759,"event":{"mods":["BaseMod","Colored Map","DeckTracker","Minty Spire (QoL Compilation)","StSLib","SuperFastMode"],"gold_per_floor":[113,113,113,125,137,137,137,10,35,48,22,36,36,66,66,66,66],"floor_reached":16,"language":"KOR","playtime":676,"items_purged":["Strike_G"],"score":115,"play_id":"531b9698-6c06-4d0c-95bd-f76bdd1f1ac8","local_time":"20210222203559","is_ascension_mode":false,"campfire_choices":[{"data":"Neutralize","floor":6,"key":"SMITH"},{"data":"Footwork","floor":13,"key":"SMITH"},{"data":"Calculated Gamble","floor":15,"key":"SMITH"}],"circlet_count":0,"master_deck":["Strike_G","Strike_G","Strike_G","Strike_G","Defend_G","Defend_G","Defend_G","Defend_G","Survivor","Neutralize+1","Flying Knee","Quick Slash","All Out Attack","Footwork+1","Slice","Backflip","Dagger Throw","Calculated Gamble+1"],"relics":["Ring of the Snake","Smiling Mask","Boot","Odd Mushroom"],"acts_visited":["Exordium"],"potions_floor_usage":[10,16,16],"damage_taken":[{"damage":0,"enemies":"2 Louse","floor":1,"turns":4},{"damage":0,"enemies":"Jaw Worm","floor":4,"turns":3},{"damage":0,"enemies":"Small Slimes","floor":5,"turns":3},{"damage":5,"enemies":"Blue Slaver","floor":10,"turns":3},{"damage":11,"enemies":"3 Louse","floor":12,"turns":2},{"damage":7,"enemies":"The Mushroom Lair","floor":14,"turns":4},{"damage":56,"enemies":"Hexaghost","floor":16,"turns":14}],"seed_played":"8177336117721148158","potions_obtained":[{"floor":1,"key":"DuplicationPotion"},{"floor":5,"key":"Dexterity Potion"},{"floor":10,"key":"Fruit Juice"}],"is_trial":false,"path_per_floor":["M","?","?","M","M","R","?","$","T","M","$","M","R","?","R","B"],"character_chosen":"THE_SILENT","items_purchased":["Footwork","Backflip"],"campfire_rested":0,"item_purchase_floors":[8,11],"current_hp_per_floor":[77,70,67,67,67,67,72,72,72,72,72,61,61,54,54,0,0],"gold":66,"neow_bonus":"TEN_PERCENT_HP_BONUS","is_daily":false,"chose_seed":false,"campfire_upgraded":3,"win_rate":0.0,"timestamp":1613993759,"path_taken":["M","?","?","M","M","R","?","?","T","M","$","M","R","?","R","BOSS"],"items_purchased_type":["Card","Card"],"build_version":"2020-12-22","purchased_purges":1,"victory":false,"max_hp_per_floor":[77,77,77,77,77,77,82,82,82,87,87,87,87,87,87,87,87],"card_choices":[{"not_picked":["Flechettes","Cloak And Dagger"],"picked":"Flying Knee","floor":1},{"not_picked":["PiercingWail","Poisoned Stab"],"picked":"Quick Slash","floor":4},{"not_picked":["Flying Knee","Flechettes"],"picked":"All Out Attack","floor":5},{"not_picked":["Deflect","Bane"],"picked":"Slice","floor":10},{"not_picked":["Dodge and Roll","Distraction"],"picked":"Dagger Throw","floor":12},{"not_picked":["Skewer","Deadly Poison"],"picked":"Calculated Gamble","floor":14}],"player_experience":125059,"relics_obtained":[{"floor":9,"key":"Boot"},{"floor":14,"key":"Odd Mushroom"}],"event_choices":[{"cards_removed":["Defend_G"],"damage_healed":0,"gold_gain":0,"player_choice":"Card Removal","damage_taken":7,"max_hp_gain":0,"max_hp_loss":0,"event_name":"Golden Wing","floor":2,"gold_loss":0},{"damage_healed":0,"gold_gain":0,"player_choice":"Success","damage_taken":3,"relics_obtained":["Smiling Mask"],"max_hp_gain":0,"max_hp_loss":0,"event_name":"Scrap Ooze","floor":3,"gold_loss":0},{"damage_healed":0,"gold_gain":0,"player_choice":"Donut","damage_taken":0,"max_hp_gain":5,"max_hp_loss":0,"event_name":"Big Fish","floor":7,"gold_loss":0},{"damage_healed":0,"gold_gain":0,"player_choice":"Fought Mushrooms","damage_taken":0,"max_hp_gain":0,"max_hp_loss":0,"event_name":"Mushrooms","floor":14,"gold_loss":0}],"is_beta":false,"boss_relics":[],"items_purged_floors":[8],"is_endless":false,"potions_floor_spawned":[1,5,10],"killed_by":"Hexaghost","ascension_level":0}}