{"host":"w7o06k3e8uel8euj","time":1613985949,"event":{"mods":["AchievementEnabler","Act Like it!","BaseMod","Colored Powertips","Custom Start","DeckTracker","Keyboard Shortcuts","Minty Spire (QoL Compilation)","Quick Restart","Relic Stats","Ruina","StSLib","SuperFastMode","everything is the same but u backflip on backflip"],"gold_per_floor":[119,119,119,44,61,94,94,129,154,154,12,12,37,69,81,179,191,228,240,240],"floor_reached":19,"language":"KOR","playtime":247,"items_purged":["Defend_P"],"score":523,"play_id":"0bdd0b59-a759-440b-a675-d35a39b17c54","local_time":"20210222182549","is_ascension_mode":true,"campfire_choices":[{"data":"Eruption","floor":7.0,"key":"SMITH"},{"data":"MentalFortress","floor":15.0,"key":"SMITH"}],"circlet_count":0,"master_deck":["AscendersBane","Strike_P","Strike_P","Strike_P+1","Defend_P+1","Defend_P","Defend_P","Eruption+1","Vigilance","Conclude","MentalFortress+1","SandsOfTime","Scrawl","Adaptation"],"relics":["PureWater","NeowsBlessing","Dream Catcher","CeramicFish","Ancient Tea Set","MawBank","VioletLotus"],"acts_visited":["Exordium","TheCity"],"potions_floor_usage":[16],"damage_taken":[{"damage":0.0,"enemies":"Small Slimes","floor":1.0,"turns":1.0},{"damage":0.0,"enemies":"2 Louse","floor":5.0,"turns":1.0},{"damage":0.0,"enemies":"Gremlin Nob","floor":6.0,"turns":1.0},{"damage":12.0,"enemies":"3 Sentries","floor":8.0,"turns":3.0},{"damage":6.0,"enemies":"Gremlin Nob","floor":10.0,"turns":3.0},{"damage":30.0,"enemies":"3 Sentries","floor":13.0,"turns":4.0},{"damage":0.0,"enemies":"Cultist","floor":14.0,"turns":4.0},{"damage":0,"enemies":"Slime Boss","floor":16,"turns":5},{"damage":36,"enemies":"2 Thieves","floor":18,"turns":3},{"damage":41,"enemies":"Chosen","floor":19,"turns":5}],"seed_played":"4404980417789607091","potions_obtained":[{"floor":5.0,"key":"SmokeBomb"},{"floor":6.0,"key":"GamblersBrew"},{"floor":13.0,"key":"DuplicationPotion"}],"is_trial":false,"path_per_floor":["M","?","?","?","M","E","R","E","T","E","$","?","E","M","R","B",null,"M","M"],"character_chosen":"WATCHER","items_purchased":["MentalFortress"],"campfire_rested":0,"item_purchase_floors":[11],"current_hp_per_floor":[61,41,41,41,41,41,41,29,29,23,23,78,48,48,48,48,71,35,0,0],"gold":240,"neow_bonus":"THREE_ENEMY_KILL","is_daily":false,"chose_seed":false,"campfire_upgraded":2,"win_rate":0.0,"timestamp":1613985949,"path_taken":["M","?","?","?","M","E","R","E","T","E","$","?","E","?","R","BOSS","M","M"],"items_purchased_type":["Card"],"build_version":"2020-12-22","purchased_purges":1,"victory":false,"max_hp_per_floor":[68,68,68,68,68,68,68,68,68,68,68,78,78,78,78,78,78,78,78,78],"relic_stats":{"Dream Catcher":0,"counters":[10,30],"CeramicFish":45,"VioletLotus":[1],"MawBank":72,"obtain_stats":[{"Dream Catcher":6,"NeowsBlessing":0,"CeramicFish":8,"VioletLotus":17,"PureWater":0,"Ancient Tea Set":9,"MawBank":13},{"Dream Catcher":3,"NeowsBlessing":0,"CeramicFish":4,"VioletLotus":8,"PureWater":0,"Ancient Tea Set":4,"MawBank":6},{"Dream Catcher":3,"NeowsBlessing":0,"CeramicFish":6,"VioletLotus":22,"PureWater":0,"Ancient Tea Set":6,"MawBank":13}]},"card_choices":[{"not_picked":["BowlingBash","FlyingSleeves","EmptyMind"],"picked":"SKIP","floor":1.0},{"not_picked":["Halt","Prostrate"],"picked":"Conclude","floor":5.0},{"not_picked":["PathToVictory","Protect","Prostrate"],"picked":"SKIP","floor":6.0},{"not_picked":["FlurryOfBlows","Pray"],"picked":"Alpha","floor":8.0},{"not_picked":["Meditate","Protect","SashWhip"],"picked":"SKIP","floor":13.0},{"not_picked":["SignatureMove","EmptyBody"],"picked":"SandsOfTime","floor":14.0},{"not_picked":["Establishment","Judgement"],"picked":"Scrawl","floor":16},{"not_picked":["Tantrum","CrushJoints"],"picked":"Adaptation","floor":18}],"player_experience":533921,"relics_obtained":[{"floor":6.0,"key":"Dream Catcher"},{"floor":8.0,"key":"CeramicFish"},{"floor":9.0,"key":"Ancient Tea Set"},{"floor":13.0,"key":"MawBank"}],"event_choices":[{"damage_healed":0.0,"max_hp_gain":0.0,"max_hp_loss":0.0,"gold_gain":0.0,"event_name":"Shining Light","player_choice":"Entered Light","floor":2.0,"gold_loss":0.0,"damage_taken":20.0,"cards_upgraded":["Defend_P","Strike_P"]},{"damage_healed":0.0,"max_hp_gain":0.0,"max_hp_loss":0.0,"gold_gain":0.0,"event_name":"Liars Game","player_choice":"Ignored","floor":3.0,"gold_loss":0.0,"damage_taken":0.0},{"cards_removed":["Strike_P"],"damage_healed":0.0,"max_hp_gain":0.0,"max_hp_loss":0.0,"gold_gain":0.0,"event_name":"The Cleric","player_choice":"Card Removal","floor":4.0,"gold_loss":75.0,"damage_taken":0.0},{"cards_removed":["Alpha"],"damage_healed":45.0,"max_hp_gain":10.0,"max_hp_loss":0.0,"gold_gain":0.0,"event_name":"Bonfire Elementals","player_choice":"Offered Rare","floor":12.0,"gold_loss":0.0,"damage_taken":0.0}],"is_beta":false,"boss_relics":[{"not_picked":["SacredBark","Coffee Dripper"],"picked":"VioletLotus"}],"items_purged_floors":[11],"is_endless":false,"potions_floor_spawned":[5,6,13,14],"killed_by":"Chosen","ascension_level":19}}