{"host":"hv7yb09uheo1d113","time":1613969463,"event":{"mods":["BaseMod","Better Altar","Better Note","Colored Map","Colored Powertips","GifTheSpireLib","Minty Spire (QoL Compilation)","Reworked Bosses","Shop Mod","StSLib","Synergy Search","TheBandit"],"gold_per_floor":[112,130,55,67,85,116,129,163,213,213,240,340,71,83,83,160,160,172,191,208,220,9,35,35,35,89,115,33,44,144,174,174,251,251,266,87,134,144,161,187,201,201,201,201,220,254,254,289,289,289,289,289,289,1,26,26,26,26],"floor_reached":56,"language":"ENG","playtime":9540,"items_purged":["wariomod:Strike","wariomod:f"],"score":2214,"play_id":"b20560e3-7278-4170-b784-bc40782c6a72","local_time":"20210221225103","is_ascension_mode":true,"campfire_choices":[{"data":"wariomod:DoubleDash","floor":10.0,"key":"SMITH"},{"data":"wariomod:DisarmingMoves","floor":15.0,"key":"SMITH"},{"floor":25.0,"key":"REST"},{"data":"wariomod:KeyFinisher","floor":32.0,"key":"SMITH"},{"floor":42.0,"key":"RECALL"},{"floor":44.0,"key":"REST"},{"data":"wariomod:GodlyGift","floor":49.0,"key":"SMITH"},{"data":"wariomod:GreaterGuard","floor":53.0,"key":"SMITH"}],"circlet_count":0,"master_deck":["AscendersBane","wariomod:Strike","wariomod:Strike","wariomod:Defend","wariomod:Defend","wariomod:Defend","wariomod:Defend","wariomod:Step","wariomod:Leap","wariomod:Leapslam","wariomod:DisarmingMoves+1","wariomod:VeryLongJump","wariomod:DoubleDash+1","wariomod:SimpleShield","wariomod:KeyFinisher+1","CurseOfTheBell","wariomod:SmallSprint","wariomod:HappyHit+1","wariomod:RacingSpeed","wariomod:GodlyGift+1","wariomod:RacingSpeed","wariomod:SimpleShield","wariomod:TreasureDig+1","wariomod:GreaterGuard+1","wariomod:Immortalize","wariomod:RacingSpeed","wariomod:GoAgain+1","wariomod:DoubleDash+1","wariomod:TheGrandJourney+1","wariomod:HappyHop+1","wariomod:GodlyGift+1","Thinking Ahead+1","wariomod:Smackflip+1"],"relics":["wariomod:TheHat","NeowsBlessing","FossilizedHelix","Centennial Puzzle","Vajra","Odd Mushroom","Regal Pillow","Calling Bell","Potion Belt","Singing Bowl","Prayer Wheel","Membership Card","HornCleat","Bronze Scales","Happy Flower","Ice Cream","Toxic Egg 2","TungstenRod","Busted Crown","Cauldron","Turnip","Bag of Preparation","Bottled Flame","Girya","Bottled Lightning","Bag of Marbles","Medical Kit","Mummified Hand"],"acts_visited":["Exordium","TheCity","TheBeyond","TheEnding"],"potions_floor_usage":[56,56],"damage_taken":[{"damage":0.0,"enemies":"Small Slimes","floor":1.0,"turns":1.0},{"damage":0.0,"enemies":"Jaw Worm","floor":2.0,"turns":1.0},{"damage":0.0,"enemies":"2 Louse","floor":4.0,"turns":1.0},{"damage":0.0,"enemies":"Gremlin Gang","floor":5.0,"turns":1.0},{"damage":1.0,"enemies":"Gremlin Nob","floor":6.0,"turns":3.0},{"damage":0.0,"enemies":"Large Slime","floor":7.0,"turns":4.0},{"damage":15.0,"enemies":"3 Sentries","floor":8.0,"turns":6.0},{"damage":0.0,"enemies":"The Mushroom Lair","floor":11.0,"turns":2.0},{"damage":0.0,"enemies":"Red Slaver","floor":14.0,"turns":2.0},{"damage":26.0,"enemies":"Hexaghost","floor":16.0,"turns":9.0},{"damage":0.0,"enemies":"Shell Parasite","floor":18.0,"turns":4.0},{"damage":11.0,"enemies":"2 Thieves","floor":19.0,"turns":3.0},{"damage":16.0,"enemies":"Snecko","floor":20.0,"turns":7.0},{"damage":0.0,"enemies":"Centurion and Healer","floor":21.0,"turns":7.0},{"damage":7.0,"enemies":"Slavers","floor":23.0,"turns":5.0},{"damage":16.0,"enemies":"Book of Stabbing","floor":27.0,"turns":6.0},{"damage":0.0,"enemies":"3 Cultists","floor":29.0,"turns":2.0},{"damage":1.0,"enemies":"Colosseum Slavers","floor":30.0,"turns":3.0},{"damage":0.0,"enemies":"Colosseum Nobs","floor":30.0,"turns":5.0},{"damage":15.0,"enemies":"Slavers","floor":31.0,"turns":4.0},{"damage":0.0,"enemies":"Automaton","floor":33.0,"turns":7.0},{"damage":12.0,"enemies":"3 Darklings","floor":35.0,"turns":3.0},{"damage":14.0,"enemies":"2 Orb Walkers","floor":37.0,"turns":4.0},{"damage":0.0,"enemies":"3 Shapes","floor":38.0,"turns":4.0},{"damage":0.0,"enemies":"Jaw Worm Horde","floor":39.0,"turns":1.0},{"damage":8.0,"enemies":"Reptomancer","floor":40.0,"turns":5.0},{"damage":0.0,"enemies":"Maw","floor":41.0,"turns":6.0},{"damage":8.0,"enemies":"4 Shapes","floor":45.0,"turns":3.0},{"damage":0.0,"enemies":"Giant Head","floor":46.0,"turns":7.0},{"damage":12.0,"enemies":"Nemesis","floor":48.0,"turns":5.0},{"damage":8.0,"enemies":"bossMod:newShapes","floor":50.0,"turns":6.0},{"damage":6.0,"enemies":"Time Eater","floor":51.0,"turns":10.0},{"damage":59.0,"enemies":"Shield and Spear","floor":55.0,"turns":8.0},{"damage":39,"enemies":"The Heart","floor":56,"turns":3}],"seed_played":"183761797135086855","potions_obtained":[{"floor":4.0,"key":"Explosive Potion"},{"floor":5.0,"key":"DistilledChaos"},{"floor":6.0,"key":"DistilledChaos"},{"floor":11.0,"key":"SteroidPotion"},{"floor":14.0,"key":"ColorlessPotion"},{"floor":18.0,"key":"DuplicationPotion"},{"floor":20.0,"key":"Weak Potion"},{"floor":21.0,"key":"Energy Potion"},{"floor":29.0,"key":"AttackPotion"},{"floor":31.0,"key":"BlessingOfTheForge"},{"floor":35.0,"key":"PowerPotion"},{"floor":36.0,"key":"Block Potion"},{"floor":36.0,"key":"LiquidBronze"},{"floor":41.0,"key":"Strength Potion"},{"floor":45.0,"key":"SteroidPotion"},{"floor":48.0,"key":"SkillPotion"}],"is_trial":false,"path_per_floor":["M","M","?","M","M","E","M","E","T","R","?","?","$","M","R","B",null,"M","M","M","M","$","E","?","R","T","E","$","M","?","E","R","B",null,"M","$","?","M","M","E","M","R","T","R","M","E","?","E","R","B","B",null,"R","$","E","B"],"character_chosen":"THE_BANDIT","items_purchased":["Regal Pillow","wariomod:SimpleShield","Membership Card","wariomod:RacingSpeed","wariomod:SimpleShield","Happy Flower","Cauldron","DuplicationPotion","Bag of Marbles","Thinking Ahead+1","Medical Kit","Block Potion"],"campfire_rested":2,"item_purchase_floors":[13,13,22,22,22,28,36,36,54,54,54,54],"current_hp_per_floor":[65,65,65,65,65,64,64,49,49,49,49,49,49,49,49,23,60,62,53,39,41,41,34,34,73,73,59,59,61,60,47,47,47,76,68,68,56,58,60,52,54,54,54,98,94,96,96,86,86,78,72,94,94,94,35,0,0,0],"gold":26,"neow_bonus":"THREE_ENEMY_KILL","is_daily":false,"chose_seed":false,"campfire_upgraded":5,"win_rate":0.0,"timestamp":1613969463,"path_taken":["M","M","?","M","M","E","M","E","T","R","?","?","$","M","R","BOSS","M","M","?","M","$","E","?","R","T","E","$","?","?","E","R","BOSS","M","$","?","M","M","E","M","R","T","R","M","E","?","E","R","BOSS","BOSS","R","$","E","BOSS"],"items_purchased_type":["Relic","Card","Relic","Card","Card","Relic","Relic","Potion","Relic","Card","Relic","Potion"],"build_version":"2020-12-22","purchased_purges":2,"victory":false,"max_hp_per_floor":[72,72,72,72,72,72,72,72,72,72,72,72,72,72,72,72,72,74,76,78,80,80,80,80,80,80,82,82,84,84,86,86,86,86,90,90,92,94,96,96,98,98,98,98,102,104,99,101,101,101,101,101,101,101,101,101,101,101],"card_choices":[{"not_picked":["wariomod:ThatsNotAll","wariomod:BodyBlock"],"picked":"wariomod:Leapslam","floor":1.0},{"not_picked":["wariomod:ChargeForth","wariomod:Leapslam"],"picked":"wariomod:Bomblaster","floor":2.0},{"not_picked":["wariomod:DonateDraw","wariomod:DiceyMove"],"picked":"wariomod:DisarmingMoves","floor":4.0},{"not_picked":["wariomod:DamnedStrength","wariomod:SmallSprint"],"picked":"wariomod:f","floor":5.0},{"not_picked":["wariomod:HappyHop","wariomod:DamnedStrength"],"picked":"wariomod:VeryLongJump","floor":6.0},{"not_picked":["wariomod:ThatsNotAll","wariomod:BoomBoom"],"picked":"wariomod:DoubleDash","floor":7.0},{"not_picked":["wariomod:SpaceSwap","wariomod:HastyRush","wariomod:EmptyMind"],"picked":"SKIP","floor":8.0},{"not_picked":["wariomod:Leapslam","wariomod:CursedSpaces","wariomod:Bombshield"],"picked":"SKIP","floor":14.0},{"not_picked":["wariomod:WipeClean","wariomod:ForbiddenMagic"],"picked":"wariomod:KeyFinisher","floor":16.0},{"not_picked":["wariomod:Bombtime+1","wariomod:BodyBlock","wariomod:DoubleDash"],"picked":"Singing Bowl","floor":18.0},{"not_picked":["wariomod:Hopshield","wariomod:SpikeSlash"],"picked":"wariomod:SmallSprint","floor":18.0},{"not_picked":["wariomod:TrekTime","wariomod:AwfulLook"],"picked":"wariomod:HappyHit+1","floor":19.0},{"not_picked":["wariomod:ForbiddenMagic","wariomod:DanceDash","wariomod:BoomBoom+1"],"picked":"Singing Bowl","floor":19.0},{"not_picked":["wariomod:BlastDash","wariomod:SimpleShield"],"picked":"wariomod:RacingSpeed","floor":20.0},{"not_picked":["wariomod:BoomBoom","wariomod:ThatsNotAll","wariomod:GreaterGuard"],"picked":"Singing Bowl","floor":20.0},{"not_picked":["wariomod:HappyHit","wariomod:DoubleDash"],"picked":"wariomod:GodlyGift","floor":21.0},{"not_picked":["wariomod:BlastDash","wariomod:AwfulLook","wariomod:HappyHit"],"picked":"Singing Bowl","floor":21.0},{"not_picked":["wariomod:Smackflip","wariomod:Bombtime"],"picked":"wariomod:TreasureDig+1","floor":23.0},{"not_picked":["wariomod:BlastDash","wariomod:BoomBoom","wariomod:ThatsNotAll+1"],"picked":"Singing Bowl","floor":27.0},{"not_picked":["wariomod:DoubleDash","wariomod:ImFeelingLucky"],"picked":"wariomod:Immortalize","floor":29.0},{"not_picked":["wariomod:DropBash","wariomod:Leapslam","wariomod:Hopshield"],"picked":"Singing Bowl","floor":29.0},{"not_picked":["wariomod:SmackSlam","wariomod:WipeClean+1"],"picked":"wariomod:RacingSpeed","floor":30.0},{"not_picked":["wariomod:DoubleDip","wariomod:DisarmingMoves+1","wariomod:SimpleShield+1"],"picked":"Singing Bowl","floor":31.0},{"not_picked":["wariomod:DeadlyDash","wariomod:KeyFinisher"],"picked":"wariomod:GoAgain+1","floor":33.0},{"not_picked":["wariomod:SmackSlam"],"picked":"Singing Bowl","floor":35.0},{"not_picked":["wariomod:HappyHit"],"picked":"Singing Bowl","floor":35.0},{"not_picked":["wariomod:Bombshield+1"],"picked":"Singing Bowl","floor":37.0},{"not_picked":["wariomod:SmackSlam"],"picked":"Singing Bowl","floor":38.0},{"not_picked":[],"picked":"wariomod:DoubleDash+1","floor":38.0},{"not_picked":["wariomod:HastyRush+1"],"picked":"Singing Bowl","floor":39.0},{"not_picked":[],"picked":"wariomod:TheGrandJourney+1","floor":39.0},{"not_picked":[],"picked":"wariomod:HappyHop+1","floor":40.0},{"not_picked":[],"picked":"wariomod:GodlyGift+1","floor":41.0},{"not_picked":["wariomod:DamnedStrength+1"],"picked":"Singing Bowl","floor":41.0},{"not_picked":["wariomod:TempestBlasts"],"picked":"Singing Bowl","floor":45.0},{"not_picked":["wariomod:Game+1"],"picked":"Singing Bowl","floor":45.0},{"not_picked":["wariomod:DoubleDip+1"],"picked":"Singing Bowl","floor":46.0},{"not_picked":["wariomod:SpikeSlash+1"],"picked":"Singing Bowl","floor":48.0},{"not_picked":[],"picked":"wariomod:Smackflip+1","floor":55.0}],"player_experience":237262,"relics_obtained":[{"floor":6.0,"key":"FossilizedHelix"},{"floor":8.0,"key":"Centennial Puzzle"},{"floor":9.0,"key":"Vajra"},{"floor":11.0,"key":"Odd Mushroom"},{"floor":17.0,"key":"Potion Belt"},{"floor":17.0,"key":"Singing Bowl"},{"floor":17.0,"key":"Prayer Wheel"},{"floor":23.0,"key":"HornCleat"},{"floor":27.0,"key":"Bronze Scales"},{"floor":30.0,"key":"Ice Cream"},{"floor":30.0,"key":"Toxic Egg 2"},{"floor":31.0,"key":"TungstenRod"},{"floor":37.0,"key":"Turnip"},{"floor":40.0,"key":"Bag of Preparation"},{"floor":43.0,"key":"Bottled Flame"},{"floor":46.0,"key":"Girya"},{"floor":48.0,"key":"Bottled Lightning"},{"floor":55.0,"key":"Mummified Hand"}],"event_choices":[{"cards_removed":["wariomod:Strike"],"damage_healed":0.0,"max_hp_gain":0.0,"max_hp_loss":0.0,"gold_gain":0.0,"event_name":"The Cleric","player_choice":"Card Removal","floor":3.0,"gold_loss":75.0,"damage_taken":0.0},{"damage_healed":0.0,"max_hp_gain":0.0,"max_hp_loss":0.0,"gold_gain":0.0,"event_name":"Mushrooms","player_choice":"Fought Mushrooms","floor":11.0,"gold_loss":0.0,"damage_taken":0.0},{"damage_healed":0.0,"max_hp_gain":0.0,"max_hp_loss":0.0,"gold_gain":100.0,"event_name":"Wheel of Change","player_choice":"Gold","floor":12.0,"gold_loss":0.0,"damage_taken":0.0},{"damage_healed":0.0,"max_hp_gain":0.0,"max_hp_loss":0.0,"gold_gain":0.0,"cards_transformed":["wariomod:Bomblaster"],"event_name":"Transmorgrifier","player_choice":"Transformed","floor":24.0,"gold_loss":0.0,"damage_taken":0.0,"cards_obtained":["wariomod:GreaterGuard"]},{"damage_healed":0.0,"max_hp_gain":0.0,"max_hp_loss":0.0,"gold_gain":0.0,"event_name":"Colosseum","player_choice":"Fight","floor":30.0,"gold_loss":0.0,"damage_taken":0.0},{"damage_healed":0.0,"max_hp_gain":0.0,"max_hp_loss":0.0,"gold_gain":0.0,"event_name":"Colosseum","player_choice":"Fought Nobs","floor":30.0,"gold_loss":0.0,"damage_taken":0.0},{"damage_healed":0.0,"max_hp_gain":0.0,"max_hp_loss":0.0,"gold_gain":0.0,"event_name":"Mysterious Sphere","player_choice":"Fight","floor":37.0,"gold_loss":0.0,"damage_taken":0.0},{"damage_healed":0.0,"max_hp_gain":0.0,"max_hp_loss":5.0,"gold_gain":0.0,"event_name":"Winding Halls","player_choice":"Max HP","floor":47.0,"gold_loss":0.0,"damage_taken":0.0}],"is_beta":false,"boss_relics":[{"not_picked":["SacredBark","Astrolabe"],"picked":"Calling Bell"},{"not_picked":["Black Star","Philosopher\u0027s Stone"],"picked":"Busted Crown"}],"items_purged_floors":[13,36],"is_endless":false,"potions_floor_spawned":[4,5,6,11,14,18,20,21,29,31,35,41,45,46,48],"killed_by":"The Heart","ascension_level":20}}