{"host":"mg6qqnp83j5r6p2r","time":1613968647,"event":{"mods":["Alarm Clock","BaseMod","Block Reminder","Colored Map","Colored Powertips","Dark Map","Highlight Path","Minty Spire (QoL Compilation)","Random Character Button","Rare Cards Sparkle","Relic Sorter","Relic Stats","StSLib"],"gold_per_floor":[117,129,148,158,108,108,142,142,142,154,165,195,195,195,195,195,195],"floor_reached":16,"language":"ENG","playtime":626,"items_purged":[],"score":134,"play_id":"d354d76b-3512-43d6-9992-b277fe81d414","local_time":"20210221223727","is_ascension_mode":true,"campfire_choices":[{"data":"Neutralize","floor":6.0,"key":"SMITH"},{"data":"Backflip","floor":8.0,"key":"SMITH"},{"floor":13.0,"key":"REST"},{"floor":15.0,"key":"RECALL"}],"circlet_count":0,"master_deck":["Strike_G","Strike_G","Strike_G","Strike_G","Defend_G","Defend_G","Defend_G","Defend_G","Defend_G","Survivor","Neutralize+1","Flying Knee","Backflip+1","PiercingWail","Footwork","Dash","Dash"],"relics":["Ring of the Snake","PreservedInsect","Boot","Sundial","Unceasing Top"],"acts_visited":["Exordium"],"potions_floor_usage":[16],"damage_taken":[{"damage":0.0,"enemies":"2 Louse","floor":1.0,"turns":2.0},{"damage":0.0,"enemies":"Cultist","floor":2.0,"turns":4.0},{"damage":3.0,"enemies":"Small Slimes","floor":3.0,"turns":4.0},{"damage":8.0,"enemies":"Looter","floor":4.0,"turns":4.0},{"damage":20.0,"enemies":"Lagavulin","floor":7.0,"turns":7.0},{"damage":5.0,"enemies":"Gremlin Gang","floor":10.0,"turns":7.0},{"damage":0.0,"enemies":"Exordium Wildlife","floor":11.0,"turns":5.0},{"damage":12.0,"enemies":"Gremlin Nob","floor":12.0,"turns":5.0},{"damage":45,"enemies":"Slime Boss","floor":16,"turns":16}],"seed_played":"2099647031651302761","potions_obtained":[{"floor":1.0,"key":"FearPotion"},{"floor":10.0,"key":"Strength Potion"},{"floor":11.0,"key":"LiquidBronze"}],"is_trial":false,"path_per_floor":["M","M","M","M","?","R","E","R","T","M","M","E","R","?","R","B"],"character_chosen":"THE_SILENT","items_purchased":[],"campfire_rested":1,"item_purchase_floors":[],"current_hp_per_floor":[70,70,67,59,59,59,39,39,39,34,34,22,43,43,43,0,0],"gold":195,"neow_bonus":"RANDOM_COMMON_RELIC","is_daily":false,"chose_seed":false,"campfire_upgraded":2,"win_rate":0.0,"timestamp":1613968647,"path_taken":["M","M","M","M","?","R","E","R","T","M","M","E","R","?","R","BOSS"],"items_purchased_type":[],"build_version":"2020-12-22","purchased_purges":0,"victory":false,"max_hp_per_floor":[70,70,70,70,70,70,70,70,70,70,70,70,70,70,70,70,70],"relic_stats":{"counters":[9,54],"Sundial":[6],"PreservedInsect":49,"Boot":[10],"obtain_stats":[{"Sundial":9,"PreservedInsect":0,"Boot":7,"Unceasing Top":12,"Ring of the Snake":0},{"Sundial":5,"PreservedInsect":0,"Boot":5,"Unceasing Top":8,"Ring of the Snake":0},{"Sundial":21,"PreservedInsect":0,"Boot":21,"Unceasing Top":38,"Ring of the Snake":0}],"Unceasing Top":[2],"Ring of the Snake":[18]},"card_choices":[{"not_picked":["Catalyst","Skewer"],"picked":"Flying Knee","floor":1.0},{"not_picked":["Underhanded Strike","Slice"],"picked":"Backflip","floor":2.0},{"not_picked":["Blur","Deadly Poison"],"picked":"PiercingWail","floor":3.0},{"not_picked":["Distraction","Riddle With Holes","Dagger Throw"],"picked":"SKIP","floor":4.0},{"not_picked":["Deflect","Distraction"],"picked":"Footwork","floor":7.0},{"not_picked":["Well Laid Plans","Terror"],"picked":"Dash","floor":10.0},{"not_picked":["Outmaneuver","Heel Hook","Bane"],"picked":"SKIP","floor":11.0},{"not_picked":["Storm of Steel","Blade Dance"],"picked":"Dash","floor":12.0}],"player_experience":263894,"relics_obtained":[{"floor":7.0,"key":"Boot"},{"floor":9.0,"key":"Sundial"},{"floor":12.0,"key":"Unceasing Top"}],"event_choices":[{"cards_removed":["Strike_G"],"damage_healed":0.0,"max_hp_gain":0.0,"max_hp_loss":0.0,"gold_gain":0.0,"event_name":"The Cleric","player_choice":"Card Removal","floor":5.0,"gold_loss":50.0,"damage_taken":0.0},{"damage_healed":0.0,"max_hp_gain":0.0,"max_hp_loss":0.0,"gold_gain":0.0,"event_name":"Liars Game","player_choice":"Ignored","floor":14.0,"gold_loss":0.0,"damage_taken":0.0}],"is_beta":false,"boss_relics":[],"items_purged_floors":[],"is_endless":false,"potions_floor_spawned":[1,10,11],"killed_by":"Slime Boss","ascension_level":4}}