{"host":"xo0glkmxta74xh34","time":1613967870,"event":{"mods":["BaseMod","Downfall","Minty Spire (QoL Compilation)","Reliquary","Replay The Spire","StSLib"],"gold_per_floor":[99,110,20,120,270,281,281,281,301,318,203,203,203,231,249,354,354,354,354,354,354,354,23,46,46,79,89,106,141,154,168,179,283,283,283,298,490,321,336,364,364,375,19,19,30,47,47,57,57,57],"floor_reached":51,"language":"ENG","playtime":3552,"items_purged":["Languid","Pain","downfall:Icky"],"score":1154,"play_id":"7848fd8e-dd60-4039-8c2b-526705aaf618","local_time":"20210221222430","is_ascension_mode":true,"campfire_choices":[{"data":"Guardian:StasisStrike","floor":12.0,"key":"SMITH"},{"data":"Guardian:BronzeOrb","floor":18.0,"key":"SMITH"},{"floor":25,"key":"REST"},{"data":"Guardian:FuturePlans","floor":35,"key":"SMITH"},{"floor":47,"key":"REST"}],"circlet_count":1,"master_deck":["AscendersBane","Guardian:Strike_Guardian","Guardian:Defend_Guardian","Guardian:Defend_Guardian","Guardian:Defend_Guardian","Guardian:Defend_Guardian","Guardian:CurlUp","Guardian:ShieldCharger","Guardian:PiercingHide","Guardian:BronzeOrb+1","Guardian:StasisStrike+1","Guardian:ExploitGems","Guardian:FuturePlans+1","The Bomb+1","Specialist","The Bomb+1","Guardian:BronzeOrb","Guardian:AncientConstruct","Guardian:Gem_Cyan","Guardian:TimeBomb+1","Guardian:SpikerProtocol","Guardian:SphericShield","Guardian:ConstructionForm","Guardian:Repulse+1","Guardian:HyperBeam_Guardian","Guardian:SpikerProtocol+1","Guardian:Gem_Green","expansioncontent:StudyTheSpire","Guardian:TemporalStrike+1","Guardian:DecasProtection+1","Guardian:Orbwalk"],"relics":["Guardian:ModeShifter","Circlet","Meat on the Bone","WarpedTongs","Tiny Chest","SlaversCollar","sneckomod:BabySnecko","Replay:Accelerometer","ReplayTheSpireMod:ShopPack","Omamori","MealTicket","reliquary:FeatherDuster","Snecko Eye","Strawberry","Replay:Bottled Eggs","Pear","Guardian:PocketSentry","Replay:PocketPolymizer"],"acts_visited":["Exordium","TheCity","TheBeyond"],"potions_floor_usage":[29,30,32,33,33,39,40,49,50,50],"damage_taken":[{"damage":0.0,"enemies":"2 Louse","floor":2.0,"turns":5.0},{"damage":0.0,"enemies":"downfall:FleeingMerchant","floor":3.0,"turns":4.0},{"damage":2.0,"enemies":"Jaw Worm","floor":6.0,"turns":7.0},{"damage":4.0,"enemies":"Cultist","floor":9.0,"turns":5.0},{"damage":6.0,"enemies":"downfall:LooterAlt","floor":10.0,"turns":5.0},{"damage":4.0,"enemies":"downfall:FleeingMerchant","floor":11.0,"turns":4.0},{"damage":11.0,"enemies":"3 Sentries","floor":14.0,"turns":7.0},{"damage":0.0,"enemies":"2 Fungi Beasts","floor":15.0,"turns":4.0},{"damage":70.0,"enemies":"DF_ARCHETYPE_STREAMLINE","floor":16.0,"turns":15.0},{"damage":15,"enemies":"downfall:FleeingMerchant","floor":23,"turns":4},{"damage":36,"enemies":"Gremlin Leader","floor":26,"turns":6},{"damage":0,"enemies":"Spheric Guardian","floor":27,"turns":4},{"damage":0,"enemies":"Chosen","floor":28,"turns":4},{"damage":3,"enemies":"Book of Stabbing","floor":29,"turns":4},{"damage":11,"enemies":"Snake Plant","floor":30,"turns":5},{"damage":16,"enemies":"Chosen and Byrds","floor":31,"turns":5},{"damage":20,"enemies":"3 Cultists","floor":32,"turns":5},{"damage":0,"enemies":"WA_ARCHETYPE_CALM","floor":33,"turns":8},{"damage":0,"enemies":"3 Shapes","floor":36,"turns":3},{"damage":0,"enemies":"downfall:FleeingMerchant","floor":38,"turns":4},{"damage":0,"enemies":"Orb Walker","floor":39,"turns":5},{"damage":57,"enemies":"Giant Head","floor":40,"turns":10},{"damage":22,"enemies":"Maw","floor":42,"turns":6},{"damage":0,"enemies":"downfall:FleeingMerchant","floor":43,"turns":4},{"damage":0,"enemies":"3 Darklings","floor":45,"turns":5},{"damage":2,"enemies":"Sphere and 2 Shapes","floor":46,"turns":5},{"damage":1,"enemies":"4 Shapes","floor":48,"turns":3},{"damage":0,"enemies":"Writhing Mass","floor":49,"turns":1},{"damage":50,"enemies":"IC_BLOCK_ARCHETYPE","floor":50,"turns":11}],"seed_played":"-7258510274393822459","potions_obtained":[{"floor":6.0,"key":"Venom Potion"},{"floor":10.0,"key":"Explosive Potion"},{"floor":14.0,"key":"Elixir"},{"floor":15.0,"key":"FairyPotion"},{"floor":16.0,"key":"SpeedPotion"},{"floor":27,"key":"LiquidBronze"},{"floor":29,"key":"Languid Potion"},{"floor":30,"key":"sneckomod:MuddlingPotion"},{"floor":31,"key":"Guardian:BlockOnCardUsePotion"},{"floor":33,"key":"Toxic Potion"},{"floor":36,"key":"PowerPotion"},{"floor":39,"key":"Fruit Juice"},{"floor":45,"key":"SkillPotion"},{"floor":46,"key":"SmokeBomb"}],"is_trial":false,"path_per_floor":["R","M","$","?","?","M","T","?","M","M","$","R","?","E","M","B",null,"R","?","?","?","T","$","T","R","E","M","M","E","M","M","M","B",null,"R","M","?","$","M","E","T","M","$","T","M","M","R","M","M","B",null],"character_chosen":"GUARDIAN","items_purchased":["ReplayTheSpireMod:ShopPack","Guardian:BronzeOrb","Strawberry","Guardian:PocketSentry","expansioncontent:StudyTheSpire"],"campfire_rested":2,"item_purchase_floors":[23,23,38,43,43],"current_hp_per_floor":[72,80,80,80,80,78,78,78,74,68,64,64,64,68,68,36,69,69,69,69,69,69,54,54,78,42,42,42,51,52,48,40,52,73,73,73,73,87,92,47,57,47,62,62,62,60,90,89,89,51],"gold":57,"neow_bonus":"ONE_RARE_RELIC","is_daily":false,"chose_seed":false,"campfire_upgraded":3,"win_rate":0.0,"timestamp":1613967870,"path_taken":["R","M","$","?","?","M","T","?","?","M","$","R","?","E","M","BOSS","R","?","?","?","?","$","T","R","E","?","M","E","M","M","M","BOSS","R","M","?","$","?","E","T","M","$","?","M","M","R","M","M","BOSS"],"items_purchased_type":["Relic","Card","Relic","Relic","Card"],"build_version":"2020-12-22","purchased_purges":3,"victory":true,"max_hp_per_floor":[80,80,80,80,80,80,80,80,80,80,80,80,80,80,80,80,80,80,80,80,80,80,80,80,80,80,80,80,80,80,80,80,80,80,80,80,80,87,92,92,102,102,102,102,102,102,102,102,102,102],"card_choices":[{"not_picked":["Guardian:Incinerate","Guardian:RollAttack"],"picked":"Guardian:PiercingHide","floor":2.0},{"not_picked":["Guardian:PiercingHide","Guardian:Gem_Red"],"picked":"Guardian:Gem_Green","floor":3.0},{"not_picked":["Guardian:Gem_Cyan","Guardian:Suspension"],"picked":"Guardian:PrimingBeam","floor":6.0},{"not_picked":["Guardian:PrimingBeam","Guardian:ChargeCore","Guardian:ShieldCharger"],"picked":"SKIP","floor":9.0},{"not_picked":["Guardian:ShieldCharger","Guardian:PrimingBeam"],"picked":"Guardian:BronzeOrb","floor":10.0},{"not_picked":["Guardian:EvasiveProtocol","Guardian:Incinerate"],"picked":"Guardian:StasisStrike","floor":11.0},{"not_picked":["Guardian:WalkerClaw","Guardian:Suspension","Guardian:Reroute"],"picked":"SKIP","floor":14.0},{"not_picked":["Guardian:VentSteam","Guardian:RollAttack"],"picked":"Guardian:Gem_White","floor":15.0},{"not_picked":["Guardian:StasisStrike","Guardian:GatlingBeam"],"picked":"Guardian:ExploitGems","floor":16.0},{"not_picked":["Guardian:Gem_Cyan","Guardian:Suspension+1"],"picked":"Guardian:FuturePlans","floor":23},{"not_picked":["Apotheosis","HandOfGreed"],"picked":"The Bomb","floor":23},{"not_picked":["Good Instincts","ReplayTheSpireMod:Uncanny Aura"],"picked":"Specialist","floor":23},{"not_picked":["Good Instincts","Flash of Steel"],"picked":"The Bomb","floor":23},{"not_picked":["Guardian:ArmoredProtocol","Guardian:TemporalStrike+1"],"picked":"Guardian:AncientConstruct","floor":26},{"not_picked":["Guardian:SentryBeam","Guardian:CrystalBeam"],"picked":"Guardian:Gem_Cyan","floor":27},{"not_picked":["Guardian:Suspension","Guardian:GuardianWhirl","Guardian:VentSteam+1"],"picked":"SKIP","floor":28},{"not_picked":["Guardian:ShieldCharger+1","Guardian:Recover"],"picked":"Guardian:Gem_Fragmented","floor":29},{"not_picked":["Guardian:Incinerate+1","Guardian:Gem_Lightblue"],"picked":"Guardian:TimeBomb+1","floor":30},{"not_picked":["Guardian:Gem_Red","Guardian:Reroute"],"picked":"Guardian:SpikerProtocol","floor":31},{"not_picked":["Guardian:ShieldSpikes","Guardian:VentSteam"],"picked":"Guardian:SphericShield","floor":32},{"not_picked":["Guardian:CompilePackage","Guardian:StasisField"],"picked":"Guardian:ConstructionForm","floor":33},{"not_picked":["Guardian:Incinerate+1","Guardian:Harden","Guardian:GuardianWhirl+1"],"picked":"SKIP","floor":36},{"not_picked":["Guardian:Suspension+1","Guardian:Gem_Cyan"],"picked":"Guardian:Repulse+1","floor":37},{"not_picked":["Guardian:Orbwalk","Guardian:Gem_Green"],"picked":"Guardian:Gem_Yellow","floor":38},{"not_picked":["Guardian:FloatingOrbs+1","Guardian:PiercingHide","Guardian:TemporalStrike"],"picked":"SKIP","floor":39},{"not_picked":["Guardian:Incinerate+1","Guardian:CrystalBeam+1"],"picked":"Guardian:HyperBeam_Guardian","floor":40},{"not_picked":["Guardian:Harden","Guardian:Gem_Fragmented"],"picked":"Guardian:SpikerProtocol+1","floor":42},{"not_picked":["Guardian:ShieldCharger","Guardian:TemporalShield"],"picked":"Guardian:Gem_Green","floor":43},{"not_picked":["Guardian:Gem_Red","Guardian:Gem_Cyan"],"picked":"Guardian:TemporalStrike+1","floor":45},{"not_picked":["Guardian:TimeBomb+1","Guardian:Planning"],"picked":"Guardian:DecasProtection+1","floor":46},{"not_picked":["Guardian:Gem_Yellow","Guardian:BaubleBeam","Guardian:PrismaticBeam"],"picked":"SKIP","floor":48}],"player_experience":536734,"relics_obtained":[{"floor":7.0,"key":"Meat on the Bone"},{"floor":14.0,"key":"Tiny Chest"},{"floor":22,"key":"Replay:Accelerometer"},{"floor":24,"key":"Omamori"},{"floor":26,"key":"MealTicket"},{"floor":29,"key":"reliquary:FeatherDuster"},{"floor":40,"key":"Replay:Bottled Eggs"},{"floor":41,"key":"Pear"},{"floor":44,"key":"Replay:PocketPolymizer"}],"event_choices":[],"is_beta":false,"boss_relics":[{"not_picked":["reliquary:RedPaperclip","ReplayTheSpireMod:DimensionalGlitch"],"picked":"SlaversCollar"},{"not_picked":["Tiny House","Replay:Drink Me"],"picked":"Snecko Eye"}],"items_purged_floors":[3,11,23],"is_endless":false,"potions_floor_spawned":[6,10,14,15,16,27,29,30,31,33,36,39,45,46],"ascension_level":10}}