{"host":"6fh0uvaoh3e0g6do","time":1613967240,"event":{"mods":["AchievementEnabler","BaseMod","BetterRewards","Colored Map","Colored Powertips","Highlight Path","Hubris","Infinite Spire","Minty Spire (QoL Compilation)","Quick Restart","Replay The Spire","StSLib"],"gold_per_floor":[119,119,143,143,161,161,161,161,161,161,180,193,193,218,218,337,337,355,66,66,85,109,109,143,143,143,143,143,143,143,167,167,296,296,316,329,349,112,127,127,145,145,170,170,188,188,204,223,223,223],"floor_reached":51,"language":"ENG","playtime":3363,"items_purged":["Bash","Delirium"],"score":786,"play_id":"48927653-d5fe-4b79-b9c9-8779d1b32826","local_time":"20210221211400","is_ascension_mode":false,"campfire_choices":[{"data":"1","floor":6.0,"key":"LIFT"},{"data":"2","floor":8.0,"key":"LIFT"},{"data":"3","floor":10.0,"key":"LIFT"},{"data":"hubris:DuctTapeCard","floor":15.0,"key":"SMITH"},{"data":"Heavy Blade","floor":23.0,"key":"SMITH"},{"data":"Dramatic Entrance","floor":25.0,"key":"SMITH"},{"data":"Replay:Undeath\u0027s Touch","floor":28.0,"key":"SMITH"},{"data":"Replay:Undeath\u0027s Touch","floor":30.0,"key":"SMITH"},{"data":"Flex","floor":32.0,"key":"SMITH"},{"data":"Limit Break","floor":40,"key":"SMITH"},{"data":"Heavy Blade","floor":46,"key":"SMITH"},{"data":"Inflame","floor":49,"key":"SMITH"}],"circlet_count":0,"master_deck":["Defend_R","Defend_R+1","Defend_R","Defend_R","Uppercut","Dramatic Entrance+1","Dramatic Entrance+1","Replay:Dark Deal+1","Heavy Blade+1","Cleave","Life Link","Perfected Strike","hubris:SharpeningStone","Flex+1","Limit Break+1","Flex","Replay:Undeath\u0027s Touch+1","Replay:Undeath\u0027s Touch+1","Heavy Blade+1","Twin Strike","Flex+1","Demonic Infusion","CommonCold","Sword Boomerang+1","Sword Boomerang","hubris:DuctTapeCard","Inflame+1","Limit Break+1","Heavy Blade+1","Headbutt+1"],"relics":["Burning Blood","Girya","FossilizedHelix","Membership Card","Bronze Scales","Lizard Tail","DollysMirror","Boot","Omamori","Pocketwatch","Golden Idol","Bag of Preparation","hubris:DuctTape","Sozu","Replay:Ringing Soul","infinitespire:Satchel","Guide Book","Gambling Chip","Bottled Lightning","Ring of Misfortune","Kintsugi","Charon\u0027s Ashes","King of Hearts"],"acts_visited":["Exordium","TheCity","TheBeyond"],"potions_floor_usage":[37,50],"damage_taken":[{"damage":0.0,"enemies":"Small Slimes","floor":1.0,"turns":1.0},{"damage":0.0,"enemies":"Jaw Worm","floor":3.0,"turns":2.0},{"damage":0.0,"enemies":"2 Louse","floor":5.0,"turns":1.0},{"damage":0.0,"enemies":"Exordium Thugs","floor":11.0,"turns":1.0},{"damage":0.0,"enemies":"Looter","floor":12.0,"turns":1.0},{"damage":0.0,"enemies":"2 Fungi Beasts","floor":14.0,"turns":1.0},{"damage":24.0,"enemies":"The Guardian","floor":16.0,"turns":4.0},{"damage":0.0,"enemies":"Shell Parasite","floor":18.0,"turns":2.0},{"damage":0.0,"enemies":"Chosen","floor":21.0,"turns":1.0},{"damage":0.0,"enemies":"Snake Plant","floor":22.0,"turns":1.0},{"damage":0.0,"enemies":"Slavers","floor":24.0,"turns":1.0},{"damage":0.0,"enemies":"Chosen and Byrds","floor":31.0,"turns":1.0},{"damage":0.0,"enemies":"Collector","floor":33.0,"turns":1.0},{"damage":0.0,"enemies":"3 Shapes","floor":35.0,"turns":1.0},{"damage":0.0,"enemies":"3 Darklings","floor":36.0,"turns":1.0},{"damage":0,"enemies":"Spire Growth","floor":37,"turns":2},{"damage":14,"enemies":"Writhing Mass","floor":39,"turns":2},{"damage":0,"enemies":"Jaw Worm Horde","floor":41,"turns":1},{"damage":0,"enemies":"Spire Growth","floor":45,"turns":2},{"damage":0,"enemies":"Maw","floor":47,"turns":2},{"damage":3,"enemies":"Sphere and 2 Shapes","floor":48,"turns":1},{"damage":0,"enemies":"Awakened One","floor":50,"turns":3}],"seed_played":"2554968946651428849","potions_obtained":[{"floor":3.0,"key":"DuplicationPotion"},{"floor":11.0,"key":"Reflective Coating"},{"floor":12.0,"key":"BlessingOfTheForge"},{"floor":13.0,"key":"infinitespire:BlackPotion"},{"floor":16.0,"key":"Swift Potion"}],"is_trial":false,"path_per_floor":["M","?","M","?","M","R","T","R","T","R","M","M","?","M","R","B",null,"M","$","?","M","M","R","E","R","T","?","R","?","R","M","R","B",null,"M","M","M","$","M","R","M","?","T","?","M","R","M","M","R","B",null],"character_chosen":"IRONCLAD","items_purchased":["Girya","Uppercut","Dramatic Entrance","Dramatic Entrance","Membership Card","Bronze Scales","DollysMirror","Boot","Omamori","hubris:EnhanceAbility","Replay:Dark Deal","Replay:Undeath\u0027s Touch","Replay:Ringing Soul","infinitespire:Satchel","Guide Book","Inflame","Charon\u0027s Ashes"],"campfire_rested":0,"item_purchase_floors":[0,0,0,0,0,0,0,0,0,0,0,19,19,19,19,38,38],"current_hp_per_floor":[80,80,80,80,80,80,80,80,80,80,80,80,80,80,80,62,80,80,80,80,83,86,86,86,86,86,86,86,86,86,89,89,92,95,98,101,101,104,99,99,108,108,108,108,113,113,113,113,113,113],"gold":223,"neow_bonus":"","is_daily":false,"chose_seed":false,"campfire_upgraded":9,"win_rate":0.0,"timestamp":1613967240,"path_taken":["M","?","M","?","M","R","?","R","T","R","M","M","?","M","R","BOSS","M","$","?","M","M","R","E","R","T","?","R","?","R","M","R","BOSS","M","M","M","$","M","R","?","?","T","?","M","R","M","M","R","BOSS"],"items_purchased_type":["Relic","Card","Card","Card","Relic","Relic","Relic","Relic","Relic","Card","Card","Card","Relic","Relic","Relic","Card","Relic"],"build_version":"2020-12-22","purchased_purges":2,"victory":true,"max_hp_per_floor":[80,80,80,80,80,80,80,80,80,80,80,80,80,80,80,80,80,80,80,80,83,86,86,86,86,86,86,86,86,86,89,89,92,95,98,101,101,104,107,107,110,110,110,110,113,113,113,113,113,113],"card_choices":[{"not_picked":["ReplayTheSpireMod:Stacked","ReplayReversal"],"picked":"Heavy Blade","floor":1.0},{"not_picked":["Shrug It Off","Thunderclap"],"picked":"Cleave","floor":3.0},{"not_picked":["ReplayTheSpireMod:Strike From Hell","Clothesline"],"picked":"Life Link","floor":5.0},{"not_picked":["hubris:ReadiedAction","Barricade"],"picked":"Perfected Strike","floor":11.0},{"not_picked":["Ghostly Armor","Body Slam"],"picked":"hubris:SharpeningStone","floor":12.0},{"not_picked":["ReplayTheSpireMod:LeadingStrike","Intimidate"],"picked":"Flex","floor":14.0},{"not_picked":["Offering","Demon Form"],"picked":"Limit Break","floor":16.0},{"not_picked":["Evolve","Bloodletting"],"picked":"Flex","floor":18.0},{"not_picked":["Evolve+1","Rage"],"picked":"Heavy Blade+1","floor":21.0},{"not_picked":["Whirlwind","Shrug It Off"],"picked":"Twin Strike","floor":22.0},{"not_picked":["Rupture","hubris:ReadiedAction+1","Shrug It Off"],"picked":"SKIP","floor":24.0},{"not_picked":["Replay:Undeath\u0027s Touch","Run Through+1"],"picked":"Flex+1","floor":31.0},{"not_picked":["Impervious","Brutality"],"picked":"Demonic Infusion","floor":33.0},{"not_picked":["Anger+1","hubris:SharpeningStone+1"],"picked":"Sword Boomerang+1","floor":35.0},{"not_picked":["Clothesline+1","ReplayTheSpireMod:Stacked"],"picked":"Sword Boomerang","floor":36.0},{"not_picked":["Seeing Red","ReplayTheSpireMod:Strike From Hell","Shrug It Off"],"picked":"SKIP","floor":37},{"not_picked":["Shrug It Off","Combust"],"picked":"Limit Break","floor":39},{"not_picked":["hubris:SharpeningStone+1","True Grit+1"],"picked":"Heavy Blade","floor":41},{"not_picked":["Life Link","Flame Barrier"],"picked":"Headbutt+1","floor":45},{"not_picked":["Clash+1","Combust","Warcry+1"],"picked":"SKIP","floor":47},{"not_picked":["Shrug It Off+1","Armaments","Sever Soul"],"picked":"SKIP","floor":48}],"player_experience":55749,"relics_obtained":[{"floor":7.0,"key":"Bag of Preparation"},{"floor":9.0,"key":"hubris:DuctTape"},{"floor":24.0,"key":"Gambling Chip"},{"floor":26.0,"key":"Bottled Lightning"},{"floor":27.0,"key":"Ring of Misfortune"},{"floor":43,"key":"King of Hearts"}],"event_choices":[{"damage_healed":0.0,"max_hp_gain":0.0,"max_hp_loss":0.0,"gold_gain":0.0,"event_name":"Golden Idol","player_choice":"Take Wound","floor":2.0,"gold_loss":0.0,"damage_taken":0.0,"relics_obtained":["Golden Idol"],"cards_obtained":["Injury"]},{"damage_healed":0.0,"max_hp_gain":0.0,"max_hp_loss":0.0,"gold_gain":0.0,"event_name":"Lab","player_choice":"Got Potions","floor":13.0,"gold_loss":0.0,"damage_taken":0.0},{"damage_healed":0.0,"max_hp_gain":0.0,"max_hp_loss":0.0,"gold_gain":0.0,"event_name":"Match and Keep!","player_choice":"0 cards matched","floor":29.0,"gold_loss":0.0,"damage_taken":0.0,"cards_obtained":[]},{"damage_healed":0,"gold_gain":0,"player_choice":"0 cards matched","damage_taken":0,"max_hp_gain":0,"max_hp_loss":0,"event_name":"Match and Keep!","floor":44,"gold_loss":0,"cards_obtained":[]}],"is_beta":false,"boss_relics":[{"not_picked":["Ooze Armor","hubris:HollowSoul"],"picked":"Sozu"},{"not_picked":["Mark of Pain","SacredBark"],"picked":"Kintsugi"}],"items_purged_floors":[0,38],"is_endless":false,"potions_floor_spawned":[3,11,12,16,18,21,24,33,36,39,45,47,48],"ascension_level":0}}