{"host":"ifvrsrzj00f2ebkn","time":1613976979,"event":{"mods":["BaseMod","Bestiary","BetterRewards","Block Reminder","Colored Map","Colored Powertips","Defuse TimeMaze Blight","Downfall","Minty Spire (QoL Compilation)","Permanent Neow","Quick Restart","Remove Card Discount Mod","Shop Mod","Spicy Shops","StSLib","Thieving Mod","????"],"gold_per_floor":[99,109,33,108,108,138,138,172,172,201,201,228,228,228,238,309,309,209,132,132,132,132,132,132,132,132,132,167,196,196,196,196],"floor_reached":31,"language":"ENG","playtime":1457,"items_purged":["Flame Barrier","Spot Weakness","Armaments"],"score":1003,"play_id":"6c3e8252-7daa-4da4-b4c4-621430c7f3e2","local_time":"20210222145619","daily_mods":["SealedDeck","Red Cards","Heirloom","Time Dilation","Flight","DeadlyEvents","Elite Swarm"],"is_ascension_mode":true,"campfire_choices":[{"data":"Body Slam","floor":1,"key":"SMITH"},{"data":"Body Slam","floor":9,"key":"SMITH"},{"data":"Shrug It Off","floor":11,"key":"SMITH"},{"data":"Shrug It Off","floor":13,"key":"SMITH"},{"data":"Iron Wave","floor":18,"key":"SMITH"},{"data":"Shrug It Off","floor":23,"key":"SMITH"},{"data":"Iron Wave","floor":25,"key":"SMITH"},{"data":"Iron Wave","floor":26,"key":"SMITH"},{"data":"Pommel Strike","floor":27,"key":"SMITH"},{"data":"Barricade","floor":30,"key":"SMITH"}],"circlet_count":0,"master_deck":["AscendersBane","Pommel Strike","Pommel Strike+1","Body Slam+1","Shrug It Off+1","Shrug It Off+1","Body Slam+1","Iron Wave+1","Iron Wave+1","Shrug It Off+1","Iron Wave+1","Barricade+1"],"relics":["Burning Blood","StoneCalendar","Guardian:GemstoneGun","Happy Flower","bronze:DecasWashers","Peace Pipe","Torii","Philosopher\u0027s Stone","downfall:HeartBlessingBlue","Self Forming Clay","Shovel","hexamod:CandleOfCauterizing"],"acts_visited":["Exordium","TheCity"],"potions_floor_usage":[31],"damage_taken":[{"damage":0,"enemies":"Jaw Worm","floor":2,"turns":2},{"damage":5,"enemies":"downfall:FleeingMerchant","floor":3,"turns":4},{"damage":3,"enemies":"Gremlin Nob","floor":6,"turns":3},{"damage":2,"enemies":"Lagavulin","floor":8,"turns":3},{"damage":0,"enemies":"Gremlin Nob","floor":10,"turns":2},{"damage":0,"enemies":"3 Sentries","floor":12,"turns":4},{"damage":0,"enemies":"Small Slimes","floor":15,"turns":1},{"damage":2,"enemies":"IC_STATUS_ARCHETYPE","floor":16,"turns":5},{"damage":0,"enemies":"downfall:FleeingMerchant","floor":19,"turns":4},{"damage":0,"enemies":"Gremlin Leader","floor":28,"turns":1},{"damage":0,"enemies":"Book of Stabbing","floor":29,"turns":2},{"damage":89,"enemies":"Slavers","floor":31,"turns":5}],"seed_played":"4760535217277476509","potions_obtained":[{"floor":6,"key":"bronze:BurnAndBuffPotion"},{"floor":22,"key":"CultistPotion"}],"is_trial":true,"path_per_floor":["R","M","$","?","?","E","T","E","R","E","R","E","R","T","M","B",null,"R","$","?","?","?","R","T","R","R","R","E","E","R","E"],"character_chosen":"IRONCLAD","items_purchased":["Iron Wave","Iron Wave"],"campfire_rested":0,"item_purchase_floors":[3,19],"current_hp_per_floor":[68,74,75,64,69,72,72,76,76,80,80,80,80,80,80,80,80,90,90,90,63,63,63,63,63,63,63,69,75,75,0,0],"gold":196,"neow_bonus":"","is_daily":false,"chose_seed":false,"campfire_upgraded":10,"win_rate":0.0,"timestamp":1613976979,"path_taken":["R","M","$","?","?","E","T","E","R","E","R","E","R","?","M","BOSS","R","$","?","?","?","R","T","R","R","R","?","E","R","E"],"items_purchased_type":["Card","Card"],"build_version":"2020-12-22","purchased_purges":3,"victory":false,"max_hp_per_floor":[75,75,75,75,80,80,80,80,80,80,80,80,80,80,80,80,80,90,90,90,95,95,95,95,95,95,95,95,95,95,95,95],"card_choices":[{"not_picked":["Sentinel","Clothesline","Anger"],"picked":"SKIP","floor":2},{"not_picked":["Heavy Blade","Wild Strike","Flex"],"picked":"SKIP","floor":3},{"not_picked":["Juggernaut","Limit Break","Double Tap"],"picked":"SKIP","floor":6},{"not_picked":["Impervious","Juggernaut","Fiend Fire"],"picked":"SKIP","floor":8},{"not_picked":["Berserk","Bludgeon","Double Tap"],"picked":"SKIP","floor":10},{"not_picked":["Juggernaut","Corruption","Immolate"],"picked":"SKIP","floor":12},{"not_picked":["True Grit","Headbutt","Feel No Pain"],"picked":"SKIP","floor":15},{"not_picked":["Thunderclap","Clothesline"],"picked":"Shrug It Off","floor":19},{"not_picked":["Fiend Fire","Impervious"],"picked":"Barricade","floor":28},{"not_picked":["Juggernaut","Barricade","Double Tap"],"picked":"SKIP","floor":29}],"player_experience":60062,"relics_obtained":[{"floor":6,"key":"Guardian:GemstoneGun"},{"floor":7,"key":"Happy Flower"},{"floor":8,"key":"bronze:DecasWashers"},{"floor":10,"key":"Peace Pipe"},{"floor":12,"key":"Torii"},{"floor":24,"key":"Self Forming Clay"},{"floor":28,"key":"Shovel"},{"floor":29,"key":"hexamod:CandleOfCauterizing"}],"event_choices":[{"damage_healed":0,"gold_gain":75,"player_choice":"Gather Gold","damage_taken":11,"max_hp_gain":0,"max_hp_loss":0,"event_name":"World of Goop","floor":4,"gold_loss":0},{"damage_healed":0,"gold_gain":0,"player_choice":"Donut","damage_taken":0,"max_hp_gain":5,"max_hp_loss":0,"event_name":"Big Fish","floor":5,"gold_loss":0},{"damage_healed":0,"gold_gain":0,"player_choice":"Ignored","damage_taken":0,"max_hp_gain":0,"max_hp_loss":0,"event_name":"Ghosts","floor":20,"gold_loss":0}],"is_beta":false,"boss_relics":[{"not_picked":["Ectoplasm","Mark of Pain"],"picked":"Philosopher\u0027s Stone"}],"items_purged_floors":[3,19,19],"is_endless":true,"potions_floor_spawned":[6,8,10,16,29],"killed_by":"Slavers","ascension_level":20}}