{"host":"nptej036rrbiurf5","time":1613976472,"event":{"mods":["BaseMod","Colored Map","Colored Powertips","DeckTracker","Minty Spire (QoL Compilation)","StSLib","SuperFastMode"],"gold_per_floor":[110,126,86,96,115,115,127,127,127,127,146,177,194,213,213,290,290,309,309,309,35,85,110,110,35,35,47,82,82,93,93,93,166,166,177,191,191,191,191,191,222,222,222],"floor_reached":42,"language":"KOR","playtime":1361,"items_purged":[],"score":982,"play_id":"4f56b2ee-6703-4464-95a2-5497c11a8c8c","local_time":"20210222154752","is_ascension_mode":true,"campfire_choices":[{"data":"Loop","floor":6.0,"key":"SMITH"},{"data":"Tempest","floor":8.0,"key":"SMITH"},{"data":"Recycle","floor":10.0,"key":"SMITH"},{"floor":15.0,"key":"REST"},{"data":"Aggregate","floor":24.0,"key":"SMITH"},{"floor":29.0,"key":"REST"},{"data":"Fusion","floor":32.0,"key":"SMITH"},{"data":"Turbo","floor":40.0,"key":"SMITH"}],"circlet_count":0,"master_deck":["AscendersBane","Zap+1","Dualcast","Tempest+1","Steam","Glacier","Recycle+1","Chill","Undo","Compile Driver","Self Repair","Electrodynamics","Core Surge","Turbo+1","Leap","Skim","Aggregate+1","Skim","Fusion+1","Meteor Strike","Glacier+1","Steam Power+1","Streamline+1","Coolheaded+1","Coolheaded+1","Heatsinks"],"relics":["Cracked Core","Bottled Lightning","Mercury Hourglass","Pandora\u0027s Box","The Courier","Unceasing Top","Kunai","Sundial","Darkstone Periapt","Nilry\u0027s Codex","Astrolabe","Du-Vu Doll"],"acts_visited":["Exordium","TheCity","TheBeyond"],"potions_floor_usage":[],"damage_taken":[{"damage":8.0,"enemies":"2 Louse","floor":1.0,"turns":2.0},{"damage":1.0,"enemies":"Cultist","floor":2.0,"turns":3.0},{"damage":3.0,"enemies":"Small Slimes","floor":4.0,"turns":3.0},{"damage":4.0,"enemies":"Blue Slaver","floor":5.0,"turns":3.0},{"damage":10.0,"enemies":"3 Louse","floor":7.0,"turns":3.0},{"damage":0.0,"enemies":"2 Fungi Beasts","floor":11.0,"turns":3.0},{"damage":15.0,"enemies":"Lagavulin","floor":12.0,"turns":8.0},{"damage":12.0,"enemies":"Exordium Wildlife","floor":13.0,"turns":2.0},{"damage":0.0,"enemies":"Large Slime","floor":14.0,"turns":4.0},{"damage":22.0,"enemies":"Hexaghost","floor":16.0,"turns":9.0},{"damage":3.0,"enemies":"Spheric Guardian","floor":18.0,"turns":3.0},{"damage":17.0,"enemies":"Book of Stabbing","floor":23.0,"turns":4.0},{"damage":11.0,"enemies":"Shell Parasite","floor":27.0,"turns":5.0},{"damage":23.0,"enemies":"Slavers","floor":28.0,"turns":4.0},{"damage":0.0,"enemies":"Snake Plant","floor":30.0,"turns":2.0},{"damage":6.0,"enemies":"Collector","floor":33.0,"turns":7.0},{"damage":0.0,"enemies":"3 Darklings","floor":35.0,"turns":1.0},{"damage":8.0,"enemies":"3 Shapes","floor":36.0,"turns":6.0},{"damage":56.0,"enemies":"Giant Head","floor":41.0,"turns":8.0},{"damage":20,"enemies":"Writhing Mass","floor":42,"turns":3}],"seed_played":"-7521876134277886802","potions_obtained":[{"floor":3.0,"key":"Swift Potion"},{"floor":3.0,"key":"SkillPotion"},{"floor":13.0,"key":"AttackPotion"},{"floor":16.0,"key":"Fire Potion"},{"floor":27.0,"key":"PotionOfCapacity"},{"floor":30.0,"key":"Energy Potion"},{"floor":41.0,"key":"DuplicationPotion"}],"is_trial":false,"path_per_floor":["M","M","?","M","M","R","M","R","T","R","M","E","M","M","R","B",null,"M","T","?","$","?","E","R","?","T","M","E","R","M","?","R","B",null,"M","M","?","?","?","R","E","M"],"character_chosen":"DEFECT","items_purchased":["Unceasing Top"],"campfire_rested":2,"item_purchase_floors":[21],"current_hp_per_floor":[56,55,55,52,48,48,38,38,38,38,38,23,11,11,32,17,58,62,62,62,62,62,52,52,52,52,48,32,53,53,32,32,33,62,62,61,61,61,61,61,12,0,0],"gold":222,"neow_bonus":"UPGRADE_CARD","is_daily":false,"chose_seed":false,"campfire_upgraded":6,"win_rate":0.0,"timestamp":1613976472,"path_taken":["M","M","?","M","M","R","M","R","T","R","M","E","M","M","R","BOSS","M","?","?","$","?","E","R","?","T","M","E","R","M","?","R","BOSS","M","M","?","?","?","R","E","M"],"items_purchased_type":["Relic"],"build_version":"2020-12-22","purchased_purges":0,"victory":false,"max_hp_per_floor":[71,71,71,71,71,71,71,71,71,71,71,71,71,71,71,71,71,71,71,71,71,71,71,71,71,71,71,71,71,71,71,71,71,71,71,71,71,71,71,71,71,71,71],"card_choices":[{"not_picked":["Sweeping Beam","Glacier"],"picked":"Tempest","floor":1.0},{"not_picked":["Gash","Hologram"],"picked":"Steam","floor":2.0},{"not_picked":["Leap","Beam Cell"],"picked":"Glacier","floor":4.0},{"not_picked":["Beam Cell","Rebound"],"picked":"Loop","floor":5.0},{"not_picked":["Redo","Streamline"],"picked":"Recycle","floor":7.0},{"not_picked":["Force Field","Scrape"],"picked":"Chill","floor":11.0},{"not_picked":["White Noise","Steam"],"picked":"Undo","floor":12.0},{"not_picked":["Glacier","Hello World"],"picked":"Compile Driver","floor":13.0},{"not_picked":["Rebound","Steam Power"],"picked":"Self Repair","floor":14.0},{"not_picked":["Core Surge","Biased Cognition"],"picked":"Electrodynamics","floor":16.0},{"not_picked":["Sweeping Beam","Leap","Beam Cell"],"picked":"SKIP","floor":18.0},{"not_picked":["Darkness","Beam Cell"],"picked":"Aggregate","floor":23.0},{"not_picked":["BootSequence","Undo"],"picked":"Skim","floor":27.0},{"not_picked":["Scrape","Gash","Sweeping Beam"],"picked":"SKIP","floor":28.0},{"not_picked":["Turbo","Rip and Tear"],"picked":"Fusion","floor":30.0},{"not_picked":["Seek","All For One"],"picked":"Meteor Strike","floor":33.0},{"not_picked":["Rebound","Conserve Battery"],"picked":"Coolheaded+1","floor":35.0},{"not_picked":["Leap+1","Ball Lightning+1"],"picked":"Coolheaded+1","floor":36.0},{"not_picked":["Doom and Gloom","Recycle+1"],"picked":"Heatsinks","floor":41.0}],"player_experience":1006733,"relics_obtained":[{"floor":9.0,"key":"Bottled Lightning"},{"floor":12.0,"key":"Mercury Hourglass"},{"floor":19.0,"key":"The Courier"},{"floor":23.0,"key":"Kunai"},{"floor":26.0,"key":"Sundial"},{"floor":28.0,"key":"Darkstone Periapt"},{"floor":31.0,"key":"Nilry\u0027s Codex"},{"floor":41.0,"key":"Du-Vu Doll"}],"event_choices":[{"damage_healed":0.0,"max_hp_gain":0.0,"max_hp_loss":0.0,"gold_gain":0.0,"event_name":"The Woman in Blue","player_choice":"Bought 3 Potions","floor":3.0,"gold_loss":0.0,"damage_taken":0.0},{"damage_healed":0.0,"max_hp_gain":0.0,"max_hp_loss":0.0,"gold_gain":0.0,"event_name":"The Mausoleum","player_choice":"Ignored","floor":20.0,"gold_loss":0.0,"damage_taken":0.0},{"damage_healed":0.0,"max_hp_gain":0.0,"max_hp_loss":0.0,"gold_gain":50.0,"event_name":"Nest","player_choice":"Stole From Cult","floor":22.0,"gold_loss":0.0,"damage_taken":0.0},{"cards_removed":["Loop"],"damage_healed":0.0,"max_hp_gain":0.0,"max_hp_loss":0.0,"gold_gain":0.0,"event_name":"Beggar","player_choice":"Gave Gold","floor":25.0,"gold_loss":75.0,"damage_taken":0.0},{"damage_healed":0.0,"max_hp_gain":0.0,"max_hp_loss":0.0,"gold_gain":0.0,"event_name":"Cursed Tome","player_choice":"Obtained Book","floor":31.0,"gold_loss":0.0,"damage_taken":21.0},{"cards_removed":["All For One"],"damage_healed":0.0,"max_hp_gain":0.0,"max_hp_loss":0.0,"gold_gain":0.0,"event_name":"Falling","player_choice":"Removed Attack","floor":37.0,"gold_loss":0.0,"damage_taken":0.0},{"damage_healed":0.0,"max_hp_gain":0.0,"max_hp_loss":0.0,"gold_gain":0.0,"event_name":"Mysterious Sphere","player_choice":"Ignored","floor":38.0,"gold_loss":0.0,"damage_taken":0.0},{"damage_healed":0.0,"max_hp_gain":0.0,"max_hp_loss":0.0,"gold_gain":0.0,"event_name":"SecretPortal","player_choice":"Ignored","floor":39.0,"gold_loss":0.0,"damage_taken":0.0}],"is_beta":false,"boss_relics":[{"not_picked":["Velvet Choker","Inserter"],"picked":"Pandora\u0027s Box"},{"not_picked":["Sozu","FrozenCore"],"picked":"Astrolabe"}],"items_purged_floors":[],"is_endless":false,"potions_floor_spawned":[4,7,13,14,16,27,30,41],"killed_by":"Writhing Mass","ascension_level":20}}