{"host":"qxeepl7ydvsgmfdb","time":1613976098,"event":{"mods":["AchievementEnabler","BaseMod","Colored Powertips","Minty Spire (QoL Compilation)","Quick Restart","slay the spire mod where everything is the same but ironclad has a cowboy hat"],"gold_per_floor":[112,33,33,44,44,79,90,90,90,121,121,196,224,237,237,338,338,278,238,251,30,47,47,79,94,118,118,118,118,147,158,158,255,255,266,34,49,49,62,62,62,62,62,62,77,93,124,141,141,141,141],"floor_reached":50,"language":"ENG","playtime":5642,"items_purged":["Defend_B"],"score":729,"play_id":"f341c51a-3dec-45c2-a5f7-ac977536b529","local_time":"20210222014138","is_ascension_mode":true,"campfire_choices":[{"data":"Zap","floor":8.0,"key":"SMITH"},{"floor":15.0,"key":"REST"},{"floor":23.0,"key":"REST"},{"floor":29.0,"key":"REST"},{"floor":32.0,"key":"REST"},{"data":"Redo","floor":41,"key":"SMITH"},{"floor":49,"key":"REST"}],"circlet_count":0,"master_deck":["Strike_B","Defend_B","Defend_B","Zap+1","Dualcast","Defragment+1","Coolheaded","Coolheaded","BootSequence","Sweeping Beam","Redo","Ball Lightning","Leap","Capacitor","Redo+1","White Noise+1","White Noise+1"],"relics":["Cracked Core","NeowsBlessing","DataDisk","Ornamental Fan","Potion Belt","Eternal Feather","Busted Crown","Anchor","Ancient Tea Set","Nilry\u0027s Codex","Nloth\u0027s Gift","Cables","Empty Cage","Vajra","InkBottle","Regal Pillow"],"acts_visited":["Exordium","TheCity","TheBeyond"],"potions_floor_usage":[40,45,48],"damage_taken":[{"damage":0.0,"enemies":"Jaw Worm","floor":1.0,"turns":1.0},{"damage":0.0,"enemies":"Cultist","floor":4.0,"turns":1.0},{"damage":0.0,"enemies":"3 Sentries","floor":6.0,"turns":1.0},{"damage":9.0,"enemies":"Small Slimes","floor":7.0,"turns":4.0},{"damage":16.0,"enemies":"Lagavulin","floor":10.0,"turns":7.0},{"damage":11.0,"enemies":"3 Sentries","floor":13.0,"turns":7.0},{"damage":10.0,"enemies":"3 Louse","floor":14.0,"turns":3.0},{"damage":32.0,"enemies":"The Guardian","floor":16.0,"turns":15.0},{"damage":9.0,"enemies":"2 Thieves","floor":18.0,"turns":4.0},{"damage":0.0,"enemies":"Chosen","floor":20.0,"turns":4.0},{"damage":16.0,"enemies":"Snecko","floor":22.0,"turns":4.0},{"damage":31.0,"enemies":"Book of Stabbing","floor":24.0,"turns":8.0},{"damage":0.0,"enemies":"Cultist and Chosen","floor":25.0,"turns":6.0},{"damage":23.0,"enemies":"Slavers","floor":30.0,"turns":7.0},{"damage":18.0,"enemies":"Chosen and Byrds","floor":31.0,"turns":5.0},{"damage":56.0,"enemies":"Collector","floor":33.0,"turns":15.0},{"damage":17.0,"enemies":"3 Darklings","floor":35.0,"turns":5.0},{"damage":0.0,"enemies":"Orb Walker","floor":37.0,"turns":4.0},{"damage":2.0,"enemies":"Jaw Worm Horde","floor":39.0,"turns":4.0},{"damage":0,"enemies":"Giant Head","floor":40,"turns":1},{"damage":0,"enemies":"Transient","floor":45,"turns":5},{"damage":26,"enemies":"Sphere and 2 Shapes","floor":46,"turns":4},{"damage":34,"enemies":"Reptomancer","floor":47,"turns":6},{"damage":16,"enemies":"Jaw Worm Horde","floor":48,"turns":4},{"damage":62,"enemies":"Time Eater","floor":50,"turns":8}],"seed_played":"526663993330011282","potions_obtained":[{"floor":4.0,"key":"GamblersBrew"},{"floor":6.0,"key":"Energy Potion"},{"floor":14.0,"key":"BlessingOfTheForge"},{"floor":20.0,"key":"Regen Potion"},{"floor":24.0,"key":"SkillPotion"},{"floor":25.0,"key":"FocusPotion"},{"floor":35.0,"key":"SmokeBomb"},{"floor":39.0,"key":"Weak Potion"},{"floor":47,"key":"FocusPotion"}],"is_trial":false,"path_per_floor":["M","$","?","M","?","E","M","R","T","E","$","?","E","M","R","B",null,"M","?","M","$","M","R","E","M","T","?","?","R","E","M","R","B",null,"M","$","M","?","M","E","R","?","T","?","M","M","E","M","R","B"],"character_chosen":"DEFECT","items_purchased":["Defragment","Anchor","Capacitor","Vajra","Redo"],"campfire_rested":5,"item_purchase_floors":[2,21,36,36,36],"current_hp_per_floor":[75,75,75,75,75,75,66,66,66,50,50,39,28,18,49,17,61,52,52,52,52,36,67,57,57,57,41,41,74,51,33,66,10,64,47,47,47,82,80,80,82,82,82,82,82,56,22,6,54,0,0],"gold":141,"neow_bonus":"THREE_ENEMY_KILL","is_daily":false,"chose_seed":false,"campfire_upgraded":2,"win_rate":0.0,"timestamp":1613976098,"path_taken":["M","$","?","?","?","E","M","R","T","E","$","?","E","M","R","BOSS","M","?","M","$","M","R","E","?","T","?","?","R","E","M","R","BOSS","M","$","M","?","?","E","R","?","T","?","?","M","E","M","R","BOSS"],"items_purchased_type":["Card","Relic","Card","Relic","Card"],"build_version":"2020-12-22","purchased_purges":1,"victory":false,"max_hp_per_floor":[75,75,75,75,75,75,75,75,75,75,75,75,75,75,75,75,75,75,75,75,75,75,75,82,82,82,82,82,82,82,82,82,82,82,82,82,82,82,82,82,82,82,82,82,82,82,82,82,82,82,82],"card_choices":[{"not_picked":["Steam","Glacier","Rebound"],"picked":"SKIP","floor":1.0},{"not_picked":["Sweeping Beam","Stack"],"picked":"Coolheaded","floor":4.0},{"not_picked":["Barrage","Conserve Battery"],"picked":"Coolheaded","floor":6.0},{"not_picked":["Core Surge","Darkness"],"picked":"BootSequence","floor":7.0},{"not_picked":["Leap","Turbo"],"picked":"Sweeping Beam","floor":10.0},{"not_picked":["Leap","Scrape"],"picked":"Redo","floor":13.0},{"not_picked":["Gash","Consume","Double Energy"],"picked":"SKIP","floor":14.0},{"not_picked":[],"picked":"Ball Lightning","floor":18.0},{"not_picked":[],"picked":"Leap","floor":20.0},{"not_picked":["Glacier"],"picked":"SKIP","floor":22.0},{"not_picked":["Scrape"],"picked":"SKIP","floor":24.0},{"not_picked":[],"picked":"Hello World","floor":25.0},{"not_picked":["Compile Driver+1"],"picked":"SKIP","floor":30.0},{"not_picked":["Gash"],"picked":"SKIP","floor":31.0},{"not_picked":["Auto Shields"],"picked":"SKIP","floor":35.0},{"not_picked":[],"picked":"White Noise+1","floor":37.0},{"not_picked":["Stack+1"],"picked":"SKIP","floor":39.0},{"not_picked":["Compile Driver"],"picked":"SKIP","floor":45},{"not_picked":["Steam+1"],"picked":"SKIP","floor":46},{"not_picked":["Self Repair"],"picked":"SKIP","floor":47},{"not_picked":["Consume"],"picked":"SKIP","floor":48}],"player_experience":195285,"relics_obtained":[{"floor":6.0,"key":"DataDisk"},{"floor":9.0,"key":"Ornamental Fan"},{"floor":10.0,"key":"Potion Belt"},{"floor":13.0,"key":"Eternal Feather"},{"floor":24.0,"key":"Strawberry"},{"floor":26.0,"key":"Ancient Tea Set"},{"floor":27.0,"key":"Nilry\u0027s Codex"},{"floor":30.0,"key":"Cables"},{"floor":43,"key":"InkBottle"},{"floor":47,"key":"Regal Pillow"}],"event_choices":[{"damage_healed":0.0,"max_hp_gain":0.0,"max_hp_loss":0.0,"gold_gain":0.0,"event_name":"WeMeetAgain","player_choice":"Ignored","floor":3.0,"gold_loss":0.0,"damage_taken":0.0},{"cards_removed":["Strike_B"],"damage_healed":0.0,"max_hp_gain":0.0,"max_hp_loss":0.0,"gold_gain":0.0,"event_name":"Living Wall","player_choice":"Forget","floor":5.0,"gold_loss":0.0,"damage_taken":0.0},{"damage_healed":0.0,"max_hp_gain":0.0,"max_hp_loss":0.0,"gold_gain":75.0,"event_name":"World of Goop","player_choice":"Gather Gold","floor":12.0,"gold_loss":0.0,"damage_taken":11.0},{"damage_healed":0.0,"max_hp_gain":0.0,"max_hp_loss":0.0,"gold_gain":0.0,"event_name":"Designer","player_choice":"Upgrade","floor":19.0,"gold_loss":40.0,"damage_taken":0.0,"cards_upgraded":["Defragment"]},{"damage_healed":0.0,"max_hp_gain":0.0,"max_hp_loss":0.0,"gold_gain":0.0,"event_name":"Cursed Tome","player_choice":"Obtained Book","floor":27.0,"gold_loss":0.0,"damage_taken":16.0},{"damage_healed":0.0,"max_hp_gain":0.0,"max_hp_loss":0.0,"gold_gain":0.0,"event_name":"N\u0027loth","player_choice":"Traded Relic","floor":28.0,"relics_lost":["Strawberry"],"gold_loss":0.0,"damage_taken":0.0,"relics_obtained":["Nloth\u0027s Gift"]},{"cards_removed":["Hello World"],"damage_healed":35.0,"max_hp_gain":0.0,"max_hp_loss":0.0,"gold_gain":0.0,"event_name":"Bonfire Elementals","player_choice":"Offered Uncommon","floor":38.0,"gold_loss":0.0,"damage_taken":0.0},{"cards_removed":["Defend_B"],"damage_healed":0,"gold_gain":0,"player_choice":"Removed Skill","damage_taken":0,"max_hp_gain":0,"max_hp_loss":0,"event_name":"Falling","floor":42,"gold_loss":0},{"damage_healed":0,"gold_gain":0,"player_choice":"Copied","damage_taken":0,"max_hp_gain":0,"max_hp_loss":0,"event_name":"Duplicator","floor":44,"gold_loss":0,"cards_obtained":["White Noise"]}],"is_beta":false,"boss_relics":[{"not_picked":["Sozu","Ectoplasm"],"picked":"Busted Crown"},{"not_picked":["Fusion Hammer","Runic Dome"],"picked":"Empty Cage"}],"items_purged_floors":[21],"is_endless":false,"potions_floor_spawned":[4,6,14,20,24,25,35,39,47],"killed_by":"Time Eater","ascension_level":5}}