{"host":"wbn3xdfsa5pc2kse","time":1613994462,"event":{"mods":["AchievementEnabler","BaseMod","Bestiary","Colored Map","Colored Powertips","Curses Come First","Highlight Path","Minty Spire (QoL Compilation)","Permanent Neow","Rare Cards Sparkle","Relic Stats","StSLib"],"gold_per_floor":[112,125,125,139,30,64,75,75,99,111,139,151,213,259,271,376,388,425,462,474,82,96,134,155,155,155],"floor_reached":25,"language":"ZHT","playtime":711,"items_purged":[],"score":482,"play_id":"a8ef5ad1-f74c-47f7-b266-98fb82762017","local_time":"20210222194742","is_ascension_mode":true,"campfire_choices":[{"data":"Perfected Strike","floor":8,"key":"SMITH"},{"data":"Bash","floor":15,"key":"SMITH"}],"circlet_count":0,"master_deck":["AscendersBane","Strike_R","Strike_R","Strike_R","Strike_R","Strike_R","Defend_R","Defend_R","Defend_R","Defend_R","Bash+1","Perfected Strike+1","Clash","Clothesline","Wild Strike","Pommel Strike","Burning Pact","Shrug It Off","Impervious","Pommel Strike","Metallicize+1","Perfected Strike","Corruption+1"],"relics":["Philosopher\u0027s Stone","PreservedInsect","Pen Nib","Tiny Chest","MawBank","Golden Idol","Bronze Scales","Velvet Choker","Frozen Egg 2","Anchor","Sling","Juzu Bracelet"],"acts_visited":["Exordium","TheCity"],"potions_floor_usage":[11,16,23,25],"damage_taken":[{"damage":8,"enemies":"Jaw Worm","floor":1,"turns":3},{"damage":0,"enemies":"Cultist","floor":2,"turns":3},{"damage":0,"enemies":"2 Louse","floor":4,"turns":2},{"damage":14,"enemies":"3 Sentries","floor":6,"turns":7},{"damage":0,"enemies":"Looter","floor":7,"turns":2},{"damage":1,"enemies":"Gremlin Gang","floor":10,"turns":3},{"damage":0,"enemies":"Gremlin Nob","floor":11,"turns":2},{"damage":6,"enemies":"3 Sentries","floor":14,"turns":3},{"damage":27,"enemies":"Slime Boss","floor":16,"turns":11},{"damage":12,"enemies":"Spheric Guardian","floor":18,"turns":3},{"damage":4,"enemies":"Chosen","floor":19,"turns":4},{"damage":1,"enemies":"3 Cultists","floor":22,"turns":5},{"damage":11,"enemies":"Slavers","floor":23,"turns":4},{"damage":7,"enemies":"Centurion and Healer","floor":24,"turns":4},{"damage":28,"enemies":"Gremlin Leader","floor":25,"turns":2}],"seed_played":"7277481121275498964","potions_obtained":[{"floor":1,"key":"Dexterity Potion"},{"floor":14,"key":"PowerPotion"},{"floor":16,"key":"Dexterity Potion"},{"floor":19,"key":"HeartOfIron"},{"floor":23,"key":"SneckoOil"}],"is_trial":false,"path_per_floor":["M","M","?","M","$","E","M","R","T","M","E","?","?","E","R","B",null,"M","M","T","$","M","E","M","E"],"character_chosen":"IRONCLAD","items_purchased":["Block Potion","AttackPotion","Metallicize+1","Anchor","Sling"],"campfire_rested":0,"item_purchase_floors":[5,5,21,21,21],"current_hp_per_floor":[60,60,60,60,60,46,46,46,46,45,45,45,45,39,39,12,54,42,38,38,38,37,26,19,0,0],"gold":155,"neow_bonus":"BOSS_RELIC","is_daily":false,"chose_seed":false,"campfire_upgraded":2,"win_rate":0.0,"timestamp":1613994462,"path_taken":["M","M","?","?","$","E","?","R","T","M","E","?","?","E","R","BOSS","M","?","?","?","M","E","M","E"],"items_purchased_type":["Potion","Potion","Card","Relic","Relic"],"build_version":"2020-12-22","purchased_purges":0,"victory":false,"max_hp_per_floor":[75,75,75,75,75,75,75,75,75,75,75,68,68,68,68,68,68,68,68,68,68,68,68,68,68,68],"relic_stats":{"counters":[15,58],"Golden Idol":51,"Bronze Scales":[58],"Tiny Chest":1,"PreservedInsect":175,"Pen Nib":[9],"Juzu Bracelet":0,"MawBank":120,"obtain_stats":[{"Golden Idol":12,"Velvet Choker":17,"PreservedInsect":3,"Pen Nib":6,"Juzu Bracelet":23,"Frozen Egg 2":20,"MawBank":11,"Sling":21,"Burning Blood":0,"Anchor":21,"Bronze Scales":14,"Philosopher\u0027s Stone":0,"Tiny Chest":9},{"Golden Idol":7,"Velvet Choker":9,"PreservedInsect":2,"Pen Nib":4,"Juzu Bracelet":13,"Frozen Egg 2":11,"MawBank":7,"Sling":11,"Burning Blood":0,"Anchor":11,"Bronze Scales":8,"Philosopher\u0027s Stone":0,"Tiny Chest":5},{"Golden Idol":22,"Velvet Choker":36,"PreservedInsect":6,"Pen Nib":15,"Juzu Bracelet":52,"Frozen Egg 2":43,"MawBank":22,"Sling":43,"Burning Blood":0,"Anchor":43,"Bronze Scales":25,"Philosopher\u0027s Stone":0,"Tiny Chest":17}]},"card_choices":[{"not_picked":["Whirlwind","Inflame"],"picked":"Perfected Strike","floor":1},{"not_picked":["Sword Boomerang","Heavy Blade"],"picked":"Clash","floor":2},{"not_picked":["Cleave","Inflame"],"picked":"Clothesline","floor":4},{"not_picked":["Rage","Thunderclap"],"picked":"Wild Strike","floor":6},{"not_picked":["Sword Boomerang","Dropkick","Limit Break"],"picked":"SKIP","floor":7},{"not_picked":["Flex","Dual Wield"],"picked":"Pommel Strike","floor":10},{"not_picked":["Anger","Warcry"],"picked":"Burning Pact","floor":11},{"not_picked":["Body Slam","Sword Boomerang"],"picked":"Shrug It Off","floor":14},{"not_picked":["Barricade","Fiend Fire"],"picked":"Impervious","floor":16},{"not_picked":["Rampage","Havoc"],"picked":"Pommel Strike","floor":18},{"not_picked":["Reckless Charge","Sever Soul","Cleave"],"picked":"SKIP","floor":19},{"not_picked":["Twin Strike","Sword Boomerang","Flex"],"picked":"SKIP","floor":22},{"not_picked":["Headbutt","Anger"],"picked":"Perfected Strike","floor":23},{"not_picked":["Disarm","Clothesline+1"],"picked":"Corruption+1","floor":24}],"player_experience":851292,"relics_obtained":[{"floor":6,"key":"Pen Nib"},{"floor":9,"key":"Tiny Chest"},{"floor":11,"key":"MawBank"},{"floor":14,"key":"Bronze Scales"},{"floor":20,"key":"Frozen Egg 2"},{"floor":23,"key":"Juzu Bracelet"}],"event_choices":[{"damage_healed":0,"gold_gain":0,"player_choice":"Gave Potion","damage_taken":0,"relics_obtained":["PreservedInsect"],"max_hp_gain":0,"max_hp_loss":0,"event_name":"WeMeetAgain","floor":3,"gold_loss":0},{"damage_healed":0,"gold_gain":0,"player_choice":"Lose Max HP","damage_taken":0,"relics_obtained":["Golden Idol"],"max_hp_gain":0,"max_hp_loss":7,"event_name":"Golden Idol","floor":12,"gold_loss":0},{"damage_healed":0,"gold_gain":50,"player_choice":"Pray","damage_taken":0,"max_hp_gain":0,"max_hp_loss":0,"event_name":"Golden Shrine","floor":13,"gold_loss":0}],"is_beta":false,"boss_relics":[{"not_picked":["SlaversCollar","Fusion Hammer"],"picked":"Velvet Choker"}],"items_purged_floors":[],"is_endless":false,"potions_floor_spawned":[1,6,7,14,16,19,23,24],"killed_by":"Gremlin Leader","ascension_level":16}}