{"host":"xnjcin1g6gswdgtt","time":1613959950,"event":{"mods":["2.2 Compatiblity","Act Like it!","Astrologer","BaseMod","Beaked The Cultist","Better Altar","Better Match","Better Note","Better Sensory Stone","Better Skull","Better Third Choice","Better Vampires","BetterRewards","Bossed Relics","Card Forge","ChefMod","Colored Map","Colored Powertips","Conspire","Dark Map","Downfall","Duelist Mod","Elementarium","Energized Spire","Gold Saver","Gremlin Mod","GungeonMod","Hermit","Hero for Fun","Hubris","Jedi Mod","JesterMod","Marked Mod","Menagerie","Minty Spire (QoL Compilation)","QueenMod","Quick Restart","Rare Cards Sparkle","Relic Stats","Reliquary","Robot Space Explorer","Ruina","Shade Mod","Shapeshifter Mod","Shop Mod","Small Relic Pack","Smile Girya","Spicy Shops","StSLib","The Blue Laboratory","The Construct","The Cursed","The Death Knight","The Disciple","The Dragon Tamer","The Forsaken","The Hierophant","The Marked","The Poker Player","The Runesmith","The Servant 0.9.4","The Showman","The Wild Card","TheVacant","Trackpad","Yuri Mod"],"gold_per_floor":[119,132,142,22,22,22,22,36,61,108,126,164,217,228,228,347,347,358,372,297,297,337,408,408,423,446,481,536,590,638,261,261,400,400,414,414,414],"floor_reached":36,"language":"ENG","playtime":11177,"items_purged":[],"score":613,"play_id":"87be2df9-7b8b-4b91-82e8-b8515172ea21","local_time":"20210221201230","is_ascension_mode":false,"campfire_choices":[{"data":"yuri:BookPurple","floor":6,"key":"SMITH"},{"floor":15,"key":"REST"},{"floor":24,"key":"REST"},{"floor":32,"key":"REST"}],"circlet_count":0,"master_deck":["yuri:yuriStrike+1","yuri:yuriStrike+1","yuri:yuriDefend+1","yuri:yuriDefend+1","yuri:yuriDefend+1","yuri:Oolong+1","yuri:yuriStab+1","yuri:Spin+1","yuri:Parry+1","yuri:Torment+1","Menagerie:SagesJudgement+1","yuri:StealPen+1","yuri:WickedSlash+1","yuri:DejaVu+1","yuri:HeavierStrike+1","yuri:ThrowingKnives+1","yuri:UntestedCode+1","yuri:TeaSet+1","yuri:InsanityDefense+1","Elementarium:GildedForm+1","yuri:MagneticKnives+1","yuri:DistillInsanity+1","yuri:BookBlue+1","yuri:GreenTea+1","yuri:BookBlue+1","yuri:GrowingInsanity+1","yuri:DragonForm+1","yuri:CalmingAura+1"],"relics":["yuri:yuriKnife","Hammer of Thor","Seething Fire","Anvil of the Gods","theForsaken:PlagueMask","reliquary:Knoch","jedi:arcanewood","DemoMod:OrangeGuonStone","jedi:paperlyon","reliquary:Stiletto","Toy Ornithopter","jedi:cryingmask","theForsaken:Gavel","reliquary:FingerTrap","hubris:TenFootPole","Elementarium:ElementariumTrophy","trackpad:Trackpad","DemoMod:GlassGuonStoneRelic"],"acts_visited":["Menagerie:Menagerie","Elementarium:Elementarium","TheBeyond"],"potions_floor_usage":[27,27],"damage_taken":[{"damage":4,"enemies":"Menagerie:MonstrousExperiment","floor":1,"turns":3},{"damage":0,"enemies":"Menagerie:StygianBoar","floor":2,"turns":2},{"damage":0,"enemies":"Menagerie:2_RABBITS","floor":3,"turns":2},{"damage":12,"enemies":"Menagerie:STYGIAN_BOAR_AND_WHISPERING_WRAITH","floor":8,"turns":4},{"damage":2,"enemies":"Menagerie:VoidReaper","floor":10,"turns":3},{"damage":1,"enemies":"Menagerie:DREAD_MOTH_AND_GRAFTED_WORMS","floor":11,"turns":1},{"damage":6,"enemies":"Menagerie:BEAST_MAGE_AND_PROWLING_AMALGAM","floor":12,"turns":3},{"damage":9,"enemies":"Menagerie:MaskedSummoner","floor":13,"turns":4},{"damage":0,"enemies":"Menagerie:RedMage","floor":14,"turns":2},{"damage":8,"enemies":"Menagerie:Chimera","floor":16,"turns":5},{"damage":0,"enemies":"Elementarium:2_ELEMENTALS","floor":18,"turns":1},{"damage":1,"enemies":"Elementarium:Cyclone","floor":19,"turns":3},{"damage":2,"enemies":"Elementarium:3_ELEMENTALS","floor":22,"turns":4},{"damage":15,"enemies":"Elementarium:ElementalPortal","floor":23,"turns":6},{"damage":4,"enemies":"Elementarium:VOID_CORRUPTION_AND_ORB_OF_FIRE","floor":25,"turns":3},{"damage":12,"enemies":"Elementarium:WarGolem","floor":27,"turns":3},{"damage":16,"enemies":"Elementarium:Hydrostalker","floor":28,"turns":5},{"damage":27,"enemies":"Elementarium:VOID_CORRUPTION_AND_TAR_GOLEM","floor":29,"turns":6},{"damage":7,"enemies":"Elementarium:ElementalPortal","floor":30,"turns":5},{"damage":0,"enemies":"Elementarium:GolemEmperor","floor":33,"turns":8},{"damage":6,"enemies":"Orb Walker","floor":35,"turns":2}],"seed_played":"-6537790583025050619","potions_obtained":[{"floor":1,"key":"SteroidPotion"},{"floor":10,"key":"PowerPotion"},{"floor":11,"key":"FearPotion"},{"floor":13,"key":"DistilledChaos"},{"floor":33,"key":"SkillPotion"}],"is_trial":false,"path_per_floor":["M","M","M","$","?","R","?","M","T","E","M","M","E","M","R","B",null,"M","M","?","?","M","E","R","M","T","E","M","M","E","$","R","B",null,"M","?"],"character_chosen":"YURI","items_purchased":["yuri:BookPurple","reliquary:FingerTrap","yuri:GrowingInsanity","hubris:TenFootPole"],"campfire_rested":3,"item_purchase_floors":[4,31,31,31],"current_hp_per_floor":[84,88,88,88,88,88,83,71,71,76,75,76,74,81,88,80,88,88,87,87,78,76,68,78,78,78,68,59,39,45,45,68,78,78,78,0,0],"gold":414,"neow_bonus":"TEN_PERCENT_HP_BONUS","is_daily":false,"chose_seed":false,"campfire_upgraded":1,"win_rate":0.0,"timestamp":1613959950,"path_taken":["M","M","M","$","?","R","?","?","T","E","M","M","E","M","R","BOSS","M","M","?","?","?","E","R","M","T","E","M","M","E","$","R","BOSS","M","?"],"items_purchased_type":["Card","Relic","Card","Relic"],"build_version":"2020-12-22","purchased_purges":0,"victory":false,"max_hp_per_floor":[88,88,88,88,88,88,88,88,88,88,88,88,88,88,88,88,88,88,88,88,78,78,78,78,78,78,78,78,78,78,78,78,78,78,78,78,78],"relic_stats":{"counters":[21,75],"obtain_stats":[{"trackpad:Trackpad":34,"DemoMod:OrangeGuonStone":13,"yuri:yuriKnife":0,"Hammer of Thor":0,"DemoMod:GlassGuonStoneRelic":1,"Seething Fire":0,"theForsaken:PlagueMask":5,"theForsaken:Gavel":30,"Elementarium:ElementariumTrophy":33,"Anvil of the Gods":0,"jedi:paperlyon":17,"jedi:cryingmask":27,"reliquary:Stiletto":23,"hubris:TenFootPole":31,"reliquary:Knoch":9,"reliquary:FingerTrap":31,"jedi:arcanewood":10,"Toy Ornithopter":26},{"trackpad:Trackpad":20,"DemoMod:OrangeGuonStone":8,"yuri:yuriKnife":0,"Hammer of Thor":0,"DemoMod:GlassGuonStoneRelic":1,"Seething Fire":0,"theForsaken:PlagueMask":3,"theForsaken:Gavel":19,"Elementarium:ElementariumTrophy":20,"Anvil of the Gods":0,"jedi:paperlyon":10,"jedi:cryingmask":16,"reliquary:Stiletto":14,"hubris:TenFootPole":19,"reliquary:Knoch":4,"reliquary:FingerTrap":19,"jedi:arcanewood":5,"Toy Ornithopter":15},{"trackpad:Trackpad":73,"DemoMod:OrangeGuonStone":22,"yuri:yuriKnife":0,"Hammer of Thor":0,"DemoMod:GlassGuonStoneRelic":3,"Seething Fire":0,"theForsaken:PlagueMask":7,"theForsaken:Gavel":65,"Elementarium:ElementariumTrophy":73,"Anvil of the Gods":0,"jedi:paperlyon":29,"jedi:cryingmask":49,"reliquary:Stiletto":43,"hubris:TenFootPole":65,"reliquary:Knoch":11,"reliquary:FingerTrap":65,"jedi:arcanewood":14,"Toy Ornithopter":46}],"Toy Ornithopter":2},"card_choices":[{"not_picked":["yuri:yuriQuickStrike","yuri:ThrowBook"],"picked":"yuri:Spin","floor":1},{"not_picked":["yuri:DebugCard","yuri:DejaVu"],"picked":"yuri:Parry","floor":2},{"not_picked":["yuri:yuriHeavyStrike","yuri:DebugCard"],"picked":"yuri:Torment","floor":3},{"not_picked":["yuri:yuriQuickStrike","yuri:RecklessStrike"],"picked":"yuri:StealPen","floor":8},{"not_picked":["yuri:yuriQuickStrike","yuri:BrokenCode","yuri:GlitchedStrike"],"picked":"SKIP","floor":10},{"not_picked":["yuri:RecklessStrike","yuri:ThrowingKnives"],"picked":"yuri:WickedSlash","floor":11},{"not_picked":["yuri:ThrowBook","yuri:WickedSlash"],"picked":"yuri:DejaVu","floor":12},{"not_picked":["yuri:DeepBreathing","yuri:AdaptiveAI","yuri:ThrowBook"],"picked":"SKIP","floor":13},{"not_picked":["yuri:Stare","yuri:yuriHeavyStrike"],"picked":"yuri:HeavierStrike","floor":14},{"not_picked":["yuri:yuriHeavyStrike","yuri:Stare"],"picked":"yuri:ThrowingKnives+1","floor":18},{"not_picked":["yuri:Skip+1","yuri:TPose"],"picked":"yuri:UntestedCode","floor":19},{"not_picked":["yuri:RepairCode","yuri:MultiDip"],"picked":"yuri:TeaSet","floor":20},{"not_picked":["yuri:GreenTea","yuri:UntestedCode"],"picked":"yuri:InsanityDefense","floor":20},{"not_picked":["yuri:StealPen","yuri:CorruptHitbox"],"picked":"yuri:MagneticKnives","floor":22},{"not_picked":["yuri:TPose+1","yuri:CorruptHitbox"],"picked":"yuri:DistillInsanity","floor":23},{"not_picked":["yuri:Skip","yuri:DejaVu+1","yuri:GlitchedStrike"],"picked":"SKIP","floor":25},{"not_picked":["yuri:WickedSlash","yuri:Skip"],"picked":"yuri:BookBlue","floor":27},{"not_picked":["yuri:DebugCard","yuri:GlitchedStrike"],"picked":"yuri:BookPurple","floor":28},{"not_picked":["yuri:WickedSlash","yuri:MPose"],"picked":"yuri:GreenTea","floor":29},{"not_picked":["yuri:AdaptiveAI","yuri:InduceGlitch"],"picked":"yuri:BookBlue","floor":30},{"not_picked":["yuri:BlackTea","yuri:MirrorInsanity"],"picked":"yuri:DragonForm","floor":33},{"not_picked":["yuri:UnstableStrike+1","yuri:TPose+1"],"picked":"yuri:CalmingAura","floor":35}],"player_experience":184058,"relics_obtained":[{"floor":9,"key":"reliquary:Knoch"},{"floor":10,"key":"jedi:arcanewood"},{"floor":13,"key":"DemoMod:OrangeGuonStone"},{"floor":23,"key":"reliquary:Stiletto"},{"floor":26,"key":"Toy Ornithopter"},{"floor":27,"key":"jedi:cryingmask"},{"floor":30,"key":"theForsaken:Gavel"}],"event_choices":[{"damage_healed":0,"gold_gain":0,"player_choice":"Obtain Plague Curse","damage_taken":0,"max_hp_gain":0,"max_hp_loss":0,"event_name":"Plague Doctor","floor":5,"gold_loss":0,"cards_obtained":["theForsaken:PlagueCurse"]},{"damage_healed":0,"gold_gain":0,"player_choice":"Help the mage","damage_taken":5,"max_hp_gain":0,"max_hp_loss":0,"event_name":"Menagerie:MageAndMonster","floor":7,"gold_loss":0,"cards_obtained":["Menagerie:SagesJudgement"]},{"damage_healed":0,"gold_gain":0,"player_choice":"1","damage_taken":0,"max_hp_gain":0,"max_hp_loss":0,"event_name":"betterMatch:BetterMatch","floor":20,"gold_loss":0,"cards_obtained":["betterMatch:UncommonCard","betterMatch:UncommonCard"]},{"damage_healed":0,"gold_gain":0,"player_choice":"Dive in","damage_taken":0,"max_hp_gain":0,"max_hp_loss":10,"event_name":"Elementarium:FountainOfGold","floor":21,"gold_loss":0,"cards_obtained":["Elementarium:GildedForm"]}],"is_beta":false,"boss_relics":[{"not_picked":["beaked:MawFillet","hubris:VirtuousBlindfold"],"picked":"jedi:paperlyon"},{"not_picked":["Cursed Key","trackpad:StolenKidneys"],"picked":"trackpad:Trackpad"}],"items_purged_floors":[],"is_endless":false,"potions_floor_spawned":[1,10,11,13,18,23,25,30,33],"ascension_level":0}}