{"host":"rsokn1b2nrspb1iw","time":1613976725,"event":{"mods":["BaseMod","Better Altar","Better Match","Better Note","Better Sensory Stone","Better Skull","Better Third Choice","Better Vampires","BetterRewards","Block Reminder","Colored Map","Colored Powertips","Curses Come First","Custom Start","GifTheSpireLib","Hermit","Ironclad Rager","Minty Spire (QoL Compilation)","Quick Restart","Rare Cards Sparkle","Relic Stats","Spire Birthday Party","StSLib","Unceasing Turn Reminder"],"gold_per_floor":[119,145,145,95,111,111,111,131,131,131,30,30,48,61,61,61,61],"floor_reached":16,"language":"ENG","playtime":446,"items_purged":["ICR:Dodge"],"score":90,"play_id":"13ed9583-21b6-40b9-83b7-d2877ddc15c1","local_time":"20210221235205","is_ascension_mode":false,"campfire_choices":[{"floor":7,"key":"RECALL"},{"data":"Deadly Poison","floor":12,"key":"SMITH"},{"data":"ICR:VenomStrike","floor":15,"key":"SMITH"}],"circlet_count":0,"master_deck":["Survivor+1","Neutralize+1","ICR:VenomStrike+1","ICR:VenomStrike","ICR:VenomStrike","ICR:VenomStrike","ICR:VenomStrike","ICR:Dodge+1","ICR:Dodge","Deadly Poison+1"],"relics":["Ring of the Snake","Oddly Smooth Stone","War Paint"],"acts_visited":["Exordium"],"potions_floor_usage":[16,16],"damage_taken":[{"damage":0,"enemies":"Cultist","floor":1,"turns":4},{"damage":0,"enemies":"Small Slimes","floor":5,"turns":5},{"damage":0,"enemies":"2 Louse","floor":8,"turns":2},{"damage":0,"enemies":"Exordium Thugs","floor":13,"turns":4},{"damage":0,"enemies":"Looter","floor":14,"turns":3},{"damage":55,"enemies":"Slime Boss","floor":16,"turns":9}],"seed_played":"6028626388813530615","potions_obtained":[{"floor":1,"key":"Explosive Potion"},{"floor":5,"key":"ColorlessPotion"}],"is_trial":false,"path_per_floor":["M","T","?","?","M","?","R","M","T","?","$","R","M","M","R","B"],"character_chosen":"THE_SILENT","items_purchased":["Deadly Poison"],"campfire_rested":0,"item_purchase_floors":[11],"current_hp_per_floor":[70,70,63,63,63,63,63,63,63,51,51,51,51,51,51,0,0],"gold":61,"neow_bonus":"SILENT_POISONER","is_daily":false,"chose_seed":false,"campfire_upgraded":2,"win_rate":0.0,"timestamp":1613976725,"path_taken":["M","?","?","?","M","?","R","?","T","?","$","R","M","M","R","BOSS"],"items_purchased_type":["Card"],"build_version":"2020-12-22","purchased_purges":1,"victory":false,"max_hp_per_floor":[70,70,70,70,70,70,70,70,70,70,70,70,70,70,70,70,70],"relic_stats":{"counters":[6,27],"War Paint":["ICR:Dodge","Survivor"],"obtain_stats":[{"Oddly Smooth Stone":2,"War Paint":10,"Ring of the Snake":0},{"Oddly Smooth Stone":1,"War Paint":3,"Ring of the Snake":0},{"Oddly Smooth Stone":4,"War Paint":11,"Ring of the Snake":0}],"Ring of the Snake":[12]},"card_choices":[{"not_picked":["Expertise","Well Laid Plans","Footwork"],"picked":"SKIP","floor":1},{"not_picked":["Underhanded Strike","Finisher","Deflect"],"picked":"SKIP","floor":5},{"not_picked":["Blade Dance","Dagger Spray","Cloak And Dagger"],"picked":"SKIP","floor":8},{"not_picked":["Underhanded Strike","Tactician","Acrobatics"],"picked":"SKIP","floor":13},{"not_picked":["Backflip","Choke","Quick Slash"],"picked":"SKIP","floor":14}],"player_experience":189755,"relics_obtained":[{"floor":2,"key":"Oddly Smooth Stone"}],"event_choices":[{"cards_removed":["ICR:Dodge"],"damage_healed":0,"gold_gain":0,"player_choice":"Card Removal","damage_taken":7,"max_hp_gain":0,"max_hp_loss":0,"event_name":"Golden Wing","floor":3,"gold_loss":0},{"cards_removed":["ICR:Dodge"],"damage_healed":0,"gold_gain":0,"player_choice":"Card Removal","damage_taken":0,"max_hp_gain":0,"max_hp_loss":0,"event_name":"The Cleric","floor":4,"gold_loss":50},{"damage_healed":0,"gold_gain":0,"player_choice":"Upgraded","damage_taken":0,"max_hp_gain":0,"max_hp_loss":0,"event_name":"Upgrade Shrine","floor":6,"gold_loss":0,"cards_upgraded":["Neutralize"]},{"damage_healed":0,"gold_gain":0,"player_choice":"Relic ","damage_taken":12,"max_hp_gain":0,"max_hp_loss":0,"event_name":"betterThird:BetterScrap","floor":10,"gold_loss":0,"cards_obtained":["Fasting2"]}],"is_beta":false,"boss_relics":[],"items_purged_floors":[11],"is_endless":false,"potions_floor_spawned":[1,5],"killed_by":"Slime Boss","ascension_level":0}}