{"host":"pi8b3ffzwvxqztac","time":1613983022,"event":{"mods":["BaseMod","Colored Map","Custom Start","Downfall","Minty Spire (QoL Compilation)","StSLib"],"gold_per_floor":[110,110,130,130,130,130,155,167,202,229,70,105,121,138,138,233,233,247,347,363,29,44,77,37,47,47,61,61,81,92,117,117,214,214,228,281,297,342,342,370,370,397,397,175,175,192,210,227,227,227],"floor_reached":51,"language":"ENG","playtime":3239,"items_purged":["downfall:Malfunctioning"],"score":1007,"play_id":"ea366e31-22e8-4180-8db4-e5f3104508a2","local_time":"20210222213702","is_ascension_mode":true,"campfire_choices":[{"data":"Perfected Strike","floor":6,"key":"SMITH"},{"floor":8,"key":"REST"},{"data":"True Grit","floor":15,"key":"SMITH"},{"floor":28,"key":"REST"},{"floor":32,"key":"REST"},{"floor":41,"key":"REST"},{"floor":45,"key":"REST"},{"floor":49,"key":"REST"}],"circlet_count":0,"master_deck":["Strike_R+1","Strike_R","Strike_R","Strike_R+1","Strike_R","Defend_R","Defend_R","Defend_R","Defend_R","Bash+1","Immolate+1","Perfected Strike+1","Burning Pact+1","Flame Barrier","Thunderclap","Perfected Strike+1","True Grit+1","Seeing Red","Twin Strike","Double Tap","Wild Strike+1","Clothesline+1","Apotheosis","Fire Breathing","Power Through","Flame Barrier","Pommel Strike","True Grit+1","Shrug It Off","Warcry+1","Reaper","True Grit+1","Feel No Pain","Shrug It Off+1","Evolve","Uppercut+1","Seeing Red+1","Dark Embrace+1"],"relics":["Burning Blood","Gremlin Horn","MawBank","Centennial Puzzle","Regal Pillow","Fusion Hammer","Smiling Mask","Guardian:PocketSentry","hexamod:CandleOfCauterizing","Philosopher\u0027s Stone","Whetstone","champ:DuelingGlove","StrikeDummy","Pantograph","Red Skull","Medical Kit"],"acts_visited":["Exordium","TheCity","TheBeyond"],"potions_floor_usage":[12,18,23,29,31,31,38,42,48,48],"damage_taken":[{"damage":6,"enemies":"Jaw Worm","floor":1,"turns":4},{"damage":5,"enemies":"2 Louse","floor":3,"turns":2},{"damage":39,"enemies":"Gremlin Nob","floor":7,"turns":4},{"damage":0,"enemies":"Cultist","floor":10,"turns":3},{"damage":5,"enemies":"3 Sentries","floor":12,"turns":3},{"damage":7,"enemies":"Looter","floor":13,"turns":3},{"damage":9,"enemies":"Red Slaver","floor":14,"turns":2},{"damage":36,"enemies":"Slime Boss","floor":16,"turns":9},{"damage":11,"enemies":"Shell Parasite","floor":18,"turns":4},{"damage":2,"enemies":"Chosen","floor":20,"turns":4},{"damage":22,"enemies":"Sentry and Sphere","floor":22,"turns":4},{"damage":17,"enemies":"Gremlin Leader","floor":23,"turns":4},{"damage":24,"enemies":"Shelled Parasite and Fungi","floor":25,"turns":8},{"damage":0,"enemies":"Snecko","floor":27,"turns":3},{"damage":10,"enemies":"Centurion and Healer","floor":29,"turns":6},{"damage":6,"enemies":"Shelled Parasite and Fungi","floor":30,"turns":5},{"damage":6,"enemies":"Slavers","floor":31,"turns":3},{"damage":62,"enemies":"Automaton","floor":33,"turns":9},{"damage":9,"enemies":"Orb Walker","floor":35,"turns":3},{"damage":9,"enemies":"3 Darklings","floor":37,"turns":6},{"damage":54,"enemies":"2 Orb Walkers","floor":38,"turns":5},{"damage":39,"enemies":"Giant Head","floor":40,"turns":8},{"damage":39,"enemies":"Reptomancer","floor":42,"turns":5},{"damage":0,"enemies":"Jaw Worm Horde","floor":46,"turns":3},{"damage":25,"enemies":"Transient","floor":47,"turns":5},{"damage":7,"enemies":"Spire Growth","floor":48,"turns":4},{"damage":67,"enemies":"Awakened One","floor":50,"turns":16}],"seed_played":"5497059673033965947","potions_obtained":[{"floor":10,"key":"Explosive Potion"},{"floor":12,"key":"hexamod:SoulburnPotion"},{"floor":16,"key":"Explosive Potion"},{"floor":20,"key":"Weak Potion"},{"floor":29,"key":"Dexterity Potion"},{"floor":30,"key":"Weak Potion"},{"floor":37,"key":"EssenceOfSteel"},{"floor":38,"key":"Swift Potion"},{"floor":42,"key":"Energy Potion"},{"floor":47,"key":"DistilledChaos"}],"is_trial":false,"path_per_floor":["M","?","M","?","?","R","E","R","T","M","$","E","M","M","R","B",null,"M","?","M","$","M","E","?","M","T","M","R","M","M","E","R","B",null,"M","T","M","?","$","E","R","E","T","$","R","M","M","M","R","B",null],"character_chosen":"IRONCLAD","items_purchased":["Perfected Strike","True Grit","Apotheosis","Fire Breathing","Power Through","Medical Kit","Evolve"],"campfire_rested":6,"item_purchase_floors":[11,11,21,21,21,44,44],"current_hp_per_floor":[72,56,57,57,57,57,24,48,48,54,54,55,54,51,51,21,65,60,60,64,64,48,37,37,19,19,25,64,60,60,60,80,24,66,67,67,79,34,34,7,46,29,29,29,68,74,61,66,80,37],"gold":227,"neow_bonus":"ONE_RANDOM_RARE_CARD","is_daily":false,"chose_seed":false,"campfire_upgraded":2,"win_rate":0.0,"timestamp":1613983022,"path_taken":["M","?","M","?","?","R","E","R","T","?","$","E","M","M","R","BOSS","M","?","?","?","M","E","?","M","T","M","R","M","?","E","R","BOSS","M","?","M","?","?","E","R","E","T","$","R","M","M","M","R","BOSS"],"items_purchased_type":["Card","Card","Card","Card","Card","Relic","Card"],"build_version":"2020-12-22","purchased_purges":1,"victory":true,"max_hp_per_floor":[80,80,80,80,80,80,80,80,80,80,80,80,80,80,80,80,80,80,80,80,80,80,80,80,80,80,80,80,80,80,80,80,80,80,80,80,80,80,80,80,80,80,80,80,80,80,80,80,80,80],"card_choices":[{"not_picked":["Flex","Iron Wave"],"picked":"Perfected Strike","floor":1},{"not_picked":["Spot Weakness","Hemokinesis"],"picked":"Burning Pact","floor":3},{"not_picked":["Metallicize","Clothesline"],"picked":"Flame Barrier","floor":7},{"not_picked":["Cleave","Clash"],"picked":"Thunderclap","floor":10},{"not_picked":["Heavy Blade","Clash","Clothesline"],"picked":"SKIP","floor":12},{"not_picked":["Dual Wield","Havoc"],"picked":"Seeing Red","floor":13},{"not_picked":["Anger","Sever Soul"],"picked":"Twin Strike","floor":14},{"not_picked":["Limit Break","Juggernaut"],"picked":"Double Tap","floor":16},{"not_picked":["Clothesline","Dropkick+1"],"picked":"Wild Strike+1","floor":18},{"not_picked":["Blood for Blood","Pummel"],"picked":"Clothesline+1","floor":20},{"not_picked":["Anger","Body Slam"],"picked":"Flame Barrier","floor":22},{"not_picked":["Warcry","Dual Wield+1","Anger+1"],"picked":"SKIP","floor":23},{"not_picked":["True Grit","Barricade"],"picked":"Pommel Strike","floor":25},{"not_picked":["Flex","Clash"],"picked":"True Grit+1","floor":27},{"not_picked":["True Grit","Sever Soul","Cleave"],"picked":"SKIP","floor":29},{"not_picked":["Rupture","Headbutt"],"picked":"Shrug It Off","floor":30},{"not_picked":["Anger","Flex"],"picked":"Warcry+1","floor":31},{"not_picked":["Corruption","Double Tap"],"picked":"Reaper","floor":33},{"not_picked":["Clothesline","Thunderclap+1","Infernal Blade+1"],"picked":"SKIP","floor":35},{"not_picked":["Dropkick+1","Searing Blow"],"picked":"True Grit+1","floor":37},{"not_picked":["Cleave","Sever Soul+1"],"picked":"Feel No Pain","floor":38},{"not_picked":["Bloodletting","Cleave"],"picked":"Shrug It Off+1","floor":40},{"not_picked":["Reaper","Searing Blow","Headbutt"],"picked":"SKIP","floor":42},{"not_picked":["Carnage","Thunderclap"],"picked":"Uppercut+1","floor":46},{"not_picked":["Cleave","Clothesline"],"picked":"Seeing Red+1","floor":47},{"not_picked":["Spot Weakness","Flex+1"],"picked":"Dark Embrace+1","floor":48}],"player_experience":821845,"relics_obtained":[{"floor":7,"key":"MawBank"},{"floor":9,"key":"Centennial Puzzle"},{"floor":12,"key":"Regal Pillow"},{"floor":23,"key":"Smiling Mask"},{"floor":26,"key":"Guardian:PocketSentry"},{"floor":31,"key":"hexamod:CandleOfCauterizing"},{"floor":36,"key":"Whetstone"},{"floor":38,"key":"champ:DuelingGlove"},{"floor":40,"key":"StrikeDummy"},{"floor":42,"key":"Pantograph"},{"floor":43,"key":"Red Skull"}],"event_choices":[{"damage_healed":0,"gold_gain":0,"player_choice":"Entered Light","damage_taken":16,"max_hp_gain":0,"max_hp_loss":0,"event_name":"Shining Light","floor":2,"gold_loss":0,"cards_upgraded":["Strike_R","Bash"]},{"damage_healed":0,"gold_gain":0,"player_choice":"Box","damage_taken":0,"relics_obtained":["Gremlin Horn"],"max_hp_gain":0,"max_hp_loss":0,"event_name":"Big Fish","floor":4,"gold_loss":0,"cards_obtained":["Regret"]},{"damage_healed":0,"gold_gain":0,"cards_transformed":["Regret"],"player_choice":"Transformed","damage_taken":0,"max_hp_gain":0,"max_hp_loss":0,"event_name":"Transmorgrifier","floor":5,"gold_loss":0,"cards_obtained":["downfall:Malfunctioning"]},{"damage_healed":0,"gold_gain":100,"player_choice":"Pray","damage_taken":0,"max_hp_gain":0,"max_hp_loss":0,"event_name":"Golden Shrine","floor":19,"gold_loss":0},{"damage_healed":0,"gold_gain":0,"player_choice":"Upgraded Two","damage_taken":0,"max_hp_gain":0,"max_hp_loss":0,"event_name":"Designer","floor":24,"gold_loss":40,"cards_upgraded":["Burning Pact","Strike_R"]},{"damage_healed":0,"gold_gain":0,"player_choice":"Fight","damage_taken":0,"max_hp_gain":0,"max_hp_loss":0,"event_name":"Mysterious Sphere","floor":38,"gold_loss":0}],"is_beta":false,"boss_relics":[{"not_picked":["Empty Cage","Snecko Eye"],"picked":"Fusion Hammer"},{"not_picked":["Pandora\u0027s Box","Coffee Dripper"],"picked":"Philosopher\u0027s Stone"}],"items_purged_floors":[11],"is_endless":false,"potions_floor_spawned":[10,12,16,20,29,30,37,38,42,47],"ascension_level":7}}