{"host":"rdkn868dy8jmb7gs","time":1613971377,"event":{"mods":["Act Like it!","Arknights","BaseMod","BetterRewards","Colored Map","Colored Powertips","Custom Start","Gensokyo","Hubris","Marisa£®ÏF”Í°°ƒß¿Ì…≥£©","Minty Spire (QoL Compilation)","Reimu£®≤©¿ˆ¡È√Œ£©","Remilia£®¿Ÿ√◊¿Ú—«£©","Replay The Spire","Spicy Shops","StSLib","The Servant 0.9.4","Youmu£®ªÍ∆«—˝√Œ£©","°æ“≈ŒÔø®≈∆°øREMEMod","ÛÙª÷∏ƒœ"],"gold_per_floor":[111,111,129,129,129,162,190,215,242,267,278,309,309,309,309,309,31,109,109,124,124,124,4,4,37,37,71,97,126,126,152,152,187,187,259,259,277,292,74,74,1,30,43,78,78,107,127,145,156,188,188,188,188,188,29,55,55],"floor_reached":58,"language":"ZHS","playtime":2861,"items_purged":["ats:Strike V","ats:Strike S","ats:Strike C","ats:Defend","Pain","ats:Closed Bolt Burst Fire","ats:Armor Crushing Shot"],"score":3202,"play_id":"789605ad-3206-47c2-a0c8-5c12dd98f568","local_time":"20210222132257","is_ascension_mode":true,"campfire_choices":[{"data":"ats:Directed Diagnosis","floor":32.0,"key":"SMITH"},{"data":"ats:Shadow Assault","floor":34.0,"key":"SMITH"},{"floor":51,"key":"RECALL"},{"data":"REME_FirmDetermination","floor":54,"key":"SMITH"}],"circlet_count":0,"master_deck":["AscendersBane","ats:Strike G","ats:Defend","ats:Defend","ats:Defend","DoubleButterfly:ReiMu","ats:Healing Strengthening","ats:Revitalization","ats:Apocalypse","ats:Nebulous Foxfire","ats:Phantom","ats:Thorns","ats:Song Of Battle","ats:Shadow Raid","ats:Red Shift","ats:Assault Order","ats:LN2 Cannon","ats:Shadow Assault+1","ats:Literary Storm","ats:Fractured Body","ats:Calcification","ats:Directed Diagnosis+1","ats:Shadow Raid","ats:Chain Hook+1","ats:Rat Pack","ats:Chain Hook+1","ats:Hook Shot","ats:Beaten Up","Panacea","REME_FirmDetermination+1","REME_MagicPocketWatch+1","ReplayTheSpireMod:Brewmster+1","REME_HeartOfCthun+1","ats:Shadow Raid+1"],"relics":["ats:Sanity","REME_ComplimentaryCards","Membership Card","Chameleon Ring","Pen Nib","ClockworkSouvenir","Happy Flower","Matryoshka","Bronze Scales","Replay:Wax Seal","Blue Candle","WingedGreaves","Juzu Bracelet","Gensokyo:PerfectCherryBlossom","Gensokyo:Justice","ats:Originium","hubris:Reverence","Replay:Rubber Ducky","REME_PuzzleBoxRelic","Pear","Shuriken","REME_LimitBreaker","Gensokyo:LunaticRedEyes","hubris:Icosahedron","Smiling Mask","Bag of Marbles","TentaclePot:ReiMu","ats:Ability Aura","REME_LowDesire","Art of War","Dream Catcher","Gensokyo:MosesMiracle","Ring of Fury","Gensokyo:DemonMask","Letter Opener","REME_HandOfSuture","Oddly Smooth Stone","Replay:Bottled Flurry","hubris:FruitBowl","Medical Kit","Potion Belt","Durian","ats:Bonebreaker","RuthlessExorcism:ReiMu","Pantograph","ats:Tactical Delivery","Sling","hubris:EmptyBottle","Akabeko","MealTicket","hubris:CrystalStatue","Golden Egg","ats:Rhine Circuitry","Orrery","hubris:TinFlute"],"acts_visited":["Exordium","Gensokyo:Gensokyo","Gensokyo:Gensokyoer","TheEnding"],"potions_floor_usage":[50,57,57,57,57,57,57,57,57,57,57,57,57,57,57,57,57,57,57],"damage_taken":[{"damage":3.0,"enemies":"Gensokyo:Python","floor":1.0,"turns":4.0},{"damage":7.0,"enemies":"Gensokyo:Gryphon","floor":3.0,"turns":4.0},{"damage":8.0,"enemies":"Gensokyo:Mamizou","floor":6.0,"turns":7.0},{"damage":6.0,"enemies":"Gensokyo:Cirno","floor":7.0,"turns":6.0},{"damage":10.0,"enemies":"Gensokyo:Aya","floor":8.0,"turns":5.0},{"damage":7.0,"enemies":"Gensokyo:Mamizou","floor":10.0,"turns":4.0},{"damage":1.0,"enemies":"Gensokyo:2_Kodama","floor":11.0,"turns":3.0},{"damage":0.0,"enemies":"Gensokyo:Cirno","floor":12.0,"turns":5.0},{"damage":0.0,"enemies":"Gensokyo:Kokoro","floor":18.0,"turns":8.0},{"damage":0.0,"enemies":"Gensokyo:2_Gloops","floor":20.0,"turns":3.0},{"damage":1.0,"enemies":"Gensokyo:Koishi","floor":25.0,"turns":4.0},{"damage":0.0,"enemies":"Gensokyo:Tenshi","floor":27.0,"turns":2.0},{"damage":0.0,"enemies":"Gensokyo:CosmicMonolith","floor":29.0,"turns":3.0},{"damage":0.0,"enemies":"Gensokyo:Reisen","floor":31.0,"turns":5.0},{"damage":0.0,"enemies":"Gensokyo:Koishi","floor":33.0,"turns":6.0},{"damage":0.0,"enemies":"Gensokyo:Kaguya","floor":35.0,"turns":7.0},{"damage":0.0,"enemies":"Gensokyo:3_Boulders","floor":37.0,"turns":1.0},{"damage":0.0,"enemies":"Gensokyo:3_Bats","floor":38.0,"turns":2.0},{"damage":0.0,"enemies":"Gensokyo:Marisa","floor":42.0,"turns":3.0},{"damage":4.0,"enemies":"Gensokyo:AtlasGolem","floor":43.0,"turns":3.0},{"damage":0.0,"enemies":"Gensokyo:Kasen","floor":44.0,"turns":2.0},{"damage":0.0,"enemies":"Gensokyo:Marisa","floor":46.0,"turns":3.0},{"damage":0.0,"enemies":"Gensokyo:3_Boulders","floor":47.0,"turns":1.0},{"damage":0.0,"enemies":"Gensokyo:Rafflesia","floor":48.0,"turns":4.0},{"damage":0.0,"enemies":"Gensokyo:SeedOfUnknown","floor":49.0,"turns":4.0},{"damage":0,"enemies":"Gensokyo:Doremy","floor":50,"turns":3},{"damage":0,"enemies":"Gensokyo:Scarlet_Devils","floor":52,"turns":5},{"damage":2,"enemies":"Shield and Spear","floor":56,"turns":3},{"damage":0,"enemies":"The Heart","floor":57,"turns":5}],"seed_played":"-5809267996120377046","potions_obtained":[{"floor":1.0,"key":"LiquidBronze"},{"floor":8.0,"key":"ColorlessPotion"},{"floor":12.0,"key":"LifebloodPotion"},{"floor":18.0,"key":"Block Potion"},{"floor":20.0,"key":"EntropicBrew"},{"floor":29.0,"key":"Languid Potion"},{"floor":31.0,"key":"SteroidPotion"},{"floor":37.0,"key":"DuplicationPotion"},{"floor":47.0,"key":"BlessingOfTheForge"}],"is_trial":false,"path_per_floor":["M","?","M","?","?","E","E","E","T","E","M","E","?","PTL","PTL","?","R","B",null,"M","?","?","?","$","E","$","E","T","M","$","E","R","E","R","B",null,"M","M","$","?","$","E","M","E","T","E","M","M","M","E","R","B",null,"R","$","E","B",null],"character_chosen":"DOCTOR_CLASS","items_purchased":["ats:Healing Strengthening","ats:Revitalization","ats:Apocalypse","Membership Card","Chameleon Ring","Pen Nib","ClockworkSouvenir","ats:Closed Bolt Burst Fire","Happy Flower","ats:Nebulous Foxfire","ats:Phantom","Matryoshka","Bronze Scales","Replay:Wax Seal","Lee\u0027s Waffle","Blue Candle","WingedGreaves","Juzu Bracelet","ats:Thorns","Smiling Mask","Bag of Marbles","TentaclePot:ReiMu","hubris:FruitBowl","Medical Kit","Potion Belt","Durian","ats:Bonebreaker","ats:Hook Shot","Sling","hubris:EmptyBottle","ReplayTheSpireMod:Brewmster","Orrery"],"campfire_rested":0,"item_purchase_floors":[0,0,0,0,0,0,0,0,0,0,0,0,0,0,0,0,0,0,0,17,17,17,30,30,30,30,30,39,39,41,55,55],"current_hp_per_floor":[79,79,72,72,72,79,77,70,80,78,88,89,89,89,89,89,89,89,89,89,89,89,89,89,88,88,89,89,89,22,43,43,81,81,96,96,96,96,96,96,96,96,96,96,96,96,96,96,96,96,96,96,96,96,96,94,96],"gold":55,"neow_bonus":"","is_daily":false,"chose_seed":false,"campfire_upgraded":3,"win_rate":0.0,"timestamp":1613971377,"path_taken":["M","?","M","?","?","E","E","E","T","E","M","E","?","PTL","PTL","?","R","BOSS","M","?","?","?","?","E","?","E","T","M","?","E","R","E","R","BOSS","M","M","?","?","$","E","M","E","T","E","M","M","M","E","R","BOSS","R","$","E","BOSS"],"items_purchased_type":["Card","Card","Card","Relic","Relic","Relic","Relic","Card","Relic","Card","Card","Relic","Relic","Relic","Relic","Relic","Relic","Relic","Card","Relic","Relic","Relic","Relic","Relic","Relic","Relic","Relic","Card","Relic","Relic","Card","Relic"],"build_version":"2020-12-22","purchased_purges":7,"victory":true,"max_hp_per_floor":[79,79,79,79,79,79,79,79,89,89,89,89,89,89,89,89,89,89,89,89,89,89,89,89,89,89,89,89,89,96,96,96,96,96,96,96,96,96,96,96,96,96,96,96,96,96,96,96,96,96,96,96,96,96,96,96,96],"card_choices":[{"not_picked":["ats:Shell Defense","ats:Assault Order"],"picked":"ats:Shadow Raid","floor":1.0},{"not_picked":["ats:Consecutive Shot Auto","ats:Hammer On"],"picked":"ats:Red Shift","floor":3.0},{"not_picked":["ats:Curse Doll","ats:Shell Defense"],"picked":"ats:Assault Order","floor":4.0},{"not_picked":["ats:Automatic Cover","ats:Powerful Strike"],"picked":"ats:LN2 Cannon","floor":6.0},{"not_picked":["ats:Consecutive Shot Auto","ats:Explosion Area Strengthen","ats:Revitalization"],"picked":"SKIP","floor":7.0},{"not_picked":["ats:Ignite","ats:Support Order","ats:Absolute Focus"],"picked":"SKIP","floor":8.0},{"not_picked":["ats:Poison Spread","ats:Literary Storm"],"picked":"ats:Shadow Assault","floor":10.0},{"not_picked":["ats:Revitalization","ats:Consecutive Shot Auto","ats:LN2 Cannon"],"picked":"SKIP","floor":11.0},{"not_picked":["ats:Flame Of Heaven","ats:Guard Mode"],"picked":"ats:Literary Storm","floor":12.0},{"not_picked":["ats:Ambush","ats:Dogmatic Field"],"picked":"ats:Fractured Body","floor":18.0},{"not_picked":["ats:Ignite","ats:Hammer On","ats:Sword Rain","Dramatic Entrance"],"picked":"SKIP","floor":20.0},{"not_picked":["ats:Sunburst+1","ats:Apocalypse","Replay:Bootleg Shield Generator+1"],"picked":"ats:Calcification","floor":25.0},{"not_picked":["ats:Soul Rend","ats:Apocalypse","Replay:Sssssssssshield"],"picked":"ats:Directed Diagnosis","floor":27.0},{"not_picked":["ats:Serious Mode","ats:LN2 Cannon","ats:Blood Oath+1","ReplayTheSpireMod:Necrogeddon"],"picked":"SKIP","floor":29.0},{"not_picked":["ats:Defend Order+1","ats:Burning Ground","Bandage Up"],"picked":"ats:Shadow Raid","floor":31.0},{"not_picked":["ats:Shell Defense","ats:Defend Order+1","Replay:Bootleg Shield Generator"],"picked":"ats:Chain Hook+1","floor":33.0},{"not_picked":["ats:Calcification","ats:True Silver Slash","Mind Blast"],"picked":"ats:Rat Pack","floor":35.0},{"not_picked":["ats:Hammer On+1","ats:Absolute Focus","ats:Blood Oath","Discovery+1"],"picked":"SKIP","floor":37.0},{"not_picked":["ats:Leaping Hammer","ats:Song Of Battle","ReplayTheSpireMod:Uncanny Aura"],"picked":"ats:Chain Hook+1","floor":38.0},{"not_picked":["ats:Directed Diagnosis","ats:Shell Defense","Sadistic Nature"],"picked":"ats:Beaten Up","floor":42.0},{"not_picked":["ats:Leaping Hammer","ats:Directed Diagnosis","ats:Revitalization"],"picked":"Panacea","floor":43.0},{"not_picked":["ats:Dogmatic Field","ats:Consecutive Shot Auto+1","ats:Charging Defense+1"],"picked":"REME_FirmDetermination","floor":44.0},{"not_picked":["ats:Hook Shot+1","ats:Leaping Hammer+1","ats:Apocalypse","Mind Blast"],"picked":"SKIP","floor":46.0},{"not_picked":["ats:Revitalization","ats:Assault Order","ats:Poison Spread","HandOfGreed"],"picked":"SKIP","floor":47.0},{"not_picked":["ats:Absolute Focus","ats:Powerful Strike","ats:Closed Bolt Burst Fire","Bandage Up"],"picked":"SKIP","floor":48.0},{"not_picked":["ats:Collapsing Strike+1","ats:Burning Ground","ats:Thorns"],"picked":"REME_MagicPocketWatch+1","floor":49.0},{"not_picked":["ats:Directed Diagnosis","ats:Rapid Magazine","ats:Collapsing Strike","REME_EyeOfCthun"],"picked":"SKIP","floor":50},{"not_picked":["ats:Defend Order","ats:Demon Strength","ats:Flexible Camouflage"],"picked":"REME_HeartOfCthun","floor":55},{"not_picked":["ats:Nebulous Foxfire","ats:Calcification","Swift Strike"],"picked":"ats:Shadow Raid","floor":55},{"not_picked":["ats:Shell Defense","ats:Healing Strengthening+1","ats:LN2 Cannon+1","Sadistic Nature"],"picked":"SKIP","floor":56}],"player_experience":501314,"relics_obtained":[{"floor":6.0,"key":"ats:Originium"},{"floor":6.0,"key":"hubris:Reverence"},{"floor":7.0,"key":"ats:Originium"},{"floor":7.0,"key":"Replay:Rubber Ducky"},{"floor":8.0,"key":"ats:Originium"},{"floor":8.0,"key":"REME_PuzzleBoxRelic"},{"floor":9.0,"key":"Pear"},{"floor":10.0,"key":"ats:Originium"},{"floor":10.0,"key":"Shuriken"},{"floor":12.0,"key":"REME_LimitBreaker"},{"floor":19.0,"key":"Art of War"},{"floor":19.0,"key":"Dream Catcher"},{"floor":22.0,"key":"Ring of Fury"},{"floor":25.0,"key":"Letter Opener"},{"floor":27.0,"key":"REME_HandOfSuture"},{"floor":28.0,"key":"Oddly Smooth Stone"},{"floor":28.0,"key":"Replay:Bottled Flurry"},{"floor":29.0,"key":"Gensokyo:MosesMiracle"},{"floor":31.0,"key":"RuthlessExorcism:ReiMu"},{"floor":33.0,"key":"Pantograph"},{"floor":42.0,"key":"Akabeko"},{"floor":44.0,"key":"MealTicket"},{"floor":45.0,"key":"hubris:CrystalStatue"},{"floor":46.0,"key":"Golden Egg"},{"floor":50,"key":"ats:Rhine Circuitry"},{"floor":56,"key":"hubris:TinFlute"}],"event_choices":[],"is_beta":false,"boss_relics":[{"not_picked":["Replay:Ancient Bell","Snecko Heart"],"picked":"REME_LowDesire"},{"not_picked":["ChewingGum","Philosopher\u0027s Stone"],"picked":"ats:Tactical Delivery"}],"items_purged_floors":[0,0,0,0,17,39,39],"is_endless":false,"potions_floor_spawned":[1,8,12,18,20,29,31,37,47,48,50,56],"ascension_level":15}}