{"host":"y0i0tbisecj7yjyn","time":1613958024,"event":{"mods":["2.2 Compatiblity","AchievementEnabler","AlwaysNeverKeys","BaseMod","Better Third Choice","BetterRewards","Colored Map","Colored Powertips","Curses Come First","Disable Question Mark Monsters","Displayed Cursed Tome","Highlight Path","Keyboard Shortcuts","Minty Spire (QoL Compilation)","Quick Restart","Random Character Button","Rare Cards Sparkle","Relic Stats","Reliquary","Smile Girya","StSLib","SuperFastMode","The Marked","Transform Curses","Weighted Paths"],"gold_per_floor":[119,130,147,54,74,74,106,106,106,106,122,122,122,152,152,255,255,265,265,290,7,27,53,53,63,63,63,162,162,194,211,211,315,315,326,340,385,385,385],"floor_reached":38,"language":"ENG","playtime":2256,"items_purged":[],"score":464,"play_id":"2cbbfad5-864b-4018-b522-ddf50f5e122c","local_time":"20210221194024","is_ascension_mode":false,"campfire_choices":[{"data":"ForeignInfluence","floor":6,"key":"SMITH"},{"data":"Trip","floor":8,"key":"SMITH"},{"data":"Eruption","floor":10,"key":"SMITH"},{"data":"FearNoEvil","floor":13,"key":"SMITH"},{"floor":15,"key":"REST"},{"floor":24,"key":"REST"},{"floor":27,"key":"REST"},{"floor":32,"key":"REST"}],"circlet_count":0,"master_deck":["Strike_P","Strike_P+1","Strike_P","Strike_P","Defend_P+1","Defend_P","Defend_P","Defend_P","Eruption+1","Vigilance+1","Trip+1","EmptyFist","FearNoEvil+1","FearNoEvil+1","ForeignInfluence+1","FlurryOfBlows+1","Wish","Judgement","FlurryOfBlows+1","LessonLearned+1","PathToVictory+1","EmptyBody","CrushJoints","DevaForm","TalkToTheHand+1","Consecrate+1","PathToVictory+1"],"relics":["PureWater","Smiling Mask","Singing Bowl","Centennial Puzzle","Odd Mushroom","reliquary:ThirdArm","MutagenicStrength","Red Mask","Lantern","reliquary:Vitrine","reliquary:TridentHead","reliquary:GummyVitamins","reliquary:PorcupineQuills","reliquary:Solitaire"],"acts_visited":["Exordium","TheCity","TheBeyond"],"potions_floor_usage":[14,14,23,25,30,30,31,33,35,38],"damage_taken":[{"damage":1,"enemies":"Cultist","floor":1,"turns":3},{"damage":7,"enemies":"2 Louse","floor":2,"turns":2},{"damage":0,"enemies":"Small Slimes","floor":3,"turns":3},{"damage":3,"enemies":"Exordium Wildlife","floor":5,"turns":4},{"damage":16,"enemies":"Lagavulin","floor":7,"turns":4},{"damage":0,"enemies":"Large Slime","floor":11,"turns":3},{"damage":4,"enemies":"The Mushroom Lair","floor":14,"turns":3},{"damage":0,"enemies":"Slime Boss","floor":16,"turns":3},{"damage":3,"enemies":"3 Byrds","floor":18,"turns":3},{"damage":9,"enemies":"Masked Bandits","floor":20,"turns":3},{"damage":7,"enemies":"2 Thieves","floor":22,"turns":2},{"damage":18,"enemies":"Book of Stabbing","floor":23,"turns":2},{"damage":36,"enemies":"Shelled Parasite and Fungi","floor":25,"turns":8},{"damage":14,"enemies":"Slavers","floor":30,"turns":6},{"damage":0,"enemies":"Snake Plant","floor":31,"turns":2},{"damage":49,"enemies":"Automaton","floor":33,"turns":7},{"damage":7,"enemies":"Orb Walker","floor":35,"turns":2},{"damage":32,"enemies":"3 Darklings","floor":36,"turns":7},{"damage":28,"enemies":"Jaw Worm Horde","floor":37,"turns":4},{"damage":16,"enemies":"Mind Bloom Boss Battle","floor":38,"turns":3}],"seed_played":"-6432127432585569847","potions_obtained":[{"floor":3,"key":"Fire Potion"},{"floor":5,"key":"SpeedPotion"},{"floor":16,"key":"BlessingOfTheForge"},{"floor":20,"key":"EntropicBrew"},{"floor":22,"key":"EssenceOfSteel"},{"floor":23,"key":"BottledMiracle"},{"floor":37,"key":"DuplicationPotion"}],"is_trial":false,"path_per_floor":["M","M","M","?","M","R","E","R","T","R","M","?","R","?","R","B",null,"M","?","?","$","M","E","R","M","T","R","?","T","E","M","R","B",null,"M","M","M","?"],"character_chosen":"WATCHER","items_purchased":["Lantern","LessonLearned"],"campfire_rested":4,"item_purchase_floors":[21,21],"current_hp_per_floor":[71,64,64,64,61,61,47,47,47,47,47,47,47,43,65,65,74,71,71,64,64,57,39,61,25,25,47,47,47,33,35,58,9,78,71,39,11,0,0],"gold":385,"neow_bonus":"RANDOM_COLORLESS","is_daily":false,"chose_seed":false,"campfire_upgraded":4,"win_rate":0.0,"timestamp":1613958024,"path_taken":["M","M","M","?","M","R","E","R","T","R","?","?","R","?","R","BOSS","M","?","?","?","?","E","R","M","T","R","?","?","E","M","R","BOSS","M","M","M","?"],"items_purchased_type":["Relic","Card"],"build_version":"2020-12-22","purchased_purges":0,"victory":false,"max_hp_per_floor":[72,72,72,72,72,72,74,74,74,74,74,74,74,74,74,74,74,74,74,76,76,76,76,76,76,76,76,76,76,76,78,78,78,78,78,78,78,78,78],"relic_stats":{"Centennial Puzzle":[36],"Singing Bowl":6,"counters":[78,331],"Smiling Mask":0,"obtain_stats":[{"reliquary:Solitaire":34,"Lantern":29,"reliquary:Boomerang":6,"Gremlin Horn":11,"Singing Bowl":26,"reliquary:PartyBalloon":9,"Black Blood":34,"Vajra":46,"reliquary:BigHammer":17,"Mango":42,"reliquary:RedCape":17,"Bottled Tornado":13,"Ancient Tea Set":8,"reliquary:QuartzCube":10,"Smiling Mask":4,"reliquary:ThirdArm":17,"Burning Blood":0,"Blood Vial":30,"reliquary:TridentHead":14,"Centennial Puzzle":9,"Sundial":31,"reliquary:Buckler":4,"WingedGreaves":28,"Red Mask":20,"reliquary:Vitrine":47,"InkBottle":26,"Potion Belt":21,"Girya":7,"NeowsBlessing":0,"Golden Idol":5,"The Courier":43,"War Paint":46,"Odd Mushroom":14,"reliquary:IridiumChain":41,"WarpedTongs":2,"Bottled Flame":22,"Anchor":6,"reliquary:PorcupineQuills":10,"Bloody Idol":19,"Bronze Scales":24,"MutagenicStrength":19,"reliquary:GummyVitamins":9,"reliquary:TuningFork":9,"Toy Ornithopter":24},{"reliquary:Solitaire":74,"Lantern":15,"reliquary:Boomerang":46,"Gremlin Horn":25,"Singing Bowl":31,"reliquary:PartyBalloon":3,"Black Blood":34,"Vajra":41,"reliquary:BigHammer":28,"Mango":40,"reliquary:RedCape":7,"Bottled Tornado":26,"Ancient Tea Set":23,"reliquary:QuartzCube":23,"Smiling Mask":61,"reliquary:ThirdArm":66,"Burning Blood":0,"Blood Vial":32,"reliquary:TridentHead":57,"Centennial Puzzle":63,"Sundial":33,"reliquary:Buckler":44,"WingedGreaves":32,"Red Mask":68,"reliquary:Vitrine":42,"InkBottle":12,"Potion Belt":30,"Girya":3,"NeowsBlessing":0,"Golden Idol":2,"The Courier":40,"War Paint":41,"Odd Mushroom":65,"reliquary:IridiumChain":39,"WarpedTongs":18,"Bottled Flame":10,"Anchor":21,"reliquary:PorcupineQuills":48,"Bloody Idol":8,"Bronze Scales":31,"MutagenicStrength":67,"reliquary:GummyVitamins":54,"reliquary:TuningFork":47,"Toy Ornithopter":11},{"reliquary:Solitaire":315,"Lantern":43,"reliquary:Boomerang":215,"Gremlin Horn":97,"Singing Bowl":137,"reliquary:PartyBalloon":3,"Black Blood":157,"Vajra":192,"reliquary:BigHammer":119,"Mango":188,"reliquary:RedCape":15,"Bottled Tornado":104,"Ancient Tea Set":85,"reliquary:QuartzCube":85,"Smiling Mask":265,"reliquary:ThirdArm":282,"Burning Blood":0,"Blood Vial":142,"reliquary:TridentHead":252,"Centennial Puzzle":273,"Sundial":148,"reliquary:Buckler":209,"WingedGreaves":142,"Red Mask":288,"reliquary:Vitrine":200,"InkBottle":32,"Potion Belt":131,"Girya":3,"NeowsBlessing":0,"Golden Idol":2,"The Courier":188,"War Paint":192,"Odd Mushroom":279,"reliquary:IridiumChain":181,"WarpedTongs":57,"Bottled Flame":25,"Anchor":77,"reliquary:PorcupineQuills":225,"Bloody Idol":18,"Bronze Scales":137,"MutagenicStrength":285,"reliquary:GummyVitamins":240,"reliquary:TuningFork":216,"Toy Ornithopter":30}]},"card_choices":[{"not_picked":["Blind","Forethought"],"picked":"Trip","floor":0},{"not_picked":["Meditate","Consecrate"],"picked":"EmptyFist","floor":1},{"not_picked":["SashWhip","Study"],"picked":"FearNoEvil","floor":2},{"not_picked":["DeceiveReality","CarveReality"],"picked":"FearNoEvil","floor":3},{"not_picked":["Sanctity","EmptyMind"],"picked":"ForeignInfluence","floor":5},{"not_picked":["CutThroughFate","DeceiveReality","ClearTheMind"],"picked":"Singing Bowl","floor":7},{"not_picked":["ClearTheMind","Study"],"picked":"FlurryOfBlows","floor":11},{"not_picked":["CarveReality","Study"],"picked":"Wish","floor":14},{"not_picked":["Blasphemy","Wish"],"picked":"Judgement","floor":16},{"not_picked":["ReachHeaven","PathToVictory"],"picked":"FlurryOfBlows","floor":18},{"not_picked":["FlyingSleeves","Protect+1","Study+1"],"picked":"Singing Bowl","floor":20},{"not_picked":["Consecrate+1","Adaptation"],"picked":"PathToVictory+1","floor":22},{"not_picked":["FlyingSleeves","CutThroughFate"],"picked":"SashWhip","floor":23},{"not_picked":["CarveReality","Evaluate+1"],"picked":"EmptyBody","floor":25},{"not_picked":["WindmillStrike","DeusExMachina"],"picked":"CrushJoints","floor":30},{"not_picked":["WaveOfTheHand","Wallop","Protect"],"picked":"Singing Bowl","floor":31},{"not_picked":["Blasphemy","Brilliance"],"picked":"DevaForm","floor":33},{"not_picked":["ThirdEye+1","FlurryOfBlows"],"picked":"TalkToTheHand+1","floor":35},{"not_picked":["SandsOfTime","WreathOfFlame"],"picked":"Consecrate+1","floor":36},{"not_picked":["FollowUp+1","EmptyBody"],"picked":"PathToVictory+1","floor":37}],"player_experience":532560,"relics_obtained":[{"floor":7,"key":"Singing Bowl"},{"floor":9,"key":"Centennial Puzzle"},{"floor":14,"key":"Odd Mushroom"},{"floor":20,"key":"Red Mask"},{"floor":23,"key":"reliquary:Vitrine"},{"floor":26,"key":"reliquary:TridentHead"},{"floor":29,"key":"reliquary:GummyVitamins"},{"floor":30,"key":"reliquary:PorcupineQuills"}],"event_choices":[{"damage_healed":0,"gold_gain":0,"player_choice":"Paid Gold","damage_taken":0,"relics_obtained":["Smiling Mask"],"max_hp_gain":0,"max_hp_loss":0,"event_name":"WeMeetAgain","floor":4,"gold_loss":93},{"damage_healed":0,"gold_gain":0,"player_choice":"Grow","damage_taken":0,"max_hp_gain":0,"max_hp_loss":0,"event_name":"Living Wall","floor":12,"gold_loss":0,"cards_upgraded":["Vigilance"]},{"damage_healed":0,"gold_gain":0,"player_choice":"Fought Mushrooms","damage_taken":0,"max_hp_gain":0,"max_hp_loss":0,"event_name":"Mushrooms","floor":14,"gold_loss":0},{"damage_healed":0,"gold_gain":0,"player_choice":"Inject Mutagens","damage_taken":0,"relics_obtained":["MutagenicStrength"],"max_hp_gain":0,"max_hp_loss":0,"event_name":"Drug Dealer","floor":19,"gold_loss":0},{"damage_healed":0,"gold_gain":0,"player_choice":"Fought Bandits","damage_taken":0,"max_hp_gain":0,"max_hp_loss":0,"event_name":"Masked Bandits","floor":20,"gold_loss":0},{"damage_healed":0,"gold_gain":99,"player_choice":"Steal","damage_taken":0,"max_hp_gain":0,"max_hp_loss":0,"event_name":"betterThird:BetterNest","floor":28,"gold_loss":0},{"damage_healed":0,"gold_gain":0,"player_choice":"Fight","damage_taken":0,"max_hp_gain":0,"max_hp_loss":0,"event_name":"MindBloom","floor":38,"gold_loss":0}],"is_beta":false,"boss_relics":[{"not_picked":["Velvet Choker","Runic Dome"],"picked":"reliquary:ThirdArm"},{"not_picked":["Philosopher\u0027s Stone","reliquary:Ember"],"picked":"reliquary:Solitaire"}],"items_purged_floors":[],"is_endless":false,"potions_floor_spawned":[3,5,16,20,22,23,37],"killed_by":"Mind Bloom Boss Battle","ascension_level":0}}