{"host":"1mv6gj0zv8k9e9tz","time":1613976713,"event":{"mods":["AchievementEnabler","BaseMod","Better Third Choice","Colored Map","DeckTracker","Highlight Path","KOR Keyword Fix","Keyboard Shortcuts","Minty Spire (QoL Compilation)","Permanent Neow","Quick Restart","Rare Cards Sparkle","StSLib","SuperFastMode","everything is the same but u backflip on backflip"],"gold_per_floor":[117,131,146,146,60,60,72,106,132,132,156,156,156,199,199,282,282,307,316,37,62,81,111,111,130,154,169,169,185,212,212,212,295,295,319,81,0,22,40,40,77,77,140,152,170,53,53,73,73,73,73,73,73,24,56,56],"floor_reached":57,"language":"KOR","playtime":3204,"items_purged":["Sucker Punch","Shame"],"score":2878,"play_id":"7ca4bcc9-1fd2-4476-adbd-c363feab0cf1","local_time":"20210222155153","is_ascension_mode":true,"campfire_choices":[{"data":"Footwork","floor":6.0,"key":"SMITH"},{"floor":10.0,"key":"REST"},{"data":"Malaise","floor":12.0,"key":"SMITH"},{"data":"Acrobatics","floor":15.0,"key":"SMITH"},{"data":"Tactician","floor":24.0,"key":"SMITH"},{"data":"Calculated Gamble","floor":28.0,"key":"SMITH"},{"data":"Acrobatics","floor":32.0,"key":"SMITH"},{"data":"Tactician","floor":40.0,"key":"SMITH"},{"data":"After Image","floor":42.0,"key":"SMITH"},{"data":"Acrobatics","floor":47,"key":"SMITH"},{"floor":49,"key":"RECALL"},{"data":"Madness","floor":53,"key":"SMITH"}],"circlet_count":0,"master_deck":["AscendersBane","Survivor","Neutralize","Acrobatics+1","Heel Hook","Endless Agony","Deflect","Backstab","Glass Knife","After Image","After Image","Slice","Bouncing Flask+1","Deadly Poison","Noxious Fumes","Footwork+1","Escape Plan","Backflip","Malaise+1","Reflex","After Image+1","Well Laid Plans+1","Crippling Poison","Blur","Tactician+1","Calculated Gamble+1","Acrobatics+1","Venomology","Tactician+1","Crippling Poison+1","Tactician","Madness+1","Madness","Acrobatics+1","Deadly Poison"],"relics":["Pandora\u0027s Box","CeramicFish","Snake Skull","Bag of Preparation","Ancient Tea Set","HoveringKite","Paper Crane","Meat on the Bone","Bag of Marbles","Cursed Key","TheAbacus","Red Mask","Singing Bowl","Lantern"],"acts_visited":["Exordium","TheCity","TheBeyond","TheEnding"],"potions_floor_usage":[44,48,50,51,55,56,56],"damage_taken":[{"damage":0.0,"enemies":"Cultist","floor":1.0,"turns":3.0},{"damage":0.0,"enemies":"2 Louse","floor":2.0,"turns":1.0},{"damage":4.0,"enemies":"Jaw Worm","floor":3.0,"turns":2.0},{"damage":14.0,"enemies":"Large Slime","floor":7.0,"turns":4.0},{"damage":37.0,"enemies":"Gremlin Nob","floor":8.0,"turns":4.0},{"damage":4.0,"enemies":"Exordium Wildlife","floor":11.0,"turns":2.0},{"damage":6.0,"enemies":"3 Sentries","floor":14.0,"turns":7.0},{"damage":0.0,"enemies":"The Guardian","floor":16.0,"turns":6.0},{"damage":1.0,"enemies":"Shell Parasite","floor":18.0,"turns":4.0},{"damage":0.0,"enemies":"Spheric Guardian","floor":21.0,"turns":4.0},{"damage":25.0,"enemies":"Snake Plant","floor":22.0,"turns":4.0},{"damage":19.0,"enemies":"Slavers","floor":23.0,"turns":6.0},{"damage":9.0,"enemies":"Centurion and Healer","floor":25.0,"turns":6.0},{"damage":10.0,"enemies":"Shelled Parasite and Fungi","floor":27.0,"turns":5.0},{"damage":0.0,"enemies":"3 Cultists","floor":29.0,"turns":5.0},{"damage":2.0,"enemies":"Snecko","floor":30.0,"turns":5.0},{"damage":10.0,"enemies":"Champ","floor":33.0,"turns":9.0},{"damage":0.0,"enemies":"3 Shapes","floor":35.0,"turns":4.0},{"damage":0.0,"enemies":"Orb Walker","floor":38.0,"turns":2.0},{"damage":16.0,"enemies":"3 Darklings","floor":39.0,"turns":5.0},{"damage":0.0,"enemies":"Giant Head","floor":41.0,"turns":5.0},{"damage":5,"enemies":"4 Shapes","floor":44,"turns":6},{"damage":0,"enemies":"Transient","floor":48,"turns":6},{"damage":14,"enemies":"Time Eater","floor":50,"turns":13},{"damage":1,"enemies":"Donu and Deca","floor":51,"turns":8},{"damage":0,"enemies":"Shield and Spear","floor":55,"turns":5},{"damage":29,"enemies":"The Heart","floor":56,"turns":10}],"seed_played":"598559788523236119","potions_obtained":[{"floor":2.0,"key":"SpeedPotion"},{"floor":7.0,"key":"CultistPotion"},{"floor":14.0,"key":"DuplicationPotion"},{"floor":16.0,"key":"Regen Potion"},{"floor":22.0,"key":"CunningPotion"},{"floor":25.0,"key":"EntropicBrew"},{"floor":38.0,"key":"Poison Potion"}],"is_trial":false,"path_per_floor":["M","M","M","?","$","R","M","E","T","R","M","R","T","E","R","B",null,"M","?","$","M","M","E","R","M","T","M","R","M","M","?","R","B",null,"M","$","?","M","M","R","E","R","T","M","?","$","R","M","R","B","B",null,"R","$","E","B",null],"character_chosen":"THE_SILENT","items_purchased":["Footwork","Paper Crane","TheAbacus","Acrobatics","Deadly Poison"],"campfire_rested":1,"item_purchase_floors":[5,20,36,46,54],"current_hp_per_floor":[59,59,55,55,55,55,41,4,4,23,19,19,19,13,13,13,53,52,52,52,66,41,22,22,25,25,27,27,39,37,19,19,21,59,59,59,59,59,43,43,43,43,43,55,42,42,42,44,44,42,41,67,67,67,69,40],"gold":56,"neow_bonus":"BOSS_RELIC","is_daily":false,"chose_seed":false,"campfire_upgraded":10,"win_rate":0.0,"timestamp":1613976713,"path_taken":["M","M","?","?","?","R","M","E","T","R","M","R","?","E","R","BOSS","M","?","$","M","M","E","R","M","T","M","R","M","M","?","R","BOSS","M","$","?","M","M","R","E","R","T","M","?","?","R","M","R","BOSS","BOSS","R","$","E","BOSS"],"items_purchased_type":["Card","Relic","Relic","Card","Card"],"build_version":"2020-12-22","purchased_purges":2,"victory":true,"max_hp_per_floor":[66,66,66,66,66,66,66,66,66,66,66,66,66,66,66,66,66,66,66,66,66,66,66,66,66,66,66,66,66,66,71,71,71,71,71,71,71,71,71,71,71,71,71,73,73,73,73,75,75,75,75,75,75,75,77,77],"card_choices":[{"not_picked":["Deadly Poison","Dagger Throw"],"picked":"Bouncing Flask","floor":1.0},{"not_picked":["Caltrops","Skewer"],"picked":"Deadly Poison","floor":2.0},{"not_picked":["Heel Hook","Masterful Stab"],"picked":"Noxious Fumes","floor":3.0},{"not_picked":["Sucker Punch","Underhanded Strike"],"picked":"Escape Plan","floor":7.0},{"not_picked":["Bane","Concentrate"],"picked":"Backflip","floor":8.0},{"not_picked":["Dash","Reflex"],"picked":"Malaise","floor":11.0},{"not_picked":["Cloak And Dagger","Masterful Stab"],"picked":"Reflex","floor":14.0},{"not_picked":["Glass Knife","Storm of Steel"],"picked":"After Image","floor":16.0},{"not_picked":["Blade Dance","Backstab"],"picked":"Well Laid Plans+1","floor":18.0},{"not_picked":["Riddle With Holes","Slice"],"picked":"Blur","floor":21.0},{"not_picked":["Sucker Punch","Dodge and Roll+1"],"picked":"Tactician","floor":22.0},{"not_picked":["Dagger Spray","Underhanded Strike","Terror"],"picked":"SKIP","floor":23.0},{"not_picked":["Predator+1","Prepared"],"picked":"Calculated Gamble","floor":25.0},{"not_picked":["Predator","Poisoned Stab","Bane"],"picked":"SKIP","floor":27.0},{"not_picked":["Dagger Throw","Prepared","Bane"],"picked":"SKIP","floor":29.0},{"not_picked":["Unload","Backstab"],"picked":"Acrobatics","floor":30.0},{"not_picked":["Die Die Die","Phantasmal Killer"],"picked":"Venomology","floor":33.0},{"not_picked":["Deflect","Dagger Throw"],"picked":"Tactician","floor":35.0},{"not_picked":["Expertise+1","Bane+1"],"picked":"Crippling Poison+1","floor":38.0},{"not_picked":["Blade Dance+1","Quick Slash","Noxious Fumes"],"picked":"SKIP","floor":39.0},{"not_picked":["Quick Slash","Outmaneuver+1"],"picked":"Tactician","floor":41.0},{"not_picked":["Prepared","Deflect+1","Eviscerate"],"picked":"Singing Bowl","floor":44},{"not_picked":["Backflip","Tactician","Dagger Spray"],"picked":"Singing Bowl","floor":48},{"not_picked":["Crippling Poison","Well Laid Plans","Corpse Explosion"],"picked":"Singing Bowl","floor":55}],"player_experience":655507,"relics_obtained":[{"floor":8.0,"key":"CeramicFish"},{"floor":9.0,"key":"Snake Skull"},{"floor":13.0,"key":"Bag of Preparation"},{"floor":14.0,"key":"Ancient Tea Set"},{"floor":23.0,"key":"Meat on the Bone"},{"floor":26.0,"key":"Bag of Marbles"},{"floor":41.0,"key":"Singing Bowl"},{"floor":55,"key":"Lantern"}],"event_choices":[{"damage_healed":0.0,"max_hp_gain":0.0,"max_hp_loss":0.0,"gold_gain":0.0,"event_name":"Accursed Blacksmith","player_choice":"Forge","floor":4.0,"gold_loss":0.0,"damage_taken":0.0,"cards_upgraded":["Bouncing Flask"]},{"damage_healed":0.0,"max_hp_gain":0.0,"max_hp_loss":0.0,"gold_gain":0.0,"event_name":"The Library","player_choice":"Read","floor":19.0,"gold_loss":0.0,"damage_taken":0.0,"cards_obtained":["Crippling Poison"]},{"damage_healed":0.0,"max_hp_gain":5.0,"max_hp_loss":0.0,"gold_gain":0.0,"event_name":"Forgotten Altar","player_choice":"Shed Blood","floor":31.0,"gold_loss":0.0,"damage_taken":23.0},{"damage_healed":0.0,"max_hp_gain":0.0,"max_hp_loss":0.0,"gold_gain":0.0,"event_name":"Tomb of Lord Red Mask","player_choice":"Paid","floor":37.0,"gold_loss":81.0,"damage_taken":0.0,"relics_obtained":["Red Mask"]},{"damage_healed":0,"gold_gain":0,"player_choice":"Embrace Madness","damage_taken":13,"max_hp_gain":0,"max_hp_loss":0,"event_name":"Winding Halls","floor":45,"gold_loss":0,"cards_obtained":["Madness","Madness"]}],"is_beta":false,"boss_relics":[{"not_picked":["Busted Crown","SlaversCollar"],"picked":"HoveringKite"},{"not_picked":["Philosopher\u0027s Stone","Snecko Eye"],"picked":"Cursed Key"}],"items_purged_floors":[36,46],"is_endless":false,"potions_floor_spawned":[2,7,14,16,22,25,29,38,41,44,55],"ascension_level":20}}