{"host":"uuef13iiy6j2c50k","time":1613957678,"event":{"mods":["BaseMod","Minty Spire (QoL Compilation)","Quick Restart","Relic Stats","Slay-I","StSLib","SuperFastMode"],"gold_per_floor":[113,113,43,43,57,97,97,97,97,97,122,156,174,212,212,335,335,353,26,46,96,117,161,161,7,34,34,84,125,145,168,168,293,293,309,184,209,259,309,309,345,345,372,403,469,582,582,432,432,432,432,432,25,64,64],"floor_reached":56,"language":"ENG","playtime":2191,"items_purged":["Strike_R","Strike_R","Strike_R","Strike_R","Strike_R"],"score":1618,"play_id":"3bd1196b-f9e2-40d2-995d-290aa8e49d44","local_time":"20210221153438","is_ascension_mode":true,"campfire_choices":[{"data":"Limit Break","floor":8.0,"key":"SMITH"},{"data":"Heavy Blade","floor":10.0,"key":"SMITH"},{"data":"True Grit","floor":15.0,"key":"SMITH"},{"data":"Spot Weakness","floor":24.0,"key":"SMITH"},{"data":"Disarm","floor":27.0,"key":"SMITH"},{"data":"Disarm","floor":32,"key":"SMITH"},{"floor":40,"key":"RECALL"},{"data":"Sword Boomerang","floor":42,"key":"SMITH"},{"data":"Brutality","floor":47,"key":"SMITH"},{"data":"Rupture","floor":49,"key":"SMITH"},{"data":"Clothesline","floor":52,"key":"SMITH"}],"circlet_count":0,"master_deck":["Defend_R","Defend_R","Defend_R","Defend_R","Bash","Heavy Blade+1","Limit Break+1","Disarm+1","Reaper","Disarm+1","Spot Weakness+1","True Grit+1","Brutality+1","Clothesline+1","Rupture+1","Battle Trance+1","True Grit+1","Shrug It Off","Sword Boomerang+1","Entrench+1","Shrug It Off+1","Flame Barrier+1","True Grit+1","Disarm"],"relics":["Burning Blood","NeowsBlessing","Golden Idol","FossilizedHelix","SsserpentHead","Ice Cream","Ginger","Torii","Philosopher\u0027s Stone","Bottled Lightning","Enchiridion","Regal Pillow","Lantern","CaptainsWheel","Runic Cube","Singing Bowl","Happy Flower","Kunai","Prayer Wheel","Medical Kit","Pen Nib"],"acts_visited":["Exordium","TheCity","TheBeyond","TheEnding"],"potions_floor_usage":[37,41],"damage_taken":[{"damage":0.0,"enemies":"Jaw Worm","floor":1.0,"turns":1.0},{"damage":0.0,"enemies":"2 Louse","floor":5.0,"turns":1.0},{"damage":0.0,"enemies":"Gremlin Nob","floor":6.0,"turns":1.0},{"damage":0.0,"enemies":"Cultist","floor":11.0,"turns":3.0},{"damage":14.0,"enemies":"Lagavulin","floor":12.0,"turns":8.0},{"damage":0.0,"enemies":"3 Louse","floor":13.0,"turns":4.0},{"damage":35.0,"enemies":"3 Sentries","floor":14.0,"turns":7.0},{"damage":0.0,"enemies":"Slime Boss","floor":16.0,"turns":8.0},{"damage":34.0,"enemies":"2 Thieves","floor":18.0,"turns":5.0},{"damage":12.0,"enemies":"Shell Parasite","floor":20.0,"turns":9.0},{"damage":24.0,"enemies":"Centurion and Healer","floor":22.0,"turns":6.0},{"damage":27.0,"enemies":"Book of Stabbing","floor":23.0,"turns":6.0},{"damage":23,"enemies":"Gremlin Leader","floor":29,"turns":6},{"damage":10,"enemies":"Chosen and Byrds","floor":30,"turns":5},{"damage":1,"enemies":"Snake Plant","floor":31,"turns":3},{"damage":14,"enemies":"Champ","floor":33,"turns":8},{"damage":4,"enemies":"3 Darklings","floor":35,"turns":5},{"damage":6,"enemies":"3 Shapes","floor":37,"turns":5},{"damage":65,"enemies":"Reptomancer","floor":41,"turns":6},{"damage":33,"enemies":"Nemesis","floor":44,"turns":15},{"damage":19,"enemies":"Transient","floor":45,"turns":5},{"damage":13,"enemies":"Mind Bloom Boss Battle","floor":46,"turns":11},{"damage":18,"enemies":"Time Eater","floor":50,"turns":10},{"damage":49,"enemies":"Shield and Spear","floor":54,"turns":8},{"damage":163,"enemies":"The Heart","floor":55,"turns":12}],"seed_played":"1716318929599671329","potions_obtained":[{"floor":5.0,"key":"SpeedPotion"},{"floor":11.0,"key":"FearPotion"},{"floor":14.0,"key":"Strength Potion"},{"floor":22.0,"key":"Strength Potion"},{"floor":37,"key":"Fruit Juice"},{"floor":46,"key":"ElixirPotion"}],"is_trial":false,"path_per_floor":["M","?","$","?","M","E","?","R","T","R","M","E","M","E","R","B",null,"M","$","M","?","M","E","R","$","T","R","?","E","M","M","R","B",null,"M","$","M","?","T","R","E","R","T","E","M","?","R","$","R","B",null,"R","$","E","B",null],"character_chosen":"IRONCLAD","items_purchased":["Limit Break","Bottled Lightning","Shrug It Off","Disarm","Medical Kit"],"campfire_rested":0,"item_purchase_floors":[3,19,25,53,53],"current_hp_per_floor":[80,85,85,64,70,76,76,76,76,76,82,80,85,76,76,82,84,59,59,83,67,74,79,79,79,79,79,79,85,85,85,85,85,85,85,85,85,81,81,81,57,57,57,76,65,92,92,92,92,92,92,92,92,94,8],"gold":64,"neow_bonus":"THREE_ENEMY_KILL","is_daily":false,"chose_seed":false,"campfire_upgraded":10,"win_rate":0.0,"timestamp":1613957678,"path_taken":["M","?","$","?","M","E","?","R","T","R","M","E","M","E","R","BOSS","M","$","M","?","M","E","R","$","T","R","?","E","M","M","R","BOSS","M","$","M","?","?","R","E","R","T","E","?","?","R","$","R","BOSS","R","$","E","BOSS"],"items_purchased_type":["Card","Relic","Card","Card","Relic"],"build_version":"2020-12-22","purchased_purges":5,"victory":true,"max_hp_per_floor":[80,85,85,85,85,85,85,85,85,85,85,85,85,85,85,85,85,85,85,85,85,85,85,85,85,85,85,85,85,85,85,85,85,85,85,85,85,81,81,81,88,88,88,88,90,92,92,92,92,92,92,92,92,94,94],"relic_stats":{"Regal Pillow":0,"Torii":45,"Singing Bowl":8,"Happy Flower":[20],"counters":[25,158],"Golden Idol":217,"Pen Nib":[0],"Ginger":[13],"Medical Kit":[0],"Burning Blood":95,"SsserpentHead":300,"Prayer Wheel":0,"Kunai":[2],"obtain_stats":[{"Ice Cream":9,"Regal Pillow":23,"Lantern":26,"NeowsBlessing":0,"Torii":14,"Singing Bowl":41,"Happy Flower":43,"Golden Idol":4,"Enchiridion":21,"Pen Nib":54,"Ginger":12,"Medical Kit":53,"Burning Blood":0,"SsserpentHead":7,"CaptainsWheel":29,"Philosopher\u0027s Stone":17,"Prayer Wheel":46,"Bottled Lightning":19,"Kunai":44,"FossilizedHelix":6,"Runic Cube":34},{"Ice Cream":3,"Regal Pillow":12,"Lantern":12,"NeowsBlessing":0,"Torii":7,"Singing Bowl":19,"Happy Flower":19,"Golden Idol":1,"Enchiridion":10,"Pen Nib":24,"Ginger":5,"Medical Kit":23,"Burning Blood":0,"SsserpentHead":3,"CaptainsWheel":13,"Philosopher\u0027s Stone":8,"Prayer Wheel":22,"Bottled Lightning":9,"Kunai":20,"FossilizedHelix":3,"Runic Cube":16},{"Ice Cream":3,"Regal Pillow":59,"Lantern":59,"NeowsBlessing":0,"Torii":25,"Singing Bowl":97,"Happy Flower":97,"Golden Idol":1,"Enchiridion":47,"Pen Nib":146,"Ginger":14,"Medical Kit":138,"Burning Blood":0,"SsserpentHead":3,"CaptainsWheel":65,"Philosopher\u0027s Stone":33,"Prayer Wheel":128,"Bottled Lightning":38,"Kunai":112,"FossilizedHelix":3,"Runic Cube":81}],"Runic Cube":[105]},"card_choices":[{"not_picked":["Havoc","Flex"],"picked":"Heavy Blade","floor":1.0},{"not_picked":["Sword Boomerang","Warcry"],"picked":"Disarm","floor":5.0},{"not_picked":["Pommel Strike","Clash"],"picked":"Reaper","floor":6.0},{"not_picked":["Pommel Strike","Hemokinesis"],"picked":"Disarm","floor":11.0},{"not_picked":["Rampage","Infernal Blade"],"picked":"Spot Weakness","floor":12.0},{"not_picked":["Thunderclap","Rampage"],"picked":"True Grit","floor":13.0},{"not_picked":["Disarm","Sentinel","Infernal Blade"],"picked":"SKIP","floor":14.0},{"not_picked":["Juggernaut","Bludgeon"],"picked":"Brutality","floor":16.0},{"not_picked":["Bloodletting","Clash"],"picked":"Clothesline","floor":18.0},{"not_picked":["Cleave+1","Thunderclap+1"],"picked":"Rupture","floor":20.0},{"not_picked":["Wild Strike+1","Clothesline"],"picked":"Battle Trance+1","floor":22.0},{"not_picked":["Pummel","Berserk"],"picked":"True Grit+1","floor":23.0},{"not_picked":["Wild Strike+1","Cleave+1"],"picked":"Entrench+1","floor":29},{"not_picked":["Sword Boomerang","Ghostly Armor+1","Sever Soul"],"picked":"SKIP","floor":30},{"not_picked":["Searing Blow","Power Through"],"picked":"Shrug It Off+1","floor":31},{"not_picked":["Anger+1","Sword Boomerang"],"picked":"Flame Barrier+1","floor":35},{"not_picked":["Thunderclap","Clash","Rampage"],"picked":"SKIP","floor":37},{"not_picked":["Warcry+1","Anger","Headbutt+1"],"picked":"Singing Bowl","floor":41},{"not_picked":["Rupture","Iron Wave"],"picked":"True Grit+1","floor":44},{"not_picked":["Thunderclap","Dropkick+1","Corruption"],"picked":"Singing Bowl","floor":45},{"not_picked":["Carnage+1","True Grit","Havoc+1"],"picked":"Singing Bowl","floor":46},{"not_picked":["Armaments+1","Seeing Red+1","True Grit"],"picked":"Singing Bowl","floor":54}],"player_experience":58089,"relics_obtained":[{"floor":6.0,"key":"FossilizedHelix"},{"floor":9.0,"key":"Ice Cream"},{"floor":12.0,"key":"Ginger"},{"floor":14.0,"key":"Torii"},{"floor":21.0,"key":"Enchiridion"},{"floor":23.0,"key":"Regal Pillow"},{"floor":26.0,"key":"Lantern"},{"floor":29,"key":"CaptainsWheel"},{"floor":41,"key":"Singing Bowl"},{"floor":43,"key":"Happy Flower"},{"floor":44,"key":"Kunai"},{"floor":46,"key":"Prayer Wheel"},{"floor":54,"key":"Pen Nib"}],"event_choices":[{"damage_healed":0.0,"max_hp_gain":5.0,"max_hp_loss":0.0,"gold_gain":0.0,"event_name":"Big Fish","player_choice":"Donut","floor":2.0,"gold_loss":0.0,"damage_taken":0.0},{"damage_healed":0.0,"max_hp_gain":0.0,"max_hp_loss":0.0,"gold_gain":0.0,"event_name":"Golden Idol","player_choice":"Take Damage","floor":4.0,"gold_loss":0.0,"damage_taken":21.0,"relics_obtained":["Golden Idol"]},{"damage_healed":0.0,"max_hp_gain":0.0,"max_hp_loss":0.0,"gold_gain":0.0,"event_name":"FaceTrader","player_choice":"Trade","floor":7.0,"gold_loss":0.0,"damage_taken":0.0,"relics_obtained":["SsserpentHead"]},{"damage_healed":0.0,"max_hp_gain":0.0,"max_hp_loss":0.0,"gold_gain":0.0,"event_name":"Cursed Tome","player_choice":"Obtained Book","floor":21.0,"gold_loss":0.0,"damage_taken":16.0},{"damage_healed":0.0,"max_hp_gain":0.0,"max_hp_loss":0.0,"gold_gain":0.0,"event_name":"The Library","player_choice":"Read","floor":28.0,"gold_loss":0.0,"damage_taken":0.0,"cards_obtained":["Sword Boomerang"]},{"damage_healed":0,"gold_gain":0,"player_choice":"Max HP","damage_taken":0,"max_hp_gain":0,"max_hp_loss":4,"event_name":"Winding Halls","floor":38,"gold_loss":0},{"damage_healed":0,"gold_gain":0,"player_choice":"Fight","damage_taken":0,"max_hp_gain":0,"max_hp_loss":0,"event_name":"MindBloom","floor":46,"gold_loss":0}],"is_beta":false,"boss_relics":[{"not_picked":["Busted Crown","Velvet Choker"],"picked":"Philosopher\u0027s Stone"},{"not_picked":["Fusion Hammer","Runic Dome"],"picked":"Runic Cube"}],"items_purged_floors":[19,25,36,48,53],"is_endless":false,"potions_floor_spawned":[5,11,14,22,33,35,37,46],"ascension_level":5}}