{"host":"7ze8gmfmabut6z3w","time":1613997414,"event":{"mods":["AchievementEnabler","BaseMod","Colored Map","DeckTracker","Minty Spire (QoL Compilation)","SuperFastMode"],"gold_per_floor":[109,121,131,146,146,177,177,193,193,193,211,211,238,238,238,358,358,371,371,371,390,409,409,409,422,422,48,48,72,72,72],"floor_reached":30,"language":"KOR","playtime":1222,"items_purged":["Corruption"],"score":242,"play_id":"2e806d86-219d-40e9-be91-3de4603b7d1b","local_time":"20210222213654","is_ascension_mode":false,"campfire_choices":[{"data":"Clothesline","floor":7,"key":"SMITH"},{"data":"Inflame","floor":15,"key":"SMITH"},{"floor":23,"key":"REST"}],"circlet_count":0,"master_deck":["Strike_R","Strike_R","Strike_R","Strike_R","Strike_R","Defend_R","Defend_R","Defend_R","Bash","Clothesline+1","Thunderclap","Immolate","Shrug It Off","True Grit","Inflame+1","Hemokinesis","Bloodletting","Armaments","Feel No Pain+1","Flex+1","Havoc"],"relics":["Burning Blood","NeowsBlessing","Sundial","Bronze Scales","Omamori","Golden Idol","SlaversCollar","Lizard Tail","Anchor","ClockworkSouvenir"],"acts_visited":["Exordium","TheCity"],"potions_floor_usage":[6,13,16,16,28],"damage_taken":[{"damage":0,"enemies":"Cultist","floor":1,"turns":1},{"damage":0,"enemies":"2 Louse","floor":2,"turns":1},{"damage":5,"enemies":"Small Slimes","floor":3,"turns":2},{"damage":19,"enemies":"3 Louse","floor":4,"turns":5},{"damage":22,"enemies":"Gremlin Nob","floor":6,"turns":4},{"damage":9,"enemies":"Blue Slaver","floor":8,"turns":2},{"damage":9,"enemies":"Looter","floor":11,"turns":3},{"damage":13,"enemies":"Lagavulin","floor":13,"turns":5},{"damage":50,"enemies":"The Guardian","floor":16,"turns":10},{"damage":13,"enemies":"Shell Parasite","floor":18,"turns":5},{"damage":30,"enemies":"2 Thieves","floor":21,"turns":3},{"damage":16,"enemies":"Snecko","floor":22,"turns":5},{"damage":60,"enemies":"Sentry and Sphere","floor":25,"turns":7},{"damage":16,"enemies":"Colosseum Slavers","floor":28,"turns":4},{"damage":37,"enemies":"Snake Plant","floor":29,"turns":4},{"damage":0,"enemies":"Centurion and Healer","floor":30,"turns":1}],"seed_played":"-985309019751970505","potions_obtained":[{"floor":1,"key":"BloodPotion"},{"floor":6,"key":"DuplicationPotion"},{"floor":8,"key":"Regen Potion"},{"floor":10,"key":"FearPotion"},{"floor":22,"key":"BlessingOfTheForge"},{"floor":25,"key":"Ancient Potion"}],"is_trial":false,"path_per_floor":["M","M","M","M","?","E","R","M","T","?","M","?","E","?","R","B",null,"M","?","?","M","M","R","T","M","T","$","?","M","M"],"character_chosen":"IRONCLAD","items_purchased":["Anchor","ClockworkSouvenir"],"campfire_rested":1,"item_purchase_floors":[27,27],"current_hp_per_floor":[80,80,80,67,60,60,60,57,57,57,54,59,66,66,66,22,85,78,78,78,54,44,69,69,15,15,15,48,17,17,17],"gold":72,"neow_bonus":"THREE_ENEMY_KILL","is_daily":false,"chose_seed":false,"campfire_upgraded":2,"win_rate":0.0,"timestamp":1613997414,"path_taken":["M","M","M","M","?","E","R","M","T","?","?","?","E","?","R","BOSS","M","?","?","M","M","R","?","M","T","$","?","M","?"],"items_purchased_type":["Relic","Relic"],"build_version":"2020-12-22","purchased_purges":1,"victory":false,"max_hp_per_floor":[80,80,80,80,80,80,80,80,80,80,80,85,85,85,85,85,85,85,85,85,85,85,85,85,85,85,85,85,85,85,85],"card_choices":[{"not_picked":["Reckless Charge","Pommel Strike"],"picked":"Clothesline","floor":1},{"not_picked":["Clothesline","Clash","Wild Strike"],"picked":"SKIP","floor":2},{"not_picked":["Ghostly Armor","Clash"],"picked":"Thunderclap","floor":3},{"not_picked":["Combust","Spot Weakness"],"picked":"Immolate","floor":4},{"not_picked":["Perfected Strike","Warcry"],"picked":"Shrug It Off","floor":6},{"not_picked":["Reckless Charge","Clash"],"picked":"True Grit","floor":8},{"not_picked":["Clash","Flex"],"picked":"Inflame","floor":11},{"not_picked":["Shrug It Off","Cleave"],"picked":"Hemokinesis","floor":13},{"not_picked":["Exhume","Barricade"],"picked":"Corruption","floor":16},{"not_picked":["Perfected Strike","Anger"],"picked":"Bloodletting","floor":18},{"not_picked":["Thunderclap","Perfected Strike","Brutality"],"picked":"SKIP","floor":21},{"not_picked":["Dropkick","Thunderclap"],"picked":"Feel No Pain+1","floor":22},{"not_picked":["Entrench","Anger"],"picked":"Flex+1","floor":25},{"not_picked":["Shrug It Off","Cleave"],"picked":"Havoc","floor":29}],"player_experience":215716,"relics_obtained":[{"floor":6,"key":"Sundial"},{"floor":9,"key":"Bronze Scales"},{"floor":13,"key":"Omamori"},{"floor":24,"key":"Lizard Tail"}],"event_choices":[{"cards_removed":["Defend_R"],"damage_healed":0,"gold_gain":0,"player_choice":"Card Removal","damage_taken":7,"max_hp_gain":0,"max_hp_loss":0,"event_name":"Golden Wing","floor":5,"gold_loss":0},{"damage_healed":0,"gold_gain":0,"player_choice":"Got Potions","damage_taken":0,"max_hp_gain":0,"max_hp_loss":0,"event_name":"Lab","floor":10,"gold_loss":0},{"damage_healed":0,"gold_gain":0,"player_choice":"Donut","damage_taken":0,"max_hp_gain":5,"max_hp_loss":0,"event_name":"Big Fish","floor":12,"gold_loss":0},{"damage_healed":0,"gold_gain":0,"player_choice":"Take Wound","damage_taken":0,"relics_obtained":["Golden Idol"],"max_hp_gain":0,"max_hp_loss":0,"event_name":"Golden Idol","floor":14,"gold_loss":0,"cards_obtained":["Injury"]},{"damage_healed":0,"gold_gain":0,"player_choice":"Ignored","damage_taken":0,"max_hp_gain":0,"max_hp_loss":0,"event_name":"Ghosts","floor":19,"gold_loss":0},{"damage_healed":0,"gold_gain":0,"player_choice":"Read","damage_taken":0,"max_hp_gain":0,"max_hp_loss":0,"event_name":"The Library","floor":20,"gold_loss":0,"cards_obtained":["Armaments"]},{"damage_healed":0,"gold_gain":0,"player_choice":"Fight","damage_taken":0,"max_hp_gain":0,"max_hp_loss":0,"event_name":"Colosseum","floor":28,"gold_loss":0},{"damage_healed":0,"gold_gain":0,"player_choice":"Fled From Nobs","damage_taken":0,"max_hp_gain":0,"max_hp_loss":0,"event_name":"Colosseum","floor":28,"gold_loss":0}],"is_beta":false,"boss_relics":[{"not_picked":["Pandora\u0027s Box","Astrolabe"],"picked":"SlaversCollar"}],"items_purged_floors":[27],"is_endless":false,"potions_floor_spawned":[1,6,8,11,22,25,28],"killed_by":"Centurion and Healer","ascension_level":0}}