{"host":"72n3jwtrlpjobydj","time":1613974081,"event":{"mods":["AchievementEnabler","Act Like it!","Arknights","BaseMod","CapriCore","DeckTracker","Hermit","Koishi","Lobotomy","Marisa£¨Ùöéë¡¡Øª×âÞÞ£©","Minty Spire (QoL Compilation)","Permanent Neow","StSLib","SuperFastMode","The Cursed","The Gatherer","The Hierophant","The Immortal"],"gold_per_floor":[113,113,125,125,142,142,153,153,207,62,62,81,81,96,96,96,96],"floor_reached":16,"language":"KOR","playtime":268,"items_purged":["Defend_P"],"score":101,"play_id":"0f7a19f2-86e0-4df0-9110-952c4fb6aa14","local_time":"20210222150801","is_ascension_mode":true,"campfire_choices":[{"data":"Adaptation","floor":6,"key":"SMITH"},{"floor":8,"key":"REST"},{"floor":13,"key":"REST"},{"floor":15,"key":"REST"}],"circlet_count":0,"master_deck":["Strike_P","Strike_P","Strike_P","Defend_P","Defend_P","Defend_P","Eruption","Vigilance","Adaptation+1","MentalFortress","Adaptation"],"relics":["PureWater","NeowsBlessing","Strawberry"],"acts_visited":["Exordium"],"potions_floor_usage":[16,16,16],"damage_taken":[{"damage":0,"enemies":"Small Slimes","floor":1,"turns":1},{"damage":0,"enemies":"Cultist","floor":3,"turns":1},{"damage":0,"enemies":"Jaw Worm","floor":5,"turns":1},{"damage":25,"enemies":"3 Louse","floor":7,"turns":3},{"damage":30,"enemies":"Lots of Slimes","floor":12,"turns":5},{"damage":48,"enemies":"Large Slime","floor":14,"turns":5},{"damage":56,"enemies":"Hexaghost","floor":16,"turns":11}],"seed_played":"2318004860631693570","potions_obtained":[{"floor":5,"key":"LiquidMemories"},{"floor":7,"key":"Dexterity Potion"},{"floor":12,"key":"ColorlessPotion"},{"floor":14,"key":"LiquidBronze"}],"is_trial":false,"path_per_floor":["M","?","M","?","M","R","M","R","T","$","$","M","R","M","R","B"],"character_chosen":"WATCHER","items_purchased":["Adaptation"],"campfire_rested":3,"item_purchase_floors":[10],"current_hp_per_floor":[72,72,72,72,72,72,47,68,75,75,75,45,68,20,43,0,0],"gold":96,"neow_bonus":"THREE_ENEMY_KILL","is_daily":false,"chose_seed":false,"campfire_upgraded":1,"win_rate":0.0,"timestamp":1613974081,"path_taken":["M","?","M","?","?","R","M","R","T","?","$","?","R","M","R","BOSS"],"items_purchased_type":["Card"],"build_version":"2020-12-22","purchased_purges":1,"victory":false,"max_hp_per_floor":[72,72,72,72,72,72,72,72,79,79,79,79,79,79,79,79,79],"card_choices":[{"not_picked":["CrushJoints","WheelKick","Protect"],"picked":"SKIP","floor":1},{"not_picked":["FollowUp","BattleHymn"],"picked":"Adaptation","floor":3},{"not_picked":["Indignation","JustLucky"],"picked":"MentalFortress","floor":5},{"not_picked":["Protect","ForeignInfluence","PathToVictory"],"picked":"SKIP","floor":7},{"not_picked":["Weave","Swivel","SashWhip"],"picked":"SKIP","floor":12},{"not_picked":["Halt","CarveReality","SandsOfTime"],"picked":"SKIP","floor":14}],"player_experience":119872,"relics_obtained":[{"floor":9,"key":"Strawberry"}],"event_choices":[{"damage_healed":0,"gold_gain":0,"player_choice":"Ignored","damage_taken":0,"max_hp_gain":0,"max_hp_loss":0,"event_name":"Shining Light","floor":2,"gold_loss":0},{"cards_removed":["Strike_P"],"damage_healed":0,"gold_gain":0,"player_choice":"Purged","damage_taken":0,"max_hp_gain":0,"max_hp_loss":0,"event_name":"Purifier","floor":4,"gold_loss":0}],"is_beta":false,"boss_relics":[],"items_purged_floors":[10],"is_endless":false,"potions_floor_spawned":[5,7,12,14],"killed_by":"Hexaghost","ascension_level":2}}