{"host":"bczg3e1yq3rp3pkk","time":1613966878,"event":{"mods":["100% Spire Juice","ATMod(阿瑾Mod)","Act Like it!","Aspiration","BaseMod","Conspire","Hermit","KinomotoSakuraMod(木之本樱)","Marisa（F雨　魔理沙）","Marked Mod","Minty Spire (QoL Compilation)","Quick Restart","Reliquary","Replay The Spire","RumiaBox-露米娅的神秘盒子","Ryuuou龙王","SOS（斯巴达之子）","Shop Mod","StSLib","The Blackbeard","The Bug Knight","The Construct","The Hierophant","The Servant 0.9.4","Warlord Emblem","[GremlinLeader]The Maniac","【功能Mod】混沌之环修复补丁","【遗物卡牌】REMEMod"],"gold_per_floor":[113,132,57,68,143,174,190,208,208,235,335,364,364,394,394,496,496,510,522,621,640,650,675,675,675,675],"floor_reached":25,"language":"ZHS","playtime":1510,"items_purged":["Strike_R"],"score":392,"play_id":"5191cefe-a507-4da4-8694-c90b257dc0a7","local_time":"20210222120758","is_ascension_mode":true,"campfire_choices":[{"floor":13.0,"key":"REST"},{"data":"Armaments","floor":15.0,"key":"SMITH"},{"floor":24.0,"key":"REST"}],"circlet_count":0,"master_deck":["AscendersBane","Strike_R","Strike_R","Strike_R","Strike_R","Defend_R","Defend_R","Defend_R","Defend_R","Bash","AT_FamilyPortrait","Armaments+1","Sword Boomerang","AT_DrawKnifeCut","Run Through","Flame Barrier","AT_CaressingTears","Shrug It Off","REME_Fury","AT_IchimonjiDouble","Pummel+1"],"relics":["Burning Blood","REME_ComplimentaryCards","AT_ATBox","aspiration:Nostalgia","m_ScarletBlood","AddBug","SecretRecord","SecretRecord","SecretRecord"],"acts_visited":["Exordium","TheCity"],"potions_floor_usage":[],"damage_taken":[{"damage":4.0,"enemies":"2 Louse","floor":1.0,"turns":3.0},{"damage":6.0,"enemies":"Cultist","floor":2.0,"turns":3.0},{"damage":0.0,"enemies":"Small Slimes","floor":4.0,"turns":1.0},{"damage":28.0,"enemies":"Gremlin Nob","floor":6.0,"turns":5.0},{"damage":0.0,"enemies":"Exordium Wildlife","floor":7.0,"turns":1.0},{"damage":10.0,"enemies":"Red Slaver","floor":8.0,"turns":3.0},{"damage":28.0,"enemies":"Lagavulin","floor":10.0,"turns":5.0},{"damage":22.0,"enemies":"Replay:BlueRogue","floor":12.0,"turns":5.0},{"damage":13.0,"enemies":"3 Sentries","floor":14.0,"turns":7.0},{"damage":20.0,"enemies":"Fading Forest","floor":16.0,"turns":11.0},{"damage":30.0,"enemies":"2 Thieves","floor":18.0,"turns":4.0},{"damage":0.0,"enemies":"3 Byrds","floor":19.0,"turns":2.0},{"damage":23.0,"enemies":"Snake Plant","floor":21.0,"turns":3.0},{"damage":9.0,"enemies":"Centurion and Healer","floor":22.0,"turns":3.0},{"damage":32.0,"enemies":"Slavers","floor":23.0,"turns":6.0},{"damage":54,"enemies":"Snecko","floor":25,"turns":6}],"seed_played":"-1521745626676827348","potions_obtained":[{"floor":2.0,"key":"SpeedPotion"},{"floor":4.0,"key":"Swift Potion"},{"floor":6.0,"key":"SteroidPotion"},{"floor":19.0,"key":"DistilledChaos"},{"floor":23.0,"key":"SpeedPotion"}],"is_trial":false,"path_per_floor":["M","M","$","M","?","E","M","M","T","E","?","E","R","E","R","B",null,"M","M","?","M","M","E","R","M"],"character_chosen":"IRONCLAD","items_purchased":[],"campfire_rested":2,"item_purchase_floors":[],"current_hp_per_floor":[74,74,74,80,69,47,53,49,49,27,27,11,35,64,64,76,79,55,61,61,44,41,15,39,0,0],"gold":675,"neow_bonus":"NOSTALGIA","is_daily":false,"chose_seed":false,"campfire_upgraded":1,"win_rate":0.0,"timestamp":1613966878,"path_taken":["M","M","$","M","?","E","M","M","T","E","?","E","R","E","R","BOSS","M","M","?","M","M","E","R","M"],"items_purchased_type":[],"build_version":"2020-12-22","purchased_purges":1,"victory":false,"max_hp_per_floor":[80,80,80,80,80,80,80,80,80,80,80,80,80,80,80,80,80,80,80,80,80,80,80,80,80,80],"card_choices":[{"not_picked":["Rage","Flex"],"picked":"Armaments","floor":1.0},{"not_picked":["Thunderclap","Twin Strike"],"picked":"Sword Boomerang","floor":2.0},{"not_picked":["Warcry","Iron Wave","Whirlwind"],"picked":"SKIP","floor":4.0},{"not_picked":["True Grit","Armaments"],"picked":"AT_DrawKnifeCut","floor":6.0},{"not_picked":["AT_CaressingTears","Body Slam"],"picked":"Run Through","floor":7.0},{"not_picked":["Twin Strike","Fire Breathing"],"picked":"Flame Barrier","floor":8.0},{"not_picked":["Perfected Strike","Wild Strike","Rage"],"picked":"SKIP","floor":10.0},{"not_picked":["Sever Soul","Headbutt"],"picked":"AT_CaressingTears","floor":12.0},{"not_picked":["AT_BodySlamDance","Perfected Strike"],"picked":"Shrug It Off","floor":14.0},{"not_picked":["Double Tap","Juggernaut"],"picked":"REME_Fury","floor":16.0},{"not_picked":["Clothesline+1","Pommel Strike+1","Cleave"],"picked":"SKIP","floor":18.0},{"not_picked":["Infernal Blade","ReplayTheSpireMod:Strike From Hell"],"picked":"AT_IchimonjiDouble","floor":19.0},{"not_picked":["AT_IchimonjiDouble","Bloodletting","Anger+1"],"picked":"SKIP","floor":21.0},{"not_picked":["Thunderclap","REME_SingleHolding"],"picked":"Pummel+1","floor":22.0},{"not_picked":["AT_DiedThrough","Blood for Blood","REME_Scribble"],"picked":"SKIP","floor":23.0}],"player_experience":400295,"relics_obtained":[{"floor":1.0,"key":"AddBug"},{"floor":6.0,"key":"Torii"},{"floor":8.0,"key":"SecretRecord"},{"floor":9.0,"key":"Chameleon Ring"},{"floor":10.0,"key":"Smiling Mask"},{"floor":12.0,"key":"Replay:Accelerometer"},{"floor":14.0,"key":"GodSword5"},{"floor":18.0,"key":"SecretRecord"},{"floor":23.0,"key":"Another Sword"}],"event_choices":[{"damage_healed":0.0,"max_hp_gain":0.0,"max_hp_loss":0.0,"gold_gain":75.0,"event_name":"World of Goop","player_choice":"Gather Gold","floor":5.0,"gold_loss":0.0,"damage_taken":11.0},{"damage_healed":0.0,"max_hp_gain":0.0,"max_hp_loss":0.0,"gold_gain":100.0,"event_name":"Golden Shrine","player_choice":"Pray","floor":11.0,"gold_loss":0.0,"damage_taken":0.0},{"damage_healed":0.0,"max_hp_gain":0.0,"max_hp_loss":0.0,"gold_gain":99.0,"event_name":"Nest","player_choice":"Stole From Cult","floor":20.0,"gold_loss":0.0,"damage_taken":0.0}],"is_beta":false,"boss_relics":[{"not_picked":["reliquary:KinkedSpring","Fusion Hammer"],"picked":"conspire:SeveredTorchhead"}],"items_purged_floors":[3],"is_endless":false,"potions_floor_spawned":[2,4,6,12,19,23],"killed_by":"Snecko","ascension_level":11}}