{"host":"c64dsqyrqv0ei9yn","time":1613983566,"event":{"mods":["Act Like it!","Arknights","BaseMod","Bestiary","CapriCore","Chen","Colored Map","Colored Powertips","Curses Come First","Hermit","Koishi","LagranYue(ùfäiòNÅEåé)","MarisaÅiñ∂âJÅ@ñÇóùçπÅj","Minty Spire (QoL Compilation)","Prisma Mod","Random Character Button","ReimuÅiîé??öÎÅj","RemiliaÅiÂQïƒ‰ª?Åj","StSLib","The Administrix","The Alterego","The Immortal","The Marked","The Saiyan","The Senshi","The Servant 0.9.4","The Wild Card","TheSwordswoman","Waifu the Spire","WarShipGirlsR/??è≠èóR mod","slay the spire mod where everything is the same but ironclad has a cowboy hat"],"gold_per_floor":[112,185,199,199,215,215,231,242,316,68,68,68,98,109,109,209,209,222,240,259,259,259],"floor_reached":21,"language":"ENG","playtime":1263,"items_purged":["hermit:Strike_Hermit"],"score":183,"play_id":"a44126ed-f51c-46a4-a50d-599f45638934","local_time":"20210222084606","is_ascension_mode":false,"campfire_choices":[{"data":"hermit:Quickdraw","floor":6,"key":"SMITH"},{"data":"hermit:CursedWeapon","floor":12,"key":"SMITH"},{"floor":15,"key":"REST"}],"circlet_count":0,"master_deck":["hermit:Strike_Hermit","hermit:Strike_Hermit","hermit:Strike_Hermit","hermit:Defend_Hermit","hermit:Defend_Hermit","hermit:Defend_Hermit","hermit:Defend_Hermit","hermit:Snapshot","hermit:Covet","hermit:BodyArmor+1","hermit:Quickdraw+1","hermit:TrackingShot","hermit:ShadowCloak","hermit:PistolWhip","hermit:CursedWeapon+1","hermit:TakeAim","hermit:Manifest","hermit:Gestalt","hermit:Shortfuse","hermit:RoundhouseKick","hermit:Coalescence","hermit:Vantage+1","hermit:Dive+1"],"relics":["hermit:Momento","NeowsBlessing","Mummified Hand","Du-Vu Doll","SlaversCollar"],"acts_visited":["Exordium","TheCity"],"potions_floor_usage":[13,16,20],"damage_taken":[{"damage":0,"enemies":"Small Slimes","floor":1,"turns":1},{"damage":0,"enemies":"2 Louse","floor":3,"turns":2},{"damage":0,"enemies":"Jaw Worm","floor":5,"turns":1},{"damage":0,"enemies":"Red Slaver","floor":7,"turns":3},{"damage":19,"enemies":"Exordium Thugs","floor":8,"turns":5},{"damage":16,"enemies":"Gremlin Nob","floor":13,"turns":4},{"damage":2,"enemies":"3 Louse","floor":14,"turns":4},{"damage":43,"enemies":"Slime Boss","floor":16,"turns":16},{"damage":26,"enemies":"2 Thieves","floor":18,"turns":5},{"damage":4,"enemies":"Chosen","floor":19,"turns":7},{"damage":18,"enemies":"Snake Plant","floor":20,"turns":5},{"damage":27,"enemies":"Centurion and Healer","floor":21,"turns":8}],"seed_played":"-2343239602786006595","potions_obtained":[{"floor":7,"key":"AttackPotion"},{"floor":13,"key":"FearPotion"},{"floor":16,"key":"Fire Potion"},{"floor":19,"key":"DuplicationPotion"}],"is_trial":false,"path_per_floor":["M","?","M","?","M","R","M","M","T","$","?","R","E","M","R","B",null,"M","M","M","M"],"character_chosen":"HERMIT","items_purchased":["hermit:CursedWeapon","hermit:TakeAim","hermit:Manifest"],"campfire_rested":1,"item_purchase_floors":[10,10,10],"current_hp_per_floor":[75,75,75,75,75,75,75,56,56,56,56,56,40,38,60,17,75,49,45,27,0,0],"gold":259,"neow_bonus":"THREE_ENEMY_KILL","is_daily":false,"chose_seed":false,"campfire_upgraded":2,"win_rate":0.0,"timestamp":1613983566,"path_taken":["M","?","M","?","M","R","M","M","T","$","?","R","E","M","R","BOSS","M","M","M","M"],"items_purchased_type":["Card","Card","Card"],"build_version":"2020-12-22","purchased_purges":1,"victory":false,"max_hp_per_floor":[75,75,75,75,75,75,75,75,75,75,75,75,75,75,75,75,75,75,75,75,75,75],"card_choices":[{"not_picked":["hermit:Desperado","hermit:Manifest"],"picked":"hermit:BodyArmor","floor":1},{"not_picked":["hermit:EyeOfTheStorm","hermit:BigShot"],"picked":"hermit:Quickdraw","floor":3},{"not_picked":["hermit:FlashPowder","hermit:FullyLoaded"],"picked":"hermit:TrackingShot","floor":5},{"not_picked":["hermit:NoHoldsBarred","hermit:BigShot"],"picked":"hermit:ShadowCloak","floor":7},{"not_picked":["hermit:Dive","hermit:Roulette"],"picked":"hermit:PistolWhip","floor":8},{"not_picked":["hermit:Desperado","hermit:Scavenge"],"picked":"hermit:Gestalt","floor":13},{"not_picked":["hermit:SprayPray","hermit:Malice"],"picked":"hermit:Shortfuse","floor":14},{"not_picked":["hermit:Gambit","hermit:DeadOrAlive"],"picked":"hermit:RoundhouseKick","floor":16},{"not_picked":["hermit:Misfire+1","hermit:Desperado"],"picked":"hermit:Coalescence","floor":18},{"not_picked":["hermit:Dive","hermit:HighCaliber"],"picked":"hermit:Vantage+1","floor":19},{"not_picked":["hermit:BlackWind","hermit:Manifest+1"],"picked":"hermit:Dive+1","floor":20}],"player_experience":125294,"relics_obtained":[{"floor":9,"key":"Mummified Hand"},{"floor":13,"key":"Du-Vu Doll"}],"event_choices":[{"damage_healed":0,"gold_gain":73,"player_choice":"Gained Gold","damage_taken":0,"max_hp_gain":0,"max_hp_loss":0,"event_name":"Golden Wing","floor":2,"gold_loss":0},{"damage_healed":0,"gold_gain":0,"player_choice":"Grow","damage_taken":0,"max_hp_gain":0,"max_hp_loss":0,"event_name":"Living Wall","floor":4,"gold_loss":0,"cards_upgraded":["hermit:BodyArmor"]},{"damage_healed":0,"gold_gain":0,"player_choice":"Searched \u00270\u0027 times","damage_taken":0,"max_hp_gain":0,"max_hp_loss":0,"event_name":"Dead Adventurer","floor":11,"gold_loss":0}],"is_beta":false,"boss_relics":[{"not_picked":["Fusion Hammer","Philosopher\u0027s Stone"],"picked":"SlaversCollar"}],"items_purged_floors":[10],"is_endless":false,"potions_floor_spawned":[7,13,16,19],"killed_by":"Centurion and Healer","ascension_level":0}}