{"host":"5ksdyw07v7d4yepu","time":1613978479,"event":{"mods":["BaseMod","Block Reminder","Colored Map","Colored Powertips","Highlight Path","Minty Spire (QoL Compilation)","Relic Stats","StSLib"],"gold_per_floor":[117,117,130,143,158,188,207,207,207,221,296,324,335,335,335,437,437,450,112,138,149,161,161,190,190,216,216,250,349,359,359,359,464,464,474,474,138,184,184,219,219,248,248,259,259,290,306,318,318,318,318,318,28,55,55],"floor_reached":56,"language":"ENG","playtime":4796,"items_purged":["Defend_P"],"score":2086,"play_id":"24e5719c-c1cf-4fed-9dc5-2ff9cf1d10e5","local_time":"20210222022119","is_ascension_mode":true,"campfire_choices":[{"data":"FlurryOfBlows","floor":8.0,"key":"SMITH"},{"data":"FlurryOfBlows","floor":15.0,"key":"SMITH"},{"data":"Vault","floor":23.0,"key":"SMITH"},{"data":"Defend_P","floor":25,"key":"PURGE"},{"data":"MentalFortress","floor":27,"key":"SMITH"},{"data":"Fasting2","floor":32,"key":"SMITH"},{"data":"Blasphemy","floor":41,"key":"SMITH"},{"data":"CutThroughFate","floor":45,"key":"SMITH"},{"floor":49,"key":"RECALL"},{"data":"Halt","floor":52,"key":"SMITH"}],"circlet_count":0,"master_deck":["Strike_P","Strike_P","Defend_P+1","Eruption+1","Vigilance","ClearTheMind+1","Tantrum+1","Vault+1","EmptyMind+1","MentalFortress+1","FlurryOfBlows+1","FlurryOfBlows+1","Vault+1","CutThroughFate","Indignation","Secret Technique","WheelKick","Fasting2+1","Halt+1","FearNoEvil","CutThroughFate+1","Blasphemy+1","ThirdEye","EmptyFist+1","Crescendo+1","InnerPeace+1","Ragnarok"],"relics":["Astrolabe","Peace Pipe","Shuriken","Ginger","InkBottle","Philosopher\u0027s Stone","Meat on the Bone","Pen Nib","Akabeko","VioletLotus","Unceasing Top","Bird Faced Urn","Mercury Hourglass","TungstenRod","Pocketwatch","Centennial Puzzle","Torii","War Paint"],"acts_visited":["Exordium","TheCity","TheBeyond","TheEnding"],"potions_floor_usage":[47],"damage_taken":[{"damage":0.0,"enemies":"Small Slimes","floor":1.0,"turns":3.0},{"damage":1.0,"enemies":"Cultist","floor":3.0,"turns":3.0},{"damage":0.0,"enemies":"2 Louse","floor":4.0,"turns":2.0},{"damage":0.0,"enemies":"Lots of Slimes","floor":5.0,"turns":3.0},{"damage":0.0,"enemies":"3 Sentries","floor":6.0,"turns":6.0},{"damage":0.0,"enemies":"3 Louse","floor":7.0,"turns":3.0},{"damage":0.0,"enemies":"Looter","floor":10.0,"turns":3.0},{"damage":0.0,"enemies":"Gremlin Nob","floor":12.0,"turns":3.0},{"damage":0.0,"enemies":"2 Fungi Beasts","floor":13.0,"turns":2.0},{"damage":0.0,"enemies":"Slime Boss","floor":16.0,"turns":5.0},{"damage":0.0,"enemies":"Shell Parasite","floor":18.0,"turns":2.0},{"damage":0.0,"enemies":"Spheric Guardian","floor":21.0,"turns":2.0},{"damage":0.0,"enemies":"Snake Plant","floor":22.0,"turns":3.0},{"damage":12,"enemies":"Book of Stabbing","floor":24,"turns":4},{"damage":0,"enemies":"Gremlin Leader","floor":28,"turns":2},{"damage":0,"enemies":"3 Cultists","floor":30,"turns":2},{"damage":0,"enemies":"Automaton","floor":33,"turns":4},{"damage":0,"enemies":"3 Shapes","floor":35,"turns":2},{"damage":0,"enemies":"2 Orb Walkers","floor":38,"turns":2},{"damage":0,"enemies":"Reptomancer","floor":40,"turns":2},{"damage":0,"enemies":"Giant Head","floor":42,"turns":2},{"damage":0,"enemies":"Orb Walker","floor":44,"turns":1},{"damage":0,"enemies":"Nemesis","floor":46,"turns":3},{"damage":0,"enemies":"Sphere and 2 Shapes","floor":47,"turns":4},{"damage":0,"enemies":"Maw","floor":48,"turns":3},{"damage":0,"enemies":"Donu and Deca","floor":50,"turns":3},{"damage":0,"enemies":"Shield and Spear","floor":54,"turns":3},{"damage":54,"enemies":"The Heart","floor":55,"turns":6}],"seed_played":"7557072140210683145","potions_obtained":[{"floor":3.0,"key":"Energy Potion"},{"floor":4.0,"key":"Ambrosia"},{"floor":6.0,"key":"Regen Potion"},{"floor":10.0,"key":"DuplicationPotion"},{"floor":24,"key":"Strength Potion"},{"floor":42,"key":"StancePotion"},{"floor":47,"key":"Explosive Potion"}],"is_trial":false,"path_per_floor":["M","?","M","M","M","E","M","R","T","M","?","E","M","?","R","B",null,"M","$","T","M","M","R","E","R","T","R","E","?","M","?","R","B",null,"M","?","$","?","?","E","R","E","T","M","R","E","M","M","R","B",null,"R","$","E","B",null],"character_chosen":"WATCHER","items_purchased":["Indignation","Secret Technique","Unceasing Top","ThirdEye","Torii"],"campfire_rested":0,"item_purchase_floors":[19,19,37,37,53],"current_hp_per_floor":[65,65,64,64,64,64,64,64,64,64,53,53,53,53,53,53,67,67,67,67,67,67,67,55,55,55,55,55,55,55,55,55,55,68,68,68,68,68,68,68,68,68,68,68,68,68,68,68,68,68,68,68,68,68,26],"gold":55,"neow_bonus":"BOSS_RELIC","is_daily":false,"chose_seed":false,"campfire_upgraded":8,"win_rate":0.0,"timestamp":1613978479,"path_taken":["M","?","M","M","M","E","M","R","T","?","?","E","M","?","R","BOSS","M","$","?","M","M","R","E","R","T","R","E","?","M","?","R","BOSS","M","?","$","?","?","E","R","E","T","M","R","E","M","M","R","BOSS","R","$","E","BOSS"],"items_purchased_type":["Card","Card","Relic","Card","Relic"],"build_version":"2020-12-22","purchased_purges":1,"victory":true,"max_hp_per_floor":[72,72,72,72,72,72,72,72,72,72,72,72,72,72,72,72,72,72,72,72,72,72,72,72,72,72,72,72,72,72,72,72,72,72,72,68,68,68,68,68,68,68,68,68,68,68,68,68,68,68,68,68,68,68,68],"relic_stats":{"Torii":44,"counters":[28,83],"Astrolabe":["ClearTheMind","Tantrum","Vault"],"Pen Nib":[14],"Ginger":[7],"War Paint":["EmptyMind","Defend_P"],"Mercury Hourglass":[90],"Peace Pipe":1,"Centennial Puzzle":[3],"Shuriken":[48],"Bird Faced Urn":[0],"VioletLotus":[23],"obtain_stats":[{"Torii":53,"Astrolabe":0,"Pen Nib":26,"Ginger":12,"War Paint":54,"Akabeko":28,"Mercury Hourglass":40,"Peace Pipe":6,"Centennial Puzzle":46,"Shuriken":9,"Bird Faced Urn":38,"Philosopher\u0027s Stone":17,"VioletLotus":34,"PureWater":0,"InkBottle":14,"Unceasing Top":37,"TungstenRod":42,"Meat on the Bone":24,"Pocketwatch":43},{"Torii":26,"Astrolabe":0,"Pen Nib":14,"Ginger":8,"War Paint":27,"Akabeko":15,"Mercury Hourglass":20,"Peace Pipe":5,"Centennial Puzzle":23,"Shuriken":6,"Bird Faced Urn":19,"Philosopher\u0027s Stone":10,"VioletLotus":17,"PureWater":0,"InkBottle":9,"Unceasing Top":18,"TungstenRod":21,"Meat on the Bone":14,"Pocketwatch":21},{"Torii":74,"Astrolabe":0,"Pen Nib":44,"Ginger":26,"War Paint":77,"Akabeko":46,"Mercury Hourglass":58,"Peace Pipe":17,"Centennial Puzzle":64,"Shuriken":20,"Bird Faced Urn":56,"Philosopher\u0027s Stone":33,"VioletLotus":52,"PureWater":0,"InkBottle":28,"Unceasing Top":54,"TungstenRod":60,"Meat on the Bone":44,"Pocketwatch":60}],"InkBottle":[32],"Unceasing Top":[0],"TungstenRod":27,"Meat on the Bone":12,"Pocketwatch":[12]},"card_choices":[{"not_picked":["SashWhip","PathToVictory"],"picked":"EmptyMind","floor":1.0},{"not_picked":["Weave","SashWhip"],"picked":"MentalFortress","floor":3.0},{"not_picked":["WaveOfTheHand","FlyingSleeves"],"picked":"EmptyBody","floor":4.0},{"not_picked":["ClearTheMind","Evaluate","BowlingBash"],"picked":"SKIP","floor":5.0},{"not_picked":["Protect","EmptyFist"],"picked":"Consecrate","floor":6.0},{"not_picked":["Study","ClearTheMind"],"picked":"FlurryOfBlows","floor":7.0},{"not_picked":["DeceiveReality","MentalFortress"],"picked":"FlurryOfBlows","floor":10.0},{"not_picked":["Swivel","Consecrate","Judgement"],"picked":"SKIP","floor":12.0},{"not_picked":["Nirvana","MentalFortress","Prostrate"],"picked":"SKIP","floor":13.0},{"not_picked":["SpiritShield","Devotion"],"picked":"Vault","floor":16.0},{"not_picked":["FlurryOfBlows+1","PathToVictory"],"picked":"CutThroughFate","floor":18.0},{"not_picked":["WindmillStrike+1","FollowUp"],"picked":"WheelKick","floor":21.0},{"not_picked":["EmptyBody+1","LikeWater"],"picked":"Fasting2","floor":22.0},{"not_picked":["PathToVictory","Consecrate+1"],"picked":"Halt","floor":24},{"not_picked":["Protect","TalkToTheHand"],"picked":"FearNoEvil","floor":28},{"not_picked":["PathToVictory","BowlingBash"],"picked":"CutThroughFate","floor":30},{"not_picked":["Judgement","Wish"],"picked":"Blasphemy","floor":33},{"not_picked":["FollowUp+1","CutThroughFate","CarveReality+1"],"picked":"SKIP","floor":35},{"not_picked":["FlurryOfBlows","Halt"],"picked":"EmptyFist+1","floor":40},{"not_picked":["SignatureMove+1","PathToVictory+1","ThirdEye"],"picked":"SKIP","floor":42},{"not_picked":["Evaluate+1","EmptyBody+1"],"picked":"Crescendo+1","floor":44},{"not_picked":["CutThroughFate","Nirvana","Crescendo"],"picked":"SKIP","floor":46},{"not_picked":["ForeignInfluence","FlurryOfBlows+1"],"picked":"InnerPeace+1","floor":47},{"not_picked":["CutThroughFate+1","EmptyFist","JustLucky+1"],"picked":"SKIP","floor":48},{"not_picked":["CrushJoints","Collect+1"],"picked":"Ragnarok","floor":54}],"player_experience":587233,"relics_obtained":[{"floor":6.0,"key":"Peace Pipe"},{"floor":9.0,"key":"Shuriken"},{"floor":12.0,"key":"Ginger"},{"floor":24,"key":"Meat on the Bone"},{"floor":26,"key":"Pen Nib"},{"floor":28,"key":"Akabeko"},{"floor":38,"key":"Bird Faced Urn"},{"floor":40,"key":"Mercury Hourglass"},{"floor":42,"key":"TungstenRod"},{"floor":43,"key":"Pocketwatch"},{"floor":46,"key":"Centennial Puzzle"},{"floor":54,"key":"War Paint"}],"event_choices":[{"damage_healed":0.0,"max_hp_gain":0.0,"max_hp_loss":0.0,"gold_gain":0.0,"event_name":"Upgrade Shrine","player_choice":"Upgraded","floor":2.0,"gold_loss":0.0,"damage_taken":0.0,"cards_upgraded":["Eruption"]},{"damage_healed":0.0,"max_hp_gain":0.0,"max_hp_loss":0.0,"gold_gain":75.0,"event_name":"World of Goop","player_choice":"Gather Gold","floor":11.0,"gold_loss":0.0,"damage_taken":11.0},{"cards_removed":["Consecrate"],"damage_healed":0.0,"max_hp_gain":0.0,"max_hp_loss":0.0,"gold_gain":0.0,"event_name":"WeMeetAgain","player_choice":"Gave Card","floor":14.0,"gold_loss":0.0,"damage_taken":0.0,"relics_obtained":["InkBottle"]},{"damage_healed":0,"gold_gain":99,"player_choice":"Stole From Cult","damage_taken":0,"max_hp_gain":0,"max_hp_loss":0,"event_name":"Nest","floor":29,"gold_loss":0},{"damage_healed":0,"gold_gain":0,"player_choice":"Ignored","damage_taken":0,"max_hp_gain":0,"max_hp_loss":0,"event_name":"Vampires","floor":31,"gold_loss":0},{"damage_healed":0,"gold_gain":0,"player_choice":"Max HP","damage_taken":0,"max_hp_gain":0,"max_hp_loss":4,"event_name":"Winding Halls","floor":36,"gold_loss":0},{"damage_healed":0,"gold_gain":0,"player_choice":"Fight","damage_taken":0,"max_hp_gain":0,"max_hp_loss":0,"event_name":"Mysterious Sphere","floor":38,"gold_loss":0},{"cards_removed":["EmptyBody"],"damage_healed":0,"gold_gain":0,"player_choice":"Removed Skill","damage_taken":0,"max_hp_gain":0,"max_hp_loss":0,"event_name":"Falling","floor":39,"gold_loss":0}],"is_beta":false,"boss_relics":[{"not_picked":["Runic Dome","Calling Bell"],"picked":"Philosopher\u0027s Stone"},{"not_picked":["Fusion Hammer","Pandora\u0027s Box"],"picked":"VioletLotus"}],"items_purged_floors":[19],"is_endless":false,"potions_floor_spawned":[3,4,6,10,24,40,42,46,47,48],"ascension_level":7}}