{"host":"blhqr6uo32maonpv","time":1613968225,"event":{"mods":["BaseMod","Downfall","Minty Spire (QoL Compilation)","Replay The Spire","StSLib","The Bug Knight","The Marked"],"gold_per_floor":[99,113,175,194,224,324,375,389,414,433,433,450,350,350,367,470,470,470,482,59,59,78,78,78,12,27,44,44,44,44],"floor_reached":28,"language":"ENG","playtime":1340,"items_purged":[],"score":210,"play_id":"18af403c-446d-4398-b474-be3a36916b41","local_time":"20210222003025","is_ascension_mode":false,"campfire_choices":[{"data":"Specialist","floor":1,"key":"SMITH"},{"floor":11,"key":"RECALL"},{"data":"hexamod:Sear","floor":13,"key":"SMITH"},{"data":"hexamod:SearingWound","floor":18,"key":"SMITH"}],"circlet_count":0,"master_deck":["hexamod:Strike","hexamod:Strike","hexamod:Strike","hexamod:Defend","hexamod:Defend","hexamod:Defend","hexamod:Defend","hexamod:Sear+1","hexamod:Float","hexamod:FirstSeal","hexamod:ExtraCrispy","hexamod:InspiringFlames","hexamod:HeatMetal","hexamod:Again","hexamod:SoulSteal","hexamod:SearingWound+1","hexamod:Firestarter","hexamod:SwordOfDarkness","hexamod:RainOfEmbers","ReplayTheSpireMod:Brewmster","hexamod:SpectersWail","hexamod:FastForward","hexamod:UnleashSpirits","hexamod:BurningTouch"],"relics":["hexamod:SpiritBrand","Replay:Mystery Machine","Toy Ornithopter","PreservedInsect","downfall:HeartBlessingRed","Ring of Chaos","Bronze Scales","downfall:KnowingSkull"],"acts_visited":["Exordium","TheCity"],"potions_floor_usage":[12,12,20,22,25,25,25,26,26,26,27,27,27],"damage_taken":[{"damage":0,"enemies":"2 Louse","floor":2,"turns":3},{"damage":12,"enemies":"Jaw Worm","floor":4,"turns":4},{"damage":5,"enemies":"Small Slimes","floor":8,"turns":4},{"damage":4,"enemies":"downfall:LooterAlt","floor":10,"turns":3},{"damage":8,"enemies":"Exordium Thugs","floor":12,"turns":5},{"damage":4,"enemies":"Red Slaver","floor":15,"turns":3},{"damage":14,"enemies":"SI_SHIV_ARCHETYPE","floor":16,"turns":9},{"damage":12,"enemies":"Shell Parasite","floor":19,"turns":6},{"damage":0,"enemies":"downfall:FleeingMerchant","floor":20,"turns":4},{"damage":56,"enemies":"downfall:LooterAlt2","floor":22,"turns":4},{"damage":20,"enemies":"downfall:FleeingMerchant","floor":25,"turns":4},{"damage":8,"enemies":"Sentry and Sphere","floor":26,"turns":3},{"damage":17,"enemies":"Centurion and Healer","floor":27,"turns":3},{"damage":49,"enemies":"Gremlin Leader","floor":28,"turns":2}],"seed_played":"4680578277882355639","potions_obtained":[{"floor":2,"key":"SpeedPotion"},{"floor":3,"key":"Ancient Potion"},{"floor":3,"key":"Cursed Concoction"},{"floor":8,"key":"hexamod:EctoCoolerPotion"},{"floor":15,"key":"hexamod:SoulburnPotion"},{"floor":19,"key":"Strength Potion"},{"floor":26,"key":"Fire Potion"}],"is_trial":false,"path_per_floor":["R","M","?","M","?","?","T","M","T","M","R","M","R","?","M","B",null,"R","M","$","?","M","?","T","$","M","M","E"],"character_chosen":"THE_SPIRIT","items_purchased":["hexamod:RainOfEmbers","Bronze Scales","ReplayTheSpireMod:Brewmster","Adrenaline Potion"],"campfire_rested":0,"item_purchase_floors":[20,20,20,25],"current_hp_per_floor":[70,70,53,48,48,48,48,50,50,53,53,62,62,62,65,58,70,70,65,70,70,26,19,19,21,35,40,0,0,0],"gold":44,"neow_bonus":"RANDOM_COLORLESS","is_daily":false,"chose_seed":false,"campfire_upgraded":3,"win_rate":0.0,"timestamp":1613968225,"path_taken":["R","M","?","M","?","?","T","M","?","M","R","?","R","?","M","BOSS","R","M","?","?","?","?","T","$","?","M","E"],"items_purchased_type":["Card","Relic","Card","Potion"],"build_version":"2020-12-22","purchased_purges":0,"victory":false,"max_hp_per_floor":[70,70,70,70,70,70,70,70,70,70,70,70,70,70,70,70,70,70,70,70,70,70,70,70,70,70,70,70,70,70],"card_choices":[{"not_picked":["Impatience","Madness"],"picked":"Specialist","floor":0},{"not_picked":["hexamod:RetreatToShadows","hexamod:ThermalTransfer"],"picked":"hexamod:FirstSeal","floor":2},{"not_picked":["hexamod:DynamicBlow","hexamod:BurningTouch"],"picked":"hexamod:ExtraCrispy","floor":3},{"not_picked":["hexamod:NightmareGuise","hexamod:BacktrackSmack"],"picked":"hexamod:InspiringFlames","floor":4},{"not_picked":["hexamod:HeatCrush","hexamod:NightmareStrike","hexamod:Rewind"],"picked":"SKIP","floor":8},{"not_picked":["hexamod:Hexaguard","hexamod:NightmareStrike"],"picked":"hexamod:HeatMetal","floor":10},{"not_picked":["hexamod:Hexaguard","hexamod:SwordOfDarkness"],"picked":"hexamod:Again","floor":12},{"not_picked":["hexamod:RecurringNightmare","hexamod:SearingWound"],"picked":"hexamod:SoulSteal","floor":15},{"not_picked":["hexamod:GhostflameInferno","hexamod:GhostOfSpirePresent"],"picked":"hexamod:SearingWound","floor":16},{"not_picked":["hexamod:BacktrackSmack","hexamod:SoulSteal"],"picked":"hexamod:Firestarter","floor":19},{"not_picked":["hexamod:NightmareStrike+1","hexamod:Rewind+1"],"picked":"hexamod:SwordOfDarkness","floor":20},{"not_picked":["hexamod:GhostOfSpireFuture","hexamod:Again"],"picked":"hexamod:SpectersWail","floor":22},{"not_picked":["hexamod:Haunt","hexamod:Hexaguard+1"],"picked":"hexamod:FastForward","floor":25},{"not_picked":["hexamod:InspiringFlames","hexamod:BacktrackSmack"],"picked":"hexamod:UnleashSpirits","floor":26},{"not_picked":["hexamod:Again+1","hexamod:NightmareStrike"],"picked":"hexamod:BurningTouch","floor":27}],"player_experience":46363,"relics_obtained":[{"floor":3,"key":"Replay:Mystery Machine"},{"floor":7,"key":"Toy Ornithopter"},{"floor":9,"key":"PreservedInsect"}],"event_choices":[{"cards_removed":["Specialist"],"damage_healed":0,"gold_gain":0,"player_choice":"Offered Uncommon","damage_taken":0,"max_hp_gain":0,"max_hp_loss":0,"event_name":"Bonfire Elementals","floor":21,"gold_loss":0}],"is_beta":false,"boss_relics":[{"not_picked":["Empty Cage","Snecko Eye"],"picked":"Ring of Chaos"}],"items_purged_floors":[],"is_endless":false,"potions_floor_spawned":[2,8,10,15,19,26],"killed_by":"Gremlin Leader","ascension_level":0}}