{"host":"cfluht5kr2kfk9p9","time":1613984001,"event":{"mods":["Act Like it!","BaseMod","Highlight Path","KinomotoSakuraMod(Ä¾Ö®±¾Ó£)","Minty Spire (QoL Compilation)","Quick Restart","Rare Cards Sparkle","Relic Stats","Spicy Shops","StSLib"],"gold_per_floor":[119,137,152,164,13,47,47,82,82,82,101,118,138,158,158,255,255,265,280,280,291,309,309,337,337,337,127,152,169,202,215,215,314,314,337,382,404,455,505,832,866,905,932,941,587,587,604,624,624,624,624,624,74,116,116],"floor_reached":56,"language":"ZHS","playtime":4634,"items_purged":["ClowCardTheSword","ClowCardTheSword"],"score":1736,"play_id":"e6905b63-e3f2-49fb-a68c-d51628cf7533","local_time":"20210222165321","is_ascension_mode":false,"campfire_choices":[{"data":"ClowCardTheMist","floor":7.0,"key":"SMITH"},{"data":"ClowCardTheWood","floor":10.0,"key":"SMITH"},{"floor":15.0,"key":"RECALL"},{"data":"ClowCardTheLight","floor":23.0,"key":"SMITH"},{"data":"ClowCardTheFly","floor":32.0,"key":"SMITH"},{"floor":44.0,"key":"REST"},{"floor":46.0,"key":"REST"},{"floor":49.0,"key":"REST"},{"floor":52.0,"key":"REST"}],"circlet_count":0,"master_deck":["ClowCardTheDash","ClowCardTheFly","SakuraCardTheTime+","ClowCardTheDash","ClowCardTheStorm","ClowCardTheFly+1","ClowCardTheFly+1","ClowCardTheDream","SakuraCardTheShadow+","ClowCardTheLight+1","ClowCardTheFight","ClowCardTheDash","SakuraCardTheMist+","ClowCardTheVoice","ClowCardTheSword","ClowCardTheSword","ClowCardTheShield","ClowCardTheShield","ClowCardTheShield","ClowCardTheShield","SpellCardSeal","SpellCardRelease","Good Instincts","ClowCardTheWood+1","ClowCardTheLibra","ClowCardTheDream","ClowCardTheChange","ClowCardTheThrough","ClowCardTheEarthy","ClowCardTheFloat+1","ClowCardTheFloat+1","ClowCardTheSweet","ClowCardTheDream+1","ClowCardTheNothing+1","ClowCardTheGlow","ClowCardTheLock","ClowCardTheFlower+1","ClowCardTheJump","ClowCardTheFlower+1","Secret Technique","ClowCardTheFly+1"],"relics":["KSMOD_SealedBook","KSMOD_SealedWand","Membership Card","KSMOD_Compass","Darkstone Periapt","KSMOD_DarknessWand","Frozen Egg 2","KSMOD_TaoistSuit","Dream Catcher","Pocketwatch","Shuriken","Calling Bell","PreservedInsect","Mercury Hourglass","Dead Branch","CeramicFish","WingedGreaves","CaptainsWheel","Old Coin","Regal Pillow","Meat on the Bone","Omamori","Strange Spoon","Ice Cream","Lantern","Orichalcum","Happy Flower","Lee\u0027s Waffle","KSMOD_RollerSkates","Anchor","Oddly Smooth Stone","TungstenRod","War Paint"],"acts_visited":["Exordium","TheCity","TheBeyond","TheEnding"],"potions_floor_usage":[],"damage_taken":[{"damage":0.0,"enemies":"2 Louse","floor":1.0,"turns":4.0},{"damage":0.0,"enemies":"Small Slimes","floor":2.0,"turns":4.0},{"damage":0.0,"enemies":"Cultist","floor":3.0,"turns":5.0},{"damage":3.0,"enemies":"Blue Slaver","floor":4.0,"turns":5.0},{"damage":22.0,"enemies":"Lagavulin","floor":6.0,"turns":11.0},{"damage":28.0,"enemies":"3 Sentries","floor":8.0,"turns":10.0},{"damage":2.0,"enemies":"Exordium Wildlife","floor":11.0,"turns":6.0},{"damage":1.0,"enemies":"3 Louse","floor":12.0,"turns":3.0},{"damage":0.0,"enemies":"Large Slime","floor":13.0,"turns":5.0},{"damage":4.0,"enemies":"Looter","floor":14.0,"turns":3.0},{"damage":0.0,"enemies":"Hexaghost","floor":16.0,"turns":9.0},{"damage":0.0,"enemies":"Shell Parasite","floor":18.0,"turns":4.0},{"damage":0.0,"enemies":"Spheric Guardian","floor":19.0,"turns":2.0},{"damage":22.0,"enemies":"Snake Plant","floor":21.0,"turns":6.0},{"damage":11.0,"enemies":"Snecko","floor":22.0,"turns":5.0},{"damage":17.0,"enemies":"Book of Stabbing","floor":24.0,"turns":5.0},{"damage":0.0,"enemies":"Gremlin Leader","floor":28.0,"turns":6.0},{"damage":0.0,"enemies":"3 Cultists","floor":29.0,"turns":3.0},{"damage":19.0,"enemies":"Slavers","floor":30.0,"turns":5.0},{"damage":4.0,"enemies":"Snake Plant","floor":31.0,"turns":5.0},{"damage":0.0,"enemies":"Collector","floor":33.0,"turns":5.0},{"damage":4.0,"enemies":"Orb Walker","floor":35.0,"turns":2.0},{"damage":0.0,"enemies":"KSMOD_TheNothingMonster","floor":36.0,"turns":6.0},{"damage":0.0,"enemies":"3 Shapes","floor":37.0,"turns":3.0},{"damage":0.0,"enemies":"2 Orb Walkers","floor":38.0,"turns":4.0},{"damage":0.0,"enemies":"Mind Bloom Boss Battle","floor":39.0,"turns":4.0},{"damage":0.0,"enemies":"Nemesis","floor":40.0,"turns":5.0},{"damage":0.0,"enemies":"Giant Head","floor":41.0,"turns":3.0},{"damage":0.0,"enemies":"Reptomancer","floor":42.0,"turns":4.0},{"damage":0.0,"enemies":"Maw","floor":47.0,"turns":4.0},{"damage":0.0,"enemies":"Transient","floor":48.0,"turns":1.0},{"damage":0.0,"enemies":"Awakened One","floor":50.0,"turns":3.0},{"damage":0,"enemies":"Shield and Spear","floor":54,"turns":2},{"damage":0,"enemies":"The Heart","floor":55,"turns":5}],"seed_played":"2007982482107288356","potions_obtained":[{"floor":1.0,"key":"Explosive Potion"},{"floor":11.0,"key":"Dexterity Potion"},{"floor":12.0,"key":"DuplicationPotion"},{"floor":13.0,"key":"PowerPotion"},{"floor":24.0,"key":"PowerPotion"},{"floor":30.0,"key":"SteroidPotion"},{"floor":36.0,"key":"DuplicationPotion"}],"is_trial":false,"path_per_floor":["M","M","M","M","$","E","R","E","T","R","M","M","M","M","R","B",null,"M","M","?","M","M","R","E","?","T","$","E","M","E","M","R","B",null,"M","?","M","?","?","E","E","E","T","R","$","R","M","M","R","B",null,"R","$","E","B",null],"character_chosen":"KINOMOTOSAKURA","items_purchased":["Membership Card","Dream Catcher","ClowCardTheFloat+1","FairyPotion","Strange Spoon","Ice Cream","Lantern","Orichalcum","Happy Flower","DuplicationPotion","ClowCardTheFlower","Lee\u0027s Waffle","KSMOD_RollerSkates","Anchor","Oddly Smooth Stone","TungstenRod","Secret Technique"],"campfire_rested":4,"item_purchase_floors":[5,27,27,27,45,45,45,45,45,45,45,53,53,53,53,53,53],"current_hp_per_floor":[70,70,70,67,67,45,45,17,17,17,15,14,14,10,10,10,70,70,70,70,48,37,37,20,20,20,20,20,20,18,19,19,19,70,66,70,70,70,70,70,70,70,70,70,70,70,70,70,70,70,70,70,77,77,77],"gold":116,"neow_bonus":"RANDOM_COLORLESS","is_daily":false,"chose_seed":false,"campfire_upgraded":4,"win_rate":0.0,"timestamp":1613984001,"path_taken":["M","M","M","M","$","E","R","E","T","R","M","M","M","M","R","BOSS","M","M","?","M","M","R","E","?","T","$","E","?","E","M","R","BOSS","M","?","M","?","?","E","E","E","T","R","$","R","M","M","R","BOSS","R","$","E","BOSS"],"items_purchased_type":["Relic","Relic","Card","Potion","Relic","Relic","Relic","Relic","Relic","Potion","Card","Relic","Relic","Relic","Relic","Relic","Card"],"build_version":"2020-12-22","purchased_purges":2,"victory":true,"max_hp_per_floor":[70,70,70,70,70,70,70,70,70,70,70,70,70,70,70,70,70,70,70,70,70,70,70,70,70,70,70,70,70,70,70,70,70,70,70,70,70,70,70,70,70,70,70,70,70,70,70,70,70,70,70,70,77,77,77],"relic_stats":{"Darkstone Periapt":0,"Regal Pillow":0,"Lee\u0027s Waffle":7,"Happy Flower":[5],"counters":[34,157],"Dead Branch":[352],"CeramicFish":81,"PreservedInsect":345,"Orichalcum":[6],"War Paint":["ClowCardTheFly","ClowCardTheFlower"],"Mercury Hourglass":[182],"Strange Spoon":[141],"Dream Catcher":4,"Shuriken":[71],"obtain_stats":[{"Darkstone Periapt":8,"Ice Cream":45,"Regal Pillow":41,"Lantern":45,"CeramicFish":35,"Old Coin":40,"Dream Catcher":27,"KSMOD_DarknessWand":17,"KSMOD_SealedWand":0,"WingedGreaves":38,"KSMOD_Compass":6,"Lee\u0027s Waffle":53,"KSMOD_RollerSkates":53,"Happy Flower":45,"KSMOD_SealedBook":0,"Dead Branch":34,"Oddly Smooth Stone":53,"PreservedInsect":34,"Omamori":43,"KSMOD_TaoistSuit":26,"Frozen Egg 2":24,"Orichalcum":45,"War Paint":54,"Mercury Hourglass":34,"Calling Bell":34,"Strange Spoon":45,"CaptainsWheel":39,"Anchor":53,"Shuriken":30,"Membership Card":5,"TungstenRod":53,"Pocketwatch":28,"Meat on the Bone":42},{"Darkstone Periapt":6,"Ice Cream":29,"Regal Pillow":28,"Lantern":29,"CeramicFish":22,"Old Coin":27,"Dream Catcher":16,"KSMOD_DarknessWand":11,"KSMOD_SealedWand":0,"WingedGreaves":25,"KSMOD_Compass":5,"Lee\u0027s Waffle":32,"KSMOD_RollerSkates":32,"Happy Flower":29,"KSMOD_SealedBook":0,"Dead Branch":21,"Oddly Smooth Stone":32,"PreservedInsect":21,"Omamori":29,"KSMOD_TaoistSuit":16,"Frozen Egg 2":16,"Orichalcum":29,"War Paint":33,"Mercury Hourglass":21,"Calling Bell":21,"Strange Spoon":29,"CaptainsWheel":26,"Anchor":32,"Shuriken":19,"Membership Card":4,"TungstenRod":32,"Pocketwatch":17,"Meat on the Bone":29},{"Darkstone Periapt":39,"Ice Cream":142,"Regal Pillow":138,"Lantern":142,"CeramicFish":113,"Old Coin":135,"Dream Catcher":87,"KSMOD_DarknessWand":65,"KSMOD_SealedWand":0,"WingedGreaves":126,"KSMOD_Compass":29,"Lee\u0027s Waffle":150,"KSMOD_RollerSkates":150,"Happy Flower":142,"KSMOD_SealedBook":0,"Dead Branch":111,"Oddly Smooth Stone":150,"PreservedInsect":111,"Omamori":142,"KSMOD_TaoistSuit":87,"Frozen Egg 2":87,"Orichalcum":142,"War Paint":152,"Mercury Hourglass":111,"Calling Bell":111,"Strange Spoon":142,"CaptainsWheel":130,"Anchor":150,"Shuriken":101,"Membership Card":18,"TungstenRod":150,"Pocketwatch":93,"Meat on the Bone":142}],"TungstenRod":0,"Pocketwatch":[6],"Meat on the Bone":0},"card_choices":[{"not_picked":["Blind","Trip"],"picked":"Good Instincts","floor":0.0},{"not_picked":["ClowCardTheSilent","ClowCardTheShot"],"picked":"ClowCardTheWood","floor":1.0},{"not_picked":["ClowCardTheLock","ClowCardTheWood"],"picked":"ClowCardTheLibra","floor":2.0},{"not_picked":["ClowCardThePower","ClowCardTheIllusion"],"picked":"ClowCardTheDream","floor":3.0},{"not_picked":["ClowCardTheTime","ClowCardTheWood"],"picked":"ClowCardTheChange","floor":4.0},{"not_picked":["ClowCardTheWatery","ClowCardTheSleep"],"picked":"ClowCardTheMist","floor":6.0},{"not_picked":["ClowCardTheSnow","ClowCardTheSweet","ClowCardTheSand"],"picked":"SKIP","floor":8.0},{"not_picked":["ClowCardTheFloat","ClowCardTheCloud"],"picked":"ClowCardTheThrough","floor":11.0},{"not_picked":["ClowCardTheIllusion","ClowCardTheSleep"],"picked":"ClowCardTheEarthy","floor":12.0},{"not_picked":["ClowCardTheCloud","ClowCardTheLittle","ClowCardTheSnow"],"picked":"SKIP","floor":13.0},{"not_picked":["ClowCardTheSilent","ClowCardTheChange","ClowCardTheStorm"],"picked":"SKIP","floor":14.0},{"not_picked":["ClowCardTheLittle","ClowCardTheSnow","ClowCardTheChange+1"],"picked":"SKIP","floor":18.0},{"not_picked":["ClowCardTheLittle","ClowCardTheSnow","ClowCardTheChange+1"],"picked":"SKIP","floor":18.0},{"not_picked":["ClowCardTheSong","ClowCardTheRain","ClowCardTheMist"],"picked":"SKIP","floor":19.0},{"not_picked":["ClowCardTheMaze+1","ClowCardTheSand","ClowCardTheLibra+1"],"picked":"SKIP","floor":21.0},{"not_picked":["ClowCardTheWave","ClowCardTheWatery","ClowCardTheMist"],"picked":"SKIP","floor":22.0},{"not_picked":["ClowCardTheMaze","ClowCardTheMirror"],"picked":"ClowCardTheFloat+1","floor":24.0},{"not_picked":["ClowCardTheWatery","ClowCardTheCloud","ClowCardTheBubbles"],"picked":"SKIP","floor":28.0},{"not_picked":["ClowCardTheArrow","ClowCardTheFreeze"],"picked":"ClowCardTheSweet","floor":29.0},{"not_picked":["ClowCardTheLoop+1","ClowCardTheSweet","ClowCardTheIllusion"],"picked":"SKIP","floor":30.0},{"not_picked":["ClowCardTheFloat+1","ClowCardTheDream+1","ClowCardTheSong"],"picked":"SKIP","floor":31.0},{"not_picked":["ClowCardTheReturn+1","ClowCardTheLight+1"],"picked":"ClowCardTheCreate","floor":33.0},{"not_picked":["ClowCardTheFirey","ClowCardTheSong"],"picked":"ClowCardTheDream+1","floor":35.0},{"not_picked":["ClowCardTheSleep","ClowCardTheSweet+1"],"picked":"ClowCardTheGlow","floor":37.0},{"not_picked":["ClowCardTheThrough","ClowCardTheArrow","ClowCardTheSand+1"],"picked":"SKIP","floor":40.0},{"not_picked":["ClowCardTheCloud","ClowCardTheSnow"],"picked":"ClowCardTheLock","floor":41.0},{"not_picked":["ClowCardTheBig+1","ClowCardTheWood+1"],"picked":"ClowCardTheFlower+1","floor":42.0},{"not_picked":["ClowCardTheChange+1","ClowCardTheDream"],"picked":"ClowCardTheJump","floor":44.0},{"not_picked":["ClowCardTheWave+1","ClowCardThePower+1","ClowCardTheSilent"],"picked":"SKIP","floor":47.0},{"not_picked":["ClowCardTheRain+1","ClowCardTheIllusion","ClowCardTheThunder"],"picked":"SKIP","floor":48.0},{"not_picked":["ClowCardTheReturn+1","ClowCardTheBubbles+1"],"picked":"ClowCardTheFly+1","floor":54}],"player_experience":52653,"relics_obtained":[{"floor":6.0,"key":"KSMOD_Compass"},{"floor":8.0,"key":"Darkstone Periapt"},{"floor":24.0,"key":"Frozen Egg 2"},{"floor":26.0,"key":"KSMOD_TaoistSuit"},{"floor":28.0,"key":"Pocketwatch"},{"floor":30.0,"key":"Shuriken"},{"floor":34.0,"key":"PreservedInsect"},{"floor":34.0,"key":"Mercury Hourglass"},{"floor":34.0,"key":"Dead Branch"},{"floor":35.0,"key":"CeramicFish"},{"floor":38.0,"key":"WingedGreaves"},{"floor":39.0,"key":"CaptainsWheel"},{"floor":40.0,"key":"Old Coin"},{"floor":41.0,"key":"Regal Pillow"},{"floor":42.0,"key":"Meat on the Bone"},{"floor":43.0,"key":"Omamori"},{"floor":54,"key":"War Paint"}],"event_choices":[{"damage_healed":0.0,"max_hp_gain":0.0,"max_hp_loss":0.0,"gold_gain":0.0,"event_name":"The Library","player_choice":"Read","floor":20.0,"gold_loss":0.0,"damage_taken":0.0,"cards_obtained":["ClowCardTheShadow"]},{"damage_healed":0.0,"max_hp_gain":0.0,"max_hp_loss":0.0,"gold_gain":0.0,"event_name":"The Woman in Blue","player_choice":"Bought 0 Potions","floor":25.0,"gold_loss":0.0,"damage_taken":0.0},{"damage_healed":0.0,"max_hp_gain":0.0,"max_hp_loss":0.0,"gold_gain":0.0,"event_name":"Mysterious Sphere","player_choice":"Fight","floor":38.0,"gold_loss":0.0,"damage_taken":0.0},{"damage_healed":0.0,"max_hp_gain":0.0,"max_hp_loss":0.0,"gold_gain":0.0,"event_name":"MindBloom","player_choice":"Fight","floor":39.0,"gold_loss":0.0,"damage_taken":0.0}],"is_beta":false,"boss_relics":[{"not_picked":["Runic Dome","SlaversCollar"],"picked":"KSMOD_DarknessWand"},{"not_picked":["Busted Crown","Snecko Eye"],"picked":"Calling Bell"}],"items_purged_floors":[27,27],"is_endless":false,"potions_floor_spawned":[1,11,12,13,22,24,30,33,36,39,40,47,48],"ascension_level":0}}