{"host":"kaame4qwxxqnygv7","time":1613979380,"event":{"mods":["AchievementEnabler","BaseMod","Better Match","Better Skull","Better Third Choice","BetterRewards","Block Reminder","Bossed Relics","DeckTracker","Energized Spire","GungeonMod","Minty Spire (QoL Compilation)","Quick Restart","Red Circlet Mod","StSLib","SuperFastMode","The Blue Laboratory"],"gold_per_floor":[117,136,136,151,151,151,151,169,169,184,184,202,237,237,237,336,286,298,298,298,330,330,361,361,387,387,387,397,409,420,435,452,452,452,452],"floor_reached":34,"language":"KOR","playtime":1010,"items_purged":[],"score":528,"play_id":"d592f343-f251-42f6-836a-9f964b89b9c2","local_time":"20210222163620","is_ascension_mode":true,"campfire_choices":[{"data":"Study","floor":6.0,"key":"SMITH"},{"floor":11.0,"key":"REST"},{"floor":15.0,"key":"REST"},{"data":"ClearTheMind","floor":24.0,"key":"SMITH"},{"data":"Tantrum","floor":27.0,"key":"SMITH"},{"data":"FlurryOfBlows","floor":33.0,"key":"SMITH"}],"circlet_count":0,"master_deck":["Eruption+1","Vigilance","FlurryOfBlows","Study+1","Evaluate","FlurryOfBlows","Halt","Tantrum+1","FlurryOfBlows","Scrawl+1","EmptyBody","ClearTheMind+1","FlurryOfBlows+1","WaveOfTheHand+1","FlyingSleeves+1","Crescendo+1","FollowUp"],"relics":["PureWater","Sling","Peace Pipe","TeardropLocket","Juzu Bracelet","Mercury Hourglass","DemoMod:WeirdEgg","energizedSpire:HugeHouse","Red Mask","DemoMod:Antibody","Ancient Tea Set"],"acts_visited":["Exordium","TheCity","DemoMod:Maze"],"potions_floor_usage":[34,34,34],"damage_taken":[{"damage":4.0,"enemies":"Jaw Worm","floor":1.0,"turns":2.0},{"damage":0.0,"enemies":"Small Slimes","floor":2.0,"turns":2.0},{"damage":0.0,"enemies":"Cultist","floor":4.0,"turns":2.0},{"damage":3.0,"enemies":"Looter","floor":8.0,"turns":3.0},{"damage":12.0,"enemies":"3 Louse","floor":10.0,"turns":3.0},{"damage":3.0,"enemies":"Blue Slaver","floor":12.0,"turns":3.0},{"damage":0.0,"enemies":"Gremlin Nob","floor":13.0,"turns":2.0},{"damage":0.0,"enemies":"Slime Boss","floor":16.0,"turns":3.0},{"damage":2.0,"enemies":"Shell Parasite","floor":18.0,"turns":3.0},{"damage":0.0,"enemies":"Masked Bandits","floor":21.0,"turns":2.0},{"damage":1.0,"enemies":"Book of Stabbing","floor":23.0,"turns":3.0},{"damage":0.0,"enemies":"Gremlin Leader","floor":25.0,"turns":2.0},{"damage":0.0,"enemies":"DemoMod:Red_and_blue_shotgun_kin","floor":28.0,"turns":1.0},{"damage":0.0,"enemies":"DemoMod:Veteran_shot_gun_kin_and_bullet_kin","floor":29.0,"turns":2.0},{"damage":0.0,"enemies":"DemoMod:2_Mousers","floor":30.0,"turns":1.0},{"damage":3.0,"enemies":"DemoMod:Red_and_blue_shotgun_kin_with_gunsinger","floor":31.0,"turns":2.0},{"damage":6.0,"enemies":"DemoMod:Veteran_shot_gun_kin_and_red_shotgun_kin_with_gunsinger","floor":32.0,"turns":2.0},{"damage":58,"enemies":"DemoMod:ResourcefulRat","floor":34,"turns":7}],"seed_played":"-2220677822826329726","potions_obtained":[{"floor":1.0,"key":"blueLaboratory:HummingbirdPotion"},{"floor":10.0,"key":"FearPotion"},{"floor":12.0,"key":"blueLaboratory:AbyssPotion"},{"floor":13.0,"key":"Ancient Potion"},{"floor":21.0,"key":"GamblersBrew"},{"floor":28.0,"key":"blueLaboratory:Moonshine"},{"floor":29.0,"key":"blueLaboratory:BottledTrinity"}],"is_trial":false,"path_per_floor":["M","M","?","M","?","R","?","M","T","M","R","M","E","?","R","B",null,"M","?","?","?","?","E","R","E","T","R","M","M","M","M","M","R","B"],"character_chosen":"WATCHER","items_purchased":["Sling","FlurryOfBlows","TeardropLocket","DemoMod:GnawedKey"],"campfire_rested":2,"item_purchase_floors":[0,0,0,0],"current_hp_per_floor":[36,36,22,22,46,46,39,36,36,24,45,42,42,30,51,51,67,65,65,65,65,65,64,64,64,67,67,67,67,67,64,58,58,0,0],"gold":452,"neow_bonus":"","is_daily":false,"chose_seed":false,"campfire_upgraded":4,"win_rate":0.0,"timestamp":1613979380,"path_taken":["M","M","?","M","?","R","?","M","T","M","R","M","E","?","R","BOSS","M","?","?","?","?","E","R","E","T","R","M","M","M","M","M","R","BOSS"],"items_purchased_type":["Relic","Card","Relic","Relic"],"build_version":"2020-12-22","purchased_purges":0,"victory":false,"max_hp_per_floor":[72,72,72,72,72,72,72,72,72,72,72,72,72,72,72,72,67,67,67,67,67,67,67,67,67,67,67,67,67,67,67,67,67,67,67],"card_choices":[{"not_picked":["JustLucky","InnerPeace"],"picked":"Study","floor":1.0},{"not_picked":["Prostrate","WheelKick"],"picked":"Evaluate","floor":2.0},{"not_picked":["Swivel","Protect"],"picked":"TalkToTheHand","floor":4.0},{"not_picked":["Sanctity","EmptyBody"],"picked":"FlurryOfBlows","floor":8.0},{"not_picked":["CrushJoints","Meditate"],"picked":"Halt","floor":10.0},{"not_picked":["Alpha","Worship"],"picked":"Tantrum","floor":12.0},{"not_picked":["Establishment","CutThroughFate"],"picked":"FlurryOfBlows","floor":13.0},{"not_picked":["Wish","DevaForm"],"picked":"Scrawl","floor":16.0},{"not_picked":["Crescendo","PathToVictory"],"picked":"ClearTheMind","floor":18.0},{"not_picked":["ForeignInfluence","Crescendo"],"picked":"FlurryOfBlows","floor":23.0},{"not_picked":["LikeWater","Pray","Worship"],"picked":"SKIP","floor":25.0},{"not_picked":["EmptyFist+1","Weave+1"],"picked":"WaveOfTheHand+1","floor":28.0},{"not_picked":["CarveReality","ForeignInfluence","DeceiveReality+1"],"picked":"SKIP","floor":29.0},{"not_picked":["Wish","Worship"],"picked":"FlyingSleeves+1","floor":30.0},{"not_picked":["SignatureMove","Protect"],"picked":"Crescendo+1","floor":31.0},{"not_picked":["MentalFortress+1","EmptyBody"],"picked":"FollowUp","floor":32.0}],"player_experience":315017,"relics_obtained":[{"floor":9.0,"key":"Juzu Bracelet"},{"floor":13.0,"key":"Mercury Hourglass"},{"floor":21.0,"key":"Red Mask"},{"floor":23.0,"key":"DemoMod:Antibody"},{"floor":25.0,"key":"Ancient Tea Set"}],"event_choices":[{"damage_healed":36.0,"max_hp_gain":0.0,"max_hp_loss":72.0,"gold_gain":0.0,"event_name":"betterThird:BetterShining","player_choice":"Upgrade","floor":3.0,"gold_loss":0.0,"damage_taken":14.0,"cards_upgraded":["Eruption","Strike_P"]},{"damage_healed":24.0,"max_hp_gain":0.0,"max_hp_loss":0.0,"gold_gain":0.0,"event_name":"Big Fish","player_choice":"Banana","floor":5.0,"gold_loss":0.0,"damage_taken":0.0},{"cards_removed":["Defend_P"],"damage_healed":0.0,"max_hp_gain":0.0,"max_hp_loss":0.0,"gold_gain":0.0,"event_name":"Golden Wing","player_choice":"Card Removal","floor":7.0,"gold_loss":0.0,"damage_taken":7.0},{"damage_healed":0.0,"max_hp_gain":0.0,"max_hp_loss":0.0,"gold_gain":0.0,"event_name":"betterThird:BetterScrap","player_choice":"Relic ","floor":14.0,"gold_loss":0.0,"damage_taken":12.0,"cards_obtained":["Metallicize"]},{"damage_healed":0.0,"max_hp_gain":0.0,"max_hp_loss":0.0,"gold_gain":0.0,"event_name":"Upgrade Shrine","player_choice":"Upgraded","floor":19.0,"gold_loss":0.0,"damage_taken":0.0,"cards_upgraded":["Scrawl"]},{"damage_healed":0.0,"max_hp_gain":0.0,"max_hp_loss":8.0,"gold_gain":0.0,"event_name":"betterThird:BetterWriting","player_choice":"Materialism","floor":20.0,"gold_loss":0.0,"damage_taken":0.0},{"damage_healed":0.0,"max_hp_gain":0.0,"max_hp_loss":0.0,"gold_gain":0.0,"event_name":"Masked Bandits","player_choice":"Fought Bandits","floor":21.0,"gold_loss":0.0,"damage_taken":0.0},{"damage_healed":0.0,"max_hp_gain":0.0,"max_hp_loss":0.0,"gold_gain":0.0,"event_name":"Ghosts","player_choice":"Ignored","floor":22.0,"gold_loss":0.0,"damage_taken":0.0}],"is_beta":false,"boss_relics":[{"not_picked":["Cursed Key","Runic Pyramid"],"picked":"energizedSpire:HugeHouse"}],"items_purged_floors":[],"is_endless":false,"potions_floor_spawned":[1,10,12,13,21,28,29,32],"killed_by":"DemoMod:ResourcefulRat","ascension_level":4}}