{"host":"7w9k7wbji6yxkaex","time":1613968937,"event":{"mods":["100% Spire Juice","Act Like it!","BaseMod","DeckTracker","Downfall","Gremlin Mod","Hubris","Lobotomy","Minty Spire (QoL Compilation)","Potionbrewer","Quick Restart","Slay the Relics Exporter","StSLib","The Hierophant","The Marked","The Showman","The Warrior","TheHero"],"gold_per_floor":[99,112,112,112,130,146,146,156,189,114,1,16,16,26,40,144,144,94,113,113,125,142,142,192,142,242,259,275,225,236,254,264,366,366,316,328,347,347,347,297,369,469,483,433,468,418,418,418,418],"floor_reached":47,"language":"ENG","playtime":3617,"items_purged":[],"score":486,"play_id":"e9446146-b090-445a-9d5e-a2685d820358","local_time":"20210221224217","is_ascension_mode":false,"campfire_choices":[{"data":"Slimebound:CorrosiveSpit","floor":1,"key":"SMITH"},{"floor":13,"key":"REST"},{"data":"sneckomod:Unknown3Cost","floor":18,"key":"SMITH"},{"floor":25,"key":"REST"},{"data":"Slimebound:Nibble","floor":29,"key":"SMITH"},{"data":"Slimebound:SplitSpecialist","floor":35,"key":"SMITH"},{"data":"Slimebound:RainOfGoop","floor":40,"key":"SMITH"},{"floor":44,"key":"REST"},{"floor":46,"key":"REST"}],"circlet_count":0,"master_deck":["Slimebound:Tackle+1","Slimebound:Split+1","Slimebound:CorrosiveSpit+1","Flash of Steel","Slimebound:HauntingLick","Slimebound:RainOfGoop+1","Slimebound:FinishingTackle","Slimebound:LeechEnergy","Slimebound:GoopSpray","Slimebound:LeechingTouch","Slimebound:LeechEnergy","Slimebound:SplitSpecialist+1","Slimebound:HauntingLick","Slimebound:SamplingLick","sneckomod:Unknown3Cost+1","Slimebound:MegaLick","Slimebound:Nibble+1","Slimebound:AcidTongue","Slimebound:Schlurp","Slimebound:SlimeBarrage","Slimebound:HauntingLick","Slimebound:SamplingLick","sneckomod:UnknownWeak","Slimebound:SamplingLick+1","Slimebound:ItLooksTasty+1","Slimebound:DouseInSlime","Slimebound:AcidTongue","Slimebound:ViciousTackle+1"],"relics":["Slimebound:AbsorbEndCombat","Kunai","hubris:DisguiseKit","Meat on the Bone","Slimebound:GreedOozeRelic","Pandora\u0027s Box","Happy Flower","Empty Cage","hubris:Towel","Mercury Hourglass","Pen Nib"],"acts_visited":["Exordium","TheCity","TheBeyond"],"potions_floor_usage":[9,16,16,16,22,27,30,43,45],"damage_taken":[{"damage":6,"enemies":"Jaw Worm","floor":2,"turns":3},{"damage":0,"enemies":"Cultist","floor":5,"turns":3},{"damage":3,"enemies":"2 Louse","floor":6,"turns":1},{"damage":27,"enemies":"Lots of Slimes","floor":8,"turns":4},{"damage":13,"enemies":"Lagavulin","floor":9,"turns":4},{"damage":1,"enemies":"downfall:FleeingMerchant","floor":11,"turns":4},{"damage":8,"enemies":"2 Fungi Beasts","floor":12,"turns":3},{"damage":0,"enemies":"3 Louse","floor":14,"turns":2},{"damage":5,"enemies":"Lots of Slimes","floor":15,"turns":4},{"damage":4,"enemies":"SI_SHIV_ARCHETYPE","floor":16,"turns":5},{"damage":10,"enemies":"Shell Parasite","floor":19,"turns":3},{"damage":12,"enemies":"Chosen","floor":21,"turns":4},{"damage":26,"enemies":"Snake Plant","floor":22,"turns":3},{"damage":16,"enemies":"Chosen and Byrds","floor":27,"turns":4},{"damage":3,"enemies":"Snecko","floor":28,"turns":3},{"damage":3,"enemies":"3 Cultists","floor":30,"turns":3},{"damage":16,"enemies":"Shelled Parasite and Fungi","floor":31,"turns":3},{"damage":10,"enemies":"Snake Plant","floor":32,"turns":3},{"damage":19,"enemies":"WA_ARCHETYPE_CALM","floor":33,"turns":8},{"damage":11,"enemies":"3 Shapes","floor":36,"turns":2},{"damage":19,"enemies":"Orb Walker","floor":37,"turns":3},{"damage":10,"enemies":"Writhing Mass","floor":43,"turns":2},{"damage":70,"enemies":"Giant Head","floor":45,"turns":7},{"damage":55,"enemies":"Spire Growth","floor":47,"turns":4}],"seed_played":"1085536861803505735","potions_obtained":[{"floor":2,"key":"potionbrewer:NoxiousPotion"},{"floor":9,"key":"Block Potion"},{"floor":12,"key":"Fire Potion"},{"floor":14,"key":"potionbrewer:ToxicPotion"},{"floor":21,"key":"ColorlessPotion"},{"floor":22,"key":"hexamod:SoulburnPotion"},{"floor":23,"key":"CultistPotion"},{"floor":28,"key":"ColorlessPotion"},{"floor":37,"key":"SkillPotion"},{"floor":45,"key":"Slimebound:SpawnSlimePotion"}],"is_trial":false,"path_per_floor":["R","M","?","?","M","M","T","M","E","?","$","M","R","M","M","B",null,"R","M","?","M","M","?","T","R","?","M","M","R","M","M","M","B",null,"R","M","M","?","?","R","T","?","M","R","E","R","M"],"character_chosen":"SLIMEBOUND","items_purchased":["Slimebound:LeechEnergy","Slimebound:SplitSpecialist"],"campfire_rested":4,"item_purchase_floors":[11,11],"current_hp_per_floor":[65,61,58,58,64,62,62,43,38,38,45,43,62,65,64,61,65,65,57,75,69,49,49,49,71,71,59,60,60,65,55,49,38,72,72,65,54,54,54,54,54,54,52,72,22,43,0,0,0],"gold":418,"neow_bonus":"RANDOM_COLORLESS","is_daily":false,"chose_seed":false,"campfire_upgraded":5,"win_rate":0.0,"timestamp":1613968937,"path_taken":["R","M","?","?","?","M","T","M","E","?","$","M","R","M","M","BOSS","R","M","?","?","M","?","T","R","?","M","?","R","M","M","M","BOSS","R","M","M","?","?","R","T","?","M","R","E","R","M"],"items_purchased_type":["Card","Card"],"build_version":"2020-12-22","purchased_purges":0,"victory":false,"max_hp_per_floor":[65,65,65,65,65,65,65,65,65,65,65,65,65,65,65,65,65,65,65,75,75,75,75,75,75,75,75,75,75,75,75,75,75,72,72,72,72,72,72,72,72,72,72,72,72,72,72,72,72],"card_choices":[{"not_picked":["Deep Breath","Purity"],"picked":"Flash of Steel","floor":0},{"not_picked":["Slimebound:SplitAcid","Slimebound:ComboTackle"],"picked":"Slimebound:HauntingLick","floor":2},{"not_picked":["Slimebound:ProtectTheBoss","Slimebound:FlameTackle"],"picked":"Slimebound:RainOfGoop","floor":5},{"not_picked":["Slimebound:ProtectTheBoss","Slimebound:Prepare"],"picked":"Slimebound:FinishingTackle","floor":6},{"not_picked":["Slimebound:GoopTackle","Slimebound:SlimeBrawl","sneckomod:RainOfDice"],"picked":"Slimebound:LeechEnergy","floor":8},{"not_picked":["Slimebound:FormOfPuddle","Slimebound:Grow","sneckomod:ImprovisedAttack"],"picked":"Slimebound:GoopSpray","floor":9},{"not_picked":["Slimebound:SplitLeeching","Slimebound:MegaLick","sneckomod:UnknownCommonSkill"],"picked":"Slimebound:LeechingTouch","floor":11},{"not_picked":["Slimebound:LivingWall","Slimebound:SlimeTap","Slimebound:FinishingTackle","sneckomod:UnknownClassWARRIOR_GREY"],"picked":"SKIP","floor":12},{"not_picked":["Slimebound:DivideAndConquer","Slimebound:Overexert","sneckomod:UnknownX"],"picked":"Slimebound:HauntingLick","floor":14},{"not_picked":["Slimebound:ComboTackle","Slimebound:Prepare","sneckomod:UnknownClassWHITE_ICE_COLOR"],"picked":"Slimebound:SamplingLick","floor":15},{"not_picked":["Slimebound:DuplicatedForm","Slimebound:CheckThePlaybook","Slimebound:TagTeam"],"picked":"sneckomod:Unknown3Cost","floor":16},{"not_picked":["Slimebound:LeechEnergy","Slimebound:LeechingTouch+1","sneckomod:UnknownClassRED"],"picked":"Slimebound:HauntingLick","floor":19},{"not_picked":["Slimebound:HauntingLick","Slimebound:LeechEnergy","sneckomod:DefensiveFlair"],"picked":"Slimebound:SamplingLick","floor":21},{"not_picked":["Slimebound:SlimeTap","Slimebound:SpikyOuterGoop+1","sneckomod:UnknownClassWHITE_ICE_COLOR"],"picked":"Slimebound:RejuvenatingLick","floor":22},{"not_picked":["Slimebound:Replication","Slimebound:RollThrough+1","Slimebound:RainOfGoop"],"picked":"sneckomod:UnknownWeak","floor":27},{"not_picked":["Slimebound:Prepare+1","Slimebound:LeechEnergy","Slimebound:ForwardTackle","sneckomod:UnknownWeak"],"picked":"SKIP","floor":28},{"not_picked":["Slimebound:SlimeTap","Slimebound:FormOfPuddle+1","sneckomod:UnknownRareAttack"],"picked":"Slimebound:SamplingLick+1","floor":30},{"not_picked":["Slimebound:LeadByExample","Slimebound:RollThrough+1","sneckomod:UnknownClassWHITE_ICE_COLOR"],"picked":"Slimebound:ItLooksTasty+1","floor":31},{"not_picked":["Slimebound:HauntingLick+1","Slimebound:ComboTackle","sneckomod:UnknownClassGREMLIN"],"picked":"Slimebound:DouseInSlime","floor":32},{"not_picked":["Slimebound:SlimeBarrage","Slimebound:Schlurp","sneckomod:RainOfDice"],"picked":"Slimebound:AcidTongue","floor":36},{"not_picked":["Slimebound:ForwardTackle","Slimebound:SplitSpecialist+1","Slimebound:PressTheAttack","sneckomod:UnknownClassRED"],"picked":"SKIP","floor":37},{"not_picked":["Slimebound:DisruptingSlam+1","Slimebound:RollThrough+1","Slimebound:SplitSpecialist+1","sneckomod:UnknownClassGREMLIN"],"picked":"SKIP","floor":43},{"not_picked":["Slimebound:ComboTackle+1","Slimebound:BestDefense+1","sneckomod:SoulCleanse"],"picked":"Slimebound:ViciousTackle+1","floor":45}],"player_experience":280274,"relics_obtained":[{"floor":7,"key":"hubris:DisguiseKit"},{"floor":9,"key":"Meat on the Bone"},{"floor":24,"key":"Happy Flower"},{"floor":41,"key":"Mercury Hourglass"},{"floor":45,"key":"Pen Nib"}],"event_choices":[{"damage_healed":0,"gold_gain":0,"player_choice":"Success","damage_taken":3,"relics_obtained":["Kunai"],"max_hp_gain":0,"max_hp_loss":0,"event_name":"Scrap Ooze","floor":3,"gold_loss":0},{"cards_removed":["Slimebound:MassFeed"],"damage_healed":8,"gold_gain":0,"player_choice":"Offered Rare","damage_taken":0,"max_hp_gain":10,"max_hp_loss":0,"event_name":"Bonfire Elementals","floor":20,"gold_loss":0},{"cards_removed":["Slimebound:RejuvenatingLick"],"damage_healed":0,"gold_gain":0,"player_choice":"Removed Skill","damage_taken":0,"max_hp_gain":0,"max_hp_loss":0,"event_name":"Falling","floor":38,"gold_loss":0}],"is_beta":false,"boss_relics":[{"not_picked":["Runic Pyramid","Slimebound:AbsorbEndCombatUpgraded"],"picked":"Pandora\u0027s Box"},{"not_picked":["SacredBark","Coffee Dripper"],"picked":"Empty Cage"}],"items_purged_floors":[],"is_endless":false,"potions_floor_spawned":[2,9,12,14,21,22,28,37,45],"killed_by":"Spire Growth","ascension_level":0}}