{"host":"1p8eqzpvl5sxeu5t","time":1613953799,"event":{"mods":["Act Like it!","BaseMod","Block Reminder","Colored Map","Colored Powertips","Curses Come First","Dark Map","Highlight Path","Minty Spire (QoL Compilation)","Relic Stats","Ruina","StSLib","everything is the same but u backflip on backflip","slay the spire mod where everything is the same but ironclad has a cowboy hat"],"gold_per_floor":[115,132,132,149,149,180,180,214,240,254,254,268,294,312,312,413,413,426,426,438,149,160,160,173,205,251,251,251,265,290,290,290,392,392,408,458,167,178,178,178,204,215,215,242,242,242,142,142,142,142,142,142,17,43,43],"floor_reached":56,"language":"ENG","playtime":2468,"items_purged":["Strike_R","Writhe","Strike_R"],"score":1204,"play_id":"4a0197d5-8a27-4c5d-9ee4-646c97e9c581","local_time":"20210222082959","is_ascension_mode":true,"campfire_choices":[{"data":"Bash","floor":7,"key":"SMITH"},{"data":"Whirlwind","floor":11,"key":"SMITH"},{"data":"Disarm","floor":15,"key":"SMITH"},{"data":"ruina:GoldRush","floor":23,"key":"SMITH"},{"data":"Heavy Blade","floor":32,"key":"SMITH"},{"data":"Dual Wield","floor":40,"key":"SMITH"},{"floor":49,"key":"RECALL"},{"data":"Shockwave","floor":52,"key":"SMITH"}],"circlet_count":0,"master_deck":["Defend_R","Defend_R","Defend_R+1","Defend_R+1","Bash+1","Demon Form","Cleave","Clothesline+1","Whirlwind+1","Disarm+1","Reaper","Uppercut+1","ruina:GoldRush+1","Heavy Blade+1","Sword Boomerang","Demon Form","Dual Wield+1","Shockwave+1","Fire Breathing","Shrug It Off"],"relics":["Burning Blood","Dream Catcher","Bronze Scales","Bag of Marbles","CaptainsWheel","Snecko Eye","Juzu Bracelet","Bag of Preparation","Shuriken","ruina:Goodbye","Cursed Key","Thread and Needle","Paper Frog","Red Skull","War Paint"],"acts_visited":["Exordium","ruina:Briah","TheBeyond","TheEnding"],"potions_floor_usage":[8,8,24,25,30],"damage_taken":[{"damage":9,"enemies":"2 Louse","floor":1,"turns":3},{"damage":5,"enemies":"Small Slimes","floor":2,"turns":4},{"damage":1,"enemies":"Cultist","floor":4,"turns":4},{"damage":21,"enemies":"Lagavulin","floor":6,"turns":7},{"damage":18,"enemies":"3 Sentries","floor":8,"turns":4},{"damage":7,"enemies":"Looter","floor":10,"turns":2},{"damage":4,"enemies":"Exordium Thugs","floor":12,"turns":3},{"damage":17,"enemies":"Gremlin Nob","floor":13,"turns":4},{"damage":0,"enemies":"Large Slime","floor":14,"turns":4},{"damage":10,"enemies":"The Guardian","floor":16,"turns":10},{"damage":0,"enemies":"ruina:Nosferatu","floor":18,"turns":3},{"damage":0,"enemies":"ruina:2_Scarecrows","floor":20,"turns":2},{"damage":11,"enemies":"ruina:QueenOfHate","floor":22,"turns":2},{"damage":1,"enemies":"ruina:KnightOfDespair","floor":24,"turns":4},{"damage":0,"enemies":"ruina:Mountain","floor":25,"turns":3},{"damage":0,"enemies":"ruina:KingOfGreed","floor":29,"turns":2},{"damage":0,"enemies":"ruina:RoadHome","floor":30,"turns":1},{"damage":38,"enemies":"ruina:Ozma","floor":33,"turns":6},{"damage":9,"enemies":"3 Shapes","floor":35,"turns":1},{"damage":2,"enemies":"Mind Bloom Boss Battle","floor":36,"turns":3},{"damage":0,"enemies":"Orb Walker","floor":38,"turns":1},{"damage":0,"enemies":"Nemesis","floor":41,"turns":5},{"damage":0,"enemies":"Jaw Worm Horde","floor":42,"turns":1},{"damage":0,"enemies":"Giant Head","floor":44,"turns":4},{"damage":55,"enemies":"Time Eater","floor":50,"turns":5},{"damage":30,"enemies":"Shield and Spear","floor":54,"turns":4},{"damage":82,"enemies":"The Heart","floor":55,"turns":6}],"seed_played":"-5898097170701102468","potions_obtained":[{"floor":2,"key":"Explosive Potion"},{"floor":6,"key":"SteroidPotion"},{"floor":8,"key":"Block Potion"},{"floor":10,"key":"PowerPotion"},{"floor":12,"key":"BloodPotion"},{"floor":20,"key":"DuplicationPotion"},{"floor":24,"key":"LiquidMemories"},{"floor":29,"key":"Dexterity Potion"},{"floor":30,"key":"BlessingOfTheForge"},{"floor":42,"key":"Weak Potion"}],"is_trial":false,"path_per_floor":["M","M","?","M","?","E","R","E","T","M","R","M","E","M","R","B",null,"M","?","M","$","M","R","M","E","T","?","T","M","E","?","R","B",null,"M","?","$","M","?","R","E","M","T","E","?","?","$","?","R","B",null,"R","$","E","B",null],"character_chosen":"IRONCLAD","items_purchased":["ruina:GoldRush","Heavy Blade","Shockwave","Paper Frog"],"campfire_rested":0,"item_purchase_floors":[21,21,37,37],"current_hp_per_floor":[69,70,75,77,77,62,62,50,50,49,49,51,40,46,46,42,77,77,73,73,73,73,73,73,73,73,73,73,73,73,73,73,51,73,70,73,73,73,73,73,73,73,73,73,73,73,73,69,69,20,69,69,69,67,37],"gold":43,"neow_bonus":"THREE_RARE_CARDS","is_daily":false,"chose_seed":false,"campfire_upgraded":7,"win_rate":0.0,"timestamp":1613953799,"path_taken":["M","M","?","M","?","E","R","E","T","?","R","M","E","M","R","BOSS","M","?","M","?","M","R","M","E","T","?","?","M","E","?","R","BOSS","M","?","$","M","?","R","E","M","T","E","?","?","$","?","R","BOSS","R","$","E","BOSS"],"items_purchased_type":["Card","Card","Card","Relic"],"build_version":"2020-12-22","purchased_purges":3,"victory":true,"max_hp_per_floor":[72,72,77,77,77,77,77,77,77,77,77,77,77,77,77,77,77,77,73,73,73,73,73,73,73,73,73,73,73,73,73,73,73,73,73,73,73,73,73,73,73,73,73,73,73,73,73,69,69,69,69,69,69,69,69],"relic_stats":{"Dream Catcher":0,"counters":[27,98],"Shuriken":[3],"Bronze Scales":[217],"Snecko Eye":[82,98,83,85],"Juzu Bracelet":1,"Bag of Preparation":[24],"War Paint":["Defend_R","Defend_R"],"Cursed Key":0,"obtain_stats":[{"Thread and Needle":36,"Juzu Bracelet":25,"Bag of Preparation":26,"War Paint":54,"Cursed Key":34,"Burning Blood":0,"Frozen Eye":20,"Dream Catcher":6,"CaptainsWheel":13,"Shuriken":30,"Bronze Scales":8,"Snecko Eye":17,"ruina:Goodbye":31,"Bag of Marbles":9,"Red Skull":44,"Paper Frog":37},{"Thread and Needle":20,"Juzu Bracelet":15,"Bag of Preparation":15,"War Paint":26,"Cursed Key":18,"Burning Blood":0,"Frozen Eye":11,"Dream Catcher":4,"CaptainsWheel":8,"Shuriken":17,"Bronze Scales":5,"Snecko Eye":10,"ruina:Goodbye":17,"Bag of Marbles":5,"Red Skull":24,"Paper Frog":20},{"Thread and Needle":72,"Juzu Bracelet":59,"Bag of Preparation":59,"War Paint":92,"Cursed Key":68,"Burning Blood":0,"Frozen Eye":48,"Dream Catcher":18,"CaptainsWheel":31,"Shuriken":62,"Bronze Scales":22,"Snecko Eye":45,"ruina:Goodbye":62,"Bag of Marbles":22,"Red Skull":83,"Paper Frog":72}],"Burning Blood":94},"card_choices":[{"not_picked":["Offering","Fiend Fire"],"picked":"Demon Form","floor":0},{"not_picked":["Clash","Twin Strike","Iron Wave"],"picked":"SKIP","floor":1},{"not_picked":["Dropkick","Evolve"],"picked":"Cleave","floor":2},{"not_picked":["Rage","Headbutt"],"picked":"Clothesline","floor":4},{"not_picked":["Seeing Red","Clothesline","Feel No Pain"],"picked":"SKIP","floor":6},{"not_picked":["Rage","Intimidate"],"picked":"Whirlwind","floor":8},{"not_picked":["Wild Strike","Headbutt","Anger"],"picked":"SKIP","floor":10},{"not_picked":["Dual Wield","Wild Strike","Demon Form"],"picked":"SKIP","floor":12},{"not_picked":["Sword Boomerang","Thunderclap"],"picked":"Disarm","floor":13},{"not_picked":["Bloodletting","Flex","Thunderclap"],"picked":"SKIP","floor":14},{"not_picked":["Brutality","Limit Break"],"picked":"Reaper","floor":16},{"not_picked":["Cleave+1","Headbutt"],"picked":"Uppercut+1","floor":18},{"not_picked":["Headbutt","Entrench+1","Seeing Red"],"picked":"SKIP","floor":20},{"not_picked":["Flex","Thunderclap","Body Slam+1"],"picked":"SKIP","floor":22},{"not_picked":["Sword Boomerang","Anger","Havoc"],"picked":"SKIP","floor":24},{"not_picked":["Anger","Body Slam"],"picked":"Sword Boomerang","floor":25},{"not_picked":["Blood for Blood+1","Anger+1","Pommel Strike"],"picked":"SKIP","floor":29},{"not_picked":["Evolve+1","Carnage","Disarm+1"],"picked":"SKIP","floor":30},{"not_picked":["Feed","Brutality"],"picked":"Demon Form","floor":33},{"not_picked":["Sentinel","Clothesline+1","Thunderclap"],"picked":"SKIP","floor":35},{"not_picked":["Warcry","Armaments+1"],"picked":"Dual Wield","floor":36},{"not_picked":["Rampage","Armaments","Warcry+1"],"picked":"SKIP","floor":38},{"not_picked":["Flex","Evolve+1","Uppercut"],"picked":"SKIP","floor":41},{"not_picked":["Pommel Strike","Dropkick+1"],"picked":"Shrug It Off","floor":42},{"not_picked":["Whirlwind+1","Body Slam","Perfected Strike+1"],"picked":"SKIP","floor":44},{"not_picked":["Clothesline+1","Iron Wave+1","Rupture+1"],"picked":"SKIP","floor":54}],"player_experience":787692,"relics_obtained":[{"floor":6,"key":"Dream Catcher"},{"floor":8,"key":"Bronze Scales"},{"floor":9,"key":"Bag of Marbles"},{"floor":13,"key":"CaptainsWheel"},{"floor":25,"key":"Juzu Bracelet"},{"floor":26,"key":"Bag of Preparation"},{"floor":30,"key":"Shuriken"},{"floor":36,"key":"Thread and Needle"},{"floor":44,"key":"Red Skull"},{"floor":54,"key":"War Paint"}],"event_choices":[{"damage_healed":0,"gold_gain":0,"player_choice":"Donut","damage_taken":0,"max_hp_gain":5,"max_hp_loss":0,"event_name":"Big Fish","floor":3,"gold_loss":0},{"damage_healed":0,"gold_gain":0,"player_choice":"Upgraded","damage_taken":0,"max_hp_gain":0,"max_hp_loss":0,"event_name":"Upgrade Shrine","floor":5,"gold_loss":0,"cards_upgraded":["Clothesline"]},{"damage_healed":0,"gold_gain":0,"player_choice":"Fight","damage_taken":0,"max_hp_gain":0,"max_hp_loss":0,"event_name":"MindBloom","floor":36,"gold_loss":0},{"damage_healed":0,"gold_gain":0,"cards_transformed":["Strike_R"],"player_choice":"Transformed","damage_taken":0,"max_hp_gain":0,"max_hp_loss":0,"event_name":"Transmorgrifier","floor":39,"gold_loss":0,"cards_obtained":["Fire Breathing"]},{"damage_healed":0,"gold_gain":0,"player_choice":"Memory 1","damage_taken":0,"max_hp_gain":0,"max_hp_loss":0,"event_name":"SensoryStone","floor":45,"gold_loss":0},{"damage_healed":0,"gold_gain":0,"player_choice":"Ignored","damage_taken":0,"max_hp_gain":0,"max_hp_loss":0,"event_name":"Tomb of Lord Red Mask","floor":46,"gold_loss":0},{"damage_healed":0,"gold_gain":0,"player_choice":"Max HP","damage_taken":0,"max_hp_gain":0,"max_hp_loss":4,"event_name":"Winding Halls","floor":48,"gold_loss":0}],"is_beta":false,"boss_relics":[{"not_picked":["Mark of Pain","Astrolabe"],"picked":"Snecko Eye"},{"not_picked":["Tiny House","Black Blood"],"picked":"Cursed Key"}],"items_purged_floors":[21,47,53],"is_endless":false,"potions_floor_spawned":[2,6,8,10,12,18,20,24,29,30,38,41,42,54],"ascension_level":1}}