{"host":"zwfn3igoxym2o8ah","time":1613978081,"event":{"mods":["AchievementEnabler","BaseMod","Downfall","Hermit","Minty Spire (QoL Compilation)","Quick Restart","Replay The Spire","StSLib","The Cursed"],"gold_per_floor":[115,125,137,137,137,169,169,185,211,211,230,245,278,140,140,240,240,254,254,169,169,120,142,142,180,180,180,214,214,255,282,282,398,398,427,460,505,552,591,642,642,646,696,749,186,186,186,36,36,56],"floor_reached":51,"language":"ENG","playtime":4700,"items_purged":[],"score":1042,"play_id":"07fbeb0b-9448-40a3-b8dd-8d8cbabcc34e","local_time":"20210222021441","is_ascension_mode":false,"campfire_choices":[{"data":"Noxious Fumes","floor":7,"key":"SMITH"},{"floor":15,"key":"REST"},{"data":"Adrenaline","floor":24,"key":"SMITH"},{"data":"Terror","floor":27,"key":"SMITH"},{"floor":32,"key":"REST"},{"floor":46,"key":"REST"},{"data":"Footwork","floor":49,"key":"SMITH"}],"circlet_count":0,"master_deck":["Strike_G","Strike_G","Strike_G","Strike_G","Strike_G","Defend_G","Defend_G","Defend_G","Defend_G+1","Survivor","Neutralize","Poisoned Stab","Noxious Fumes+1","Terror+1","All Out Attack+1","Leg Sweep","Deadly Poison","Toxin Wave","Panacea","Adrenaline+1","Neutralize","Prepared","Bouncing Flask","Bane+1","Iron Wave","Deadly Poison","Footwork+1","Replay:Bag of Tricks+1","Backflip+1","Dagger Spray+1","Prepared","Parasite","Fluid Movement+1","Voices","ReplayTheSpireMod:Speed Training+1","Panacea"],"relics":["Ring of the Snake","ReplayTheSpireMod:Lightbulb","Lantern","Orichalcum","Garlic","bronze:MakeshiftBattery","MutagenicStrength","Replay:Bandana","Boot","Darkstone Periapt","Painkiller Herb","FossilizedHelix","Ring of Fury","ReplayTheSpireMod:Ring of Collecting","Potion Belt","MawBank","Guide Book","Replay:Baseball"],"acts_visited":["Exordium","TheCity","TheBeyond"],"potions_floor_usage":[6,16,18,25,25,25,39,40,40,42,50,50,50,50,50],"damage_taken":[{"damage":0,"enemies":"Small Slimes","floor":1,"turns":4},{"damage":2,"enemies":"Jaw Worm","floor":2,"turns":4},{"damage":0,"enemies":"2 Louse","floor":3,"turns":3},{"damage":24,"enemies":"3 Sentries","floor":6,"turns":8},{"damage":0,"enemies":"2 Fungi Beasts","floor":8,"turns":4},{"damage":0,"enemies":"Red Slaver","floor":11,"turns":4},{"damage":0,"enemies":"3 Louse","floor":12,"turns":3},{"damage":7,"enemies":"Lagavulin","floor":13,"turns":6},{"damage":0,"enemies":"Slime Boss","floor":16,"turns":7},{"damage":7,"enemies":"Chosen","floor":18,"turns":5},{"damage":0,"enemies":"Shell Parasite","floor":23,"turns":5},{"damage":14,"enemies":"Gremlin Leader","floor":25,"turns":6},{"damage":0,"enemies":"3 Cultists","floor":28,"turns":5},{"damage":0,"enemies":"Chosen and Byrds","floor":30,"turns":4},{"damage":14,"enemies":"Sentry and Sphere","floor":31,"turns":4},{"damage":12,"enemies":"Pondfish","floor":33,"turns":11},{"damage":0,"enemies":"Orb Walker","floor":35,"turns":3},{"damage":14,"enemies":"3 Darklings","floor":36,"turns":4},{"damage":10,"enemies":"4 Shapes","floor":37,"turns":3},{"damage":1,"enemies":"Spire Growth","floor":38,"turns":4},{"damage":3,"enemies":"Writhing Mass","floor":39,"turns":6},{"damage":2,"enemies":"Reptomancer","floor":40,"turns":5},{"damage":3,"enemies":"Nemesis","floor":42,"turns":2},{"damage":0,"enemies":"Giant Head","floor":44,"turns":6},{"damage":20,"enemies":"Donu and Deca","floor":50,"turns":8}],"seed_played":"-8213192367585205690","potions_obtained":[{"floor":1,"key":"Explosive Potion"},{"floor":3,"key":"sneckomod:MuddlingPotion"},{"floor":12,"key":"Poison Potion"},{"floor":13,"key":"Venom Potion"},{"floor":16,"key":"Energy Potion"},{"floor":23,"key":"Fire Potion"},{"floor":30,"key":"SmokeBomb"},{"floor":33,"key":"SpeedPotion"},{"floor":35,"key":"GhostInAJar"},{"floor":39,"key":"Strength Potion"}],"is_trial":false,"path_per_floor":["M","M","M","?","$","E","R","M","T","?","M","M","E","$","R","B",null,"M","?","?","?","$","M","R","E","T","R","M","?","M","M","R","B",null,"?","?","?","?","?","E","?","E","T","E","T","T","?","T","T","B",null],"character_chosen":"THE_SILENT","items_purchased":["Panacea","Strength Potion","Prepared","Panacea","Guide Book","Replay:Baseball","Dexterity Potion","PowerPotion","DuplicationPotion","PowerPotion","Slimebound:ThreeZeroPotion"],"campfire_rested":3,"item_purchase_floors":[14,14,22,45,45,45,45,45,45,48,48],"current_hp_per_floor":[77,75,75,72,72,48,48,48,48,48,48,48,41,41,64,64,77,70,70,70,70,70,70,70,56,56,56,56,56,56,42,65,53,77,77,63,53,52,55,53,59,56,56,56,56,82,82,82,82,62],"gold":56,"neow_bonus":"TEN_PERCENT_HP_BONUS","is_daily":false,"chose_seed":false,"campfire_upgraded":4,"win_rate":0.0,"timestamp":1613978081,"path_taken":["M","M","M","?","$","E","R","M","T","?","?","M","E","$","R","BOSS","M","?","?","?","$","M","R","E","T","R","?","?","M","?","R","BOSS","?","?","?","?","?","E","?","E","T","E","T","T","?","T","T","BOSS"],"items_purchased_type":["Card","Potion","Card","Card","Relic","Relic","Potion","Potion","Potion","Potion","Potion"],"build_version":"2020-12-22","purchased_purges":0,"victory":true,"max_hp_per_floor":[77,77,77,77,77,77,77,77,77,77,77,77,77,77,77,77,77,77,77,77,77,77,77,77,77,77,77,77,77,77,77,77,77,77,77,77,77,77,83,83,89,89,89,89,89,89,85,85,85,85],"card_choices":[{"not_picked":["Distraction","Quick Slash"],"picked":"Poisoned Stab","floor":1},{"not_picked":["Dagger Spray","Slice"],"picked":"Noxious Fumes","floor":2},{"not_picked":["Acrobatics","PiercingWail"],"picked":"Terror","floor":3},{"not_picked":["ReplayTheSpireMod:Shiv Toss","Tools of the Trade","Endless Agony"],"picked":"SKIP","floor":6},{"not_picked":["Backflip","Dagger Throw"],"picked":"All Out Attack","floor":8},{"not_picked":["Underhanded Strike","Fluid Movement"],"picked":"Leg Sweep","floor":11},{"not_picked":["Underhanded Strike","Blade Dance"],"picked":"Deadly Poison","floor":12},{"not_picked":["Blade Dance","Glass Knife"],"picked":"Toxin Wave","floor":13},{"not_picked":["Venomology","Malaise"],"picked":"Adrenaline","floor":16},{"not_picked":["Hidden Blade","Deflect","Distraction"],"picked":"SKIP","floor":18},{"not_picked":["Catalyst","Deflect"],"picked":"Bouncing Flask","floor":23},{"not_picked":["Flying Knee","Endless Agony","Dagger Throw"],"picked":"SKIP","floor":25},{"not_picked":["Dodge and Roll","Distraction"],"picked":"Bane+1","floor":28},{"not_picked":["Slice","Sucker Punch"],"picked":"Deadly Poison","floor":30},{"not_picked":["Prepared+1","Calculated Gamble"],"picked":"Footwork","floor":31},{"not_picked":["Tools of the Trade","ReplayTheSpireMod:From All Sides"],"picked":"Replay:Bag of Tricks","floor":33},{"not_picked":["Flechettes","ReplayTheSpireMod:Exploit Weakness+1"],"picked":"Backflip+1","floor":35},{"not_picked":["Deadly Poison+1","Leg Sweep","Predator"],"picked":"SKIP","floor":36},{"not_picked":["Backflip+1","PiercingWail"],"picked":"Dagger Spray+1","floor":37},{"not_picked":["Flechettes+1","Terror+1"],"picked":"Prepared","floor":38},{"not_picked":["Dodge and Roll+1","Underhanded Strike","Quick Slash"],"picked":"SKIP","floor":39},{"not_picked":["Outmaneuver","Bullet Time"],"picked":"Fluid Movement+1","floor":40},{"not_picked":["ReplayTheSpireMod:Exploit Weakness+1","ReplayTheSpireMod:The Works+1"],"picked":"ReplayTheSpireMod:Speed Training+1","floor":44}],"player_experience":15335,"relics_obtained":[{"floor":6,"key":"Lantern"},{"floor":9,"key":"Orichalcum"},{"floor":13,"key":"Garlic"},{"floor":25,"key":"Boot"},{"floor":26,"key":"Darkstone Periapt"},{"floor":40,"key":"FossilizedHelix"},{"floor":41,"key":"Ring of Fury"},{"floor":41,"key":"ReplayTheSpireMod:Ring of Collecting"},{"floor":43,"key":"Potion Belt"},{"floor":44,"key":"MawBank"}],"event_choices":[{"damage_healed":0,"gold_gain":0,"player_choice":"Success","damage_taken":3,"relics_obtained":["ReplayTheSpireMod:Lightbulb"],"max_hp_gain":0,"max_hp_loss":0,"event_name":"Scrap Ooze","floor":4,"gold_loss":0},{"damage_healed":0,"gold_gain":0,"player_choice":"Inject Mutagens","damage_taken":0,"relics_obtained":["MutagenicStrength"],"max_hp_gain":0,"max_hp_loss":0,"event_name":"Drug Dealer","floor":19,"gold_loss":0},{"damage_healed":0,"gold_gain":0,"player_choice":"Obtained Relic","damage_taken":0,"relics_obtained":["Replay:Bandana"],"max_hp_gain":0,"max_hp_loss":0,"event_name":"Addict","floor":20,"gold_loss":85},{"damage_healed":0,"gold_gain":0,"player_choice":"1 cards matched","damage_taken":0,"max_hp_gain":0,"max_hp_loss":0,"event_name":"Match and Keep!","floor":21,"gold_loss":0,"cards_obtained":["Neutralize"]},{"cards_removed":["Defend_G"],"damage_healed":0,"gold_gain":0,"player_choice":"Took Card","damage_taken":0,"max_hp_gain":0,"max_hp_loss":0,"event_name":"NoteForYourself","floor":29,"gold_loss":0,"cards_obtained":["Iron Wave"]},{"damage_healed":0,"gold_gain":0,"player_choice":"Max HP","damage_taken":0,"max_hp_gain":0,"max_hp_loss":4,"event_name":"Winding Halls","floor":47,"gold_loss":0}],"is_beta":false,"boss_relics":[{"not_picked":["Runic Dome","Velvet Choker"],"picked":"bronze:MakeshiftBattery"},{"not_picked":["Snecko Scales","HoveringKite"],"picked":"Painkiller Herb"}],"items_purged_floors":[],"is_endless":false,"potions_floor_spawned":[1,3,12,13,16,23,30,33,35,39],"ascension_level":0}}