{"host":"2lo6hma6kymb0g9i","time":1613982696,"event":{"mods":["BaseMod","Colored Map","DeckTracker","Minty Spire (QoL Compilation)"],"gold_per_floor":[116,116,133,208,208,208,234,249,249,249,282,298,315,164,164,241,241,255,270,170,170,189,189,220,49,75,92,110,124,140,166,166,166,166],"floor_reached":33,"language":"JPN","playtime":2010,"items_purged":["Pain","Strike_G"],"score":608,"play_id":"8a2e6df3-fb09-41fb-9d26-301e7c66376e","local_time":"20210222173136","is_ascension_mode":true,"campfire_choices":[{"data":"Dagger Throw","floor":6.0,"key":"SMITH"},{"data":"Dash","floor":10.0,"key":"SMITH"},{"floor":15.0,"key":"REST"},{"floor":23.0,"key":"REST"},{"floor":32,"key":"REST"}],"circlet_count":0,"master_deck":["AscendersBane","Strike_G","Strike_G","Strike_G","Strike_G","Defend_G","Defend_G","Defend_G","Defend_G","Defend_G","Survivor","Neutralize","Dagger Throw+1","Terror+1","Dash+1","Poisoned Stab","Flying Knee","Adrenaline+1","Footwork","Adrenaline+1","Deflect+1","Outmaneuver+1","PiercingWail+1","Acrobatics+1","Venomology+1"],"relics":["Ring of the Snake","NeowsBlessing","WarpedTongs","Toxic Egg 2","Omamori","Bottled Flame","Fusion Hammer","Unceasing Top","Bottled Tornado","Bronze Scales","Akabeko"],"acts_visited":["Exordium","TheCity"],"potions_floor_usage":[27,28,33,33],"damage_taken":[{"damage":0.0,"enemies":"Jaw Worm","floor":1.0,"turns":1.0},{"damage":1.0,"enemies":"Cultist","floor":3.0,"turns":1.0},{"damage":1.0,"enemies":"3 Sentries","floor":7.0,"turns":2.0},{"damage":1.0,"enemies":"Small Slimes","floor":8.0,"turns":3.0},{"damage":37.0,"enemies":"Gremlin Nob","floor":11.0,"turns":4.0},{"damage":1.0,"enemies":"2 Fungi Beasts","floor":12.0,"turns":3.0},{"damage":6.0,"enemies":"Red Slaver","floor":13.0,"turns":3.0},{"damage":5.0,"enemies":"Hexaghost","floor":16.0,"turns":9.0},{"damage":18.0,"enemies":"3 Byrds","floor":18.0,"turns":7.0},{"damage":1.0,"enemies":"2 Thieves","floor":19.0,"turns":4.0},{"damage":24.0,"enemies":"Snecko","floor":22.0,"turns":7.0},{"damage":26,"enemies":"Gremlin Leader","floor":24,"turns":7},{"damage":0,"enemies":"Snake Plant","floor":27,"turns":4},{"damage":0,"enemies":"Cultist and Chosen","floor":28,"turns":6},{"damage":0,"enemies":"3 Cultists","floor":29,"turns":6},{"damage":0,"enemies":"Centurion and Healer","floor":30,"turns":5},{"damage":43,"enemies":"Automaton","floor":33,"turns":10}],"seed_played":"-6311294001681705252","potions_obtained":[{"floor":11.0,"key":"Explosive Potion"},{"floor":16.0,"key":"Explosive Potion"},{"floor":19.0,"key":"Regen Potion"},{"floor":24,"key":"PowerPotion"},{"floor":28,"key":"Poison Potion"}],"is_trial":false,"path_per_floor":["M","?","M","?","?","R","E","M","T","R","E","M","M","$","R","B",null,"M","M","$","?","M","R","E","$","T","M","M","M","M","T","R","B"],"character_chosen":"THE_SILENT","items_purchased":["Footwork","Bronze Scales"],"campfire_rested":3,"item_purchase_floors":[14,25],"current_hp_per_floor":[59,59,58,47,47,47,46,45,45,45,8,7,1,1,20,15,53,35,34,34,34,10,29,3,3,3,3,3,3,3,3,22,0,0],"gold":166,"neow_bonus":"THREE_ENEMY_KILL","is_daily":false,"chose_seed":false,"campfire_upgraded":2,"win_rate":0.0,"timestamp":1613982696,"path_taken":["M","?","?","?","?","R","E","?","T","R","E","?","M","$","R","BOSS","M","?","$","?","M","R","E","$","T","M","?","M","M","?","R","BOSS"],"items_purchased_type":["Card","Relic"],"build_version":"2020-12-22","purchased_purges":2,"victory":false,"max_hp_per_floor":[66,66,66,66,66,66,66,66,66,66,66,66,66,66,66,66,66,66,66,66,66,66,66,66,66,66,66,66,66,66,66,66,66,66],"card_choices":[{"not_picked":["Sucker Punch","Deadly Poison"],"picked":"Dagger Throw","floor":1.0},{"not_picked":["Endless Agony","Riddle With Holes"],"picked":"Terror","floor":3.0},{"not_picked":["Heel Hook","Terror+1"],"picked":"Dash","floor":7.0},{"not_picked":["All Out Attack","Choke","Bane"],"picked":"SKIP","floor":8.0},{"not_picked":["Endless Agony","Bouncing Flask+1"],"picked":"Poisoned Stab","floor":11.0},{"not_picked":["Quick Slash","Deadly Poison+1"],"picked":"Flying Knee","floor":12.0},{"not_picked":["Dagger Spray","PiercingWail+1"],"picked":"Adrenaline+1","floor":13.0},{"not_picked":["Unload","Burst+1"],"picked":"Adrenaline+1","floor":16.0},{"not_picked":["Accuracy","Sucker Punch","Blade Dance+1"],"picked":"SKIP","floor":18.0},{"not_picked":["Dash","Concentrate+1"],"picked":"Deflect+1","floor":19.0},{"not_picked":["Cloak And Dagger+1","Distraction+1"],"picked":"Outmaneuver+1","floor":22.0},{"not_picked":["Escape Plan+1","Acrobatics+1"],"picked":"PiercingWail+1","floor":24},{"not_picked":["Dagger Throw","Poisoned Stab"],"picked":"Acrobatics+1","floor":27},{"not_picked":["Dodge and Roll+1","Deadly Poison+1","Choke"],"picked":"SKIP","floor":28},{"not_picked":["Backflip+1","Caltrops","Dodge and Roll+1"],"picked":"SKIP","floor":29},{"not_picked":["Footwork","Tactician+1"],"picked":"Venomology+1","floor":30}],"player_experience":1248351,"relics_obtained":[{"floor":7.0,"key":"Toxic Egg 2"},{"floor":9.0,"key":"Omamori"},{"floor":11.0,"key":"Bottled Flame"},{"floor":24,"key":"Bottled Tornado"},{"floor":26,"key":"Akabeko"}],"event_choices":[{"damage_healed":0.0,"max_hp_gain":0.0,"max_hp_loss":0.0,"gold_gain":0.0,"event_name":"Accursed Blacksmith","player_choice":"Rummage","floor":2.0,"gold_loss":0.0,"damage_taken":0.0,"relics_obtained":["WarpedTongs"],"cards_obtained":["Pain"]},{"damage_healed":0.0,"max_hp_gain":0.0,"max_hp_loss":0.0,"gold_gain":75.0,"event_name":"World of Goop","player_choice":"Gather Gold","floor":4.0,"gold_loss":0.0,"damage_taken":11.0},{"damage_healed":0.0,"max_hp_gain":0.0,"max_hp_loss":0.0,"gold_gain":0.0,"event_name":"Upgrade Shrine","player_choice":"Upgraded","floor":5.0,"gold_loss":0.0,"damage_taken":0.0,"cards_upgraded":["Terror"]},{"damage_healed":0.0,"max_hp_gain":0.0,"max_hp_loss":0.0,"gold_gain":0.0,"event_name":"WeMeetAgain","player_choice":"Gave Potion","floor":21.0,"gold_loss":0.0,"damage_taken":0.0,"relics_obtained":["Unceasing Top"]}],"is_beta":false,"boss_relics":[{"not_picked":["Runic Dome","Runic Pyramid"],"picked":"Fusion Hammer"}],"items_purged_floors":[14,20],"is_endless":false,"potions_floor_spawned":[11,16,19,24,28],"killed_by":"Automaton","ascension_level":20}}