{"host":"b3fp0sgzld04crtx","time":1613959720,"event":{"mods":["AchievementEnabler","BaseMod","Colored Map","Colored Powertips","Highlight Path","Minty Spire (QoL Compilation)","Quick Restart","StSLib"],"gold_per_floor":[112,62,62,79,254,254,281,297,297,76,94,94,94,40,40,40,40],"floor_reached":16,"language":"ENG","playtime":793,"items_purged":["Regret"],"score":98,"play_id":"dee70c97-cee5-4915-8f4f-6ca231efaeac","local_time":"20210221200840","is_ascension_mode":false,"campfire_choices":[{"data":"Eruption","floor":6,"key":"SMITH"},{"data":"Defend_P","floor":13,"key":"PURGE"},{"data":"Strike_P","floor":15,"key":"PURGE"}],"circlet_count":0,"master_deck":["Strike_P","Strike_P","Defend_P","Defend_P","Defend_P","Eruption+1","Vigilance","Crescendo","FlurryOfBlows","ThirdEye","CrushJoints","BattleHymn","CutThroughFate"],"relics":["SacredBark","Meat on the Bone","Peace Pipe","Toxic Egg 2","Orichalcum"],"acts_visited":["Exordium"],"potions_floor_usage":[7],"damage_taken":[{"damage":0,"enemies":"Small Slimes","floor":1,"turns":3},{"damage":5,"enemies":"Jaw Worm","floor":4,"turns":3},{"damage":32,"enemies":"3 Sentries","floor":7,"turns":5},{"damage":11,"enemies":"2 Louse","floor":8,"turns":7},{"damage":13,"enemies":"Exordium Thugs","floor":11,"turns":13},{"damage":47,"enemies":"The Guardian","floor":16,"turns":2}],"seed_played":"560729350867844852","potions_obtained":[{"floor":4,"key":"AttackPotion"},{"floor":8,"key":"Energy Potion"}],"is_trial":false,"path_per_floor":["M","?","?","M","?","R","E","M","T","$","M","?","R","$","R","B"],"character_chosen":"WATCHER","items_purchased":["Orichalcum","CutThroughFate"],"campfire_rested":0,"item_purchase_floors":[10,14],"current_hp_per_floor":[72,72,72,67,67,67,47,48,48,48,47,40,40,40,40,0,0],"gold":40,"neow_bonus":"BOSS_RELIC","is_daily":false,"chose_seed":false,"campfire_upgraded":1,"win_rate":0.0,"timestamp":1613959720,"path_taken":["M","?","?","M","?","R","E","M","T","?","M","?","R","$","R","BOSS"],"items_purchased_type":["Relic","Card"],"build_version":"2020-12-22","purchased_purges":1,"victory":false,"max_hp_per_floor":[72,72,72,72,72,72,72,72,72,72,72,72,72,72,72,72,72],"card_choices":[{"not_picked":["CrushJoints","WaveOfTheHand"],"picked":"Crescendo","floor":1},{"not_picked":["FollowUp","Crescendo"],"picked":"FlurryOfBlows","floor":4},{"not_picked":["FollowUp","FlurryOfBlows"],"picked":"ThirdEye","floor":7},{"not_picked":["Fasting2","ConjureBlade"],"picked":"CrushJoints","floor":8},{"not_picked":["FlyingSleeves","Halt+1"],"picked":"BattleHymn","floor":11}],"player_experience":366053,"relics_obtained":[{"floor":7,"key":"Peace Pipe"},{"floor":9,"key":"Toxic Egg 2"}],"event_choices":[{"cards_removed":["Strike_P"],"damage_healed":0,"gold_gain":0,"player_choice":"Card Removal","damage_taken":0,"max_hp_gain":0,"max_hp_loss":0,"event_name":"The Cleric","floor":2,"gold_loss":50},{"damage_healed":0,"gold_gain":0,"player_choice":"Box","damage_taken":0,"relics_obtained":["Meat on the Bone"],"max_hp_gain":0,"max_hp_loss":0,"event_name":"Big Fish","floor":3,"gold_loss":0,"cards_obtained":["Regret"]},{"damage_healed":0,"gold_gain":175,"player_choice":"AGREE","damage_taken":0,"max_hp_gain":0,"max_hp_loss":0,"event_name":"Liars Game","floor":5,"gold_loss":0,"cards_obtained":["Doubt"]},{"cards_removed":["Doubt"],"damage_healed":0,"gold_gain":0,"player_choice":"Card Removal","damage_taken":7,"max_hp_gain":0,"max_hp_loss":0,"event_name":"Golden Wing","floor":12,"gold_loss":0}],"is_beta":false,"boss_relics":[],"items_purged_floors":[10],"is_endless":false,"potions_floor_spawned":[4,8],"killed_by":"The Guardian","ascension_level":0}}