{"host":"elacvoo1ojii4e8w","time":1613974631,"event":{"mods":["Aspiration","Bard","BaseMod","BetterRewards","Challenge The Spire","Colored Map","Colored Powertips","Conspire","Downfall","Energized Spire","Friendly Minions","GifTheSpireLib","Halation","Highlight Path","Hubris","Infinite Spire","Mad Scientist","Marisa????????","Minty Spire (QoL Compilation)","Quick Restart","RNG Fix","Relic Sorter","Reliquary","Replay The Spire","Spikes Relics","StS++","StSLib","Stuff the Spire","The Blackbeard","The Disciple","The Gatherer","The Jungle","The Marked","The Runesmith","The Servant 0.9.4","The Valiant","Unceasing Turn Reminder"],"gold_per_floor":[118,18,31,41,41,41,72,72,98,98,204,216,231,242,242,242,242],"floor_reached":16,"language":"ENG","playtime":504,"items_purged":[],"score":102,"play_id":"0eb30d3c-6dbf-46c4-a93d-6121bdac0a7a","local_time":"20210222001711","is_ascension_mode":false,"campfire_choices":[{"data":"Ghostly","floor":6,"key":"SMITH"},{"floor":8,"key":"REST"},{"floor":15,"key":"REST"}],"circlet_count":0,"master_deck":["Strike_R","Strike_R","Strike_R","Strike_R","Strike_R","Defend_R+1","Defend_R","Defend_R","Defend_R","Bash+1","Twin Strike","StSpp:Succumb","Ghostly+1","Dropkick","StSpp:TheBiggerTheyAre","Seeing Red","Dropkick","Heavy Blade","Cleave","ReplayTheSpireMod:Limb From Limb","Clash","Fire Breathing"],"relics":["Burning Blood","halation:StarCompass","StSpp:BoiledEgg"],"acts_visited":["Exordium"],"potions_floor_usage":[7],"damage_taken":[{"damage":7,"enemies":"2 Louse","floor":1,"turns":3},{"damage":1,"enemies":"Cultist","floor":3,"turns":3},{"damage":0,"enemies":"Small Slimes","floor":4,"turns":4},{"damage":41,"enemies":"Gremlin Nob","floor":7,"turns":6},{"damage":2,"enemies":"Looter","floor":12,"turns":2},{"damage":2,"enemies":"Lots of Slimes","floor":13,"turns":2},{"damage":2,"enemies":"3 Louse","floor":14,"turns":3},{"damage":60,"enemies":"Hexaghost","floor":16,"turns":9}],"seed_played":"-5561516518727088372","potions_obtained":[{"floor":4,"key":"AttackPotion"},{"floor":12,"key":"sneckomod:MuddlingPotion"},{"floor":14,"key":"SpeedPotion"}],"is_trial":false,"path_per_floor":["M","?","M","M","?","R","E","R","T","?","?","M","M","M","R","B"],"character_chosen":"IRONCLAD","items_purchased":[],"campfire_rested":2,"item_purchase_floors":[],"current_hp_per_floor":[79,79,80,80,80,80,45,69,69,53,21,25,29,33,57,0,0],"gold":242,"neow_bonus":"THREE_CARDS","is_daily":false,"chose_seed":false,"campfire_upgraded":1,"win_rate":0.0,"timestamp":1613974631,"path_taken":["M","?","M","?","?","R","E","R","T","?","?","?","M","M","R","BOSS"],"items_purchased_type":[],"build_version":"2020-12-22","purchased_purges":0,"victory":false,"max_hp_per_floor":[80,80,80,80,80,80,80,80,80,80,80,80,80,80,80,80,80],"card_choices":[{"not_picked":["Feel No Pain","StSpp:Succumb"],"picked":"Twin Strike","floor":0},{"not_picked":["StuffTheSpire:RockThrow","StuffTheSpire:RagingBull"],"picked":"StSpp:Succumb","floor":1},{"not_picked":["Warcry","Power Through"],"picked":"Dropkick","floor":3},{"not_picked":["Clothesline","Intimidate"],"picked":"StSpp:TheBiggerTheyAre","floor":4},{"not_picked":["Twin Strike","Uppercut"],"picked":"Seeing Red","floor":7},{"not_picked":["StSpp:TheBiggerTheyAre","Anger"],"picked":"Dropkick","floor":11},{"not_picked":["StuffTheSpire:RockThrow","StuffTheSpire:BloodClot"],"picked":"Heavy Blade","floor":11},{"not_picked":["Sword Boomerang","Dropkick"],"picked":"Cleave","floor":11},{"not_picked":["Dark Embrace","Reaper"],"picked":"ReplayTheSpireMod:Limb From Limb","floor":12},{"not_picked":["True Grit","ReplayTheSpireMod:Strike From Hell"],"picked":"Clash","floor":13},{"not_picked":["Dropkick","Intimidate"],"picked":"Fire Breathing","floor":14}],"player_experience":75650,"relics_obtained":[{"floor":7,"key":"StSpp:BoiledEgg"}],"event_choices":[{"damage_healed":0,"gold_gain":0,"player_choice":"Argue","damage_taken":0,"max_hp_gain":0,"max_hp_loss":0,"event_name":"conspire:LoneGhost","floor":2,"gold_loss":0},{"damage_healed":0,"gold_gain":0,"player_choice":"Entered Light","damage_taken":16,"max_hp_gain":0,"max_hp_loss":0,"event_name":"Shining Light","floor":10,"gold_loss":0,"cards_upgraded":["Defend_R","Bash"]}],"is_beta":false,"boss_relics":[],"items_purged_floors":[],"is_endless":false,"potions_floor_spawned":[4,12,14],"killed_by":"Hexaghost","ascension_level":0}}