{"host":"fuszjwm6fqgjjp4d","time":1613973673,"event":{"mods":["BaseMod","Colored Map","Minty Spire (QoL Compilation)","Permanent Neow","Relic Sorter","Relic Stats","StSLib"],"gold_per_floor":[114,126,136,48,198,230,230,242,280,327,389,415,445,492,504,516,516],"floor_reached":16,"language":"ENG","playtime":463,"items_purged":[],"score":240,"play_id":"279affbb-554d-4144-b16f-9ec1dafdaefd","local_time":"20210222000113","is_ascension_mode":true,"campfire_choices":[{"data":"Hemokinesis","floor":8.0,"key":"SMITH"},{"floor":15,"key":"REST"}],"circlet_count":0,"master_deck":["AscendersBane","Strike_R","Strike_R","Strike_R","Strike_R","Strike_R","Defend_R","Defend_R","Defend_R","Defend_R","Bash","Shockwave","Shrug It Off","Clothesline","Hemokinesis+1","Doubt","Clothesline","Carnage","Ghostly Armor"],"relics":["Burning Blood","NeowsBlessing","Darkstone Periapt","MawBank","Bronze Scales","Art of War","Bag of Preparation"],"acts_visited":["Exordium"],"potions_floor_usage":[10,14,16],"damage_taken":[{"damage":0.0,"enemies":"Cultist","floor":1.0,"turns":1.0},{"damage":0.0,"enemies":"Small Slimes","floor":2.0,"turns":1.0},{"damage":0.0,"enemies":"Jaw Worm","floor":3.0,"turns":1.0},{"damage":68.0,"enemies":"3 Sentries","floor":6.0,"turns":12.0},{"damage":16,"enemies":"Lagavulin","floor":10,"turns":7},{"damage":6,"enemies":"Blue Slaver","floor":12,"turns":4},{"damage":12,"enemies":"Gremlin Gang","floor":13,"turns":5},{"damage":8,"enemies":"Gremlin Nob","floor":14,"turns":3},{"damage":34,"enemies":"Hexaghost","floor":16,"turns":9}],"seed_played":"890819944558271650","potions_obtained":[{"floor":2.0,"key":"BloodPotion"},{"floor":6.0,"key":"LiquidMemories"},{"floor":13,"key":"AttackPotion"},{"floor":14,"key":"Energy Potion"}],"is_trial":false,"path_per_floor":["M","M","M","$","?","E","T","R","T","E","?","M","M","E","R","B"],"character_chosen":"IRONCLAD","items_purchased":["Hemokinesis"],"campfire_rested":1,"item_purchase_floors":[4],"current_hp_per_floor":[74,75,75,75,75,28,28,28,28,18,18,18,12,10,32,0,0],"gold":516,"neow_bonus":"THREE_ENEMY_KILL","is_daily":false,"chose_seed":false,"campfire_upgraded":1,"win_rate":0.0,"timestamp":1613973673,"path_taken":["M","M","?","$","?","E","?","R","T","E","?","?","M","E","R","BOSS"],"items_purchased_type":["Card"],"build_version":"2020-12-22","purchased_purges":0,"victory":false,"max_hp_per_floor":[75,75,75,75,75,75,75,75,75,75,75,75,75,75,75,75,75],"relic_stats":{"Darkstone Periapt":0,"counters":[9,43],"Bronze Scales":[83],"Art of War":[0],"Bag of Preparation":[2],"MawBank":108,"obtain_stats":[{"Darkstone Periapt":6,"NeowsBlessing":0,"Bronze Scales":9,"Art of War":10,"Bag of Preparation":14,"MawBank":7,"Burning Blood":0},{"Darkstone Periapt":4,"NeowsBlessing":0,"Bronze Scales":4,"Art of War":5,"Bag of Preparation":8,"MawBank":4,"Burning Blood":0},{"Darkstone Periapt":15,"NeowsBlessing":0,"Bronze Scales":15,"Art of War":22,"Bag of Preparation":34,"MawBank":15,"Burning Blood":0}],"Burning Blood":37},"card_choices":[{"not_picked":["Clash","Fire Breathing"],"picked":"Shockwave","floor":1.0},{"not_picked":["Iron Wave","Havoc"],"picked":"Shrug It Off","floor":2.0},{"not_picked":["Metallicize","Body Slam"],"picked":"Clothesline","floor":3.0},{"not_picked":["Dual Wield","Anger"],"picked":"Clothesline","floor":6.0},{"not_picked":["Armaments","Havoc"],"picked":"Carnage","floor":10},{"not_picked":["Heavy Blade","Sword Boomerang"],"picked":"Ghostly Armor","floor":12},{"not_picked":["Intimidate","Wild Strike","Combust"],"picked":"SKIP","floor":13},{"not_picked":["Clash","Entrench","Body Slam"],"picked":"SKIP","floor":14}],"player_experience":1516096,"relics_obtained":[{"floor":6.0,"key":"Darkstone Periapt"},{"floor":7.0,"key":"MawBank"},{"floor":9.0,"key":"Bronze Scales"},{"floor":10,"key":"Art of War"},{"floor":14,"key":"Bag of Preparation"}],"event_choices":[{"damage_healed":0.0,"max_hp_gain":0.0,"max_hp_loss":0.0,"gold_gain":150.0,"event_name":"Liars Game","player_choice":"AGREE","floor":5.0,"gold_loss":0.0,"damage_taken":0.0,"cards_obtained":["Doubt"]},{"damage_healed":0,"gold_gain":50,"player_choice":"Pray","damage_taken":0,"max_hp_gain":0,"max_hp_loss":0,"event_name":"Golden Shrine","floor":11,"gold_loss":0}],"is_beta":false,"boss_relics":[],"items_purged_floors":[],"is_endless":false,"potions_floor_spawned":[2,6,13,14],"killed_by":"Hexaghost","ascension_level":20}}