{"host":"8ztb9kwpjc2zof9s","time":1613974613,"event":{"mods":["BaseMod","Block Reminder","Curses Come First","Minty Spire (QoL Compilation)","Relic Stats","StSLib"],"gold_per_floor":[110,123,133,133,145,145,172,189,214,231,231,40,40,106,106,189,189,209,209,218,239,39,39,39],"floor_reached":23,"language":"ENG","playtime":1142,"items_purged":["Writhe"],"score":334,"play_id":"54aa319d-24ed-4504-92a1-a1b79a5985bb","local_time":"20210221221653","is_ascension_mode":true,"campfire_choices":[{"data":"Venomology","floor":6,"key":"SMITH"},{"data":"Noxious Fumes","floor":11,"key":"SMITH"},{"data":"Well Laid Plans","floor":13,"key":"SMITH"},{"data":"Survivor","floor":15,"key":"SMITH"}],"circlet_count":0,"master_deck":["AscendersBane","Strike_G","Strike_G","Strike_G","Strike_G","Strike_G","Defend_G","Defend_G+1","Defend_G","Defend_G","Defend_G","Survivor+1","Neutralize","Noxious Fumes+1","Acrobatics","Dash","Venomology+1","Well Laid Plans+1","PiercingWail+1","Noxious Fumes+1","Blur","Acrobatics","Burst","Slice","PiercingWail","Footwork","Blur"],"relics":["Philosopher\u0027s Stone","StrikeDummy","War Paint","Art of War","CeramicFish","WristBlade","Nunchaku"],"acts_visited":["Exordium","TheCity"],"potions_floor_usage":[7,7,7,8,14,14,16,16,18,21,21,21,23,23,23],"damage_taken":[{"damage":3,"enemies":"Jaw Worm","floor":1,"turns":6},{"damage":0,"enemies":"Cultist","floor":2,"turns":4},{"damage":0,"enemies":"Small Slimes","floor":3,"turns":5},{"damage":0,"enemies":"Exordium Wildlife","floor":5,"turns":4},{"damage":11,"enemies":"Lagavulin","floor":7,"turns":8},{"damage":0,"enemies":"Exordium Thugs","floor":8,"turns":4},{"damage":0,"enemies":"3 Louse","floor":10,"turns":4},{"damage":2,"enemies":"3 Sentries","floor":14,"turns":5},{"damage":10,"enemies":"Hexaghost","floor":16,"turns":11},{"damage":2,"enemies":"Chosen","floor":18,"turns":6},{"damage":42,"enemies":"3 Byrds","floor":21,"turns":5},{"damage":24,"enemies":"Gremlin Leader","floor":23,"turns":4}],"seed_played":"-4541815273713331285","potions_obtained":[{"floor":2,"key":"SkillPotion"},{"floor":3,"key":"BlessingOfTheForge"},{"floor":7,"key":"Strength Potion"},{"floor":8,"key":"Strength Potion"},{"floor":14,"key":"GamblersBrew"},{"floor":21,"key":"Block Potion"}],"is_trial":false,"path_per_floor":["M","M","M","?","M","R","E","M","T","M","R","$","R","?","R","B",null,"M","?","?","M","$","E"],"character_chosen":"THE_SILENT","items_purchased":["Blur","Art of War","Footwork","Blur"],"campfire_rested":0,"item_purchase_floors":[12,12,22,22],"current_hp_per_floor":[56,56,56,56,56,56,45,45,45,45,45,45,45,43,43,33,58,56,56,56,14,14,0,0],"gold":39,"neow_bonus":"BOSS_RELIC","is_daily":false,"chose_seed":false,"campfire_upgraded":4,"win_rate":0.0,"timestamp":1613974613,"path_taken":["M","M","M","?","M","R","E","M","T","M","R","?","R","?","R","BOSS","M","?","?","M","$","E"],"items_purchased_type":["Card","Relic","Card","Card"],"build_version":"2020-12-22","purchased_purges":1,"victory":false,"max_hp_per_floor":[66,66,66,66,66,66,66,66,66,66,66,66,66,66,66,66,66,66,66,66,66,66,66,66],"relic_stats":{"Nunchaku":[1],"counters":[12,66],"CeramicFish":63,"Art of War":[7],"War Paint":["PiercingWail","Defend_G"],"obtain_stats":[{"Nunchaku":20,"WristBlade":17,"CeramicFish":14,"Philosopher\u0027s Stone":0,"Art of War":12,"War Paint":9,"StrikeDummy":7,"Ring of the Snake":0},{"Nunchaku":10,"WristBlade":9,"CeramicFish":7,"Philosopher\u0027s Stone":0,"Art of War":7,"War Paint":6,"StrikeDummy":5,"Ring of the Snake":0},{"Nunchaku":57,"WristBlade":51,"CeramicFish":35,"Philosopher\u0027s Stone":0,"Art of War":35,"War Paint":31,"StrikeDummy":27,"Ring of the Snake":0}]},"card_choices":[{"not_picked":["Underhanded Strike","Sucker Punch"],"picked":"Noxious Fumes","floor":1},{"not_picked":["Bouncing Flask","Poisoned Stab"],"picked":"Acrobatics","floor":2},{"not_picked":["PiercingWail","All Out Attack"],"picked":"Dash","floor":3},{"not_picked":["Finisher","Concentrate"],"picked":"Venomology","floor":5},{"not_picked":["All Out Attack","Backflip"],"picked":"Well Laid Plans","floor":7},{"not_picked":["Calculated Gamble","Accuracy"],"picked":"PiercingWail","floor":8},{"not_picked":["Cloak And Dagger","Slice"],"picked":"Noxious Fumes","floor":10},{"not_picked":["Crippling Poison","Slice"],"picked":"Acrobatics","floor":14},{"not_picked":["Venomology","Bullet Time"],"picked":"Burst","floor":16},{"not_picked":["Dodge and Roll","All Out Attack"],"picked":"Slice","floor":18},{"not_picked":["Acrobatics","Noxious Fumes"],"picked":"PiercingWail","floor":21}],"player_experience":374384,"relics_obtained":[{"floor":7,"key":"StrikeDummy"},{"floor":9,"key":"War Paint"}],"event_choices":[{"damage_healed":0,"gold_gain":0,"player_choice":"Upgraded","damage_taken":0,"max_hp_gain":0,"max_hp_loss":0,"event_name":"Upgrade Shrine","floor":4,"gold_loss":0,"cards_upgraded":["Noxious Fumes"]},{"damage_healed":0,"gold_gain":0,"player_choice":"Searched \u00272\u0027 times","damage_taken":0,"relics_obtained":["CeramicFish"],"max_hp_gain":0,"max_hp_loss":0,"event_name":"Dead Adventurer","floor":14,"gold_loss":0},{"damage_healed":0,"gold_gain":0,"player_choice":"Ignored","damage_taken":0,"max_hp_gain":0,"max_hp_loss":0,"event_name":"Ghosts","floor":19,"gold_loss":0},{"damage_healed":0,"gold_gain":0,"player_choice":"Opened","damage_taken":0,"relics_obtained":["Nunchaku"],"max_hp_gain":0,"max_hp_loss":0,"event_name":"The Mausoleum","floor":20,"gold_loss":0,"cards_obtained":["Writhe"]}],"is_beta":false,"boss_relics":[{"not_picked":["Runic Pyramid","Velvet Choker"],"picked":"WristBlade"}],"items_purged_floors":[22],"is_endless":false,"potions_floor_spawned":[2,3,7,8,14,21],"killed_by":"Gremlin Leader","ascension_level":15}}