{"host":"mpvt08kax8preffg","time":1613967487,"event":{"mods":["AchievementEnabler","BaseMod","Bestiary","Colored Map","Highlight Path","Minty Spire (QoL Compilation)","Permanent Neow","Quick Restart","Replay The Spire","StSLib"],"gold_per_floor":[118,13,13,13,13,13,13,88,115,128,141,159,169,12,12,12,12],"floor_reached":16,"language":"ENG","playtime":869,"items_purged":[],"score":90,"play_id":"06525bd3-748a-41ce-99cd-4276816fba4a","local_time":"20210221201807","is_ascension_mode":false,"campfire_choices":[{"data":"Neutralize","floor":6,"key":"SMITH"},{"data":"ReplayTheSpireMod:Shiv Toss","floor":15,"key":"SMITH"}],"circlet_count":0,"master_deck":["Strike_G","Strike_G","Strike_G","Defend_G","Defend_G","Defend_G","Defend_G","Defend_G","Survivor","Neutralize+1","Flying Knee","Blade Dance+1","Cloak And Dagger","Noxious Fumes+1","Deadly Poison","Prepared","ReplayTheSpireMod:Shiv Toss+1"],"relics":["Sozu","Boot"],"acts_visited":["Exordium"],"potions_floor_usage":[],"damage_taken":[{"damage":0,"enemies":"2 Louse","floor":1,"turns":3},{"damage":0,"enemies":"Small Slimes","floor":10,"turns":3},{"damage":0,"enemies":"Cultist","floor":11,"turns":3},{"damage":0,"enemies":"2 Fungi Beasts","floor":12,"turns":3},{"damage":11,"enemies":"Large Slime","floor":13,"turns":5},{"damage":42,"enemies":"Slime Boss","floor":16,"turns":8}],"seed_played":"-8176681747194847595","potions_obtained":[],"is_trial":false,"path_per_floor":["M","$","?","?","?","R","$","?","T","M","M","M","M","$","R","B"],"character_chosen":"THE_SILENT","items_purchased":["Blade Dance","Cloak And Dagger","Boot"],"campfire_rested":0,"item_purchase_floors":[2,2,14],"current_hp_per_floor":[70,70,63,63,63,63,63,52,52,52,52,52,41,41,41,0,0],"gold":12,"neow_bonus":"BOSS_RELIC","is_daily":false,"chose_seed":false,"campfire_upgraded":2,"win_rate":0.0,"timestamp":1613967487,"path_taken":["M","$","?","?","?","R","$","?","T","M","M","M","M","?","R","BOSS"],"items_purchased_type":["Card","Card","Relic"],"build_version":"2020-12-22","purchased_purges":0,"victory":false,"max_hp_per_floor":[70,70,70,70,70,70,70,70,70,70,70,70,70,70,70,70,70],"card_choices":[{"not_picked":["Leg Sweep","Expertise"],"picked":"Flying Knee","floor":1},{"not_picked":["Quick Slash","Underhanded Strike","Acrobatics"],"picked":"SKIP","floor":10},{"not_picked":["Underhanded Strike","Cloak And Dagger"],"picked":"Deadly Poison","floor":11},{"not_picked":["Slice","Outmaneuver"],"picked":"Prepared","floor":12},{"not_picked":["Underhanded Strike","Cloak And Dagger"],"picked":"ReplayTheSpireMod:Shiv Toss","floor":13}],"player_experience":32312,"relics_obtained":[],"event_choices":[{"cards_removed":["Strike_G"],"damage_healed":0,"gold_gain":0,"player_choice":"Card Removal","damage_taken":7,"max_hp_gain":0,"max_hp_loss":0,"event_name":"Golden Wing","floor":3,"gold_loss":0},{"damage_healed":0,"gold_gain":0,"player_choice":"Grow","damage_taken":0,"max_hp_gain":0,"max_hp_loss":0,"event_name":"Living Wall","floor":5,"gold_loss":0,"cards_upgraded":["Blade Dance"]},{"damage_healed":0,"gold_gain":75,"player_choice":"Gather Gold","damage_taken":11,"max_hp_gain":0,"max_hp_loss":0,"event_name":"World of Goop","floor":8,"gold_loss":0}],"is_beta":false,"boss_relics":[],"items_purged_floors":[],"is_endless":false,"potions_floor_spawned":[11],"killed_by":"Slime Boss","ascension_level":0}}