{"host":"f0gpob8hq9vgebej","time":1613999837,"event":{"mods":["AchievementEnabler","BaseMod","Minty Spire (QoL Compilation)","Quick Restart","SuperFastMode"],"gold_per_floor":[118,136,147,167,178,178,203,203,228,278,294,312,326,251,251,251,251],"floor_reached":16,"language":"KOR","playtime":332,"items_purged":[],"score":196,"play_id":"87935be0-131f-48db-8a2e-4b936537abe4","local_time":"20210222221717","is_ascension_mode":true,"campfire_choices":[{"data":"Poisoned Stab","floor":6.0,"key":"SMITH"},{"data":"Neutralize","floor":8.0,"key":"SMITH"},{"floor":15,"key":"REST"}],"circlet_count":0,"master_deck":["AscendersBane","Strike_G","Strike_G","Strike_G","Defend_G","Defend_G","Defend_G","Defend_G","Defend_G","Survivor","Neutralize+1","Infinite Blades","Blade Dance","Poisoned Stab+1","Crippling Poison","Quick Slash","Backstab","Terror","Malaise","Cloak And Dagger"],"relics":["Ring of the Snake","Regal Pillow","PreservedInsect"],"acts_visited":["Exordium"],"potions_floor_usage":[13],"damage_taken":[{"damage":4.0,"enemies":"2 Louse","floor":1.0,"turns":6.0},{"damage":2.0,"enemies":"Cultist","floor":2.0,"turns":5.0},{"damage":2.0,"enemies":"Jaw Worm","floor":3.0,"turns":5.0},{"damage":1.0,"enemies":"Blue Slaver","floor":4.0,"turns":5.0},{"damage":1.0,"enemies":"Red Slaver","floor":5.0,"turns":3.0},{"damage":23.0,"enemies":"Gremlin Nob","floor":7.0,"turns":4.0},{"damage":1.0,"enemies":"Exordium Wildlife","floor":11.0,"turns":3.0},{"damage":14.0,"enemies":"Large Slime","floor":12.0,"turns":6.0},{"damage":3,"enemies":"Blue Slaver","floor":13,"turns":5},{"damage":0,"enemies":"Hexaghost","floor":16,"turns":1}],"seed_played":"-2818813679291456621","potions_obtained":[{"floor":1.0,"key":"Strength Potion"},{"floor":2.0,"key":"Dexterity Potion"}],"is_trial":false,"path_per_floor":["M","M","M","M","M","R","E","R","T","?","M","M","M","?","R","B"],"character_chosen":"THE_SILENT","items_purchased":[],"campfire_rested":1,"item_purchase_floors":[],"current_hp_per_floor":[55,53,51,50,49,49,26,26,26,20,19,5,2,2,36,36,36],"gold":251,"neow_bonus":"REMOVE_CARD","is_daily":false,"chose_seed":false,"campfire_upgraded":2,"win_rate":0.0,"timestamp":1613999837,"path_taken":["M","M","M","M","M","R","E","R","T","?","M","?","M","?","R","BOSS"],"items_purchased_type":[],"build_version":"2020-12-22","purchased_purges":0,"victory":false,"max_hp_per_floor":[66,66,66,66,66,66,66,66,66,66,66,66,66,66,66,66,66],"card_choices":[{"not_picked":["Underhanded Strike","Dodge and Roll"],"picked":"Infinite Blades","floor":1.0},{"not_picked":["Quick Slash","Dagger Throw"],"picked":"Blade Dance","floor":2.0},{"not_picked":["Deflect","Outmaneuver"],"picked":"Poisoned Stab","floor":3.0},{"not_picked":["Underhanded Strike","Flying Knee"],"picked":"Crippling Poison","floor":4.0},{"not_picked":["Outmaneuver","Choke"],"picked":"Quick Slash","floor":5.0},{"not_picked":["Blur","Dagger Spray"],"picked":"Backstab","floor":7.0},{"not_picked":["Dash","Calculated Gamble"],"picked":"Terror","floor":11.0},{"not_picked":["Dagger Throw","Finisher"],"picked":"Malaise","floor":12.0},{"not_picked":["Outmaneuver","Distraction"],"picked":"Cloak And Dagger","floor":13}],"player_experience":394409,"relics_obtained":[{"floor":7.0,"key":"Regal Pillow"},{"floor":9.0,"key":"PreservedInsect"}],"event_choices":[{"damage_healed":0.0,"max_hp_gain":0.0,"max_hp_loss":0.0,"gold_gain":50.0,"event_name":"FaceTrader","player_choice":"Touch","floor":10.0,"gold_loss":0.0,"damage_taken":6.0},{"cards_removed":["Strike_G"],"damage_healed":0,"gold_gain":0,"player_choice":"Card Removal","damage_taken":0,"max_hp_gain":0,"max_hp_loss":0,"event_name":"The Cleric","floor":14,"gold_loss":75}],"is_beta":false,"boss_relics":[],"items_purged_floors":[],"is_endless":false,"potions_floor_spawned":[1,2,3],"killed_by":"Hexaghost","ascension_level":17}}