{"host":"tqx2hwjda5x2l78j","time":1613978796,"event":{"mods":["2.2 Compatiblity","Act Like it!","BaseMod","Better Match","Better Third Choice","BetterRewards","Block Reminder","Bossed Relics","Card Filter","Colored Map","Dark Map","Downfall","GifTheSpireLib","Gremlin Skip","Hubris","Marisa????????","Minty Spire (QoL Compilation)","Quick Restart","Rare Cards Sparkle","StSLib","Stuff the Spire","The Alterego","The Animator","The Jungle","Unceasing Turn Reminder"],"gold_per_floor":[99,110,110,121,132,43,122,122,134,134,134,45,45,74,87,186,186,86,106,106,123,140,40,64,64,264,281,115,133,33,45,67,176,176,176,187,206,19,19,30,108,120,155,155,172,189,189,189,203,203,203,231,36,36,36,36,36,36],"floor_reached":56,"language":"ENG","playtime":4655,"items_purged":["downfall:Haunted","downfall:Malfunctioning"],"score":783,"play_id":"60185ee7-16c6-452e-a678-6947866058fd","local_time":"20210222012636","is_ascension_mode":false,"campfire_choices":[{"data":"hexamod:Sear","floor":1.0,"key":"SMITH"},{"data":"hexamod:TurnItUp","floor":8.0,"key":"SMITH"},{"floor":13.0,"key":"RECALL"},{"data":"hexamod:TimeWarp","floor":18.0,"key":"SMITH"},{"floor":23.0,"key":"REST"},{"data":"hexamod:EmpoweredFlame","floor":25.0,"key":"SMITH"},{"floor":30.0,"key":"REST"},{"data":"hexamod:ParanormalForm","floor":35.0,"key":"SMITH"},{"data":"hexamod:Rewind","floor":44.0,"key":"SMITH"},{"floor":54,"key":"REST"}],"circlet_count":0,"master_deck":["hexamod:Strike+1","hexamod:Strike+1","hexamod:Strike+1","hexamod:Defend+1","hexamod:Defend+1","hexamod:Defend+1","hexamod:Defend+1","hexamod:Sear+1","hexamod:Float+1","hexamod:FastForward+1","hexamod:Hexaguard+1","hexamod:TurnItUp+1","hexamod:CatchUp+1","hexamod:ShieldOfDarkness+1","hexamod:EmpoweredFlame+1","hexamod:ShieldOfDarkness+1","hexamod:PowerFromBeyond+1","hexamod:TimeWarp+1","hexamod:ChargedBarrage+1","hexamod:ShieldOfDarkness+1","hexamod:FastForward+1","hexamod:PhantomFireball","hexamod:ShieldOfDarkness+1","hexamod:FastForward+1","hexamod:PowerFromBeyond","hexamod:ThirdSeal","hexamod:StepThrough","hexamod:UnlimitedPower","hexamod:ParanormalForm+1","CurseOfTheBell","hexamod:FastForward+1","hexamod:RadiantFlame","expansioncontent:InvincibleStrength","hexamod:Hexaguard+1","hexamod:CatchUp","hexamod:FastForward","hexamod:EtherealExpedition+1","hexamod:Rewind+1","hexamod:GhostOfSpirePast+1","hexamod:GhostflameInferno","hexamod:FlamesFromBeyond+1","hubris:EnhanceAbility"],"relics":["hexamod:SpiritBrand","Gremlin Horn","hubris:DeckOfHolding","SlaversCollar","downfall:HeartBlessingRed","downfall:HeartBlessingGreen","downfall:HeartBlessingBlue","hexamod:TheBrokenSeal","Calling Bell","hubris:TenFootPole","hubris:CrystalStatue","hubris:MedicalManual","Eternal Feather","Nunchaku","StuffTheSpire:OldFever"],"acts_visited":["Exordium","TheCity","TheBeyond","TheEnding"],"potions_floor_usage":[50,50],"damage_taken":[{"damage":0.0,"enemies":"Small Slimes","floor":2.0,"turns":4.0},{"damage":0.0,"enemies":"Cultist","floor":4.0,"turns":4.0},{"damage":14.0,"enemies":"2 Louse","floor":5.0,"turns":3.0},{"damage":10.0,"enemies":"downfall:FleeingMerchant","floor":6.0,"turns":4.0},{"damage":1.0,"enemies":"2 Fungi Beasts","floor":9.0,"turns":5.0},{"damage":10.0,"enemies":"downfall:FleeingMerchant","floor":12.0,"turns":4.0},{"damage":2.0,"enemies":"Lagavulin","floor":14.0,"turns":9.0},{"damage":16.0,"enemies":"3 Louse","floor":15.0,"turns":5.0},{"damage":14.0,"enemies":"SI_SHIV_ARCHETYPE","floor":16.0,"turns":12.0},{"damage":36.0,"enemies":"Chosen","floor":19.0,"turns":7.0},{"damage":18.0,"enemies":"Shell Parasite","floor":21.0,"turns":6.0},{"damage":14.0,"enemies":"Snecko","floor":22.0,"turns":8.0},{"damage":26.0,"enemies":"Cultist and Chosen","floor":27.0,"turns":9.0},{"damage":0.0,"enemies":"downfall:FleeingMerchant","floor":28.0,"turns":4.0},{"damage":24.0,"enemies":"Snake Plant","floor":29.0,"turns":8.0},{"damage":22.0,"enemies":"Centurion and Healer","floor":31.0,"turns":9.0},{"damage":16.0,"enemies":"3 Cultists","floor":32.0,"turns":5.0},{"damage":28.0,"enemies":"IC_MUSHROOM_ARCHETYPE","floor":33.0,"turns":9.0},{"damage":13.0,"enemies":"3 Darklings","floor":36.0,"turns":6.0},{"damage":0.0,"enemies":"Orb Walker","floor":37.0,"turns":4.0},{"damage":0.0,"enemies":"downfall:FleeingMerchant","floor":38.0,"turns":4.0},{"damage":0.0,"enemies":"Sphere and 2 Shapes","floor":40.0,"turns":5.0},{"damage":28.0,"enemies":"Writhing Mass","floor":42.0,"turns":6.0},{"damage":10.0,"enemies":"Giant Head","floor":43.0,"turns":7.0},{"damage":16.0,"enemies":"Spire Growth","floor":45.0,"turns":7.0},{"damage":34.0,"enemies":"Jaw Worm Horde","floor":46.0,"turns":6.0},{"damage":43.0,"enemies":"Writhing Mass","floor":49.0,"turns":5.0},{"damage":32,"enemies":"WA_ARCHETYPE_DIVINITY","floor":50,"turns":14},{"damage":90,"enemies":"downfall:CharBossMerchant","floor":52,"turns":8},{"damage":18,"enemies":"downfall:NeowBoss","floor":55,"turns":16},{"damage":83,"enemies":"downfall:NeowBossFinal","floor":56,"turns":8}],"seed_played":"6546016319121417077","potions_obtained":[{"floor":2.0,"key":"bronze:BurnAndBuffPotion"},{"floor":9.0,"key":"SteroidPotion"},{"floor":9.0,"key":"sneckomod:MuddlingPotion"},{"floor":12.0,"key":"FearPotion"},{"floor":14.0,"key":"Dexterity Potion"},{"floor":16.0,"key":"EssenceOfSteel"},{"floor":16.0,"key":"PowerPotion"},{"floor":22.0,"key":"SpeedPotion"},{"floor":22.0,"key":"GamblersBrew"},{"floor":27.0,"key":"EssenceOfSteel"},{"floor":28.0,"key":"CultistPotion"},{"floor":29.0,"key":"champ:CounterPotion"},{"floor":29.0,"key":"Energy Potion"},{"floor":32.0,"key":"Fruit Juice"},{"floor":36.0,"key":"SkillPotion"},{"floor":37.0,"key":"FairyPotion"},{"floor":42.0,"key":"Fire Potion"},{"floor":49.0,"key":"DuplicationPotion"}],"is_trial":false,"path_per_floor":["R","M","?","M","M","$","T","R","M","?","?","$","R","E","M","B",null,"R","M","?","M","M","R","T","R","?","M","$","M","R","M","M","B",null,"R","M","M","$","?","M","T","M","E","R","M","M","?","?","M","B",null,"E","$","R","B","B"],"character_chosen":"THE_SPIRIT","items_purchased":["hexamod:FourthSeal","hexamod:EmpoweredFlame","hexamod:PhantomFireball","hexamod:RadiantFlame","hubris:EnhanceAbility"],"campfire_rested":3,"item_purchase_floors":[6,12,28,38,53],"current_hp_per_floor":[77,77,77,77,63,60,60,60,66,77,77,74,74,77,68,61,77,77,48,48,37,30,53,53,53,53,34,41,24,60,45,36,83,102,102,89,89,89,89,89,89,61,51,72,56,22,25,92,49,17,92,2,2,53,35,0,0,0],"gold":36,"neow_bonus":"TEN_PERCENT_HP_BONUS","is_daily":false,"chose_seed":false,"campfire_upgraded":6,"win_rate":0.0,"timestamp":1613978796,"path_taken":["R","M","?","?","M","$","T","R","M","?","?","$","R","E","M","BOSS","R","M","?","M","M","R","T","R","?","M","?","M","R","M","M","BOSS","R","M","M","$","?","M","T","M","E","R","M","M","?","?","M","BOSS","E","$","R","BOSS","BOSS"],"items_purchased_type":["Card","Card","Card","Card","Card"],"build_version":"2020-12-22","purchased_purges":2,"victory":false,"max_hp_per_floor":[77,77,77,77,77,77,77,77,77,77,77,77,77,77,77,77,77,77,77,77,77,77,77,77,77,77,77,77,77,87,87,87,102,102,102,102,102,102,102,102,102,102,102,102,102,102,105,92,92,92,92,92,92,92,92,92,92,92],"card_choices":[{"not_picked":["hexamod:Again","hexamod:Incineration"],"picked":"hexamod:FirstSeal","floor":2.0},{"not_picked":["hexamod:InspiringFlames","hexamod:FlamesFromBeyond"],"picked":"hexamod:FastForward","floor":4.0},{"not_picked":["hexamod:GhostOfSpirePast","hexamod:ShieldOfDarkness"],"picked":"hexamod:Hexaguard","floor":5.0},{"not_picked":["hexamod:ShieldOfDarkness","hexamod:FlamesFromBeyond"],"picked":"hexamod:TurnItUp","floor":6.0},{"not_picked":["hexamod:DynamicBlow","hexamod:Firestarter"],"picked":"hexamod:CatchUp","floor":9.0},{"not_picked":["hexamod:HauntingEcho","hexamod:InspiringFlames"],"picked":"hexamod:ShieldOfDarkness","floor":12.0},{"not_picked":["hexamod:InspiringFlames","hexamod:FlamesFromBeyond"],"picked":"hexamod:ShieldOfDarkness","floor":14.0},{"not_picked":["hexamod:ForkedFlame","hexamod:HauntingEcho"],"picked":"hexamod:PowerFromBeyond","floor":15.0},{"not_picked":["hexamod:GhostflameInferno","hexamod:GiftsFromTheDead"],"picked":"hexamod:TimeWarp","floor":16.0},{"not_picked":["hexamod:RainOfEmbers+1","hexamod:SoulSteal+1","hexamod:Haunt"],"picked":"SKIP","floor":19.0},{"not_picked":["hexamod:FlamesFromBeyond","hexamod:InspiringFlames"],"picked":"hexamod:ChargedBarrage","floor":21.0},{"not_picked":["hexamod:RainOfEmbers","hexamod:InspiringFlames"],"picked":"hexamod:ShieldOfDarkness","floor":22.0},{"not_picked":["hexamod:InspiringFlames","hexamod:FlamesFromBeyond"],"picked":"hexamod:FastForward+1","floor":27.0},{"not_picked":["hexamod:Firestarter+1","hexamod:Hexaguard+1"],"picked":"hexamod:FifthSeal","floor":28.0},{"not_picked":["hexamod:SixthSeal","hexamod:SecondSeal"],"picked":"hexamod:ThirdSeal","floor":29.0},{"not_picked":["hexamod:Hexaguard","hexamod:Firestarter"],"picked":"hexamod:ShieldOfDarkness","floor":29.0},{"not_picked":["hexamod:SixthSeal","hexamod:FourthSeal"],"picked":"hexamod:SecondSeal","floor":31.0},{"not_picked":["hexamod:PhantomCloak","hexamod:InspiringFlames"],"picked":"hexamod:FastForward+1","floor":31.0},{"not_picked":["hexamod:Firestarter","hexamod:FastForward"],"picked":"hexamod:PowerFromBeyond","floor":32.0},{"not_picked":["hexamod:SecondSeal","hexamod:FourthSeal"],"picked":"hexamod:ThirdSeal","floor":32.0},{"not_picked":["hexamod:HauntingEcho","hexamod:FlamesFromBeyond"],"picked":"hexamod:StepThrough","floor":32.0},{"not_picked":["hexamod:UnleashSpirits","hexamod:Toasty"],"picked":"hexamod:UnlimitedPower","floor":33.0},{"not_picked":["hexamod:ForkedFlame","hexamod:UnleashSpirits"],"picked":"hexamod:ParanormalForm","floor":33.0},{"not_picked":["hexamod:Hexaguard","hexamod:FlamesFromBeyond+1","hexamod:GhostOfSpirePresent"],"picked":"SKIP","floor":36.0},{"not_picked":["hexamod:Rewind","hexamod:Firestarter+1","hexamod:ThirdSeal"],"picked":"SKIP","floor":36.0},{"not_picked":["hexamod:ShieldOfDarkness+1","hexamod:InspiringFlames","hexamod:Firestarter+1"],"picked":"SKIP","floor":37.0},{"not_picked":["hexamod:InspiringFlames+1","hexamod:FlamesFromBeyond"],"picked":"hexamod:FastForward+1","floor":38.0},{"not_picked":["hexamod:Hexaguard","hexamod:RainOfEmbers","hexamod:InspiringFlames+1"],"picked":"SKIP","floor":38.0},{"not_picked":["expansioncontent:PrepareCrush","expansioncontent:Chronoboost"],"picked":"expansioncontent:InvincibleStrength","floor":39.0},{"not_picked":["hexamod:ShieldOfDarkness+1","hexamod:Rewind"],"picked":"hexamod:Hexaguard+1","floor":40.0},{"not_picked":["hexamod:SpectralSpark+1","hexamod:Hexaguard+1"],"picked":"hexamod:CatchUp","floor":42.0},{"not_picked":["hexamod:HauntingEcho+1","hexamod:InspiringFlames"],"picked":"hexamod:FastForward","floor":42.0},{"not_picked":["hexamod:FlamesFromBeyond","hexamod:ExtraCrispy"],"picked":"hexamod:EtherealExpedition+1","floor":43.0},{"not_picked":["hexamod:StepThrough","hexamod:ShieldOfDarkness+1"],"picked":"hexamod:Rewind","floor":43.0},{"not_picked":["hexamod:FirstSeal","hexamod:SecondSeal"],"picked":"hexamod:GhostOfSpirePast+1","floor":45.0},{"not_picked":["hexamod:ShieldOfDarkness","hexamod:SoulSteal","hexamod:FlamesFromBeyond"],"picked":"SKIP","floor":45.0},{"not_picked":["hexamod:SoulSteal+1","hexamod:GhostOfSpirePast"],"picked":"hexamod:GhostflameInferno","floor":46.0},{"not_picked":["hexamod:ShieldOfDarkness+1","hexamod:InspiringFlames+1","hexamod:FlamesFromBeyond"],"picked":"SKIP","floor":46.0},{"not_picked":["hexamod:Hexaguard","hexamod:HauntingEcho","hexamod:FlamesFromBeyond"],"picked":"SKIP","floor":49.0},{"not_picked":["hexamod:RadiantFlame","hexamod:ShieldOfDarkness+1","hexamod:RetreatToShadows+1"],"picked":"SKIP","floor":49.0},{"not_picked":["hexamod:HauntingEcho+1","hexamod:FastForward+1"],"picked":"hexamod:FlamesFromBeyond+1","floor":52},{"not_picked":["hexamod:SoulSteal","hexamod:ExtraCrispy+1","hexamod:PhantomFireball"],"picked":"SKIP","floor":52}],"player_experience":370143,"relics_obtained":[{"floor":7.0,"key":"Gremlin Horn"},{"floor":14.0,"key":"hubris:DeckOfHolding"},{"floor":34.0,"key":"hubris:TenFootPole"},{"floor":34.0,"key":"hubris:CrystalStatue"},{"floor":34.0,"key":"hubris:MedicalManual"},{"floor":41.0,"key":"Eternal Feather"},{"floor":43.0,"key":"Nunchaku"},{"floor":52,"key":"StuffTheSpire:OldFever"}],"event_choices":[],"is_beta":false,"boss_relics":[{"not_picked":["SacredBark","hubris:Stopwatch"],"picked":"SlaversCollar"},{"not_picked":["hubris:HollowSoul","Cursed Key"],"picked":"Calling Bell"}],"items_purged_floors":[28,38],"is_endless":false,"potions_floor_spawned":[2,9,14,16,19,22,29,31,32,36,37,42,49],"killed_by":"downfall:NeowBossFinal","ascension_level":0}}