{"host":"en4narc5947t7k9n","time":1613998114,"event":{"mods":["AchievementEnabler","BaseMod","Colored Map","Minty Spire (QoL Compilation)","SuperFastMode"],"gold_per_floor":[111,111,111,131,52,52,67,82,106,106,119,143,167,198,198,198,198],"floor_reached":16,"language":"KOR","playtime":533,"items_purged":[],"score":104,"play_id":"b357a3bf-743e-48f2-92c0-4225e3c4675b","local_time":"20210222214834","is_ascension_mode":false,"campfire_choices":[{"floor":6,"key":"RECALL"},{"data":"Crippling Poison","floor":10,"key":"SMITH"},{"data":"Phantasmal Killer","floor":15,"key":"SMITH"}],"circlet_count":0,"master_deck":["Strike_G","Strike_G","Strike_G","Strike_G","Strike_G","Defend_G","Defend_G","Defend_G","Defend_G","Defend_G","Survivor","Neutralize","Dodge and Roll","Slice","Crippling Poison+1","Phantasmal Killer+1","Backflip","Masterful Stab","Deflect","Bane","Distraction"],"relics":["Ring of the Snake","NeowsBlessing","Golden Idol","Bag of Marbles"],"acts_visited":["Exordium"],"potions_floor_usage":[13,16],"damage_taken":[{"damage":0,"enemies":"Jaw Worm","floor":1,"turns":1},{"damage":0,"enemies":"Cultist","floor":4,"turns":1},{"damage":0,"enemies":"2 Louse","floor":7,"turns":1},{"damage":7,"enemies":"Lots of Slimes","floor":8,"turns":5},{"damage":16,"enemies":"Exordium Thugs","floor":11,"turns":7},{"damage":0,"enemies":"3 Louse","floor":12,"turns":2},{"damage":0,"enemies":"Blue Slaver","floor":13,"turns":2},{"damage":12,"enemies":"Gremlin Nob","floor":14,"turns":4},{"damage":19,"enemies":"Slime Boss","floor":16,"turns":3}],"seed_played":"-7024307998189052881","potions_obtained":[{"floor":4,"key":"SmokeBomb"},{"floor":8,"key":"Dexterity Potion"},{"floor":12,"key":"FearPotion"}],"is_trial":false,"path_per_floor":["M","?","$","M","$","R","M","M","T","R","M","M","M","E","R","B"],"character_chosen":"THE_SILENT","items_purchased":["Crippling Poison"],"campfire_rested":0,"item_purchase_floors":[5],"current_hp_per_floor":[70,53,53,53,53,53,53,46,46,46,30,30,30,18,18,0,0],"gold":198,"neow_bonus":"THREE_ENEMY_KILL","is_daily":false,"chose_seed":false,"campfire_upgraded":2,"win_rate":0.0,"timestamp":1613998114,"path_taken":["M","?","$","M","$","R","M","M","T","R","M","M","M","E","R","BOSS"],"items_purchased_type":["Card"],"build_version":"2020-12-22","purchased_purges":0,"victory":false,"max_hp_per_floor":[70,70,70,70,70,70,70,70,70,70,70,70,70,70,70,70,70],"card_choices":[{"not_picked":["Dagger Throw","Sucker Punch"],"picked":"Dodge and Roll","floor":1},{"not_picked":["Prepared","Well Laid Plans"],"picked":"Slice","floor":4},{"not_picked":["Eviscerate","Deflect"],"picked":"Phantasmal Killer","floor":7},{"not_picked":["Expertise","Sucker Punch"],"picked":"Backflip","floor":8},{"not_picked":["Dagger Spray","Bane"],"picked":"Masterful Stab","floor":11},{"not_picked":["Blade Dance","Tools of the Trade"],"picked":"Deflect","floor":12},{"not_picked":["Calculated Gamble","Acrobatics"],"picked":"Bane","floor":13},{"not_picked":["Calculated Gamble","Blade Dance"],"picked":"Distraction","floor":14}],"player_experience":156784,"relics_obtained":[{"floor":14,"key":"Bag of Marbles"}],"event_choices":[{"damage_healed":0,"gold_gain":0,"player_choice":"Take Damage","damage_taken":17,"relics_obtained":["Golden Idol"],"max_hp_gain":0,"max_hp_loss":0,"event_name":"Golden Idol","floor":2,"gold_loss":0}],"is_beta":false,"boss_relics":[],"items_purged_floors":[],"is_endless":false,"potions_floor_spawned":[4,8,12],"killed_by":"Slime Boss","ascension_level":0}}