{"host":"61r95uy0hn86b9iu","time":1613962426,"event":{"mods":["AchievementEnabler","BaseMod","Better Vampires","BetterRewards","Colored Powertips","Hubris","Minty Spire (QoL Compilation)","Shop Mod","StSLib"],"gold_per_floor":[111,111,111,111,111,111,139,139,165,197,208,173,19,33,33,107,107,127,144,144,144,116,116,146,158,158,62,62,112,24,24,24,101,101,115,115,115,115,134,134,164,191,191,191,191,191],"floor_reached":45,"language":"ENG","playtime":1380,"items_purged":["Echo Form+1"],"score":1216,"play_id":"a96149ca-95ce-4c19-8a10-c7c06513bb82","local_time":"20210221205346","is_ascension_mode":true,"campfire_choices":[{"floor":6.0,"key":"REST"},{"floor":8.0,"key":"REST"},{"data":"Apotheosis","floor":15.0,"key":"SMITH"},{"floor":23.0,"key":"REST"},{"floor":28.0,"key":"REST"},{"data":"Defragment","floor":32.0,"key":"SMITH"},{"floor":40.0,"key":"REST"}],"circlet_count":0,"master_deck":["AscendersBane","Echo Form+1","Strike_B","Strike_B","Strike_B","Defend_B","Defend_B","Defend_B","Zap","Dualcast","Static Discharge+1","Conserve Battery","Conserve Battery","Capacitor","Apotheosis+1","Sweeping Beam","Sunder","Cold Snap","Reboot","Defragment+1","Madness","Madness"],"relics":["FrozenCore","Juzu Bracelet","MerchantsRug","Happy Flower","hubris:RunicObelisk","Nilry\u0027s Codex","hubris:TinFlute","StoneCalendar","Regal Pillow","hubris:Icosahedron","hubris:TenFootPole","Toy Ornithopter","Question Card","hubris:Towel"],"acts_visited":["Exordium","TheCity","TheBeyond"],"potions_floor_usage":[],"damage_taken":[{"damage":1.0,"enemies":"Cultist","floor":1.0,"turns":4.0},{"damage":30.0,"enemies":"3 Sentries","floor":7.0,"turns":5.0},{"damage":16.0,"enemies":"Lagavulin","floor":10.0,"turns":7.0},{"damage":0.0,"enemies":"2 Louse","floor":11.0,"turns":3.0},{"damage":2.0,"enemies":"Jaw Worm","floor":14.0,"turns":4.0},{"damage":40.0,"enemies":"Slime Boss","floor":16.0,"turns":8.0},{"damage":48.0,"enemies":"2 Thieves","floor":18.0,"turns":4.0},{"damage":6.0,"enemies":"Shell Parasite","floor":19.0,"turns":7.0},{"damage":45.0,"enemies":"Slavers","floor":24.0,"turns":6.0},{"damage":50.0,"enemies":"Shelled Parasite and Fungi","floor":25.0,"turns":4.0},{"damage":28.0,"enemies":"Automaton","floor":33.0,"turns":7.0},{"damage":18.0,"enemies":"Orb Walker","floor":35.0,"turns":5.0},{"damage":25.0,"enemies":"3 Darklings","floor":39.0,"turns":7.0},{"damage":24.0,"enemies":"Giant Head","floor":41.0,"turns":10.0},{"damage":25,"enemies":"Writhing Mass","floor":45,"turns":2}],"seed_played":"5447482971113606113","potions_obtained":[{"floor":7.0,"key":"SteroidPotion"},{"floor":16.0,"key":"EssenceOfSteel"},{"floor":24.0,"key":"Fire Potion"},{"floor":33.0,"key":"Energy Potion"},{"floor":39.0,"key":"ColorlessPotion"}],"is_trial":false,"path_per_floor":["M","?","?","?","?","R","E","R","T","E","M","?","$","M","R","B",null,"M","M","?","?","$","R","E","M","T","$","R","?","$","?","R","B",null,"M","?","?","?","M","R","E","T","T","?","M"],"character_chosen":"DEFECT","items_purchased":["Juzu Bracelet","Static Discharge","MerchantsRug","Apotheosis","Cold Snap","Regal Pillow","Defragment"],"campfire_rested":5,"item_purchase_floors":[0,0,0,13,22,27,30],"current_hp_per_floor":[49,42,47,47,47,69,39,61,61,45,45,64,64,62,62,22,63,15,9,76,55,55,76,31,38,38,38,75,75,75,75,75,47,69,51,51,37,37,12,49,25,25,25,25,0,0],"gold":191,"neow_bonus":"","is_daily":false,"chose_seed":false,"campfire_upgraded":2,"win_rate":0.0,"timestamp":1613962426,"path_taken":["M","?","?","?","?","R","E","R","T","E","M","?","$","M","R","BOSS","M","M","?","?","$","R","E","M","T","$","R","?","?","?","R","BOSS","M","?","?","?","M","R","E","?","T","?","M"],"items_purchased_type":["Relic","Card","Relic","Card","Card","Relic","Card"],"build_version":"2020-12-22","purchased_purges":1,"victory":false,"max_hp_per_floor":[71,71,76,76,76,76,76,76,76,76,76,76,76,76,76,76,76,76,76,76,76,76,76,76,76,76,76,76,76,76,76,76,76,76,76,76,76,76,76,76,76,76,76,76,76,76],"card_choices":[{"not_picked":["Stack","Hologram","Fusion"],"picked":"SKIP","floor":1.0},{"not_picked":["Force Field","White Noise"],"picked":"Conserve Battery","floor":7.0},{"not_picked":["Steam","Chaos","Hologram"],"picked":"SKIP","floor":10.0},{"not_picked":["Coolheaded","Tempest"],"picked":"Capacitor","floor":11.0},{"not_picked":["Blizzard","Steam Power"],"picked":"Sweeping Beam","floor":14.0},{"not_picked":["Cold Snap","Darkness"],"picked":"Chill","floor":18.0},{"not_picked":["Leap+1","Darkness"],"picked":"Sunder","floor":19.0},{"not_picked":["Stack","Fusion"],"picked":"Reboot","floor":24.0},{"not_picked":["Turbo","Barrage","Streamline"],"picked":"SKIP","floor":25.0},{"not_picked":["Hologram","Coolheaded+1","Go for the Eyes"],"picked":"SKIP","floor":35.0},{"not_picked":["Redo","Stack","Conserve Battery"],"picked":"SKIP","floor":39.0},{"not_picked":["Double Energy","Echo Form","Ball Lightning"],"picked":"SKIP","floor":41.0}],"player_experience":3376191,"relics_obtained":[{"floor":7.0,"key":"Happy Flower"},{"floor":10.0,"key":"Lizard Tail"},{"floor":21.0,"key":"Nilry\u0027s Codex"},{"floor":24.0,"key":"hubris:TinFlute"},{"floor":26.0,"key":"StoneCalendar"},{"floor":41.0,"key":"hubris:TenFootPole"},{"floor":42.0,"key":"Toy Ornithopter"},{"floor":43.0,"key":"Question Card"}],"event_choices":[{"cards_removed":["Defend_B"],"damage_healed":0.0,"max_hp_gain":0.0,"max_hp_loss":0.0,"gold_gain":0.0,"event_name":"Golden Wing","player_choice":"Card Removal","floor":2.0,"gold_loss":0.0,"damage_taken":7.0},{"damage_healed":0.0,"max_hp_gain":5.0,"max_hp_loss":0.0,"gold_gain":0.0,"event_name":"Big Fish","player_choice":"Donut","floor":3.0,"gold_loss":0.0,"damage_taken":0.0},{"damage_healed":0.0,"max_hp_gain":0.0,"max_hp_loss":0.0,"gold_gain":0.0,"event_name":"Living Wall","player_choice":"Grow","floor":4.0,"gold_loss":0.0,"damage_taken":0.0,"cards_upgraded":["Static Discharge"]},{"damage_healed":0.0,"max_hp_gain":0.0,"max_hp_loss":0.0,"gold_gain":0.0,"event_name":"Shining Light","player_choice":"Ignored","floor":5.0,"gold_loss":0.0,"damage_taken":0.0},{"damage_healed":19.0,"max_hp_gain":0.0,"max_hp_loss":0.0,"gold_gain":0.0,"event_name":"The Cleric","player_choice":"Healed","floor":12.0,"gold_loss":35.0,"damage_taken":0.0},{"cards_removed":["Chill"],"damage_healed":67.0,"max_hp_gain":0.0,"max_hp_loss":0.0,"gold_gain":0.0,"event_name":"Bonfire Elementals","player_choice":"Offered Uncommon","floor":20.0,"gold_loss":0.0,"damage_taken":0.0},{"damage_healed":0.0,"max_hp_gain":0.0,"max_hp_loss":0.0,"gold_gain":0.0,"event_name":"Cursed Tome","player_choice":"Obtained Book","floor":21.0,"gold_loss":0.0,"damage_taken":21.0},{"damage_healed":0.0,"max_hp_gain":0.0,"max_hp_loss":0.0,"gold_gain":100.0,"event_name":"The Joust","player_choice":"Bet on Murderer","floor":29.0,"gold_loss":50.0,"damage_taken":0.0},{"damage_healed":0.0,"max_hp_gain":0.0,"max_hp_loss":0.0,"gold_gain":0.0,"event_name":"Tomb of Lord Red Mask","player_choice":"Ignored","floor":36.0,"gold_loss":0.0,"damage_taken":0.0},{"damage_healed":0.0,"max_hp_gain":0.0,"max_hp_loss":0.0,"gold_gain":0.0,"event_name":"Winding Halls","player_choice":"Embrace Madness","floor":37.0,"gold_loss":0.0,"damage_taken":14.0,"cards_obtained":["Madness","Madness"]}],"is_beta":false,"boss_relics":[{"not_picked":["Philosopher\u0027s Stone","Tiny House"],"picked":"hubris:RunicObelisk"},{"not_picked":["Snecko Eye","Astrolabe"],"picked":"FrozenCore"}],"items_purged_floors":[0],"is_endless":false,"potions_floor_spawned":[7,16,24,33,39],"killed_by":"Writhing Mass","ascension_level":19}}