{"host":"¿à÷økuyou","time":1613967942,"event":{"mods":["ATMod(°¢èªMod)","Act Like it!","BaseMod","BetterRewards","Minty Spire (QoL Compilation)","Quick Restart","StSLib"],"gold_per_floor":[114,189,189,189,114,144,144,159,159,174,189,219,219,219,219,319,319,334,349,364,379,379,409,409,449,449,461,473,500,542,569,581,693,705,732,759,771,283,298,298,328,78,78,78,117,0,0,24,24,24],"floor_reached":51,"language":"ZHS","playtime":2943,"items_purged":["Thunder Strike","AT_KingSlayer"],"score":980,"play_id":"073a547f-9726-48fd-a018-10617f66c397","local_time":"20210222122542","daily_mods":["Shiny","Diverse","Binary"],"is_ascension_mode":false,"campfire_choices":[{"data":"After Image","floor":7.0,"key":"SMITH"},{"data":"Seek","floor":13.0,"key":"SMITH"},{"data":"Vault","floor":15.0,"key":"SMITH"},{"data":"Wish","floor":27.0,"key":"SMITH"},{"data":"Venomology","floor":32.0,"key":"SMITH"},{"data":"Omniscience","floor":40.0,"key":"SMITH"},{"data":"MasterReality","floor":47,"key":"SMITH"},{"data":"DevaForm","floor":49,"key":"SMITH"}],"circlet_count":0,"master_deck":["Brilliance","Devotion+1","AT_MachinaRedman","LessonLearned","Vault+1","Alpha","DeusExMachina","AT_RealColorLess","Judgement","ConjureBlade","MasterReality+1","Blasphemy","Ragnarok+1","Scrawl","AT_ChampionKick","Wish+1","Omniscience+1","SpiritShield","DevaForm+1","Hyperbeam","Machine Learning","Buffer","AT_RightCognition","Seek+1","Echo Form","AT_WaterDrop","All For One","Reboot+1","Fission","Core Surge","Multi-Cast","Biased Cognition","Electrodynamics","Rainbow","Meteor Strike","Amplify","Creative AI","AT_EssenceShift","Corpse Explosion","Die Die Die","Adrenaline","Doppelganger","Burst","Wraith Form v2","Tools of the Trade","After Image+1","A Thousand Cuts","Venomology+1","Malaise","Phantasmal Killer","AT_MyraUnstableElement","Night Terror","Unload","Bullet Time","Storm of Steel","Glass Knife","Grand Finale","Double Tap","Demon Form","Fiend Fire","AT_Dispersion","Berserk","Impervious","Juggernaut","Brutality","Exhume","Offering","Bludgeon","Feed","Limit Break","Corruption","Barricade","Reaper","Immolate","AT_FamilyPortrait+1","Quick Slash","AT_ThunderBolt","AT_Desolate","AT_Dispersion","CurseOfTheBell","AT_Desolate","Backflip+1","AT_KneejerkReflex","Storm of Steel","Capacitor","AT_DarkMatter","Fasting2","Juggernaut","AT_RobotInSpace+1","Backflip+1","Aggregate+1"],"relics":["Cracked Core","AT_ATBox","Ornamental Fan","AT_SunfireAegis","AT_SilvercatRing","DataDisk","Calling Bell","Potion Belt","Matryoshka","TungstenRod","Omamori","Anchor","MawBank","AT_Manta","Incense Burner","Philosopher\u0027s Stone","Ancient Tea Set","Pen Nib","Shuriken","AT_ImmortalShieldbow","Bottled Flame","Bag of Preparation","CeramicFish","Red Mask"],"acts_visited":["Exordium","TheCity","TheBeyond"],"potions_floor_usage":[45,50,50,50,50,50,50,50,50,50,50,50,50],"damage_taken":[{"damage":0.0,"enemies":"2 Louse","floor":1.0,"turns":1.0},{"damage":0.0,"enemies":"Gremlin Nob","floor":6.0,"turns":3.0},{"damage":3.0,"enemies":"Small Slimes","floor":8.0,"turns":2.0},{"damage":8.0,"enemies":"Jaw Worm","floor":10.0,"turns":3.0},{"damage":0.0,"enemies":"2 Fungi Beasts","floor":11.0,"turns":1.0},{"damage":0.0,"enemies":"Lagavulin","floor":12.0,"turns":2.0},{"damage":19.0,"enemies":"Slime Boss","floor":16.0,"turns":6.0},{"damage":27.0,"enemies":"2 Thieves","floor":18.0,"turns":3.0},{"damage":1.0,"enemies":"Spheric Guardian","floor":19.0,"turns":3.0},{"damage":0.0,"enemies":"Centurion and Healer","floor":20.0,"turns":3.0},{"damage":6.0,"enemies":"Chosen and Byrds","floor":21.0,"turns":4.0},{"damage":13.0,"enemies":"Gremlin Leader","floor":23.0,"turns":7.0},{"damage":19.0,"enemies":"Snake Plant","floor":25.0,"turns":7.0},{"damage":14.0,"enemies":"Shelled Parasite and Fungi","floor":29.0,"turns":4.0},{"damage":14.0,"enemies":"Book of Stabbing","floor":30.0,"turns":4.0},{"damage":0.0,"enemies":"Centurion and Healer","floor":31.0,"turns":3.0},{"damage":0.0,"enemies":"Automaton","floor":33.0,"turns":5.0},{"damage":6.0,"enemies":"3 Darklings","floor":35.0,"turns":3.0},{"damage":0.0,"enemies":"3 Shapes","floor":36.0,"turns":4.0},{"damage":10.0,"enemies":"Transient","floor":39.0,"turns":4.0},{"damage":10.0,"enemies":"Giant Head","floor":41.0,"turns":3.0},{"damage":0,"enemies":"Reptomancer","floor":45,"turns":2},{"damage":0,"enemies":"Sphere and 2 Shapes","floor":48,"turns":3},{"damage":18,"enemies":"Time Eater","floor":50,"turns":10}],"seed_played":"-9004314451342404475","potions_obtained":[{"floor":8.0,"key":"Weak Potion"},{"floor":10.0,"key":"Swift Potion"},{"floor":11.0,"key":"AttackPotion"},{"floor":12.0,"key":"SkillPotion"},{"floor":18.0,"key":"ColorlessPotion"},{"floor":19.0,"key":"Dexterity Potion"},{"floor":25.0,"key":"SteroidPotion"},{"floor":36.0,"key":"BlessingOfTheForge"},{"floor":37.0,"key":"FocusPotion"},{"floor":37.0,"key":"EntropicBrew"},{"floor":41.0,"key":"PowerPotion"}],"is_trial":false,"path_per_floor":["M","?","?","?","$","E","R","M","T","M","M","E","R","?","R","B",null,"M","M","M","M","?","E","?","M","T","R","$","M","E","M","R","B",null,"M","M","?","$","M","R","E","$","T","$","E","?","R","M","R","B",null],"character_chosen":"DEFECT","items_purchased":["Fruit Juice","Ancient Tea Set","Pen Nib","AT_ImmortalShieldbow"],"campfire_rested":0,"item_purchase_floors":[38,38,38,42],"current_hp_per_floor":[75,64,69,66,66,66,66,63,63,55,55,55,55,90,90,71,90,63,62,62,68,68,93,93,74,74,74,74,60,46,46,46,46,93,87,87,87,92,82,82,72,72,72,72,72,72,72,75,75,57],"gold":24,"neow_bonus":"","is_daily":true,"chose_seed":false,"campfire_upgraded":8,"win_rate":0.0,"timestamp":1613967942,"path_taken":["M","?","?","?","$","E","R","M","T","M","?","E","R","?","R","BOSS","M","M","?","M","?","E","?","M","T","R","$","M","E","M","R","BOSS","M","M","?","$","M","R","E","$","T","?","E","?","R","M","R","BOSS"],"items_purchased_type":["Potion","Relic","Relic","Relic"],"build_version":"2020-12-18","purchased_purges":2,"victory":true,"max_hp_per_floor":[75,75,80,80,80,80,80,80,80,80,80,80,80,90,90,90,90,90,90,90,93,93,93,93,93,93,93,93,93,93,93,93,93,93,93,93,93,98,98,98,98,98,98,98,98,98,98,101,101,101],"card_choices":[{"not_picked":["Dodge and Roll","Thunderclap"],"picked":"SKIP","floor":1.0},{"not_picked":["Cloak And Dagger","Pray"],"picked":"SKIP","floor":6.0},{"not_picked":["Disarm"],"picked":"Quick Slash","floor":8.0},{"not_picked":["FlyingSleeves"],"picked":"AT_ThunderBolt","floor":10.0},{"not_picked":["Compile Driver","Quick Slash"],"picked":"SKIP","floor":11.0},{"not_picked":["Nirvana"],"picked":"AT_Desolate","floor":12.0},{"not_picked":["Envenom"],"picked":"AT_Dispersion","floor":16.0},{"not_picked":["Poisoned Stab","Disarm+1"],"picked":"SKIP","floor":18.0},{"not_picked":["Poisoned Stab","Conserve Battery"],"picked":"SKIP","floor":19.0},{"not_picked":["Pommel Strike+1","Combust"],"picked":"SKIP","floor":20.0},{"not_picked":["Scrape"],"picked":"AT_Desolate","floor":21.0},{"not_picked":["CutThroughFate"],"picked":"Backflip+1","floor":23.0},{"not_picked":["Dark Embrace"],"picked":"Capacitor","floor":25.0},{"not_picked":["Glacier"],"picked":"AT_DarkMatter","floor":29.0},{"not_picked":["Shrug It Off","Unload"],"picked":"SKIP","floor":30.0},{"not_picked":["Deadly Poison"],"picked":"Fasting2","floor":31.0},{"not_picked":["Exhume"],"picked":"Juggernaut","floor":33.0},{"not_picked":["Skewer+1"],"picked":"AT_RobotInSpace+1","floor":35.0},{"not_picked":["Bloodletting+1","AT_FocusSwordFire"],"picked":"SKIP","floor":36.0},{"not_picked":["Perfected Strike","Predator"],"picked":"SKIP","floor":39.0},{"not_picked":["Dodge and Roll+1","Sentinel"],"picked":"SKIP","floor":41.0},{"not_picked":["FollowUp"],"picked":"Backflip+1","floor":45},{"not_picked":["Streamline"],"picked":"Aggregate+1","floor":48}],"player_experience":224232,"relics_obtained":[{"floor":6.0,"key":"AT_SunfireAegis"},{"floor":9.0,"key":"AT_SilvercatRing"},{"floor":12.0,"key":"DataDisk"},{"floor":17.0,"key":"Potion Belt"},{"floor":17.0,"key":"Matryoshka"},{"floor":17.0,"key":"TungstenRod"},{"floor":23.0,"key":"Anchor"},{"floor":26.0,"key":"MawBank"},{"floor":26.0,"key":"AT_Manta"},{"floor":30.0,"key":"Incense Burner"},{"floor":41.0,"key":"Shuriken"},{"floor":43.0,"key":"Bottled Flame"},{"floor":43.0,"key":"Bag of Preparation"},{"floor":45,"key":"CeramicFish"}],"event_choices":[{"damage_healed":0.0,"max_hp_gain":0.0,"max_hp_loss":0.0,"gold_gain":75.0,"event_name":"World of Goop","player_choice":"Gather Gold","floor":2.0,"gold_loss":0.0,"damage_taken":11.0},{"damage_healed":0.0,"max_hp_gain":5.0,"max_hp_loss":0.0,"gold_gain":0.0,"event_name":"Big Fish","player_choice":"Donut","floor":3.0,"gold_loss":0.0,"damage_taken":0.0},{"damage_healed":0.0,"max_hp_gain":0.0,"max_hp_loss":0.0,"gold_gain":0.0,"event_name":"Scrap Ooze","player_choice":"Success","floor":4.0,"gold_loss":0.0,"damage_taken":3.0,"relics_obtained":["Ornamental Fan"]},{"cards_removed":["Envenom"],"damage_healed":25.0,"max_hp_gain":10.0,"max_hp_loss":0.0,"gold_gain":0.0,"event_name":"Bonfire Elementals","player_choice":"Offered Rare","floor":14.0,"gold_loss":0.0,"damage_taken":0.0},{"damage_healed":0.0,"max_hp_gain":0.0,"max_hp_loss":0.0,"gold_gain":0.0,"event_name":"The Mausoleum","player_choice":"Opened","floor":22.0,"gold_loss":0.0,"damage_taken":0.0,"relics_obtained":["Omamori"]},{"damage_healed":0.0,"max_hp_gain":0.0,"max_hp_loss":0.0,"gold_gain":0.0,"cards_transformed":["AT_IrregularMenstruation","Establishment"],"event_name":"Drug Dealer","player_choice":"Became Test Subject","floor":24.0,"gold_loss":0.0,"damage_taken":0.0,"cards_obtained":["AT_KneejerkReflex","Storm of Steel"]},{"damage_healed":0.0,"max_hp_gain":0.0,"max_hp_loss":0.0,"gold_gain":0.0,"event_name":"Lab","player_choice":"Got Potions","floor":37.0,"gold_loss":0.0,"damage_taken":0.0},{"damage_healed":0,"gold_gain":0,"player_choice":"Paid","damage_taken":0,"relics_obtained":["Red Mask"],"max_hp_gain":0,"max_hp_loss":0,"event_name":"Tomb of Lord Red Mask","floor":46,"gold_loss":117}],"is_beta":true,"boss_relics":[{"not_picked":["SacredBark","Ectoplasm"],"picked":"Calling Bell"},{"not_picked":["Tiny House","Velvet Choker"],"picked":"Philosopher\u0027s Stone"}],"items_purged_floors":[5,38],"is_endless":false,"potions_floor_spawned":[8,10,11,12,18,19,25,33,35,36,41,48],"ascension_level":0}}