{"host":"jfbo3eu2ui08ej1u","time":1613960194,"event":{"mods":["2.2 Compatiblity","AchievementEnabler","Act Like it!","Aspiration","BaseMod","Better Altar","Better Match","Better Note","Better Sensory Stone","Better Skull","Better Third Choice","Block Reminder","Colored Map","Colored Powertips","Conspire","DeckTracker","Displayed Cursed Tome","Energized Spire","Fox Events","GifTheSpireLib","Hermit","Hubris","Infinite Spire","Marked Mod","Minty Spire (QoL Compilation)","Monster B Gone","Pale of the Ancients","Poor People Problems","Quick Restart","Relic Filter","Reliquary","Reorder Act Four","Replay The Spire","Shop Mod","Spicy Shops","Spire Arcade","StSLib","Stuff the Spire","The Blue Laboratory","The Disciple","The Forsaken","The Hierophant","The Marked","Uncapped","Unceasing Turn Reminder","Wandering Minibosses"],"gold_per_floor":[109,34,50,130,146,146,179,179,205,240,340,351,374,391,391,524,524,553,553,38,62,62,62,62,62,62,62,92,92,92,126,126],"floor_reached":31,"language":"ENG","playtime":1021,"items_purged":["conspire:NecroticWound","theForsaken:TheForsaken_Strike"],"score":304,"play_id":"9889b96e-e745-43c5-a6a5-14a7acb6caf9","local_time":"20210221211634","is_ascension_mode":true,"campfire_choices":[{"data":"theForsaken:CreepingInfection","floor":6.0,"key":"SMITH"},{"floor":8.0,"key":"REST"},{"data":"theForsaken:TearsOfSunlight","floor":15.0,"key":"SMITH"},{"floor":23.0,"key":"REST"},{"data":"theForsaken:Smite","floor":25.0,"key":"SMITH"},{"data":"theForsaken:Horror","floor":30,"key":"SMITH"}],"circlet_count":0,"master_deck":["theForsaken:TheForsaken_Strike","theForsaken:TheForsaken_Strike","theForsaken:TheForsaken_Strike","theForsaken:TheForsaken_Defend","theForsaken:TheForsaken_Defend","theForsaken:TheForsaken_Defend","theForsaken:TheForsaken_Defend","theForsaken:Smite+1","theForsaken:Penitence","theForsaken:Purification","Delirium","theForsaken:CreepingInfection+1","theForsaken:Horror+1","theForsaken:CleansingLight","theForsaken:TearsOfSunlight+1","theForsaken:Purification"],"relics":["theForsaken:JudgementScales","infinitespire:Midas Blood","hubris:OldNail","reliquary:SilkGlove","reliquary:Ember","hubris:Towel","aspiration:VileToxins","Eternal Feather","Matryoshka","hubris:Icosahedron"],"acts_visited":["Exordium","TheCity"],"potions_floor_usage":[],"damage_taken":[{"damage":0.0,"enemies":"conspire:RoseBush","floor":1.0,"turns":5.0},{"damage":1.0,"enemies":"2 Louse","floor":3.0,"turns":5.0},{"damage":0.0,"enemies":"Cultist","floor":5.0,"turns":4.0},{"damage":57.0,"enemies":"3 Sentries","floor":7.0,"turns":7.0},{"damage":9.0,"enemies":"Lagavulin","floor":10.0,"turns":7.0},{"damage":0.0,"enemies":"Looter","floor":12.0,"turns":4.0},{"damage":5.0,"enemies":"3 Louse","floor":13.0,"turns":4.0},{"damage":10.0,"enemies":"Large Slime","floor":14.0,"turns":6.0},{"damage":100.0,"enemies":"Fading Forest","floor":16.0,"turns":11.0},{"damage":22.0,"enemies":"2 Thieves","floor":18.0,"turns":4.0},{"damage":23.0,"enemies":"3 Byrds","floor":21.0,"turns":5.0},{"damage":26.0,"enemies":"Snake Plant","floor":28.0,"turns":4.0},{"damage":85,"enemies":"Book of Stabbing","floor":31,"turns":7}],"seed_played":"6259447366117224334","potions_obtained":[{"floor":5.0,"key":"FearPotion"},{"floor":7.0,"key":"blueLaboratory:FrostheartPotion"},{"floor":10.0,"key":"Block Potion"},{"floor":13.0,"key":"CultistPotion"},{"floor":14.0,"key":"blueLaboratory:EnragingPotion"},{"floor":16.0,"key":"Fire Potion"}],"is_trial":false,"path_per_floor":["M","$","M","?","M","R","E","R","T","E","?","M","M","M","R","B",null,"M","?","$","M","?","R","$","R","T","?","M","?","R","E"],"character_chosen":"THE_FORSAKEN","items_purchased":["aspiration:VileToxins","Eternal Feather"],"campfire_rested":2,"item_purchase_floors":[20,20],"current_hp_per_floor":[65,65,65,65,65,65,16,35,35,31,31,31,32,25,25,32,57,37,37,37,17,17,45,45,54,54,54,40,40,49,0,0],"gold":126,"neow_bonus":"THREE_RARE_CARDS","is_daily":false,"chose_seed":false,"campfire_upgraded":4,"win_rate":0.0,"timestamp":1613960194,"path_taken":["M","$","M","?","M","R","E","R","T","E","?","M","M","?","R","BOSS","M","?","$","M","?","R","$","R","T","?","M","?","R","E"],"items_purchased_type":["Relic","Relic"],"build_version":"2020-12-22","purchased_purges":2,"victory":false,"max_hp_per_floor":[65,65,65,65,65,65,65,65,65,65,65,65,65,65,65,65,65,65,65,65,65,65,65,65,65,65,65,65,65,65,65,65],"card_choices":[{"not_picked":["theForsaken:CorruptedForm","theForsaken:FountainOfLife"],"picked":"theForsaken:Purification","floor":0.0},{"not_picked":["theForsaken:NobleSacrifice","theForsaken:ShieldCharge","theForsaken:PanicDive"],"picked":"SKIP","floor":1.0},{"not_picked":["theForsaken:AncientWords","theForsaken:Backlash","theForsaken:FatRoll"],"picked":"SKIP","floor":3.0},{"not_picked":["theForsaken:LightRoll","theForsaken:ScorchingSunlight"],"picked":"theForsaken:CreepingInfection","floor":5.0},{"not_picked":["theForsaken:Backlash","theForsaken:Parry"],"picked":"theForsaken:Horror","floor":7.0},{"not_picked":["theForsaken:WordsOfMight","theForsaken:Eulogy"],"picked":"theForsaken:CleansingLight","floor":10.0},{"not_picked":["theForsaken:FatRoll","theForsaken:PowerUp","theForsaken:Preservation"],"picked":"SKIP","floor":12.0},{"not_picked":["theForsaken:PowerUp","theForsaken:BlessedWeapon","theForsaken:ShieldBash"],"picked":"SKIP","floor":13.0},{"not_picked":["theForsaken:PowerUp","theForsaken:DarkBargain"],"picked":"theForsaken:TearsOfSunlight","floor":14.0},{"not_picked":["theForsaken:Retribution","theForsaken:Horror"],"picked":"theForsaken:Purification","floor":16.0},{"not_picked":["theForsaken:RainingSunlight+1","theForsaken:Riposte","theForsaken:WordOfPower"],"picked":"SKIP","floor":18.0},{"not_picked":["theForsaken:RainingSunlight","theForsaken:CreepingInfection","theForsaken:ShieldCharge"],"picked":"SKIP","floor":21.0},{"not_picked":["theForsaken:ChargeAttack","theForsaken:Backlash","theForsaken:BindingThorns"],"picked":"SKIP","floor":28.0}],"player_experience":1361551,"relics_obtained":[{"floor":7.0,"key":"infinitespire:Midas Blood"},{"floor":9.0,"key":"hubris:OldNail"},{"floor":10.0,"key":"reliquary:SilkGlove"},{"floor":26.0,"key":"Matryoshka"}],"event_choices":[{"damage_healed":0.0,"max_hp_gain":0.0,"max_hp_loss":0.0,"gold_gain":100.0,"event_name":"Wheel of Change","player_choice":"Gold","floor":11.0,"gold_loss":0.0,"damage_taken":0.0}],"is_beta":false,"boss_relics":[{"not_picked":["StuffTheSpire:RunicHypercube","Ring of Chaos"],"picked":"reliquary:Ember"}],"items_purged_floors":[2,20],"is_endless":false,"potions_floor_spawned":[5,7,10,13,14,16],"killed_by":"Book of Stabbing","ascension_level":5}}