{"host":"51f0ad793vly1w6u","time":1613991759,"event":{"mods":["BaseMod","Colored Map","DeckTracker","Minty Spire (QoL Compilation)","StSLib","SuperFastMode"],"gold_per_floor":[410,425,425,304,321,321,333,28,28,28,60,78,78,97,97,197,197,209,226,255,255,6,37,37,37,106,126,126,1,28,38,38,133,133,153,206,223,1222,1222,1253,825,825,825,71,84,102,102,135,135,135],"floor_reached":51,"language":"KOR","playtime":1012,"items_purged":["Strike_R","Writhe","Strike_R+1","Strike_R+1","Strike_R+1"],"score":1105,"play_id":"e107c8ad-5113-42d4-aff4-d198288c34a4","local_time":"20210222200239","is_ascension_mode":true,"campfire_choices":[{"data":"Shockwave","floor":6,"key":"SMITH"},{"data":"Bludgeon","floor":15,"key":"SMITH"},{"data":"Bloodletting","floor":25,"key":"SMITH"},{"floor":28,"key":"REST"},{"data":"Body Slam","floor":32,"key":"SMITH"},{"data":"Flame Barrier","floor":42,"key":"SMITH"},{"data":"Double Tap","floor":47,"key":"SMITH"},{"data":"Offering","floor":49,"key":"SMITH"}],"circlet_count":0,"master_deck":["Strike_R+1","Defend_R+1","Defend_R+1","Defend_R+1","Defend_R+1","Bash","Bullet Time+1","Shrug It Off","Shockwave+1","Carnage","Immolate","Inflame+1","Body Slam+1","Dropkick","Bludgeon+1","Reaper","Power Through+1","Twin Strike","Bloodletting+1","Intimidate+1","Flame Barrier+1","Double Tap+1","Evolve+1","Fire Breathing+1","Shrug It Off","Offering+1","Inflame+1","Second Wind+1","True Grit+1"],"relics":["Burning Blood","Old Coin","Vajra","Orrery","Bronze Scales","Bottled Tornado","Black Star","Red Mask","Dream Catcher","OrangePellets","Frozen Egg 2","Lizard Tail","Letter Opener","Mummified Hand","Omamori","Snecko Eye","Magic Flower","Red Skull","Incense Burner","Happy Flower","Kunai","Charon\u0027s Ashes","Orichalcum","PreservedInsect"],"acts_visited":["Exordium","TheCity","TheBeyond"],"potions_floor_usage":[7,16,20,27,27,33,33,46,50,50],"damage_taken":[{"damage":5,"enemies":"Small Slimes","floor":1,"turns":3},{"damage":1,"enemies":"Cultist","floor":2,"turns":4},{"damage":4,"enemies":"2 Louse","floor":5,"turns":4},{"damage":1,"enemies":"Looter","floor":7,"turns":4},{"damage":12,"enemies":"Lagavulin","floor":11,"turns":4},{"damage":9,"enemies":"3 Louse","floor":12,"turns":3},{"damage":12,"enemies":"Exordium Thugs","floor":14,"turns":4},{"damage":13,"enemies":"Hexaghost","floor":16,"turns":5},{"damage":27,"enemies":"2 Thieves","floor":18,"turns":3},{"damage":14,"enemies":"Shell Parasite","floor":19,"turns":2},{"damage":9,"enemies":"Masked Bandits","floor":20,"turns":4},{"damage":55,"enemies":"Slavers","floor":23,"turns":4},{"damage":8,"enemies":"Centurion and Healer","floor":27,"turns":3},{"damage":13,"enemies":"Book of Stabbing","floor":30,"turns":3},{"damage":18,"enemies":"Snake Plant","floor":31,"turns":3},{"damage":5,"enemies":"Collector","floor":33,"turns":10},{"damage":17,"enemies":"3 Shapes","floor":35,"turns":3},{"damage":17,"enemies":"2 Orb Walkers","floor":36,"turns":4},{"damage":12,"enemies":"3 Darklings","floor":37,"turns":3},{"damage":20,"enemies":"Nemesis","floor":40,"turns":5},{"damage":6,"enemies":"Spire Growth","floor":45,"turns":2},{"damage":10,"enemies":"Writhing Mass","floor":46,"turns":4},{"damage":9,"enemies":"Reptomancer","floor":48,"turns":3},{"damage":26,"enemies":"Awakened One","floor":50,"turns":7}],"seed_played":"-8072420478885424710","potions_obtained":[{"floor":1,"key":"BlessingOfTheForge"},{"floor":7,"key":"Weak Potion"},{"floor":11,"key":"Fire Potion"},{"floor":14,"key":"ElixirPotion"},{"floor":19,"key":"Energy Potion"},{"floor":20,"key":"Weak Potion"},{"floor":23,"key":"LiquidMemories"},{"floor":30,"key":"PowerPotion"},{"floor":33,"key":"LiquidBronze"},{"floor":40,"key":"LiquidMemories"},{"floor":46,"key":"SneckoOil"},{"floor":48,"key":"Energy Potion"}],"is_trial":false,"path_per_floor":["M","M","?","$","M","R","M","$","T","$","E","M","?","M","R","B",null,"M","M","?","?","$","E","?","R","T","M","R","$","E","M","R","B",null,"M","?","M","?","?","E","$","R","T","$","M","M","R","E","R","B",null],"character_chosen":"IRONCLAD","items_purchased":["Shrug It Off","Vajra","Orrery","OrangePellets","Happy Flower","Fire Breathing+1","Shrug It Off","Offering","Inflame+1","Charon\u0027s Ashes","Dexterity Potion"],"campfire_rested":1,"item_purchase_floors":[4,8,8,22,41,41,41,44,44,44,44],"current_hp_per_floor":[52,57,57,57,59,59,64,64,64,64,58,55,55,49,49,42,71,74,66,63,63,63,38,38,38,38,36,60,60,53,41,41,64,76,65,69,80,80,76,65,65,65,65,65,76,75,75,76,76,59],"gold":135,"neow_bonus":"ONE_RARE_RELIC","is_daily":false,"chose_seed":false,"campfire_upgraded":7,"win_rate":0.0,"timestamp":1613991759,"path_taken":["M","M","?","$","M","R","?","?","T","$","E","?","?","M","R","BOSS","M","M","?","?","$","E","?","R","T","M","R","$","E","?","R","BOSS","M","?","M","?","?","E","$","R","T","$","M","M","R","E","R","BOSS"],"items_purchased_type":["Card","Relic","Relic","Relic","Relic","Card","Card","Card","Card","Relic","Potion"],"build_version":"2020-12-22","purchased_purges":5,"victory":true,"max_hp_per_floor":[80,80,80,80,80,80,80,80,80,80,80,80,80,80,80,80,80,80,80,80,80,80,80,80,80,80,80,80,80,80,80,80,80,80,80,80,80,80,76,76,76,76,76,76,76,76,76,76,76,76],"card_choices":[{"not_picked":["Rupture","Ghostly Armor"],"picked":"Seeing Red","floor":1},{"not_picked":["Heavy Blade","Dual Wield","Intimidate"],"picked":"SKIP","floor":2},{"not_picked":["Dual Wield","Evolve"],"picked":"Shockwave","floor":5},{"not_picked":["Thunderclap","Clothesline"],"picked":"Carnage","floor":7},{"not_picked":["Headbutt","Infernal Blade"],"picked":"Immolate","floor":8},{"not_picked":["Clash","Shrug It Off"],"picked":"Inflame","floor":8},{"not_picked":["Spot Weakness","Hemokinesis"],"picked":"Body Slam","floor":8},{"not_picked":["Perfected Strike","Juggernaut"],"picked":"Dropkick","floor":8},{"not_picked":["Iron Wave","Anger"],"picked":"Bludgeon","floor":11},{"not_picked":["Perfected Strike","Clothesline","Heavy Blade"],"picked":"SKIP","floor":12},{"not_picked":["Uppercut","Searing Blow","True Grit"],"picked":"SKIP","floor":14},{"not_picked":["Double Tap","Berserk"],"picked":"Reaper","floor":16},{"not_picked":["Twin Strike","Entrench"],"picked":"Power Through+1","floor":18},{"not_picked":["Sever Soul","Cleave","Flex"],"picked":"SKIP","floor":19},{"not_picked":["Dark Embrace","Metallicize"],"picked":"Twin Strike","floor":20},{"not_picked":["Power Through","Whirlwind"],"picked":"Bloodletting","floor":23},{"not_picked":["Thunderclap","Body Slam","Hemokinesis"],"picked":"SKIP","floor":27},{"not_picked":["Headbutt+1","Pummel"],"picked":"Intimidate+1","floor":28},{"not_picked":["Armaments","Perfected Strike"],"picked":"Flame Barrier","floor":30},{"not_picked":["Clash+1","Twin Strike","Combust+1"],"picked":"SKIP","floor":31},{"not_picked":["Corruption+1","Immolate"],"picked":"Double Tap","floor":33},{"not_picked":["Headbutt","Clothesline","Body Slam+1"],"picked":"SKIP","floor":35},{"not_picked":["Armaments","Immolate","Anger"],"picked":"SKIP","floor":37},{"not_picked":["Shrug It Off","Perfected Strike+1"],"picked":"Evolve+1","floor":40},{"not_picked":["Combust+1","Blood for Blood+1"],"picked":"Second Wind+1","floor":45},{"not_picked":["Flex+1","Rupture+1","Rage+1"],"picked":"SKIP","floor":46},{"not_picked":["Shrug It Off","Rampage"],"picked":"True Grit+1","floor":48}],"player_experience":1469458,"relics_obtained":[{"floor":9,"key":"Bronze Scales"},{"floor":11,"key":"Bottled Tornado"},{"floor":20,"key":"Red Mask"},{"floor":23,"key":"Frozen Egg 2"},{"floor":23,"key":"Lizard Tail"},{"floor":26,"key":"Letter Opener"},{"floor":30,"key":"Mummified Hand"},{"floor":30,"key":"Omamori"},{"floor":36,"key":"Magic Flower"},{"floor":40,"key":"Red Skull"},{"floor":40,"key":"Incense Burner"},{"floor":43,"key":"Kunai"},{"floor":48,"key":"Orichalcum"},{"floor":48,"key":"PreservedInsect"}],"event_choices":[{"cards_removed":["Seeing Red"],"damage_healed":0,"gold_gain":0,"player_choice":"Took Card","damage_taken":0,"max_hp_gain":0,"max_hp_loss":0,"event_name":"NoteForYourself","floor":3,"gold_loss":0,"cards_obtained":["Bullet Time"]},{"damage_healed":0,"gold_gain":0,"player_choice":"Grow","damage_taken":0,"max_hp_gain":0,"max_hp_loss":0,"event_name":"Living Wall","floor":13,"gold_loss":0,"cards_upgraded":["Inflame"]},{"damage_healed":0,"gold_gain":0,"player_choice":"Fought Bandits","damage_taken":0,"max_hp_gain":0,"max_hp_loss":0,"event_name":"Masked Bandits","floor":20,"gold_loss":0},{"damage_healed":0,"gold_gain":0,"player_choice":"Opened","damage_taken":0,"relics_obtained":["Dream Catcher"],"max_hp_gain":0,"max_hp_loss":0,"event_name":"The Mausoleum","floor":21,"gold_loss":0,"cards_obtained":["Writhe"]},{"damage_healed":0,"gold_gain":0,"player_choice":"Simplicity","damage_taken":0,"max_hp_gain":0,"max_hp_loss":0,"event_name":"Back to Basics","floor":24,"gold_loss":0,"cards_upgraded":["Strike_R","Strike_R","Strike_R","Strike_R","Defend_R","Defend_R","Defend_R","Defend_R"]},{"damage_healed":0,"gold_gain":0,"player_choice":"Fight","damage_taken":0,"max_hp_gain":0,"max_hp_loss":0,"event_name":"Mysterious Sphere","floor":36,"gold_loss":0},{"damage_healed":0,"gold_gain":999,"player_choice":"Gold","damage_taken":0,"max_hp_gain":0,"max_hp_loss":0,"event_name":"MindBloom","floor":38,"gold_loss":0,"cards_obtained":["Normality","Normality"]},{"damage_healed":0,"gold_gain":0,"player_choice":"Max HP","damage_taken":0,"max_hp_gain":0,"max_hp_loss":4,"event_name":"Winding Halls","floor":39,"gold_loss":0}],"is_beta":false,"boss_relics":[{"not_picked":["Runic Pyramid","Tiny House"],"picked":"Black Star"},{"not_picked":["Fusion Hammer","Coffee Dripper"],"picked":"Snecko Eye"}],"items_purged_floors":[4,22,29,41,44],"is_endless":false,"potions_floor_spawned":[1,7,11,14,19,20,23,30,33,40,46,48],"ascension_level":8}}