{"host":"njcl8kinlkfw245p","time":1613977534,"event":{"mods":["BaseMod","Block Reminder","Colored Map","Googly Eyes","KinomotoSakuraMod(????)","Minty Spire (QoL Compilation)","StSLib","The Senshi","Unceasing Turn Reminder","everything is the same but u backflip on backflip"],"gold_per_floor":[109,109,119,36,55,55,85,85,108,108,139,139,104,134,134,211,261,276,294,294,321,334,334,334],"floor_reached":23,"language":"ENG","playtime":1646,"items_purged":[],"score":393,"play_id":"c90c2a93-db0a-4a5e-8df8-57995b1422fc","local_time":"20210221230534","is_ascension_mode":true,"campfire_choices":[{"data":"theSenshi:MoonPrismPowerMakeUp","floor":6.0,"key":"SMITH"},{"data":"theSenshi:SailorJupiterAssists","floor":8.0,"key":"SMITH"},{"data":"theSenshi:RoseThrow","floor":10.0,"key":"SMITH"},{"data":"theSenshi:TallSilhouette","floor":12.0,"key":"SMITH"},{"data":"theSenshi:MoonHealingEscalation","floor":15.0,"key":"SMITH"}],"circlet_count":0,"master_deck":["AscendersBane","theSenshi:SailorKick","theSenshi:SailorKick+1","theSenshi:SailorKick","theSenshi:SailorKick","theSenshi:SailorBlock","theSenshi:SailorBlock","theSenshi:SailorBlock","theSenshi:SailorBlock","theSenshi:RoseThrow+1","theSenshi:MoonPrismPowerMakeUp+1","theSenshi:VenusGlamour","theSenshi:SaturnsMystery","theSenshi:SailorChibiMoonAssists","theSenshi:TallSilhouette+1","theSenshi:SailorJupiterAssists+1","theSenshi:SailorMarsAssists","theSenshi:MoonHealingEscalation+1","theSenshi:SchoolBag","theSenshi:SilverMoonCrystalPowerKiss","theSenshi:MoonTiaraMagic","theSenshi:MoonPrincessHalation","theSenshi:MoonPrincessHalation"],"relics":["theSenshi:TransformationBroochRelic","Gambling Chip","Regal Pillow","Omamori","theSenshi:CrescentMoonWandRelic","Lantern","Tiny House"],"acts_visited":["Exordium","TheCity"],"potions_floor_usage":[23,23],"damage_taken":[{"damage":0.0,"enemies":"Jaw Worm","floor":1.0,"turns":6.0},{"damage":0.0,"enemies":"Cultist","floor":3.0,"turns":3.0},{"damage":0.0,"enemies":"2 Louse","floor":5.0,"turns":2.0},{"damage":19.0,"enemies":"3 Sentries","floor":7.0,"turns":9.0},{"damage":24.0,"enemies":"Lagavulin","floor":11.0,"turns":7.0},{"damage":17.0,"enemies":"Gremlin Nob","floor":14.0,"turns":4.0},{"damage":18.0,"enemies":"The Guardian","floor":16.0,"turns":17.0},{"damage":16.0,"enemies":"Chosen","floor":18.0,"turns":6.0},{"damage":42.0,"enemies":"3 Byrds","floor":19.0,"turns":8.0},{"damage":26.0,"enemies":"Snake Plant","floor":22.0,"turns":5.0},{"damage":59,"enemies":"Slavers","floor":23,"turns":3}],"seed_played":"-694285525960704463","potions_obtained":[{"floor":3.0,"key":"AttackPotion"},{"floor":11.0,"key":"Weak Potion"},{"floor":16.0,"key":"Block Potion"},{"floor":17.0,"key":"Block Potion"},{"floor":18.0,"key":"LiquidBronze"},{"floor":19.0,"key":"PowerPotion"}],"is_trial":false,"path_per_floor":["M","?","M","$","M","R","E","R","T","R","E","R","?","E","R","B",null,"M","M","?","T","M","E"],"character_chosen":"THE_SENSHI","items_purchased":["theSenshi:SailorChibiMoonAssists","theSenshi:TallSilhouette"],"campfire_rested":0,"item_purchase_floors":[4,4],"current_hp_per_floor":[68,68,68,68,68,68,49,49,49,49,40,40,58,51,51,75,80,75,53,53,53,37,0,0],"gold":334,"neow_bonus":"ONE_RARE_RELIC","is_daily":false,"chose_seed":false,"campfire_upgraded":5,"win_rate":0.0,"timestamp":1613977534,"path_taken":["M","?","?","$","M","R","E","R","T","R","E","R","?","E","R","BOSS","M","M","?","?","M","E"],"items_purchased_type":["Card","Card"],"build_version":"2020-12-22","purchased_purges":0,"victory":false,"max_hp_per_floor":[75,75,75,75,75,75,75,75,75,75,75,75,75,75,75,75,80,80,80,80,80,80,80,80],"card_choices":[{"not_picked":["theSenshi:OdangoHead","theSenshi:MoonPunch"],"picked":"theSenshi:VenusGlamour","floor":1.0},{"not_picked":["theSenshi:Overload","theSenshi:EncouragingSpeech"],"picked":"theSenshi:SaturnsMystery","floor":3.0},{"not_picked":["theSenshi:Sidestep","theSenshi:LunaWiseMentor"],"picked":"theSenshi:SailorJupiterAssists","floor":5.0},{"not_picked":["theSenshi:SchoolBag","theSenshi:SailorChibiMoonAssists"],"picked":"theSenshi:SailorMarsAssists","floor":7.0},{"not_picked":["theSenshi:SailorMercuryAssists","theSenshi:CrisisMakeUp"],"picked":"theSenshi:MoonHealingEscalation","floor":11.0},{"not_picked":["theSenshi:LunasBite","theSenshi:HesSoDreamy"],"picked":"theSenshi:SchoolBag","floor":14.0},{"not_picked":["theSenshi:SailorPlutoAssists","theSenshi:JupitersPower"],"picked":"theSenshi:SilverMoonCrystalPowerKiss","floor":16.0},{"not_picked":["theSenshi:LateForSchool","theSenshi:SailorStarMakerAssists","theSenshi:RainbowMoonHeartAche"],"picked":"SKIP","floor":18.0},{"not_picked":["theSenshi:LateForSchool","theSenshi:SailorVenusAssists"],"picked":"theSenshi:MoonTiaraMagic","floor":19.0},{"not_picked":["theSenshi:MoonTiaraMagic","theSenshi:SailorMarsAssists"],"picked":"theSenshi:MoonPrincessHalation","floor":22.0}],"player_experience":968391,"relics_obtained":[{"floor":7.0,"key":"Regal Pillow"},{"floor":9.0,"key":"Omamori"},{"floor":11.0,"key":"theSenshi:CrescentMoonWandRelic"},{"floor":14.0,"key":"Lantern"}],"event_choices":[{"cards_removed":["Normality"],"damage_healed":0.0,"max_hp_gain":0.0,"max_hp_loss":0.0,"gold_gain":0.0,"event_name":"Fountain of Cleansing","player_choice":"Removed Curses","floor":2.0,"gold_loss":0.0,"damage_taken":0.0},{"damage_healed":18.0,"max_hp_gain":0.0,"max_hp_loss":0.0,"gold_gain":0.0,"event_name":"The Cleric","player_choice":"Healed","floor":13.0,"gold_loss":35.0,"damage_taken":0.0},{"damage_healed":0.0,"max_hp_gain":0.0,"max_hp_loss":0.0,"gold_gain":0.0,"event_name":"The Library","player_choice":"Read","floor":20.0,"gold_loss":0.0,"damage_taken":0.0,"cards_obtained":["theSenshi:MoonPrincessHalation"]}],"is_beta":false,"boss_relics":[{"not_picked":["Fusion Hammer","SacredBark"],"picked":"Tiny House"}],"items_purged_floors":[],"is_endless":false,"potions_floor_spawned":[3,11,16,18,19],"killed_by":"Slavers","ascension_level":18}}