{"host":"bg8va46pgqgvtzim","time":1613961451,"event":{"mods":["BaseMod","Minty Spire (QoL Compilation)","Quick Restart","StSLib","SuperFastMode"],"gold_per_floor":[20,34,53,128,143,143,143,175,175,190,204,204,259,259,592,592,602,602,602,672,691,402,421,421,421,518,518,535,28,45,95,176,196,210,210,221,221,238,238,292,342,368,368,518,667,677,139,150,150,255,255,269,283,302,402,412,462,474,474,500,512,566,566,566,576,587,599,666,686,736,763,763,763,763,763,763,49,77,77],"floor_reached":80,"language":"ZHS","playtime":6174,"items_purged":["Strike_R","Strike_R","Strike_R","Defend_R"],"score":1562,"play_id":"af42137f-d075-41f9-9866-9e641876fa7b","local_time":"20210222103731","is_ascension_mode":true,"campfire_choices":[{"data":"Feed","floor":7.0,"key":"SMITH"},{"data":"Burning Pact","floor":9.0,"key":"SMITH"},{"floor":16.0,"key":"REST"},{"data":"Fire Breathing","floor":19.0,"key":"SMITH"},{"data":"Evolve","floor":24.0,"key":"SMITH"},{"data":"Flame Barrier","floor":25.0,"key":"SMITH"},{"data":"Ghostly","floor":35,"key":"SMITH"},{"data":"Deep Breath","floor":43,"key":"SMITH"},{"data":"Strike_R","floor":49,"key":"PURGE"},{"data":"Anger+1","floor":59,"key":"PURGE"},{"data":"Bash+1","floor":64,"key":"PURGE"},{"floor":72,"key":"RECALL"},{"data":"Defend_R","floor":73,"key":"PURGE"},{"data":"Defend_R","floor":76,"key":"PURGE"}],"circlet_count":0,"master_deck":["Defend_R","Feed+1","Flex","Burning Pact+1","Flame Barrier+1","Armaments+1","Fire Breathing+1","Body Slam+1","Reckless Charge+1","Evolve+1","Ghostly+1","Ghostly","Ghostly","Ghostly","Ghostly","Deep Breath+1","Acrobatics+1","Bandage Up","SpiritShield+1","Escape Plan","Feel No Pain","Acrobatics+1","Hologram+1","Well Laid Plans","Blade Dance+1","Shrug It Off"],"relics":["Burning Blood","Molten Egg 2","Vajra","Old Coin","SsserpentHead","Medical Kit","Black Star","Mummified Hand","PrismaticShard","Red Mask","Dream Catcher","Pen Nib","MealTicket","Peace Pipe","Pear","Singing Bowl","Omamori","Runic Cube","Charon\u0027s Ashes","HornCleat","Bag of Preparation","Toy Ornithopter","Anchor","Gremlin Horn","Lantern","Orrery","Whetstone","Akabeko","Orichalcum","War Paint"],"acts_visited":["Exordium","TheCity","TheBeyond","TheEnding"],"potions_floor_usage":[42,42,44,65,79,79,79],"damage_taken":[{"damage":0.0,"enemies":"Cultist","floor":1.0,"turns":2.0},{"damage":2.0,"enemies":"2 Louse","floor":2.0,"turns":3.0},{"damage":5.0,"enemies":"Small Slimes","floor":3.0,"turns":5.0},{"damage":3.0,"enemies":"2 Fungi Beasts","floor":5.0,"turns":5.0},{"damage":28.0,"enemies":"3 Sentries","floor":8.0,"turns":14.0},{"damage":5.0,"enemies":"Looter","floor":10.0,"turns":5.0},{"damage":5.0,"enemies":"Red Slaver","floor":11.0,"turns":6.0},{"damage":31.0,"enemies":"Lagavulin","floor":15.0,"turns":7.0},{"damage":1.0,"enemies":"Large Slime","floor":17.0,"turns":6.0},{"damage":5.0,"enemies":"Gremlin Gang","floor":20.0,"turns":7.0},{"damage":7.0,"enemies":"3 Louse","floor":21.0,"turns":3.0},{"damage":9.0,"enemies":"Blue Slaver","floor":23.0,"turns":5.0},{"damage":33.0,"enemies":"Hexaghost","floor":26.0,"turns":8.0},{"damage":21.0,"enemies":"2 Thieves","floor":28.0,"turns":5.0},{"damage":4.0,"enemies":"3 Byrds","floor":30.0,"turns":3.0},{"damage":7,"enemies":"Masked Bandits","floor":32,"turns":6},{"damage":28,"enemies":"Snecko","floor":33,"turns":8},{"damage":3,"enemies":"Centurion and Healer","floor":34,"turns":8},{"damage":9,"enemies":"Snake Plant","floor":36,"turns":6},{"damage":20,"enemies":"Snecko","floor":38,"turns":11},{"damage":30,"enemies":"Gremlin Leader","floor":42,"turns":10},{"damage":3,"enemies":"Colosseum Slavers","floor":44,"turns":6},{"damage":4,"enemies":"Colosseum Nobs","floor":44,"turns":6},{"damage":2,"enemies":"Centurion and Healer","floor":46,"turns":8},{"damage":14,"enemies":"Snake Plant","floor":48,"turns":6},{"damage":25,"enemies":"Champ","floor":50,"turns":18},{"damage":8,"enemies":"Orb Walker","floor":52,"turns":6},{"damage":15,"enemies":"3 Darklings","floor":53,"turns":12},{"damage":21,"enemies":"Jaw Worm Horde","floor":54,"turns":8},{"damage":0,"enemies":"2 Orb Walkers","floor":55,"turns":6},{"damage":5,"enemies":"Sphere and 2 Shapes","floor":56,"turns":10},{"damage":11,"enemies":"Spire Growth","floor":58,"turns":8},{"damage":121,"enemies":"Giant Head","floor":60,"turns":14},{"damage":13,"enemies":"3 Darklings","floor":61,"turns":7},{"damage":0,"enemies":"Jaw Worm Horde","floor":65,"turns":5},{"damage":2,"enemies":"Spire Growth","floor":66,"turns":7},{"damage":16,"enemies":"3 Darklings","floor":67,"turns":9},{"damage":0,"enemies":"Jaw Worm Horde","floor":68,"turns":5},{"damage":0,"enemies":"Spire Growth","floor":69,"turns":5},{"damage":9,"enemies":"Reptomancer","floor":71,"turns":8},{"damage":14,"enemies":"Donu and Deca","floor":74,"turns":8},{"damage":0,"enemies":"Shield and Spear","floor":78,"turns":4},{"damage":128,"enemies":"The Heart","floor":79,"turns":12}],"seed_played":"-8174412872140282906","potions_obtained":[{"floor":1.0,"key":"BlessingOfTheForge"},{"floor":8.0,"key":"Strength Potion"},{"floor":10.0,"key":"Swift Potion"},{"floor":36,"key":"BloodPotion"},{"floor":42,"key":"DistilledChaos"},{"floor":44,"key":"Ancient Potion"},{"floor":46,"key":"AttackPotion"},{"floor":54,"key":"FearPotion"},{"floor":56,"key":"BloodPotion"},{"floor":65,"key":"Dexterity Potion"},{"floor":69,"key":"SkillPotion"}],"is_trial":false,"path_per_floor":["M","M","M","?","M","?","R","E","R","M","M","?","T","T","E","R","M","?","R","M","M","$","M","R","R","B",null,"M","$","M","?","?","M","M","R","M","E","M","T","T","?","E","R","?","?","M","$","M","R","B",null,"M","M","M","?","M","?","M","R","E","M","T","T","R","M","M","M","M","M","?","E","R","R","B",null,"R","$","E","B",null],"character_chosen":"IRONCLAD","items_purchased":["Evolve","Medical Kit","Mummified Hand","PrismaticShard","Singing Bowl","Omamori","Orrery","Whetstone","Akabeko","Block Potion","Shrug It Off"],"campfire_rested":1,"item_purchase_floors":[22,22,29,29,47,47,77,77,77,77,77],"current_hp_per_floor":[83,86,89,78,84,66,66,48,48,53,54,54,54,54,33,64,73,73,73,78,81,81,82,82,82,59,124,113,113,119,66,69,51,58,58,59,59,53,53,53,36,34,34,65,65,77,92,94,94,85,125,126,124,119,135,144,144,144,144,35,38,38,38,38,89,103,103,119,135,135,144,144,144,146,195,195,201,207,91],"gold":77,"neow_bonus":"THREE_RARE_CARDS","is_daily":false,"chose_seed":false,"campfire_upgraded":7,"win_rate":0.0,"timestamp":1613961451,"path_taken":["M","M","M","?","M","?","R","E","R","M","M","?","T","T","E","R","M","?","R","?","M","$","M","R","R","BOSS","M","$","M","?","?","M","M","R","M","E","M","T","T","?","E","R","?","?","M","$","M","R","BOSS","M","M","M","?","M","?","M","R","E","M","T","T","R","M","M","M","?","M","?","E","R","R","BOSS","R","$","E","BOSS"],"items_purchased_type":["Card","Relic","Relic","Relic","Relic","Relic","Relic","Relic","Relic","Potion","Card"],"build_version":"2020-12-22","purchased_purges":4,"victory":true,"max_hp_per_floor":[83,86,89,89,92,92,92,96,96,100,100,100,100,100,104,104,108,108,108,112,116,116,120,120,120,124,124,128,128,132,66,70,74,78,78,82,82,86,86,86,91,91,91,109,109,113,113,119,119,125,125,127,133,137,143,147,147,149,149,151,157,157,157,157,161,167,173,179,185,185,191,191,191,195,195,195,201,207,211],"card_choices":[{"not_picked":["Fiend Fire","Berserk"],"picked":"Feed","floor":0.0},{"not_picked":["Sword Boomerang","Wild Strike"],"picked":"Flex","floor":1.0},{"not_picked":["Fire Breathing","Clothesline"],"picked":"Burning Pact","floor":2.0},{"not_picked":["Sever Soul","Wild Strike"],"picked":"Flame Barrier","floor":3.0},{"not_picked":["Anger","Sever Soul"],"picked":"Armaments","floor":5.0},{"not_picked":["Cleave+1","Rage"],"picked":"Anger+1","floor":8.0},{"not_picked":["Entrench","Heavy Blade+1","Whirlwind+1"],"picked":"SKIP","floor":10.0},{"not_picked":["Searing Blow+1","Combust","Warcry"],"picked":"SKIP","floor":11.0},{"not_picked":["Clash+1","Exhume","Infernal Blade"],"picked":"SKIP","floor":15.0},{"not_picked":["Shrug It Off","Dropkick+1"],"picked":"Fire Breathing","floor":17.0},{"not_picked":["Heavy Blade+1","Flex"],"picked":"Body Slam+1","floor":20.0},{"not_picked":["Heavy Blade+1","Shrug It Off"],"picked":"Reckless Charge+1","floor":21.0},{"not_picked":["Cleave+1","Entrench","Anger+1"],"picked":"SKIP","floor":23.0},{"not_picked":["Havoc","Armaments","Heavy Blade+1"],"picked":"SKIP","floor":28.0},{"not_picked":["Leap","Entrench","Thunder Strike+1"],"picked":"SKIP","floor":30.0},{"not_picked":["Wild Strike+1","Hologram"],"picked":"Deep Breath","floor":32},{"not_picked":["Scrape+1","ForeignInfluence+1"],"picked":"Acrobatics+1","floor":33},{"not_picked":["Reckless Charge+1","Heavy Blade+1","Body Slam+1"],"picked":"SKIP","floor":34},{"not_picked":["Choke+1","Acrobatics+1"],"picked":"Bandage Up","floor":36},{"not_picked":["Indignation","Conserve Battery","Sunder+1"],"picked":"SKIP","floor":38},{"not_picked":["Shrug It Off","Enlightenment"],"picked":"SpiritShield","floor":42},{"not_picked":["Quick Slash+1","EmptyFist+1"],"picked":"Escape Plan","floor":44},{"not_picked":["Backstab+1","Skewer+1","Stack"],"picked":"SKIP","floor":46},{"not_picked":["Ball Lightning+1","SashWhip+1","PathToVictory"],"picked":"Singing Bowl","floor":48},{"not_picked":["Sadistic Nature","Mayhem","Juggernaut"],"picked":"Singing Bowl","floor":50},{"not_picked":["Swivel","EmptyBody","Rip and Tear+1"],"picked":"Singing Bowl","floor":52},{"not_picked":["Ball Lightning+1","Cold Snap+1","Flying Knee+1"],"picked":"Singing Bowl","floor":53},{"not_picked":["Evaluate","EmptyBody"],"picked":"Feel No Pain","floor":54},{"not_picked":["Body Slam+1","Wish","Pommel Strike+1"],"picked":"Singing Bowl","floor":55},{"not_picked":["Stack+1","Steam"],"picked":"Acrobatics+1","floor":56},{"not_picked":["Thunderclap+1","Wild Strike+1","Meditate"],"picked":"Singing Bowl","floor":58},{"not_picked":["Reflex+1","Loop+1","Slice+1"],"picked":"Singing Bowl","floor":60},{"not_picked":["Backstab+1","EmptyFist+1","Bludgeon+1"],"picked":"Singing Bowl","floor":61},{"not_picked":["Bane+1","Leg Sweep"],"picked":"Hologram+1","floor":65},{"not_picked":["PathToVictory","Armaments","Accuracy+1"],"picked":"Singing Bowl","floor":66},{"not_picked":["ThirdEye","Quick Slash+1","Rampage+1"],"picked":"Singing Bowl","floor":67},{"not_picked":["Melter+1","Cold Snap+1","Infernal Blade"],"picked":"Singing Bowl","floor":68},{"not_picked":["FollowUp+1","JustLucky+1","Slice+1"],"picked":"Singing Bowl","floor":69},{"not_picked":["Protect+1","Heel Hook+1","Glass Knife+1"],"picked":"Singing Bowl","floor":71},{"not_picked":["Capacitor+1","CrushJoints+1"],"picked":"Well Laid Plans","floor":77},{"not_picked":["Cloak And Dagger","Flex+1","Double Energy"],"picked":"Singing Bowl","floor":77},{"not_picked":["Sever Soul+1","Gash+1","Beam Cell+1"],"picked":"Singing Bowl","floor":77},{"not_picked":["Nirvana+1","Outmaneuver+1"],"picked":"Blade Dance","floor":77},{"not_picked":["Setup","Wireheading+1","Clash+1"],"picked":"Singing Bowl","floor":77},{"not_picked":["Feed+1","Capacitor","Dagger Throw+1"],"picked":"Singing Bowl","floor":78}],"player_experience":2521457,"relics_obtained":[{"floor":8.0,"key":"Molten Egg 2"},{"floor":14.0,"key":"Vajra"},{"floor":15.0,"key":"Old Coin"},{"floor":32,"key":"Red Mask"},{"floor":39,"key":"Dream Catcher"},{"floor":40,"key":"Pen Nib"},{"floor":42,"key":"MealTicket"},{"floor":44,"key":"Peace Pipe"},{"floor":44,"key":"Pear"},{"floor":55,"key":"Charon\u0027s Ashes"},{"floor":60,"key":"HornCleat"},{"floor":60,"key":"Bag of Preparation"},{"floor":62,"key":"Toy Ornithopter"},{"floor":63,"key":"Anchor"},{"floor":71,"key":"Gremlin Horn"},{"floor":71,"key":"Lantern"},{"floor":78,"key":"Orichalcum"},{"floor":78,"key":"War Paint"}],"event_choices":[{"damage_healed":0.0,"max_hp_gain":0.0,"max_hp_loss":0.0,"gold_gain":75.0,"event_name":"World of Goop","player_choice":"Gather Gold","floor":4.0,"gold_loss":0.0,"damage_taken":11.0},{"damage_healed":0.0,"max_hp_gain":0.0,"max_hp_loss":0.0,"gold_gain":0.0,"event_name":"Shining Light","player_choice":"Entered Light","floor":6.0,"gold_loss":0.0,"damage_taken":18.0,"cards_upgraded":["Armaments","Bash"]},{"cards_removed":["Strike_R"],"damage_healed":0.0,"max_hp_gain":0.0,"max_hp_loss":0.0,"gold_gain":0.0,"event_name":"Living Wall","player_choice":"Forget","floor":12.0,"gold_loss":0.0,"damage_taken":0.0},{"damage_healed":0.0,"max_hp_gain":0.0,"max_hp_loss":0.0,"gold_gain":0.0,"event_name":"FaceTrader","player_choice":"Trade","floor":18.0,"gold_loss":0.0,"damage_taken":0.0,"relics_obtained":["SsserpentHead"]},{"damage_healed":0,"gold_gain":0,"player_choice":"Became a Ghost","damage_taken":0,"max_hp_gain":0,"max_hp_loss":66,"event_name":"Ghosts","floor":31,"gold_loss":0,"cards_obtained":["Ghostly","Ghostly","Ghostly","Ghostly","Ghostly"]},{"damage_healed":0,"gold_gain":0,"player_choice":"Fought Bandits","damage_taken":0,"max_hp_gain":0,"max_hp_loss":0,"event_name":"Masked Bandits","floor":32,"gold_loss":0},{"damage_healed":0,"gold_gain":0,"player_choice":"Shed Blood","damage_taken":22,"max_hp_gain":5,"max_hp_loss":0,"event_name":"Forgotten Altar","floor":41,"gold_loss":0},{"damage_healed":0,"gold_gain":0,"player_choice":"Fight","damage_taken":0,"max_hp_gain":0,"max_hp_loss":0,"event_name":"Colosseum","floor":44,"gold_loss":0},{"damage_healed":0,"gold_gain":0,"player_choice":"Fought Nobs","damage_taken":0,"max_hp_gain":0,"max_hp_loss":0,"event_name":"Colosseum","floor":44,"gold_loss":0},{"damage_healed":0,"gold_gain":99,"player_choice":"Stole From Cult","damage_taken":0,"max_hp_gain":0,"max_hp_loss":0,"event_name":"Nest","floor":45,"gold_loss":0},{"damage_healed":0,"gold_gain":0,"player_choice":"Fight","damage_taken":0,"max_hp_gain":0,"max_hp_loss":0,"event_name":"Mysterious Sphere","floor":55,"gold_loss":0},{"damage_healed":0,"gold_gain":0,"player_choice":"Ignored","damage_taken":0,"max_hp_gain":0,"max_hp_loss":0,"event_name":"SecretPortal","floor":57,"gold_loss":0},{"damage_healed":0,"gold_gain":0,"player_choice":"Bought 0 Potions","damage_taken":0,"max_hp_gain":0,"max_hp_loss":0,"event_name":"The Woman in Blue","floor":70,"gold_loss":0}],"is_beta":false,"boss_relics":[{"not_picked":["Ectoplasm","Busted Crown"],"picked":"Black Star"},{"not_picked":["Snecko Eye","SacredBark"],"picked":"Runic Cube"}],"items_purged_floors":[22,29,47,77],"is_endless":false,"potions_floor_spawned":[1,8,10,17,20,33,36,42,44,46,50,54,56,65,67,68,69],"ascension_level":1}}