{"host":"6y3bp5uz6sq8g9wt","time":1613955633,"event":{"mods":["BaseMod","Colored Map","Downfall","Highlight Path","Minty Spire (QoL Compilation)","StSLib"],"gold_per_floor":[0,15,28,478,54,85,85,85,85,114,114,114,133,133,147,252,252,252,268,283,283,296,316,316,349,364,377,377,388,488,500,513,617,617,617,629,137,137,137,137,137,122,22,57,0,0,0,16,34,34],"floor_reached":51,"language":"ENG","playtime":4675,"items_purged":["downfall:Icky","downfall:Icky"],"score":741,"play_id":"822901e4-2522-4056-bb9a-2789094ed329","local_time":"20210221200033","is_ascension_mode":true,"campfire_choices":[{"data":"hexamod:Float","floor":1,"key":"SMITH"},{"data":"hexamod:RainOfEmbers","floor":9,"key":"SMITH"},{"data":"hexamod:GhostOfSpirePresent","floor":11,"key":"SMITH"},{"data":"hexamod:Incineration","floor":18,"key":"SMITH"},{"floor":28,"key":"REST"},{"data":"hexamod:ApocalypticArmor","floor":35,"key":"SMITH"},{"floor":40,"key":"RECALL"},{"data":"hexamod:HeatShield","floor":43,"key":"SMITH"},{"floor":47,"key":"REST"}],"circlet_count":0,"master_deck":["hexamod:Strike","hexamod:Strike","hexamod:Strike","hexamod:Strike","hexamod:Defend","hexamod:Defend+1","hexamod:Defend","hexamod:Defend","hexamod:Sear","hexamod:Float+1","hexamod:Firestarter+1","hexamod:Incineration+1","hexamod:ShieldOfDarkness+1","hexamod:RainOfEmbers+1","hexamod:ThirdSeal","hexamod:GhostOfSpirePresent+1","hexamod:Hexaguard","hexamod:TimeOfNeed","hexamod:WildfireWeapon","hexamod:FlamesFromBeyond","hexamod:SoulSteal+1","hexamod:SpectersWail","hexamod:PowerFromBeyond+1","hexamod:HeatShield+1","hexamod:ExtraCrispy","hexamod:HeatCrush+1","hexamod:ApocalypticArmor+1","CurseOfTheBell","hexamod:Hexaguard+1","hexamod:Again","hexamod:BurningTouch+1"],"relics":["hexamod:SpiritBrand","Lizard Tail","Medical Kit","Guardian:PocketSentry","InkBottle","Ice Cream","Oddly Smooth Stone","Philosopher\u0027s Stone","hexamod:SoulConsumer","Bronze Scales","Calling Bell","Regal Pillow","Shuriken","WingedGreaves","Eternal Feather","White Beast Statue","Sundial","downfall:HeartBlessingBlue","Dead Branch","Bag of Preparation","War Paint"],"acts_visited":["Exordium","TheCity","TheBeyond"],"potions_floor_usage":[6,16,29,42,42,44,50,50,50],"damage_taken":[{"damage":1,"enemies":"Cultist","floor":2,"turns":3},{"damage":2,"enemies":"2 Louse","floor":3,"turns":3},{"damage":5,"enemies":"downfall:FleeingMerchant","floor":5,"turns":4},{"damage":9,"enemies":"3 Sentries","floor":6,"turns":7},{"damage":10,"enemies":"Gremlin Nob","floor":10,"turns":3},{"damage":0,"enemies":"Small Slimes","floor":13,"turns":3},{"damage":6,"enemies":"2 Fungi Beasts","floor":15,"turns":3},{"damage":17,"enemies":"DF_ARCHETYPE_STREAMLINE","floor":16,"turns":8},{"damage":0,"enemies":"Shell Parasite","floor":19,"turns":3},{"damage":1,"enemies":"Chosen","floor":20,"turns":3},{"damage":7,"enemies":"Snake Plant","floor":22,"turns":4},{"damage":6,"enemies":"Centurion and Healer","floor":23,"turns":4},{"damage":22,"enemies":"Book of Stabbing","floor":25,"turns":5},{"damage":9,"enemies":"Shelled Parasite and Fungi","floor":26,"turns":5},{"damage":11,"enemies":"Cultist and Chosen","floor":27,"turns":6},{"damage":2,"enemies":"Sentry and Sphere","floor":29,"turns":3},{"damage":3,"enemies":"Chosen and Byrds","floor":31,"turns":2},{"damage":4,"enemies":"Centurion and Healer","floor":32,"turns":3},{"damage":10,"enemies":"WA_ARCHETYPE_CALM","floor":33,"turns":8},{"damage":10,"enemies":"3 Shapes","floor":36,"turns":3},{"damage":1,"enemies":"downfall:FleeingMerchant","floor":37,"turns":4},{"damage":0,"enemies":"downfall:FleeingMerchant","floor":42,"turns":4},{"damage":55,"enemies":"Nemesis","floor":44,"turns":7},{"damage":0,"enemies":"downfall:FleeingMerchant","floor":45,"turns":3},{"damage":1,"enemies":"3 Darklings","floor":48,"turns":3},{"damage":17,"enemies":"Spire Growth","floor":49,"turns":3},{"damage":126,"enemies":"IC_BLOCK_ARCHETYPE","floor":50,"turns":10}],"seed_played":"-4506487874137548166","potions_obtained":[{"floor":3,"key":"AttackPotion"},{"floor":6,"key":"CultistPotion"},{"floor":15,"key":"Explosive Potion"},{"floor":26,"key":"Dexterity Potion"},{"floor":27,"key":"EssenceOfSteel"},{"floor":29,"key":"SneckoOil"},{"floor":32,"key":"Regen Potion"},{"floor":42,"key":"Slimebound:ThreeZeroPotion"},{"floor":44,"key":"Weak Potion"},{"floor":45,"key":"AttackPotion"},{"floor":46,"key":"CultistPotion"}],"is_trial":false,"path_per_floor":["R","M","M","?","$","E","T","?","R","E","R","?","M","?","M","B",null,"R","M","M","?","M","M","T","E","M","M","R","M","?","M","M","B",null,"R","M","$","?","?","R","T","$","R","E","$","?","R","M","M","B",null],"character_chosen":"THE_SPIRIT","items_purchased":["Medical Kit","Guardian:PocketSentry","hexamod:RainOfEmbers","Eternal Feather","White Beast Statue","Bag of Preparation","War Paint"],"campfire_rested":2,"item_purchase_floors":[5,5,5,37,37,45,45],"current_hp_per_floor":[70,69,67,67,62,53,53,53,53,43,43,43,43,43,37,20,70,70,70,69,69,62,56,56,38,33,26,47,49,49,46,46,40,70,70,64,67,67,67,70,70,70,80,29,33,33,80,80,67,18],"gold":34,"neow_bonus":"ONE_RARE_RELIC","is_daily":false,"chose_seed":false,"campfire_upgraded":6,"win_rate":0.0,"timestamp":1613955633,"path_taken":["R","M","M","?","$","E","T","?","R","E","R","?","M","?","M","BOSS","R","M","M","?","M","M","T","E","M","M","R","?","?","?","M","BOSS","R","M","?","?","?","R","T","$","R","E","$","?","R","M","M","BOSS"],"items_purchased_type":["Relic","Relic","Card","Relic","Relic","Relic","Relic"],"build_version":"2020-12-22","purchased_purges":2,"victory":true,"max_hp_per_floor":[70,70,70,70,70,70,70,70,70,70,70,70,70,70,70,70,70,70,70,70,70,70,70,70,70,70,70,70,70,70,70,70,70,70,70,70,70,70,70,70,70,70,80,80,80,80,80,80,80,80],"card_choices":[{"not_picked":["hexamod:FastForward","hexamod:ShieldOfDarkness"],"picked":"hexamod:Firestarter","floor":2},{"not_picked":["hexamod:HauntingEcho","hexamod:HeatMetal"],"picked":"hexamod:Incineration","floor":3},{"not_picked":["hexamod:NightmareGuise","hexamod:Firestarter"],"picked":"hexamod:ShieldOfDarkness","floor":5},{"not_picked":["hexamod:BacktrackSmack","hexamod:BurningTouch"],"picked":"hexamod:NightmareGuise","floor":6},{"not_picked":["hexamod:CatchUp","hexamod:SwordOfDarkness"],"picked":"hexamod:GhostOfSpirePresent","floor":10},{"not_picked":["hexamod:BurningTouch","hexamod:Firestarter"],"picked":"hexamod:Hexaguard","floor":13},{"not_picked":["hexamod:ShieldOfDarkness","hexamod:Hexaguard","hexamod:ThirdSeal"],"picked":"SKIP","floor":13},{"not_picked":["hexamod:NightmareGuise","hexamod:RainOfEmbers","hexamod:ChargedBarrage"],"picked":"SKIP","floor":15},{"not_picked":["hexamod:GhostLash","hexamod:HeatCrush","hexamod:BacktrackSmack"],"picked":"SKIP","floor":15},{"not_picked":["hexamod:GhostflameInferno","hexamod:UnleashSpirits"],"picked":"hexamod:TimeOfNeed","floor":16},{"not_picked":["hexamod:UnlimitedPower","hexamod:VolcanoVisage"],"picked":"hexamod:WildfireWeapon","floor":16},{"not_picked":["hexamod:SwordOfDarkness","hexamod:RainOfEmbers"],"picked":"hexamod:FlamesFromBeyond","floor":19},{"not_picked":["hexamod:NightmareStrike","hexamod:GhostOfSpireFuture","hexamod:NecessarySacrifice"],"picked":"SKIP","floor":19},{"not_picked":["hexamod:RetreatToShadows","hexamod:Hexaguard+1"],"picked":"hexamod:SoulSteal+1","floor":20},{"not_picked":["hexamod:SwordOfDarkness+1","hexamod:BurningTouch","hexamod:UnleashSpirits"],"picked":"SKIP","floor":20},{"not_picked":["hexamod:SoulSteal","hexamod:DynamicBlow+1"],"picked":"hexamod:SpectersWail","floor":22},{"not_picked":["hexamod:InspiringFlames","hexamod:HauntingEcho+1","hexamod:SuperheatedStrike"],"picked":"SKIP","floor":22},{"not_picked":["hexamod:FirstSeal","hexamod:GiftsFromTheDead"],"picked":"hexamod:PowerFromBeyond+1","floor":23},{"not_picked":["hexamod:SpectralAdrenaline","hexamod:RecurringNightmare"],"picked":"hexamod:HeatShield","floor":23},{"not_picked":["hexamod:Incineration","hexamod:InspiringFlames","hexamod:FastForward"],"picked":"SKIP","floor":25},{"not_picked":["hexamod:FastForward+1","hexamod:DynamicBlow","hexamod:SwordOfDarkness"],"picked":"SKIP","floor":25},{"not_picked":["hexamod:SixthSeal","hexamod:HauntingEcho"],"picked":"hexamod:ExtraCrispy","floor":26},{"not_picked":["hexamod:PowerFromBeyond","hexamod:ThermalTransfer","hexamod:RainOfEmbers"],"picked":"SKIP","floor":26},{"not_picked":["hexamod:SuperheatedStrike","hexamod:Incineration+1","hexamod:FastForward+1"],"picked":"SKIP","floor":27},{"not_picked":["hexamod:HeatMetal","hexamod:SecondSeal","hexamod:SuperheatedStrike"],"picked":"SKIP","floor":27},{"not_picked":["hexamod:HeatShield","hexamod:HauntingEcho"],"picked":"hexamod:HeatCrush+1","floor":29},{"not_picked":["hexamod:Firestarter","hexamod:SpectersWail","hexamod:SwordOfDarkness"],"picked":"SKIP","floor":31},{"not_picked":["hexamod:GhostOfSpireFuture","hexamod:HeatShield","hexamod:ThermalTransfer"],"picked":"SKIP","floor":32},{"not_picked":["hexamod:TurnItUp","hexamod:TimeWarp"],"picked":"hexamod:ApocalypticArmor","floor":33},{"not_picked":["hexamod:SpectersWail+1","hexamod:InspiringFlames"],"picked":"hexamod:Hexaguard+1","floor":36},{"not_picked":["hexamod:GhostShield","hexamod:NightmareGuise+1"],"picked":"hexamod:Again","floor":36},{"not_picked":["hexamod:Firestarter","hexamod:AdvancingGuard","hexamod:ShieldOfDarkness+1"],"picked":"SKIP","floor":37},{"not_picked":["hexamod:ChargedBarrage+1","hexamod:GhostOfSpirePresent","hexamod:RadiantFlame+1"],"picked":"SKIP","floor":42},{"not_picked":["hexamod:SuperheatedStrike","hexamod:Rewind","hexamod:Incineration+1"],"picked":"SKIP","floor":42},{"not_picked":["hexamod:SpectralAdrenaline+1","hexamod:GhostShield","hexamod:SpectersWail+1"],"picked":"SKIP","floor":44},{"not_picked":["hexamod:Again+1","hexamod:PhantomFireball","hexamod:SpectersWail+1"],"picked":"SKIP","floor":45},{"not_picked":["hexamod:NightmareStrike","hexamod:AdvancingGuard+1"],"picked":"hexamod:BurningTouch+1","floor":48},{"not_picked":["hexamod:GhostLash","hexamod:ShieldOfDarkness","hexamod:HauntingEcho"],"picked":"SKIP","floor":49}],"player_experience":831013,"relics_obtained":[{"floor":6,"key":"InkBottle"},{"floor":7,"key":"Ice Cream"},{"floor":10,"key":"Oddly Smooth Stone"},{"floor":24,"key":"hexamod:SoulConsumer"},{"floor":25,"key":"Bronze Scales"},{"floor":34,"key":"Regal Pillow"},{"floor":34,"key":"Shuriken"},{"floor":34,"key":"WingedGreaves"},{"floor":38,"key":"Sundial"},{"floor":44,"key":"Dead Branch"}],"event_choices":[{"cards_removed":["downfall:Icky"],"damage_healed":0,"gold_gain":0,"player_choice":"Card Removal","damage_taken":0,"max_hp_gain":0,"max_hp_loss":0,"event_name":"The Cleric","floor":12,"gold_loss":0},{"damage_healed":0,"gold_gain":0,"player_choice":"Got Potions","damage_taken":0,"max_hp_gain":0,"max_hp_loss":0,"event_name":"Lab","floor":46,"gold_loss":0}],"is_beta":false,"boss_relics":[{"not_picked":["SacredBark","Coffee Dripper"],"picked":"Philosopher\u0027s Stone"},{"not_picked":["Velvet Choker","Astrolabe"],"picked":"Calling Bell"}],"items_purged_floors":[5,45],"is_endless":false,"potions_floor_spawned":[3,6,15,26,27,29,31,32,42,44,45,48,49],"ascension_level":1}}