{"host":"prxrhpgaxnj4om9r","time":1613956216,"event":{"mods":["AchievementEnabler","BaseMod","Colored Map","DeckTracker","Minty Spire (QoL Compilation)"],"gold_per_floor":[119,119,119,142,142,178,29,69,120,207,258,286,316,328,340,471,483,513,525,556,581,593,38,73,73,97,97,97,130,255,1,1,131,131,149,168,192,192,257,288,288,326,326,326,351,351,10,28,28,28],"floor_reached":51,"language":"KOR","playtime":3799,"items_purged":[],"score":993,"play_id":"cbd9d569-a6c7-40de-b29b-5c573e99531a","local_time":"20210222101016","is_ascension_mode":true,"campfire_choices":[{"data":"Lockon","floor":15,"key":"SMITH"},{"floor":25,"key":"REST"},{"floor":28,"key":"REST"},{"data":"Seek","floor":32,"key":"SMITH"},{"floor":41,"key":"REST"},{"data":"1","floor":49,"key":"LIFT"}],"circlet_count":0,"master_deck":["Strike_B","Strike_B","Strike_B","Defend_B","Defend_B","Defend_B","Zap+1","Dualcast","Barrage","Gash","Fusion+1","Lockon+1","Hologram","Glacier","Go for the Eyes","Echo Form","Cold Snap","White Noise+1","Sweeping Beam+1","RitualDagger","Seek+1","Streamline","Turbo+1","Leap+1","Static Discharge","Sunder","Reboot","Stack+1","Compile Driver+1","Dramatic Entrance","Doom and Gloom","Rebound+1","Stack+1","Recycle","White Noise+1"],"relics":["Cracked Core","NeowsBlessing","Golden Idol","Dream Catcher","Lee\u0027s Waffle","TungstenRod","MawBank","StrikeDummy","Nuclear Battery","Cables","Regal Pillow","Anchor","Orichalcum","Oddly Smooth Stone","Pantograph","Ice Cream","Shuriken","Eternal Feather","Runic Pyramid","Girya","Bag of Marbles","Omamori","The Courier","Potion Belt"],"acts_visited":["Exordium","TheCity","TheBeyond"],"potions_floor_usage":[8,11,16,18,24,29,33,40,42,48,50,50,50,50,50,50],"damage_taken":[{"damage":0,"enemies":"2 Louse","floor":1,"turns":1},{"damage":0,"enemies":"Small Slimes","floor":4,"turns":1},{"damage":0,"enemies":"Gremlin Nob","floor":6,"turns":1},{"damage":20,"enemies":"3 Sentries","floor":8,"turns":6},{"damage":7,"enemies":"Gremlin Nob","floor":11,"turns":3},{"damage":0,"enemies":"Jaw Worm","floor":12,"turns":1},{"damage":3,"enemies":"2 Fungi Beasts","floor":13,"turns":2},{"damage":18,"enemies":"Hexaghost","floor":16,"turns":9},{"damage":6,"enemies":"3 Byrds","floor":18,"turns":5},{"damage":17,"enemies":"2 Thieves","floor":20,"turns":3},{"damage":15,"enemies":"Snecko","floor":21,"turns":5},{"damage":18,"enemies":"Book of Stabbing","floor":24,"turns":6},{"damage":17,"enemies":"Gremlin Leader","floor":29,"turns":6},{"damage":15,"enemies":"Colosseum Slavers","floor":30,"turns":3},{"damage":9,"enemies":"Colosseum Nobs","floor":30,"turns":3},{"damage":7,"enemies":"Collector","floor":33,"turns":10},{"damage":12,"enemies":"Orb Walker","floor":35,"turns":3},{"damage":7,"enemies":"3 Shapes","floor":36,"turns":5},{"damage":20,"enemies":"Spire Growth","floor":37,"turns":5},{"damage":11,"enemies":"2 Orb Walkers","floor":39,"turns":4},{"damage":10,"enemies":"Reptomancer","floor":40,"turns":6},{"damage":30,"enemies":"Nemesis","floor":42,"turns":5},{"damage":0,"enemies":"Maw","floor":45,"turns":6},{"damage":0,"enemies":"Writhing Mass","floor":48,"turns":4},{"damage":32,"enemies":"Time Eater","floor":50,"turns":10}],"seed_played":"-2031854009628839556","potions_obtained":[{"floor":4,"key":"ColorlessPotion"},{"floor":6,"key":"DistilledChaos"},{"floor":11,"key":"DistilledChaos"},{"floor":16,"key":"Weak Potion"},{"floor":21,"key":"Dexterity Potion"},{"floor":24,"key":"Dexterity Potion"},{"floor":30,"key":"Dexterity Potion"},{"floor":37,"key":"Weak Potion"},{"floor":39,"key":"Weak Potion"},{"floor":45,"key":"SpeedPotion"}],"is_trial":false,"path_per_floor":["M","?","?","M","?","E","$","E","T","?","E","M","M","?","R","B",null,"M","?","M","M","?","$","E","R","T","?","R","E","?","$","R","B",null,"M","M","M","?","?","E","R","E","T","?","M","?","$","M","R","B",null],"character_chosen":"DEFECT","items_purchased":["Lee\u0027s Waffle","Cables","Regal Pillow","Seek","FairyPotion","Eternal Feather","Potion Belt","Strength Potion","EntropicBrew","AttackPotion","Recycle"],"campfire_rested":3,"item_purchase_floors":[7,23,23,23,23,31,47,47,47,47,47],"current_hp_per_floor":[75,80,60,60,60,60,87,67,67,57,50,50,47,41,41,23,71,65,65,48,33,28,28,10,51,51,51,87,70,46,46,61,79,85,73,66,46,46,35,25,84,54,54,54,54,54,54,54,75,55],"gold":28,"neow_bonus":"THREE_ENEMY_KILL","is_daily":false,"chose_seed":false,"campfire_upgraded":2,"win_rate":0.0,"timestamp":1613956216,"path_taken":["M","?","?","M","?","E","?","E","T","?","E","?","M","?","R","BOSS","M","?","?","M","?","$","E","R","T","?","R","E","?","?","R","BOSS","M","M","M","?","?","E","R","E","T","?","?","?","?","?","R","BOSS"],"items_purchased_type":["Relic","Relic","Relic","Card","Potion","Relic","Relic","Potion","Potion","Potion","Card"],"build_version":"2020-12-22","purchased_purges":0,"victory":true,"max_hp_per_floor":[75,80,80,80,80,80,87,87,87,87,87,87,87,87,87,87,87,87,87,87,87,87,87,87,87,87,87,87,87,87,87,87,87,87,87,87,87,87,87,87,87,87,87,87,87,87,87,87,87,87],"card_choices":[{"not_picked":["Compile Driver","Coolheaded"],"picked":"Barrage","floor":1},{"not_picked":["Static Discharge","Loop"],"picked":"Gash","floor":4},{"not_picked":["Scrape","Steam"],"picked":"Fusion","floor":6},{"not_picked":["Gash","Cold Snap"],"picked":"Lockon","floor":8},{"not_picked":["Undo","Leap"],"picked":"Hologram","floor":11},{"not_picked":["Tempest","Reinforced Body"],"picked":"Glacier","floor":12},{"not_picked":["Barrage","Coolheaded"],"picked":"Go for the Eyes","floor":13},{"not_picked":["Core Surge","Creative AI"],"picked":"Echo Form","floor":16},{"not_picked":["Barrage","Double Energy"],"picked":"Cold Snap","floor":18},{"not_picked":["Sweeping Beam","Ball Lightning"],"picked":"White Noise+1","floor":20},{"not_picked":["Turbo","Coolheaded"],"picked":"Sweeping Beam+1","floor":21},{"not_picked":["Consume+1","Defragment"],"picked":"Streamline","floor":24},{"not_picked":["Hello World","Biased Cognition"],"picked":"Turbo+1","floor":25},{"not_picked":["Consume","Barrage"],"picked":"Leap+1","floor":28},{"not_picked":["Turbo","Cold Snap"],"picked":"Static Discharge","floor":29},{"not_picked":["Reinforced Body","BootSequence"],"picked":"Sunder","floor":30},{"not_picked":["Thunder Strike","Creative AI"],"picked":"Reboot","floor":33},{"not_picked":["Sweeping Beam","Force Field"],"picked":"Stack+1","floor":35},{"not_picked":["Conserve Battery","Coolheaded+1"],"picked":"Compile Driver+1","floor":36},{"not_picked":["Cold Snap","Turbo","Go for the Eyes"],"picked":"SKIP","floor":37},{"not_picked":["Blind","Dark Shackles"],"picked":"Dramatic Entrance","floor":38},{"not_picked":["Hologram+1","Gash"],"picked":"Doom and Gloom","floor":39},{"not_picked":["Cold Snap+1","Barrage","Redo+1"],"picked":"SKIP","floor":40},{"not_picked":["Coolheaded","Hello World+1"],"picked":"Rebound+1","floor":41},{"not_picked":["Blizzard","Loop+1"],"picked":"Stack+1","floor":42},{"not_picked":["Rainbow","Compile Driver","Conserve Battery"],"picked":"SKIP","floor":45},{"not_picked":["Steam+1","Force Field"],"picked":"White Noise+1","floor":48}],"player_experience":581531,"relics_obtained":[{"floor":6,"key":"Dream Catcher"},{"floor":8,"key":"TungstenRod"},{"floor":9,"key":"MawBank"},{"floor":11,"key":"StrikeDummy"},{"floor":24,"key":"Anchor"},{"floor":26,"key":"Orichalcum"},{"floor":29,"key":"Pantograph"},{"floor":30,"key":"Ice Cream"},{"floor":30,"key":"Shuriken"},{"floor":39,"key":"Girya"},{"floor":40,"key":"Bag of Marbles"},{"floor":42,"key":"Omamori"},{"floor":43,"key":"The Courier"}],"event_choices":[{"damage_healed":0,"gold_gain":0,"player_choice":"Donut","damage_taken":0,"max_hp_gain":5,"max_hp_loss":0,"event_name":"Big Fish","floor":2,"gold_loss":0},{"damage_healed":0,"gold_gain":0,"player_choice":"Take Damage","damage_taken":20,"relics_obtained":["Golden Idol"],"max_hp_gain":0,"max_hp_loss":0,"event_name":"Golden Idol","floor":3,"gold_loss":0},{"damage_healed":0,"gold_gain":0,"player_choice":"Grow","damage_taken":0,"max_hp_gain":0,"max_hp_loss":0,"event_name":"Living Wall","floor":5,"gold_loss":0,"cards_upgraded":["Zap"]},{"damage_healed":0,"gold_gain":75,"player_choice":"Gather Gold","damage_taken":11,"max_hp_gain":0,"max_hp_loss":0,"event_name":"World of Goop","floor":10,"gold_loss":0},{"cards_removed":["Defend_B"],"damage_healed":0,"gold_gain":0,"player_choice":"Card Removal","damage_taken":7,"max_hp_gain":0,"max_hp_loss":0,"event_name":"Golden Wing","floor":14,"gold_loss":0},{"damage_healed":0,"gold_gain":0,"player_choice":"Forge","damage_taken":0,"max_hp_gain":0,"max_hp_loss":0,"event_name":"Accursed Blacksmith","floor":19,"gold_loss":0,"cards_upgraded":["Fusion"]},{"damage_healed":0,"gold_gain":0,"player_choice":"Joined the Cult","damage_taken":6,"max_hp_gain":0,"max_hp_loss":0,"event_name":"Nest","floor":22,"gold_loss":0,"cards_obtained":["RitualDagger"]},{"damage_healed":0,"gold_gain":0,"player_choice":"Opened","damage_taken":0,"relics_obtained":["Oddly Smooth Stone"],"max_hp_gain":0,"max_hp_loss":0,"event_name":"The Mausoleum","floor":27,"gold_loss":0},{"damage_healed":0,"gold_gain":0,"player_choice":"Fight","damage_taken":0,"max_hp_gain":0,"max_hp_loss":0,"event_name":"Colosseum","floor":30,"gold_loss":0},{"damage_healed":0,"gold_gain":0,"player_choice":"Fought Nobs","damage_taken":0,"max_hp_gain":0,"max_hp_loss":0,"event_name":"Colosseum","floor":30,"gold_loss":0},{"damage_healed":0,"gold_gain":0,"player_choice":"Memory 1","damage_taken":0,"max_hp_gain":0,"max_hp_loss":0,"event_name":"SensoryStone","floor":38,"gold_loss":0},{"damage_healed":0,"gold_gain":0,"player_choice":"Fight","damage_taken":0,"max_hp_gain":0,"max_hp_loss":0,"event_name":"Mysterious Sphere","floor":39,"gold_loss":0},{"damage_healed":0,"gold_gain":0,"player_choice":"Ignored","damage_taken":0,"max_hp_gain":0,"max_hp_loss":0,"event_name":"Tomb of Lord Red Mask","floor":44,"gold_loss":0},{"cards_removed":["Strike_B"],"damage_healed":0,"gold_gain":0,"player_choice":"Removed Attack","damage_taken":0,"max_hp_gain":0,"max_hp_loss":0,"event_name":"Falling","floor":46,"gold_loss":0}],"is_beta":false,"boss_relics":[{"not_picked":["Ectoplasm","Snecko Eye"],"picked":"Nuclear Battery"},{"not_picked":["Busted Crown","Black Star"],"picked":"Runic Pyramid"}],"items_purged_floors":[],"is_endless":false,"potions_floor_spawned":[4,6,11,16,21,24,30,30,37,39,45],"ascension_level":5}}