{"host":"xz7n3qy1zq36rzpg","time":1613984806,"event":{"mods":["BaseMod","Colored Map","Colored Powertips","Highlight Path","Minty Spire (QoL Compilation)","Quick Restart","Shop Mod"],"gold_per_floor":[114,91,91,91,40,70,70,85,85,100,115,154,154,154,154,254,254,278,302,317,332,332,371,371,395,395,395,21,36,91,106,106,206,206,221,245,245,93,0,30,30,45,45,45,70,85,100,115,115,115],"floor_reached":51,"language":"ENG","playtime":4610,"items_purged":[],"score":979,"play_id":"3d7609c7-ac7a-4b9d-a6cb-2ec42d004d63","local_time":"20210222100646","daily_mods":["Shiny","Diverse","Binary"],"is_ascension_mode":false,"campfire_choices":[{"data":"Envenom","floor":7.0,"key":"SMITH"},{"floor":13.0,"key":"REST"},{"data":"After Image","floor":15.0,"key":"SMITH"},{"floor":27,"key":"REST"},{"data":"Bullet Time","floor":32,"key":"SMITH"},{"data":"A Thousand Cuts","floor":41,"key":"SMITH"},{"data":"1","floor":44,"key":"LIFT"},{"data":"2","floor":49,"key":"LIFT"}],"circlet_count":0,"master_deck":["Judgement","ConjureBlade","MasterReality","Brilliance","Devotion","Ragnarok","LessonLearned","Scrawl","Vault","Alpha","Wish","Omniscience","Establishment","SpiritShield","DevaForm","DeusExMachina","Multi-Cast","Hyperbeam","Thunder Strike","Biased Cognition","Machine Learning","Electrodynamics","Buffer","Rainbow","Seek","Meteor Strike","Echo Form","All For One","Reboot","Amplify","Creative AI","Fission","Core Surge","Venomology","Corpse Explosion+1","Malaise","Phantasmal Killer","Die Die Die","Adrenaline","Envenom+1","Doppelganger","Burst","Wraith Form v2","Tools of the Trade","Night Terror","Unload","After Image+1","Bullet Time+1","Storm of Steel","Glass Knife","A Thousand Cuts+1","Grand Finale","Double Tap","Demon Form","Bludgeon","Feed","Limit Break","Corruption","Barricade","Fiend Fire","Berserk","Impervious","Juggernaut","Brutality","Reaper","Exhume","Offering","Immolate","Backflip","Blade Dance","Crippling Poison","Glacier","ReachHeaven+1","PiercingWail+1","Hologram","Finisher","Jack Of All Trades","Accuracy","Noxious Fumes","Swift Strike"],"relics":["Cracked Core","Singing Bowl","Bag of Preparation","Mummified Hand","CeramicFish","SacredBark","Pen Nib","Orichalcum","MutagenicStrength","Bird Faced Urn","Potion Belt","Boot","Eternal Feather","Sozu","Red Mask","Girya","Ancient Tea Set","Art of War"],"acts_visited":["Exordium","TheCity","TheBeyond"],"potions_floor_usage":[29,30,33,33,42,50,50],"damage_taken":[{"damage":11.0,"enemies":"2 Louse","floor":1.0,"turns":4.0},{"damage":3.0,"enemies":"Gremlin Nob","floor":6.0,"turns":3.0},{"damage":13.0,"enemies":"Small Slimes","floor":8.0,"turns":3.0},{"damage":7.0,"enemies":"Jaw Worm","floor":10.0,"turns":3.0},{"damage":6.0,"enemies":"2 Fungi Beasts","floor":11.0,"turns":2.0},{"damage":25.0,"enemies":"Lagavulin","floor":12.0,"turns":6.0},{"damage":0.0,"enemies":"Slime Boss","floor":16.0,"turns":4.0},{"damage":8.0,"enemies":"2 Thieves","floor":18.0,"turns":3.0},{"damage":7.0,"enemies":"Spheric Guardian","floor":19.0,"turns":3.0},{"damage":6.0,"enemies":"Centurion and Healer","floor":20.0,"turns":5.0},{"damage":19.0,"enemies":"Chosen and Byrds","floor":21.0,"turns":7.0},{"damage":14.0,"enemies":"Gremlin Leader","floor":23.0,"turns":4.0},{"damage":4,"enemies":"Snake Plant","floor":25,"turns":6},{"damage":24,"enemies":"Shelled Parasite and Fungi","floor":29,"turns":4},{"damage":18,"enemies":"Book of Stabbing","floor":30,"turns":6},{"damage":2,"enemies":"Centurion and Healer","floor":31,"turns":3},{"damage":13,"enemies":"Automaton","floor":33,"turns":6},{"damage":2,"enemies":"3 Darklings","floor":35,"turns":3},{"damage":10,"enemies":"3 Shapes","floor":36,"turns":4},{"damage":6,"enemies":"Giant Head","floor":40,"turns":6},{"damage":31,"enemies":"Transient","floor":42,"turns":5},{"damage":0,"enemies":"Sphere and 2 Shapes","floor":46,"turns":3},{"damage":3,"enemies":"3 Darklings","floor":47,"turns":3},{"damage":15,"enemies":"Jaw Worm Horde","floor":48,"turns":2},{"damage":27,"enemies":"Time Eater","floor":50,"turns":9}],"seed_played":"-9004314451342404475","potions_obtained":[{"floor":8.0,"key":"Swift Potion"},{"floor":10.0,"key":"AttackPotion"},{"floor":25,"key":"Weak Potion"},{"floor":29,"key":"Weak Potion"},{"floor":31,"key":"SneckoOil"},{"floor":33,"key":"FearPotion"}],"is_trial":false,"path_per_floor":["M","?","?","?","$","E","R","M","T","M","M","E","R","?","R","B",null,"M","M","M","M","?","E","?","M","T","R","$","M","E","M","R","B",null,"M","M","?","$","?","E","R","M","T","R","T","M","M","M","R","B",null],"character_chosen":"DEFECT","items_purchased":["Blade Dance","Potion Belt","Boot","Jack Of All Trades","Noxious Fumes","Swift Strike"],"campfire_rested":2,"item_purchase_floors":[5,28,28,28,38,38],"current_hp_per_floor":[64,64,75,72,72,71,71,58,58,53,49,24,48,91,91,93,93,85,78,74,57,57,43,43,39,39,68,68,82,86,103,103,104,105,107,107,107,107,107,109,109,82,82,111,111,113,114,104,117,117],"gold":115,"neow_bonus":"","is_daily":true,"chose_seed":false,"campfire_upgraded":4,"win_rate":0.0,"timestamp":1613984806,"path_taken":["M","?","?","?","$","E","R","M","T","M","?","E","R","?","R","BOSS","M","M","?","M","?","E","?","M","T","R","$","M","E","M","R","BOSS","M","M","?","?","?","E","R","M","T","R","?","M","M","M","R","BOSS"],"items_purchased_type":["Card","Relic","Relic","Card","Card","Card"],"build_version":"2020-12-22","purchased_purges":0,"victory":true,"max_hp_per_floor":[75,75,75,75,75,77,77,77,77,79,81,81,81,91,91,93,93,93,93,95,97,97,97,97,97,97,97,97,99,101,103,103,105,105,107,107,107,107,107,109,109,111,111,111,111,113,115,117,117,117],"card_choices":[{"not_picked":["Underhanded Strike"],"picked":"Backflip","floor":1.0},{"not_picked":["Escape Plan","Flechettes"],"picked":"Singing Bowl","floor":6.0},{"not_picked":["Wireheading"],"picked":"Crippling Poison","floor":8.0},{"not_picked":["CutThroughFate","Go for the Eyes"],"picked":"Singing Bowl","floor":10.0},{"not_picked":["Iron Wave","Redo"],"picked":"Singing Bowl","floor":11.0},{"not_picked":["FlyingSleeves"],"picked":"Glacier","floor":12.0},{"not_picked":["Exhume","Night Terror"],"picked":"Singing Bowl","floor":16.0},{"not_picked":["Crescendo"],"picked":"ReachHeaven+1","floor":18.0},{"not_picked":["Havoc"],"picked":"PiercingWail+1","floor":19.0},{"not_picked":["Streamline","Study"],"picked":"Singing Bowl","floor":20.0},{"not_picked":["Bane","PiercingWail"],"picked":"Singing Bowl","floor":21.0},{"not_picked":["FlyingSleeves+1"],"picked":"Hologram","floor":23.0},{"not_picked":["Headbutt"],"picked":"Finisher","floor":25},{"not_picked":["Leap","EmptyBody"],"picked":"Singing Bowl","floor":29},{"not_picked":["Brutality","Flex"],"picked":"Singing Bowl","floor":30},{"not_picked":["Cloak And Dagger+1","Cold Snap"],"picked":"Singing Bowl","floor":31},{"not_picked":["Seek","Venomology"],"picked":"Singing Bowl","floor":33},{"not_picked":["Headbutt+1","Conclude"],"picked":"Singing Bowl","floor":35},{"not_picked":["Sentinel+1"],"picked":"Accuracy","floor":36},{"not_picked":["Twin Strike+1","Compile Driver+1"],"picked":"Singing Bowl","floor":40},{"not_picked":["Steam","JustLucky+1"],"picked":"Singing Bowl","floor":42},{"not_picked":["Evolve+1","Barrage+1"],"picked":"Singing Bowl","floor":46},{"not_picked":["Steam","True Grit"],"picked":"Singing Bowl","floor":47},{"not_picked":["ClearTheMind+1","Searing Blow+1"],"picked":"Singing Bowl","floor":48}],"player_experience":563846,"relics_obtained":[{"floor":6.0,"key":"Bag of Preparation"},{"floor":9.0,"key":"Mummified Hand"},{"floor":12.0,"key":"CeramicFish"},{"floor":23.0,"key":"Orichalcum"},{"floor":26,"key":"Bird Faced Urn"},{"floor":30,"key":"Eternal Feather"},{"floor":40,"key":"Girya"},{"floor":43,"key":"Ancient Tea Set"},{"floor":45,"key":"Art of War"}],"event_choices":[{"damage_healed":0.0,"max_hp_gain":0.0,"max_hp_loss":0.0,"gold_gain":0.0,"event_name":"World of Goop","player_choice":"Left Gold","floor":2.0,"gold_loss":23.0,"damage_taken":0.0},{"damage_healed":25.0,"max_hp_gain":0.0,"max_hp_loss":0.0,"gold_gain":0.0,"event_name":"Big Fish","player_choice":"Banana","floor":3.0,"gold_loss":0.0,"damage_taken":0.0},{"damage_healed":0.0,"max_hp_gain":0.0,"max_hp_loss":0.0,"gold_gain":0.0,"event_name":"Scrap Ooze","player_choice":"Success","floor":4.0,"gold_loss":0.0,"damage_taken":3.0,"relics_obtained":["Singing Bowl"]},{"cards_removed":["Blasphemy"],"damage_healed":33.0,"max_hp_gain":10.0,"max_hp_loss":0.0,"gold_gain":0.0,"event_name":"Bonfire Elementals","player_choice":"Offered Rare","floor":14.0,"gold_loss":0.0,"damage_taken":0.0},{"damage_healed":0.0,"max_hp_gain":0.0,"max_hp_loss":0.0,"gold_gain":0.0,"event_name":"The Mausoleum","player_choice":"Opened","floor":22.0,"gold_loss":0.0,"damage_taken":0.0,"relics_obtained":["Pen Nib"]},{"damage_healed":0.0,"max_hp_gain":0.0,"max_hp_loss":0.0,"gold_gain":0.0,"event_name":"Drug Dealer","player_choice":"Inject Mutagens","floor":24.0,"gold_loss":0.0,"damage_taken":0.0,"relics_obtained":["MutagenicStrength"]},{"damage_healed":0,"gold_gain":0,"player_choice":"Got Potions","damage_taken":0,"max_hp_gain":0,"max_hp_loss":0,"event_name":"Lab","floor":37,"gold_loss":0},{"damage_healed":0,"gold_gain":0,"player_choice":"Paid","damage_taken":0,"relics_obtained":["Red Mask"],"max_hp_gain":0,"max_hp_loss":0,"event_name":"Tomb of Lord Red Mask","floor":39,"gold_loss":93}],"is_beta":false,"boss_relics":[{"not_picked":["Philosopher\u0027s Stone","Velvet Choker"],"picked":"SacredBark"},{"not_picked":["Busted Crown","Nuclear Battery"],"picked":"Sozu"}],"items_purged_floors":[],"is_endless":false,"potions_floor_spawned":[8,10,11,20,25,29,31,33,46,47,48],"ascension_level":0}}