{"host":"qc1sjgtdjonvdsd8","time":1613959061,"event":{"mods":["BaseMod","Colored Map","Colored Powertips","Curses Come First","Minty Spire (QoL Compilation)","Replay The Spire","StSLib"],"gold_per_floor":[119,119,119,131,30,57,57,87,112,139,139,167,167,183,183,287,287,300,300,300,93,113,113,63,75,99,112,112,131,131,131,131,146,146],"floor_reached":33,"language":"ENG","playtime":2212,"items_purged":["Defend_G","Sickly","Strike_G"],"score":420,"play_id":"d44f1949-6e57-4def-afee-6f35b339eff4","local_time":"20210221175741","is_ascension_mode":true,"campfire_choices":[{"floor":7,"key":"REST"},{"data":"Prepared","floor":13,"key":"SMITH"},{"floor":15,"key":"REST"},{"floor":23,"key":"REST"},{"data":"Reflex","floor":28,"key":"SMITH"},{"floor":32,"key":"REST"}],"circlet_count":0,"master_deck":["Strike_G","Strike_G","Strike_G+1","Defend_G","Defend_G","Defend_G","Defend_G","Survivor+1","Neutralize","Reflex+1","Dagger Throw","Corpse Explosion+1","Prepared+1","Prepared","Tools of the Trade+1","Acrobatics","Dodge and Roll+1","Hidden Blade","Catalyst+1","Prepared"],"relics":["Ring of the Snake","NeowsBlessing","Smiling Mask","Odd Mushroom","Vajra","Blue Doll","HornCleat","Philosopher\u0027s Stone","Dream Catcher","Guide Book","Omamori","ReplayTheSpireMod:Ring of Challenge","Ring of Misfortune"],"acts_visited":["Exordium","TheCity"],"potions_floor_usage":[16,16,16,18,25,33],"damage_taken":[{"damage":0,"enemies":"2 Louse","floor":1,"turns":1},{"damage":0,"enemies":"Jaw Worm","floor":4,"turns":1},{"damage":0,"enemies":"Gremlin Nob","floor":6,"turns":1},{"damage":10,"enemies":"The Mushroom Lair","floor":8,"turns":2},{"damage":9,"enemies":"3 Sentries","floor":10,"turns":5},{"damage":22,"enemies":"Gremlin Nob","floor":12,"turns":4},{"damage":0,"enemies":"Small Slimes","floor":14,"turns":3},{"damage":19,"enemies":"Slime Boss","floor":16,"turns":11},{"damage":18,"enemies":"3 Byrds","floor":18,"turns":2},{"damage":0,"enemies":"Chosen","floor":22,"turns":4},{"damage":6,"enemies":"Centurion and Healer","floor":25,"turns":4},{"damage":0,"enemies":"3 Cultists","floor":27,"turns":2},{"damage":25,"enemies":"Snake Plant","floor":29,"turns":4},{"damage":51,"enemies":"Champ","floor":33,"turns":13}],"seed_played":"-7476734544852018363","potions_obtained":[{"floor":10,"key":"SpeedPotion"},{"floor":12,"key":"Toxic Potion"},{"floor":14,"key":"Fire Potion"},{"floor":16,"key":"Adrenaline Potion"},{"floor":22,"key":"Energy Potion"},{"floor":29,"key":"Dexterity Potion"}],"is_trial":false,"path_per_floor":["M","?","?","M","$","E","R","?","T","E","?","E","R","M","R","B",null,"M","?","?","$","M","R","$","M","T","M","R","M","?","?","R","B"],"character_chosen":"THE_SILENT","items_purchased":["Dagger Throw","Guide Book"],"campfire_rested":4,"item_purchase_floors":[5,21],"current_hp_per_floor":[63,56,42,42,42,42,63,53,53,44,44,22,22,22,43,24,59,41,28,28,28,28,50,50,44,44,44,44,19,19,19,41,0,0],"gold":146,"neow_bonus":"THREE_ENEMY_KILL","is_daily":false,"chose_seed":false,"campfire_upgraded":2,"win_rate":0.0,"timestamp":1613959061,"path_taken":["M","?","?","M","$","E","R","?","T","E","?","E","R","M","R","BOSS","M","?","?","$","M","R","$","M","T","M","R","?","?","?","R","BOSS"],"items_purchased_type":["Card","Relic"],"build_version":"2020-12-22","purchased_purges":3,"victory":false,"max_hp_per_floor":[70,70,70,70,70,70,70,70,70,70,70,70,70,70,70,70,70,70,75,75,75,75,75,75,75,75,75,75,75,75,75,75,75,75],"card_choices":[{"not_picked":["Poisoned Stab","Acrobatics"],"picked":"Reflex","floor":1},{"not_picked":["Flying Knee","Sucker Punch","Draining Mist"],"picked":"SKIP","floor":4},{"not_picked":["Accuracy","Bouncing Flask"],"picked":"Corpse Explosion","floor":6},{"not_picked":["Poisoned Stab","Skewer","Deflect"],"picked":"SKIP","floor":10},{"not_picked":["Cloak And Dagger","Footwork"],"picked":"Prepared","floor":12},{"not_picked":["Cloak And Dagger","Quick Slash"],"picked":"Prepared","floor":14},{"not_picked":["Phantasmal Killer","Die Die Die"],"picked":"Tools of the Trade","floor":16},{"not_picked":["Bane","ReplayTheSpireMod:Scrap Shanks"],"picked":"Acrobatics","floor":18},{"not_picked":["Masterful Stab+1","Bane"],"picked":"Dodge and Roll+1","floor":22},{"not_picked":["PiercingWail","Deflect"],"picked":"Hidden Blade","floor":23},{"not_picked":["Fluid Movement","Poisoned Stab+1","Well Laid Plans"],"picked":"SKIP","floor":25},{"not_picked":["Slice","Choke"],"picked":"Catalyst","floor":27},{"not_picked":["A Thousand Cuts","ReplayTheSpireMod:Scrap Shanks"],"picked":"Prepared","floor":29}],"player_experience":345045,"relics_obtained":[{"floor":6,"key":"Smiling Mask"},{"floor":8,"key":"Odd Mushroom"},{"floor":9,"key":"Vajra"},{"floor":10,"key":"Blue Doll"},{"floor":12,"key":"HornCleat"},{"floor":26,"key":"Omamori"},{"floor":30,"key":"ReplayTheSpireMod:Ring of Challenge"},{"floor":30,"key":"Ring of Misfortune"}],"event_choices":[{"cards_removed":["Strike_G"],"damage_healed":0,"gold_gain":0,"player_choice":"Card Removal","damage_taken":7,"max_hp_gain":0,"max_hp_loss":0,"event_name":"Golden Wing","floor":2,"gold_loss":0},{"damage_healed":0,"gold_gain":0,"player_choice":"Entered Light","damage_taken":14,"max_hp_gain":0,"max_hp_loss":0,"event_name":"Shining Light","floor":3,"gold_loss":0,"cards_upgraded":["Survivor","Strike_G"]},{"damage_healed":0,"gold_gain":0,"player_choice":"Fought Mushrooms","damage_taken":0,"max_hp_gain":0,"max_hp_loss":0,"event_name":"Mushrooms","floor":8,"gold_loss":0},{"damage_healed":0,"gold_gain":0,"player_choice":"Ignored","damage_taken":0,"max_hp_gain":0,"max_hp_loss":0,"event_name":"Liars Game","floor":11,"gold_loss":0},{"damage_healed":0,"gold_gain":0,"player_choice":"Shed Blood","damage_taken":18,"max_hp_gain":5,"max_hp_loss":0,"event_name":"Forgotten Altar","floor":19,"gold_loss":0},{"damage_healed":0,"gold_gain":0,"player_choice":"Upgraded","damage_taken":0,"max_hp_gain":0,"max_hp_loss":0,"event_name":"Upgrade Shrine","floor":31,"gold_loss":0,"cards_upgraded":["Catalyst"]}],"is_beta":false,"boss_relics":[{"not_picked":["SacredBark","Fusion Hammer"],"picked":"Philosopher\u0027s Stone"}],"items_purged_floors":[5,21,24],"is_endless":false,"potions_floor_spawned":[10,12,14,16,22,29],"killed_by":"Champ","ascension_level":7}}