{"host":"g3js2eermvvpeiqn","time":1613963437,"event":{"mods":["BaseMod","DeckTracker","Downfall","Minty Spire (QoL Compilation)","Quick Restart","StSLib"],"gold_per_floor":[99,99,99,99,99,24,51,80,97,109,119,139,139,166,177,275,275,275,285,285,305,325,352,352,252,265,265,281,281,117,151,151,151,151],"floor_reached":32,"language":"ENG","playtime":3385,"items_purged":["Pain"],"score":434,"play_id":"557ddb0d-d86f-4b49-8398-f5eed92ec3d3","local_time":"20210221211037","is_ascension_mode":true,"campfire_choices":[{"data":"Slimebound:Split","floor":1.0,"key":"SMITH"},{"floor":13.0,"key":"REST"},{"data":"Slimebound:SelfFormingGoo","floor":18.0,"key":"SMITH"},{"data":"Slimebound:GoopSpray","floor":25.0,"key":"SMITH"},{"floor":29,"key":"REST"}],"circlet_count":0,"master_deck":["AscendersBane","Slimebound:Strike_Slimebound","Slimebound:Strike_Slimebound","Slimebound:Tackle","Slimebound:Defend_Slimebound","Slimebound:Defend_Slimebound","Slimebound:Split+1","Slimebound:CorrosiveSpit","Slimebound:Split+1","Slimebound:LeadByExample","Slimebound:SlimeTap","Slimebound:Recycling","Slimebound:Replication+1","Slimebound:Prepare","Slimebound:GoopSpray+1","Slimebound:SelfFormingGoo+1","Slimebound:SplitMire","Slimebound:GoopSpray+1","Slimebound:SlimeSpikes+1","Slimebound:Darklings"],"relics":["Slimebound:AbsorbEndCombat","downfall:HeartsMalice","Oddly Smooth Stone","Shuriken","Odd Mushroom","Sozu","Pantograph","downfall:HeartBlessingBlue","MutagenicStrength","Bottled Tornado"],"acts_visited":["Exordium","TheCity"],"potions_floor_usage":[28],"damage_taken":[{"damage":0.0,"enemies":"Cultist","floor":2.0,"turns":1.0},{"damage":0.0,"enemies":"Small Slimes","floor":4.0,"turns":1.0},{"damage":0.0,"enemies":"downfall:FleeingMerchant","floor":6.0,"turns":1.0},{"damage":22.0,"enemies":"3 Sentries","floor":8.0,"turns":5.0},{"damage":13.0,"enemies":"Jaw Worm","floor":9.0,"turns":3.0},{"damage":3.0,"enemies":"Large Slime","floor":10.0,"turns":3.0},{"damage":13.0,"enemies":"downfall:LooterAlt","floor":11.0,"turns":3.0},{"damage":8.0,"enemies":"Gremlin Gang","floor":12.0,"turns":4.0},{"damage":12.0,"enemies":"The Mushroom Lair","floor":14.0,"turns":3.0},{"damage":8.0,"enemies":"Exordium Thugs","floor":15.0,"turns":3.0},{"damage":30.0,"enemies":"IC_STATUS_ARCHETYPE","floor":16.0,"turns":9.0},{"damage":1.0,"enemies":"Shell Parasite","floor":19.0,"turns":3.0},{"damage":11.0,"enemies":"3 Byrds","floor":21.0,"turns":4.0},{"damage":22.0,"enemies":"Snake Plant","floor":22.0,"turns":4.0},{"damage":5.0,"enemies":"Gremlin Leader","floor":23.0,"turns":6.0},{"damage":11.0,"enemies":"Centurion and Healer","floor":26.0,"turns":5.0},{"damage":18,"enemies":"Chosen and Byrds","floor":28,"turns":4},{"damage":0,"enemies":"downfall:FleeingMerchant","floor":30,"turns":4},{"damage":39,"enemies":"Slavers","floor":31,"turns":6},{"damage":24,"enemies":"Snake Plant","floor":32,"turns":1}],"seed_played":"-5001171803398529330","potions_obtained":[{"floor":8.0,"key":"Regen Potion"},{"floor":10.0,"key":"Strength Potion"},{"floor":12.0,"key":"Explosive Potion"},{"floor":16.0,"key":"hexamod:SoulburnPotion"}],"is_trial":false,"path_per_floor":["R","M","?","M","?","$","T","E","M","M","M","M","R","?","M","B",null,"R","M","?","M","M","E","T","R","M","?","M","R","$","E","M"],"character_chosen":"SLIMEBOUND","items_purchased":["Slimebound:Darklings"],"campfire_rested":2,"item_purchase_floors":[30],"current_hp_per_floor":[59,59,59,59,59,59,59,43,36,39,32,26,45,35,33,26,55,55,60,52,47,31,34,34,44,41,41,29,51,57,24,0,0,0],"gold":151,"neow_bonus":"THREE_ENEMY_KILL","is_daily":false,"chose_seed":false,"campfire_upgraded":3,"win_rate":0.0,"timestamp":1613963437,"path_taken":["R","M","?","?","?","$","T","E","M","M","?","M","R","?","M","BOSS","R","M","?","M","?","E","T","R","M","?","M","R","$","E","M"],"items_purchased_type":["Card"],"build_version":"2020-12-22","purchased_purges":1,"victory":false,"max_hp_per_floor":[65,65,65,65,65,65,65,65,65,65,65,65,65,65,65,65,65,65,65,65,65,65,65,65,75,75,75,75,75,75,75,75,75,75],"card_choices":[{"not_picked":["Slimebound:Gluttony","Slimebound:AcidTongue","Slimebound:SplitMire"],"picked":"SKIP","floor":2.0},{"not_picked":["Slimebound:FinishingTackle","Slimebound:FlameTackle","Slimebound:HauntingLick"],"picked":"SKIP","floor":4.0},{"not_picked":["Slimebound:RollThrough","Slimebound:BestDefense"],"picked":"Slimebound:LeadByExample","floor":6.0},{"not_picked":["Slimebound:ComboTackle","Slimebound:RejuvenatingLick"],"picked":"Slimebound:SlimeTap","floor":8.0},{"not_picked":["Slimebound:Grow","Slimebound:FinishingTackle"],"picked":"Slimebound:Recycling","floor":9.0},{"not_picked":["Slimebound:GoopSpray","Slimebound:HauntingLick"],"picked":"Slimebound:Replication","floor":10.0},{"not_picked":["Slimebound:SamplingLick","Slimebound:PressTheAttack","Slimebound:FinishingTackle"],"picked":"SKIP","floor":11.0},{"not_picked":["Slimebound:LeechingTouch","Slimebound:AcidTongue"],"picked":"Slimebound:Prepare","floor":12.0},{"not_picked":["Slimebound:Chomp","Slimebound:FinishingTackle"],"picked":"Slimebound:GoopSpray","floor":14.0},{"not_picked":["Slimebound:HauntingLick","Slimebound:ItLooksTasty","Slimebound:FlameTackle"],"picked":"SKIP","floor":15.0},{"not_picked":["Slimebound:DouseInSlime","Slimebound:Teamwork"],"picked":"Slimebound:SelfFormingGoo","floor":16.0},{"not_picked":["Slimebound:HungryTackle","Slimebound:ComboTackle","Slimebound:HauntingLick"],"picked":"SKIP","floor":19.0},{"not_picked":["Slimebound:SplitLeeching","Slimebound:Replication"],"picked":"Slimebound:SplitMire","floor":21.0},{"not_picked":["Slimebound:SplitBruiser+1","Slimebound:Schlurp+1"],"picked":"Slimebound:GoopSpray+1","floor":22.0},{"not_picked":["Slimebound:Dissolve+1","Slimebound:LeechEnergy","Slimebound:ItLooksTasty+1"],"picked":"SKIP","floor":23.0},{"not_picked":["Slimebound:LeadByExample","Slimebound:ForwardTackle","Slimebound:Prepare"],"picked":"SKIP","floor":26.0},{"not_picked":["Slimebound:Prepare","Slimebound:LeechEnergy+1","Slimebound:ForwardTackle"],"picked":"SKIP","floor":28},{"not_picked":["Slimebound:Chomp","Slimebound:Schlurp"],"picked":"Slimebound:SlimeSpikes+1","floor":30},{"not_picked":["Slimebound:TongueLash","Slimebound:DivideAndConquer+1","Slimebound:WasteNot"],"picked":"SKIP","floor":31}],"player_experience":1551079,"relics_obtained":[{"floor":7.0,"key":"Oddly Smooth Stone"},{"floor":8.0,"key":"Shuriken"},{"floor":14.0,"key":"Odd Mushroom"},{"floor":23.0,"key":"Pantograph"},{"floor":31,"key":"Bottled Tornado"}],"event_choices":[{"damage_healed":0.0,"max_hp_gain":0.0,"max_hp_loss":0.0,"gold_gain":0.0,"event_name":"Mushrooms","player_choice":"Fought Mushrooms","floor":14.0,"gold_loss":0.0,"damage_taken":0.0},{"damage_healed":0,"gold_gain":0,"player_choice":"Inject Mutagens","damage_taken":0,"relics_obtained":["MutagenicStrength"],"max_hp_gain":0,"max_hp_loss":0,"event_name":"Drug Dealer","floor":27,"gold_loss":0}],"is_beta":false,"boss_relics":[{"not_picked":["Astrolabe","Pandora\u0027s Box"],"picked":"Sozu"}],"items_purged_floors":[6],"is_endless":false,"potions_floor_spawned":[8,10,11,12,14,16,19,22,26,31],"killed_by":"Snake Plant","ascension_level":11}}