{"host":"nz11ypxva4e39b7q","time":1613952942,"event":{"mods":["BaseMod","Better Third Choice","Better Vampires","Colored Map","Minty Spire (QoL Compilation)","Quick Restart","Shapeshifter Mod","StSLib"],"gold_per_floor":[111,111,111,111,41,41,72,72,72,105,105,117,117,145,145,242,242,252,252,252,264,339,372,389,203,249,281,201,217,217,229,229,327,327,351,371,371,383,393,393,422,422,446,175,175,28,79,114,114,114,114,114,5,32,32],"floor_reached":56,"language":"ENG","playtime":4626,"items_purged":["StSShapeShifter:ShapeShifter_Defend","StSShapeShifter:ShapeShifter_Strike","StSShapeShifter:ShapeShifter_Strike+1","StSShapeShifter:ShapeShifter_Defend"],"score":2027,"play_id":"d6c0aa6d-81b5-407b-989c-9078e1f1e492","local_time":"20210222011542","is_ascension_mode":true,"campfire_choices":[{"data":"StSShapeShifter:OwlForm","floor":6.0,"key":"SMITH"},{"data":"StSShapeShifter:ShapeShifter_Strike","floor":8.0,"key":"SMITH"},{"floor":13.0,"key":"DIG"},{"floor":15.0,"key":"DIG"},{"floor":30.0,"key":"DIG"},{"floor":32.0,"key":"DIG"},{"floor":40,"key":"DIG"},{"floor":42,"key":"DIG"},{"floor":45,"key":"DIG"},{"floor":49,"key":"RECALL"},{"floor":52,"key":"DIG"}],"circlet_count":0,"master_deck":["AscendersBane","StSShapeShifter:ShapeShifter_Strike+1","StSShapeShifter:ShapeShifter_Strike+1","StSShapeShifter:ShapeShifter_Defend+1","StSShapeShifter:ShapeShifter_Defend+1","StSShapeShifter:ShapeShifter_Defend+1","StSShapeShifter:Tortoise_Form+1","StSShapeShifter:RockSlide+1","StSShapeShifter:OwlForm+1","StSShapeShifter:DeerForm+1","StSShapeShifter:Sapling+1","StSShapeShifter:DeerForm+1","StSShapeShifter:RitualOfTheElders+1","StSShapeShifter:BurstingSpore+1","StSShapeShifter:Sapling+1","StSShapeShifter:Flourish+1","StSShapeShifter:RestoreBalance+1","StSShapeShifter:BurstingSpore+1","StSShapeShifter:EntForm+1","StSShapeShifter:DeerForm+1","StSShapeShifter:Efflorescence+1","StSShapeShifter:VineHandcuffs+1","StSShapeShifter:BarkSkin+1","Purity+1"],"relics":["StSShapeShifter:AnimalHeart","StSShapeShifter:TheShapeShiftersMagnolia","NeowsBlessing","Toxic Egg 2","Lizard Tail","Shovel","Centennial Puzzle","StSShapeShifter:MysticalFossil","The Courier","StSShapeShifter:LemurHeaddress","Calipers","StSShapeShifter:PetrifiedLog","StSShapeShifter:DruidicMedallion","Whetstone","StSShapeShifter:BeastkeepersGift","Question Card","Runic Pyramid","Regal Pillow","Nunchaku","Toy Ornithopter","Strawberry","Bag of Preparation","OrangePellets","StSShapeShifter:WristwrapsOfDiscovery","Membership Card","Bird Faced Urn","Bag of Marbles","Shuriken","War Paint"],"acts_visited":["Exordium","TheCity","TheBeyond","TheEnding"],"potions_floor_usage":[41,41,47,48,55],"damage_taken":[{"damage":0.0,"enemies":"Small Slimes","floor":1.0,"turns":1.0},{"damage":0.0,"enemies":"Lagavulin","floor":7.0,"turns":1.0},{"damage":0.0,"enemies":"3 Sentries","floor":10.0,"turns":1.0},{"damage":7.0,"enemies":"2 Louse","floor":12.0,"turns":2.0},{"damage":32.0,"enemies":"Lagavulin","floor":14.0,"turns":9.0},{"damage":5.0,"enemies":"The Guardian","floor":16.0,"turns":11.0},{"damage":9.0,"enemies":"3 Byrds","floor":18.0,"turns":3.0},{"damage":3.0,"enemies":"Chosen","floor":21.0,"turns":4.0},{"damage":0.0,"enemies":"Gremlin Leader","floor":23.0,"turns":7.0},{"damage":4.0,"enemies":"Snake Plant","floor":24.0,"turns":6.0},{"damage":3.0,"enemies":"Book of Stabbing","floor":27.0,"turns":6.0},{"damage":5.0,"enemies":"Snecko","floor":29.0,"turns":5.0},{"damage":0.0,"enemies":"Centurion and Healer","floor":31.0,"turns":5.0},{"damage":7.0,"enemies":"Champ","floor":33.0,"turns":8.0},{"damage":26.0,"enemies":"3 Darklings","floor":35.0,"turns":7.0},{"damage":0.0,"enemies":"Orb Walker","floor":36.0,"turns":5.0},{"damage":28.0,"enemies":"Writhing Mass","floor":38.0,"turns":8.0},{"damage":6,"enemies":"4 Shapes","floor":39,"turns":7},{"damage":0,"enemies":"Reptomancer","floor":41,"turns":5},{"damage":66,"enemies":"2 Orb Walkers","floor":47,"turns":5},{"damage":14,"enemies":"Giant Head","floor":48,"turns":7},{"damage":34,"enemies":"Donu and Deca","floor":50,"turns":9},{"damage":46,"enemies":"Shield and Spear","floor":54,"turns":7},{"damage":24,"enemies":"The Heart","floor":55,"turns":6}],"seed_played":"-8429939800187971932","potions_obtained":[{"floor":14.0,"key":"SpeedPotion"},{"floor":16.0,"key":"CultistPotion"},{"floor":29.0,"key":"DuplicationPotion"},{"floor":33.0,"key":"Explosive Potion"},{"floor":41,"key":"SmokeBomb"},{"floor":47,"key":"Fruit Juice"},{"floor":48,"key":"AttackPotion"}],"is_trial":false,"path_per_floor":["M","?","$","?","$","R","E","R","T","E","?","M","R","E","R","B",null,"M","T","?","M","?","E","M","$","T","E","$","M","R","M","R","B",null,"M","M","?","M","M","R","E","R","T","$","R","$","?","E","R","B",null,"R","$","E","B",null],"character_chosen":"SHAPESHIFTER","items_purchased":["StSShapeShifter:OwlForm","StSShapeShifter:DruidicMedallion","OrangePellets","StSShapeShifter:Efflorescence+1","Membership Card","Regen Potion","Purity+1"],"campfire_rested":0,"item_purchase_floors":[5,25,44,44,46,46,53],"current_hp_per_floor":[70,70,70,54,54,54,54,54,54,54,54,47,47,17,17,12,62,59,59,59,59,51,54,50,50,50,50,50,50,50,53,53,49,84,61,64,64,39,35,35,50,57,57,57,57,57,49,69,69,63,113,113,113,99,134],"gold":32,"neow_bonus":"THREE_ENEMY_KILL","is_daily":false,"chose_seed":false,"campfire_upgraded":2,"win_rate":0.0,"timestamp":1613952942,"path_taken":["M","?","$","?","$","R","E","R","T","E","?","M","R","E","R","BOSS","M","?","?","?","?","E","M","?","T","E","$","M","R","M","R","BOSS","M","M","?","M","M","R","E","R","T","$","R","?","?","E","R","BOSS","R","$","E","BOSS"],"items_purchased_type":["Card","Relic","Relic","Card","Relic","Potion","Card"],"build_version":"2020-12-22","purchased_purges":4,"victory":true,"max_hp_per_floor":[78,78,78,78,78,78,78,78,78,78,78,78,78,78,78,78,78,78,78,78,81,81,84,84,84,84,87,87,90,90,93,93,96,96,99,102,102,105,105,105,108,115,115,115,115,115,118,126,126,129,129,129,129,132,135],"card_choices":[{"not_picked":["StSShapeShifter:SunflowerShuriken","StSShapeShifter:DeerForm"],"picked":"StSShapeShifter:RockSlide","floor":1.0},{"not_picked":["StSShapeShifter:WolfsBane","StSShapeShifter:Guard+1"],"picked":"StSShapeShifter:DeerForm+1","floor":7.0},{"not_picked":["StSShapeShifter:Garden","StSShapeShifter:PantherForm+1"],"picked":"StSShapeShifter:Sapling+1","floor":10.0},{"not_picked":["StSShapeShifter:Guard+1","StSShapeShifter:WiltingWrath","StSShapeShifter:BloomingSlash"],"picked":"SKIP","floor":12.0},{"not_picked":["StSShapeShifter:Maul","StSShapeShifter:FesteringBite"],"picked":"StSShapeShifter:DeerForm+1","floor":14.0},{"not_picked":["StSShapeShifter:SkullBash","StSShapeShifter:Flood+1"],"picked":"StSShapeShifter:RitualOfTheElders+1","floor":16.0},{"not_picked":["StSShapeShifter:MultiSpiritedStrike","StSShapeShifter:FlowerShield+1","StSShapeShifter:Roar+1"],"picked":"SKIP","floor":18.0},{"not_picked":["StSShapeShifter:FlowerShield+1","StSShapeShifter:OakBlade+1"],"picked":"StSShapeShifter:BurstingSpore","floor":21.0},{"not_picked":["StSShapeShifter:RatForm+1","StSShapeShifter:WaspSwarmForm+1","StSShapeShifter:ThornToss"],"picked":"SKIP","floor":23.0},{"not_picked":["StSShapeShifter:SquirrelForm+1","StSShapeShifter:Maul","StSShapeShifter:SunflowerShuriken+1"],"picked":"SKIP","floor":24.0},{"not_picked":["StSShapeShifter:PhoenixForm+1","StSShapeShifter:LeapingSlash","StSShapeShifter:RitualOfTheExtinct"],"picked":"SKIP","floor":27.0},{"not_picked":["StSShapeShifter:PhoenixForm+1","StSShapeShifter:LeapingSlash","StSShapeShifter:RitualOfTheExtinct"],"picked":"SKIP","floor":27.0},{"not_picked":["StSShapeShifter:Guard+1","StSShapeShifter:SunflowerShuriken"],"picked":"StSShapeShifter:Sapling+1","floor":29.0},{"not_picked":["StSShapeShifter:BearForm+1","StSShapeShifter:CursedApple"],"picked":"StSShapeShifter:Flourish+1","floor":31.0},{"not_picked":["StSShapeShifter:RitualOfTheElders+1","StSShapeShifter:PowerShifter","StSShapeShifter:Uproot_Redwood"],"picked":"StSShapeShifter:RestoreBalance+1","floor":33.0},{"not_picked":["StSShapeShifter:SunflowerShuriken+1","StSShapeShifter:MonkeyForm+1","StSShapeShifter:ReplenishingNectar+1"],"picked":"StSShapeShifter:BurstingSpore+1","floor":35.0},{"not_picked":["StSShapeShifter:FesteringBite","StSShapeShifter:FruitBasket+1","StSShapeShifter:CosmicShifter","StSShapeShifter:BladeOfGrass"],"picked":"SKIP","floor":36.0},{"not_picked":["StSShapeShifter:MonkeyForm+1","StSShapeShifter:SunflowerShuriken","StSShapeShifter:Rabid","StSShapeShifter:Guard+1"],"picked":"SKIP","floor":38.0},{"not_picked":["StSShapeShifter:Roar+1","StSShapeShifter:WiltingWrath+1","StSShapeShifter:Ensconce+1"],"picked":"StSShapeShifter:EntForm+1","floor":39},{"not_picked":["StSShapeShifter:SunflowerShuriken+1","StSShapeShifter:VileMushroom+1","StSShapeShifter:ThrashAbout"],"picked":"StSShapeShifter:DeerForm+1","floor":41},{"not_picked":["StSShapeShifter:Mystical_Branch","StSShapeShifter:ThornToss+1","StSShapeShifter:PorcupineForm+1"],"picked":"StSShapeShifter:VineHandcuffs+1","floor":47},{"not_picked":["StSShapeShifter:DiverseSpirit","StSShapeShifter:RhinoCalfForm+1","StSShapeShifter:BulwarkOfDiscovery"],"picked":"StSShapeShifter:BarkSkin+1","floor":48},{"not_picked":["StSShapeShifter:FesteringBite","StSShapeShifter:RockSlide+1","StSShapeShifter:ThornToss","StSShapeShifter:DeepWound"],"picked":"SKIP","floor":54}],"player_experience":1089260,"relics_obtained":[{"floor":7.0,"key":"Toxic Egg 2"},{"floor":9.0,"key":"Lizard Tail"},{"floor":10.0,"key":"Shovel"},{"floor":13.0,"key":"Centennial Puzzle"},{"floor":14.0,"key":"StSShapeShifter:MysticalFossil"},{"floor":15.0,"key":"The Courier"},{"floor":19.0,"key":"Calipers"},{"floor":23.0,"key":"StSShapeShifter:PetrifiedLog"},{"floor":27.0,"key":"Whetstone"},{"floor":30.0,"key":"StSShapeShifter:BeastkeepersGift"},{"floor":32.0,"key":"Question Card"},{"floor":37.0,"key":"Regal Pillow"},{"floor":40,"key":"Nunchaku"},{"floor":41,"key":"Toy Ornithopter"},{"floor":42,"key":"Strawberry"},{"floor":43,"key":"Bag of Preparation"},{"floor":45,"key":"StSShapeShifter:WristwrapsOfDiscovery"},{"floor":47,"key":"Bird Faced Urn"},{"floor":48,"key":"Bag of Marbles"},{"floor":52,"key":"Shuriken"},{"floor":54,"key":"War Paint"}],"event_choices":[{"damage_healed":0.0,"max_hp_gain":0.0,"max_hp_loss":0.0,"gold_gain":0.0,"event_name":"Living Wall","player_choice":"Grow","floor":2.0,"gold_loss":0.0,"damage_taken":0.0,"cards_upgraded":["StSShapeShifter:RockSlide"]},{"damage_healed":70.0,"max_hp_gain":0.0,"max_hp_loss":78.0,"gold_gain":0.0,"event_name":"betterThird:BetterShining","player_choice":"Upgrade","floor":4.0,"gold_loss":0.0,"damage_taken":16.0,"cards_upgraded":["StSShapeShifter:ShapeShifter_Strike","StSShapeShifter:ShapeShifter_Defend"]},{"cards_removed":["StSShapeShifter:Lynx_Form"],"damage_healed":0.0,"max_hp_gain":0.0,"max_hp_loss":0.0,"gold_gain":0.0,"event_name":"Purifier","player_choice":"Purged","floor":11.0,"gold_loss":0.0,"damage_taken":0.0},{"cards_removed":["StSShapeShifter:ShapeShifter_Strike"],"damage_healed":0.0,"max_hp_gain":0.0,"max_hp_loss":0.0,"gold_gain":0.0,"event_name":"Bonfire Elementals","player_choice":"Offered Basic","floor":20.0,"gold_loss":0.0,"damage_taken":0.0},{"damage_healed":0.0,"max_hp_gain":0.0,"max_hp_loss":0.0,"gold_gain":75.0,"event_name":"FaceTrader","player_choice":"Touch","floor":22.0,"gold_loss":0.0,"damage_taken":8.0},{"damage_healed":0.0,"max_hp_gain":0.0,"max_hp_loss":0.0,"gold_gain":0.0,"event_name":"Wheel of Change","player_choice":"Relic","floor":37.0,"gold_loss":0.0,"damage_taken":0.0},{"damage_healed":0,"gold_gain":0,"player_choice":"Fight","damage_taken":0,"max_hp_gain":0,"max_hp_loss":0,"event_name":"Mysterious Sphere","floor":47,"gold_loss":0}],"is_beta":false,"boss_relics":[{"not_picked":["Calling Bell","Snecko Eye"],"picked":"StSShapeShifter:LemurHeaddress"},{"not_picked":["Philosopher\u0027s Stone","Empty Cage"],"picked":"Runic Pyramid"}],"items_purged_floors":[25,28,44,53],"is_endless":false,"potions_floor_spawned":[14,16,18,29,31,33,36,41,47,48],"ascension_level":11}}