{"host":"d73an99q9oevilk5","time":1613985115,"event":{"mods":["2.2 Compatiblity","AchievementEnabler","Act Like it!","Aspiration","BaseMod","Beaked The Cultist","Better Third Choice","BetterRewards","Colored Map","Colored Powertips","Conspire","Downfall","GifTheSpireLib","Halation","Hubris","Infinite Spire","Marisa????????","Mimic Mod","Minty Spire (QoL Compilation)","MostiFishMod","Quick Restart","Relic Sorter","Reliquary","Replay The Spire","Shop Mod","Spikes Relics","StSLib","Stuff the Spire","The Cursed","The Jungle","The Necromancer","The Saiyan","Waifu the Spire","egg","slay the spire mod where everything is the same but ironclad has a cowboy hat"],"gold_per_floor":[112,112,129,144,144,144,154,173,208,208,208,208,226,9,9,105,105,119,119,119,132,170,170,170,188,188,215,215,249,259,273,273,375,375,395,446,446,461,461,461,461,461,471,499,525,553,553,563,563,579,579,579],"floor_reached":53,"language":"ENG","playtime":1251,"items_purged":[],"score":1080,"play_id":"4f5925ad-021d-496d-b8b4-cf9534bcf3bd","local_time":"20210222021155","is_ascension_mode":false,"campfire_choices":[{"data":"Armaments","floor":6.0,"key":"SMITH"},{"data":"Inflame","floor":10.0,"key":"SMITH"},{"data":"Infernal Blade","floor":12.0,"key":"SMITH"},{"floor":15,"key":"DIG"},{"data":"Infernal Blade","floor":23,"key":"SMITH"},{"data":"Heavy Blade","floor":28,"key":"SMITH"},{"floor":32,"key":"DIG"},{"data":"Thunderclap","floor":40,"key":"SMITH"},{"data":"Infernal Blade","floor":47,"key":"SMITH"},{"data":"Bash","floor":49,"key":"SMITH"},{"data":"ReplayTheSpireMod:Stacked","floor":51,"key":"SMITH"}],"circlet_count":0,"master_deck":["Strike_R","Strike_R","Strike_R","Defend_R","Defend_R","Defend_R","Defend_R","Bash+1","Inflame+1","Armaments+1","Cleave","Uppercut+1","Thunderclap+1","Infernal Blade+1","Heavy Blade+1","Rage+1","MostiFishMod:CullingBlade+1","MostiFishMod:DoubleSword+1","Infernal Blade+1","Sword Boomerang","Infernal Blade+1","ReplayTheSpireMod:Muscle Training+1","Whirlwind+1","Seeing Red+1","ReplayTheSpireMod:Stacked+1","conspire:ExplosiveBarrier+1","Inflame+1"],"relics":["Burning Blood","hubris:Icosahedron","DaveBox","CrustySpines","MiniBlackHole","TungstenRod","BrkXgEgg","SynthV:TestCard","Anchor","aspiration:EmptySkull","Guide Book","Garlic","infinitespire:Lucky Rock","FeatherPendant","Paper Frog","conspire:DeflatedDodgeball","Dream Catcher","Chameleon Ring","reliquary:SilkGlove","RhineCircuit","CatCart","Bottled Lightning","ReplayTheSpireMod:TigerMarble","Art of War"],"acts_visited":["Exordium","TheCity","TheBeyond"],"potions_floor_usage":[16,36,36,46,52,52],"damage_taken":[{"damage":5.0,"enemies":"Jaw Worm","floor":1.0,"turns":4.0},{"damage":0.0,"enemies":"Small Slimes","floor":3.0,"turns":3.0},{"damage":0.0,"enemies":"2 Louse","floor":4.0,"turns":3.0},{"damage":14.0,"enemies":"Gremlin Nob","floor":7.0,"turns":4.0},{"damage":0.0,"enemies":"Exordium Thugs","floor":8.0,"turns":2.0},{"damage":2.0,"enemies":"3 Louse","floor":9.0,"turns":4.0},{"damage":2,"enemies":"3 Louse","floor":13,"turns":2},{"damage":0,"enemies":"Slime Boss","floor":16,"turns":3},{"damage":4,"enemies":"3 Byrds","floor":18,"turns":5},{"damage":0,"enemies":"Chosen","floor":21,"turns":2},{"damage":0,"enemies":"Snecko","floor":22,"turns":2},{"damage":0,"enemies":"Snecko","floor":25,"turns":2},{"damage":0,"enemies":"Book of Stabbing","floor":27,"turns":1},{"damage":0,"enemies":"Slavers","floor":29,"turns":2},{"damage":0,"enemies":"Cultist and Chosen","floor":30,"turns":3},{"damage":0,"enemies":"Snake Plant","floor":31,"turns":2},{"damage":0,"enemies":"Automaton","floor":33,"turns":4},{"damage":0,"enemies":"3 Darklings","floor":35,"turns":3},{"damage":0,"enemies":"Orin","floor":36,"turns":2},{"damage":0,"enemies":"Orb Walker","floor":38,"turns":2},{"damage":0,"enemies":"Transient","floor":43,"turns":3},{"damage":6,"enemies":"Reptomancer","floor":44,"turns":3},{"damage":0,"enemies":"Giant Head","floor":46,"turns":3},{"damage":0,"enemies":"Writhing Mass","floor":48,"turns":2},{"damage":0,"enemies":"Jaw Worm Horde","floor":50,"turns":1},{"damage":9,"enemies":"Time Eater","floor":52,"turns":5}],"seed_played":"7069935437298219105","potions_obtained":[{"floor":1.0,"key":"Toxic Potion"},{"floor":4.0,"key":"ColorlessPotion"},{"floor":8.0,"key":"SteroidPotion"},{"floor":13,"key":"infinitespire:BlackPotion"},{"floor":25,"key":"Adrenaline Potion"},{"floor":27,"key":"LifebloodPotion"},{"floor":30,"key":"Swift Potion"},{"floor":38,"key":"Regen Potion"},{"floor":43,"key":"Death Potion"},{"floor":46,"key":"Regen Potion"},{"floor":50,"key":"BloodPotion"}],"is_trial":false,"path_per_floor":["M","?","M","M","?","R","E","M","MIM","R","?","R","M","$","R_BF","B",null,"M","?","AVR","M","MIM","R","?","M","T","E","R","E","M","M","R_BF","B",null,"M","?","?","M","?","R","PTL","PTL","M","E","T","E","R","M","R","M","R","B",null],"character_chosen":"IRONCLAD","items_purchased":["Inflame","Armaments","MiniBlackHole","Cleave","Guide Book","MostiFishMod:CullingBlade+1"],"campfire_rested":0,"item_purchase_floors":[0,0,0,0,14,14],"current_hp_per_floor":[80,80,80,80,80,80,72,78,80,80,73,73,77,77,77,80,80,80,80,80,80,80,80,80,80,80,80,80,80,80,80,80,80,80,80,80,80,80,80,80,80,80,80,80,80,80,80,80,80,80,80,80],"gold":579,"neow_bonus":"","is_daily":false,"chose_seed":false,"campfire_upgraded":9,"win_rate":0.0,"timestamp":1613985115,"path_taken":["M","?","M","M","?","R","E","M","MIM","R","?","R","?","$","R_BF","BOSS","M","?","AVR","?","?","R","?","?","T","E","R","E","M","M","R_BF","BOSS","M","?","?","?","?","R","PTL","PTL","M","E","T","E","R","M","R","M","R","BOSS"],"items_purchased_type":["Card","Card","Relic","Card","Relic","Card"],"build_version":"2020-12-22","purchased_purges":0,"victory":true,"max_hp_per_floor":[80,80,80,80,80,80,80,80,80,80,80,80,80,80,80,80,80,80,80,80,80,80,80,80,80,80,80,80,80,80,80,80,80,80,80,80,80,80,80,80,80,80,80,80,80,80,80,80,80,80,80,80],"card_choices":[{"not_picked":["conspire:Charge","Body Slam","Cleave"],"picked":"SKIP","floor":1.0},{"not_picked":["Body Slam","Invigoration","Power Through","StuffTheSpire:BloodClot"],"picked":"Uppercut","floor":3.0},{"not_picked":["Run Through","Sword Boomerang","Havoc","Metallicize"],"picked":"Thunderclap","floor":4.0},{"not_picked":["Dropkick","Bloodletting","Flex","hubris:CleavingFinish","Headbutt"],"picked":"SKIP","floor":7.0},{"not_picked":["Body Slam","Armaments","ReplayTheSpireMod:Limb From Limb","ReplayReversal"],"picked":"Infernal Blade","floor":8.0},{"not_picked":["Cleave","Perfected Strike","conspire:HitWhereItHurts+1","StuffTheSpire:BloodClot"],"picked":"Heavy Blade","floor":9.0},{"not_picked":["ReplayTheSpireMod:Strike From Hell","StuffTheSpire:RagingBull","StuffTheSpire:Slingshot","Invigoration"],"picked":"Rage","floor":13},{"not_picked":["MostiFishMod:Chiaki+1","MostiFishMod:TemporaryOutbreak+1","MostiFishMod:FlyOverUtopia+1","MostiFishMod:WingOfPhoenix+1"],"picked":"MostiFishMod:DoubleSword+1","floor":16},{"not_picked":["Heavy Blade","Havoc","Searing Blow","Perfected Strike"],"picked":"Infernal Blade","floor":18},{"not_picked":["Run Through","Wild Strike","Perfected Strike","Sword Boomerang","Thunderclap"],"picked":"SKIP","floor":21},{"not_picked":["MostiFishMod:WingOfPhoenix+1","Ghostly Armor","hubris:ReadiedAction+1","Pommel Strike+1"],"picked":"Sword Boomerang","floor":22},{"not_picked":["Wild Strike","Thunderclap","Warcry","Flex"],"picked":"Infernal Blade","floor":25},{"not_picked":["Fire Breathing","Armaments+1","ReplayTheSpireMod:Limb From Limb+1","Thunderclap"],"picked":"ReplayTheSpireMod:Muscle Training+1","floor":27},{"not_picked":["True Grit+1","Demonic Infusion+1","Abandon","Wild Strike+1","Sever Soul"],"picked":"SKIP","floor":29},{"not_picked":["Flex","Wild Strike+1","Dual Wield","Havoc","StuffTheSpire:Resist"],"picked":"SKIP","floor":30},{"not_picked":["Havoc","True Grit","StuffTheSpire:BloodClot+1","Defy Death+1","ReplayTheSpireMod:Strike From Hell"],"picked":"SKIP","floor":31},{"not_picked":["Body Slam","Fire Breathing+1","StuffTheSpire:Incineration","Thunderclap+1","Clash+1"],"picked":"SKIP","floor":35},{"not_picked":["Battle Trance+1","Anger+1","Cleave","ReplayTheSpireMod:Strike From Hell+1"],"picked":"Whirlwind+1","floor":38},{"not_picked":["ReplayTheSpireMod:Strike From Hell+1","Run Through+1","Invigoration","StuffTheSpire:RockThrow","Shrug It Off+1"],"picked":"SKIP","floor":43},{"not_picked":["StuffTheSpire:Slingshot","ReplayTheSpireMod:Strike From Hell","Twin Strike","Entrench"],"picked":"Seeing Red+1","floor":44},{"not_picked":["MostiFishMod:Chiaki+1","Power Through+1","Perfected Strike+1","Abandon"],"picked":"ReplayTheSpireMod:Stacked","floor":46},{"not_picked":["Hemokinesis","Feel No Pain+1","Shockwave","True Grit"],"picked":"conspire:ExplosiveBarrier+1","floor":48},{"not_picked":["ReplayTheSpireMod:Muscle Training+1","Heavy Blade+1","Wild Strike+1","Warcry+1"],"picked":"Inflame+1","floor":50}],"player_experience":1967540,"relics_obtained":[{"floor":1.0,"key":"SynthV:TestCard"},{"floor":7.0,"key":"Anchor"},{"floor":9.0,"key":"aspiration:EmptySkull"},{"floor":15,"key":"Garlic"},{"floor":22,"key":"conspire:DeflatedDodgeball"},{"floor":27,"key":"Dream Catcher"},{"floor":29,"key":"Chameleon Ring"},{"floor":32,"key":"reliquary:SilkGlove"},{"floor":36,"key":"CatCart"},{"floor":44,"key":"Bottled Lightning"},{"floor":45,"key":"ReplayTheSpireMod:TigerMarble"},{"floor":46,"key":"Art of War"}],"event_choices":[{"damage_healed":0.0,"max_hp_gain":0.0,"max_hp_loss":0.0,"gold_gain":0.0,"event_name":"Wheel of Change","player_choice":"Damaged","floor":11.0,"gold_loss":0.0,"damage_taken":8.0},{"damage_healed":0,"gold_gain":0,"player_choice":"Gave Potion","damage_taken":0,"relics_obtained":["infinitespire:Lucky Rock"],"max_hp_gain":0,"max_hp_loss":0,"event_name":"WeMeetAgain","floor":19,"gold_loss":0},{"cards_removed":["Strike_R"],"damage_healed":0,"gold_gain":0,"player_choice":"Purged","damage_taken":0,"max_hp_gain":0,"max_hp_loss":0,"event_name":"Purifier","floor":24,"gold_loss":0},{"damage_healed":0,"gold_gain":0,"player_choice":"Fight","damage_taken":0,"max_hp_gain":0,"max_hp_loss":0,"event_name":"OrinTheCat","floor":36,"gold_loss":0},{"cards_removed":["Strike_R"],"damage_healed":0,"gold_gain":0,"player_choice":"Purged","damage_taken":0,"max_hp_gain":0,"max_hp_loss":0,"event_name":"Purifier","floor":37,"gold_loss":0}],"is_beta":false,"boss_relics":[{"not_picked":["StuffTheSpire:ModemDavis","halation:HeavySnake","Replay:Drink Me"]},{"not_picked":["aspiration:RitualDagger","StuffTheSpire:Kangaroo"],"picked":"RhineCircuit"}],"items_purged_floors":[],"is_endless":false,"potions_floor_spawned":[1,4,8,13,25,27,30,31,38,43,46,50],"ascension_level":0}}