{"host":"g2yp6paluzgljz05","time":1613987794,"event":{"mods":["BaseMod","Bestiary","Colored Powertips","DeckTracker","Highlight Path","Minty Spire (QoL Compilation)","Quick Restart"],"gold_per_floor":[109,109,124,49,67,96,96,128,155,174,174,174,174,192,192,291,291,311,311,160,180,193,193,68,85,112,137,137,154,182,182,182,285,285,299,299,349,349,363,393,493,508,531,551,551,570,25,44,44,44,44,44,44,74,74,74],"floor_reached":55,"language":"ENG","playtime":2864,"items_purged":["Defend_B","Strike_B","Strike_B","Strike_B+1"],"score":934,"play_id":"5100a7d6-2860-4fac-9e71-6d74e08d5935","local_time":"20210222205634","is_ascension_mode":true,"campfire_choices":[{"data":"Buffer","floor":7.0,"key":"SMITH"},{"data":"Zap","floor":11.0,"key":"SMITH"},{"floor":13.0,"key":"REST"},{"data":"Dualcast","floor":15.0,"key":"SMITH"},{"data":"Ball Lightning","floor":23.0,"key":"SMITH"},{"floor":28.0,"key":"REST"},{"floor":32.0,"key":"REST"},{"floor":45.0,"key":"RECALL"},{"data":"Thunder Strike","floor":49.0,"key":"SMITH"},{"data":"Echo Form","floor":52,"key":"SMITH"}],"circlet_count":0,"master_deck":["Strike_B+1","Defend_B","Defend_B","Defend_B","Zap+1","Dualcast+1","Conserve Battery","Buffer+1","Ball Lightning+1","Electrodynamics","Scrape+1","Coolheaded+1","Cold Snap+1","Chill+1","Echo Form+1","Necronomicurse","Thunder Strike+1","Self Repair+1","Chill+1"],"relics":["Cracked Core","NeowsBlessing","Bronze Scales","Whetstone","Thread and Needle","Blood Vial","Happy Flower","Runic Dome","Art of War","Bag of Preparation","PreservedInsect","Necronomicon","Runic Pyramid","Dead Branch","Eternal Feather","Anchor","InkBottle","Pen Nib"],"acts_visited":["Exordium","TheCity","TheBeyond","TheEnding"],"potions_floor_usage":[55,55,55],"damage_taken":[{"damage":0.0,"enemies":"Small Slimes","floor":1.0,"turns":1.0},{"damage":0.0,"enemies":"Jaw Worm","floor":3.0,"turns":1.0},{"damage":0.0,"enemies":"Cultist","floor":5.0,"turns":1.0},{"damage":22.0,"enemies":"Gremlin Nob","floor":6.0,"turns":4.0},{"damage":0.0,"enemies":"Lagavulin","floor":8.0,"turns":5.0},{"damage":17.0,"enemies":"Exordium Thugs","floor":10.0,"turns":4.0},{"damage":0.0,"enemies":"2 Fungi Beasts","floor":14.0,"turns":2.0},{"damage":34.0,"enemies":"Slime Boss","floor":16.0,"turns":10.0},{"damage":18.0,"enemies":"2 Thieves","floor":18.0,"turns":2.0},{"damage":0.0,"enemies":"Shell Parasite","floor":21.0,"turns":3.0},{"damage":0.0,"enemies":"Snecko","floor":22.0,"turns":4.0},{"damage":0.0,"enemies":"Shelled Parasite and Fungi","floor":25.0,"turns":4.0},{"damage":33.0,"enemies":"Slavers","floor":27.0,"turns":4.0},{"damage":0.0,"enemies":"Sentry and Sphere","floor":29.0,"turns":3.0},{"damage":0.0,"enemies":"Gremlin Leader","floor":30.0,"turns":4.0},{"damage":10.0,"enemies":"Automaton","floor":33.0,"turns":8.0},{"damage":10.0,"enemies":"3 Darklings","floor":35.0,"turns":3.0},{"damage":0.0,"enemies":"Mind Bloom Boss Battle","floor":37.0,"turns":4.0},{"damage":1.0,"enemies":"Orb Walker","floor":39.0,"turns":2.0},{"damage":37.0,"enemies":"Nemesis","floor":40.0,"turns":3.0},{"damage":20.0,"enemies":"Writhing Mass","floor":42.0,"turns":4.0},{"damage":17.0,"enemies":"Spire Growth","floor":44.0,"turns":3.0},{"damage":0.0,"enemies":"Sphere and 2 Shapes","floor":46.0,"turns":3.0},{"damage":0.0,"enemies":"Jaw Worm Horde","floor":48.0,"turns":2.0},{"damage":4.0,"enemies":"Time Eater","floor":50.0,"turns":8.0},{"damage":27,"enemies":"Shield and Spear","floor":54,"turns":4},{"damage":73,"enemies":"The Heart","floor":55,"turns":5}],"seed_played":"-5865301843955078389","potions_obtained":[{"floor":5.0,"key":"LiquidBronze"},{"floor":10.0,"key":"ColorlessPotion"},{"floor":14.0,"key":"PowerPotion"},{"floor":18.0,"key":"Energy Potion"},{"floor":22.0,"key":"Block Potion"},{"floor":38.0,"key":"DistilledChaos"}],"is_trial":false,"path_per_floor":["M","?","M","$","M","E","R","E","T","M","R","T","R","M","R","B",null,"M","?","$","M","M","R","$","M","T","E","R","M","E","?","R","B",null,"M","?","?","?","M","E","?","M","T","M","R","M","$","M","R","B",null,"R","$","E","B"],"character_chosen":"DEFECT","items_purchased":["Weak Potion","Anchor","InkBottle"],"campfire_rested":3,"item_purchase_floors":[20,47,47],"current_hp_per_floor":[75,72,72,72,72,50,50,50,50,35,35,35,57,59,59,27,63,47,41,41,43,45,45,45,47,47,16,38,40,42,26,48,40,66,58,58,60,60,71,46,46,38,38,43,55,57,57,59,68,75,75,75,75,58,0,0],"gold":74,"neow_bonus":"THREE_ENEMY_KILL","is_daily":false,"chose_seed":false,"campfire_upgraded":6,"win_rate":0.0,"timestamp":1613987794,"path_taken":["M","?","M","$","M","E","R","E","T","M","R","?","R","M","R","BOSS","M","?","$","M","M","R","?","M","T","E","R","M","E","?","R","BOSS","M","?","?","?","?","E","?","M","T","M","R","?","$","M","R","BOSS","R","$","E","BOSS"],"items_purchased_type":["Potion","Relic","Relic"],"build_version":"2020-12-22","purchased_purges":4,"victory":false,"max_hp_per_floor":[75,75,75,75,75,75,75,75,75,75,75,75,75,75,75,75,75,75,75,75,75,75,75,75,75,75,75,75,75,75,75,75,75,75,75,75,75,75,75,75,75,75,75,75,75,75,75,75,75,75,75,75,75,75,75,75],"card_choices":[{"not_picked":["Turbo","Hologram"],"picked":"Conserve Battery","floor":1.0},{"not_picked":["Skim","Lockon"],"picked":"Buffer","floor":3.0},{"not_picked":["Stack","Blizzard","Steam"],"picked":"SKIP","floor":5.0},{"not_picked":["Blizzard","Biased Cognition"],"picked":"Ball Lightning","floor":6.0},{"not_picked":["Go for the Eyes","Hello World","Conserve Battery"],"picked":"SKIP","floor":8.0},{"not_picked":["Chill","Recycle","Auto Shields"],"picked":"SKIP","floor":10.0},{"not_picked":["Sweeping Beam","Go for the Eyes","Beam Cell"],"picked":"SKIP","floor":14.0},{"not_picked":["Creative AI","Echo Form"],"picked":"Electrodynamics","floor":16.0},{"not_picked":["Turbo","Barrage"],"picked":"Scrape+1","floor":18.0},{"not_picked":["Gash","Streamline"],"picked":"Coolheaded+1","floor":21.0},{"not_picked":["Genetic Algorithm","Turbo"],"picked":"Cold Snap+1","floor":22.0},{"not_picked":["Streamline","Ball Lightning","Steam"],"picked":"SKIP","floor":25.0},{"not_picked":["Streamline","Rebound"],"picked":"Chill+1","floor":27.0},{"not_picked":["Stack","Recycle","Beam Cell"],"picked":"SKIP","floor":29.0},{"not_picked":["Sweeping Beam","Doom and Gloom"],"picked":"Echo Form","floor":30.0},{"not_picked":["All For One","Core Surge"],"picked":"Thunder Strike","floor":33.0},{"not_picked":["Consume","BootSequence+1","Lockon"],"picked":"SKIP","floor":35.0},{"not_picked":["Coolheaded+1","Aggregate+1"],"picked":"Self Repair+1","floor":37.0},{"not_picked":["Rebound+1","Redo","Chill+1"],"picked":"SKIP","floor":39.0},{"not_picked":["Beam Cell","Electrodynamics","Rebound+1"],"picked":"SKIP","floor":40.0},{"not_picked":["Stack","Coolheaded+1","Reinforced Body+1"],"picked":"SKIP","floor":42.0},{"not_picked":["Rip and Tear","Genetic Algorithm+1","Chill+1"],"picked":"SKIP","floor":44.0},{"not_picked":["Rip and Tear","Genetic Algorithm+1"],"picked":"Chill+1","floor":44.0},{"not_picked":["Tempest+1","Scrape","Rebound"],"picked":"SKIP","floor":46.0},{"not_picked":["Cold Snap+1","Conserve Battery+1","Ball Lightning"],"picked":"SKIP","floor":48.0},{"not_picked":["Coolheaded+1","Beam Cell+1","Gash"],"picked":"SKIP","floor":54}],"player_experience":404730,"relics_obtained":[{"floor":6.0,"key":"Whetstone"},{"floor":8.0,"key":"Thread and Needle"},{"floor":9.0,"key":"Blood Vial"},{"floor":12.0,"key":"Happy Flower"},{"floor":26.0,"key":"Art of War"},{"floor":27.0,"key":"Bag of Preparation"},{"floor":30.0,"key":"PreservedInsect"},{"floor":31.0,"key":"Necronomicon"},{"floor":37.0,"key":"Dead Branch"},{"floor":40.0,"key":"Eternal Feather"},{"floor":54,"key":"Pen Nib"}],"event_choices":[{"damage_healed":0.0,"max_hp_gain":0.0,"max_hp_loss":0.0,"gold_gain":0.0,"event_name":"Scrap Ooze","player_choice":"Success","floor":2.0,"gold_loss":0.0,"damage_taken":3.0,"relics_obtained":["Bronze Scales"]},{"damage_healed":0.0,"max_hp_gain":0.0,"max_hp_loss":0.0,"gold_gain":0.0,"event_name":"Knowing Skull","player_choice":"","floor":19.0,"potions_obtained":[],"gold_loss":0.0,"damage_taken":6.0,"cards_obtained":[]},{"damage_healed":0.0,"max_hp_gain":0.0,"max_hp_loss":0.0,"gold_gain":0.0,"event_name":"Cursed Tome","player_choice":"Obtained Book","floor":31.0,"gold_loss":0.0,"damage_taken":16.0},{"damage_healed":0.0,"max_hp_gain":0.0,"max_hp_loss":0.0,"gold_gain":0.0,"event_name":"SensoryStone","player_choice":"Memory 1","floor":36.0,"gold_loss":0.0,"damage_taken":0.0},{"damage_healed":0.0,"max_hp_gain":0.0,"max_hp_loss":0.0,"gold_gain":0.0,"event_name":"MindBloom","player_choice":"Fight","floor":37.0,"gold_loss":0.0,"damage_taken":0.0},{"damage_healed":0.0,"max_hp_gain":0.0,"max_hp_loss":0.0,"gold_gain":0.0,"event_name":"Lab","player_choice":"Got Potions","floor":38.0,"gold_loss":0.0,"damage_taken":0.0},{"damage_healed":0.0,"max_hp_gain":0.0,"max_hp_loss":0.0,"gold_gain":100.0,"event_name":"Golden Shrine","player_choice":"Pray","floor":41.0,"gold_loss":0.0,"damage_taken":0.0}],"is_beta":false,"boss_relics":[{"not_picked":["Pandora\u0027s Box","Coffee Dripper"],"picked":"Runic Dome"},{"not_picked":["Inserter","Astrolabe"],"picked":"Runic Pyramid"}],"items_purged_floors":[4,20,24,47],"is_endless":false,"potions_floor_spawned":[5,10,14,18,22,25,30,33,35,39,46],"killed_by":"The Heart","ascension_level":5}}