{"host":"7j2n82b2zha9fuyn","time":1613978569,"event":{"mods":["BaseMod","Block Reminder","Minty Spire (QoL Compilation)","StSLib"],"gold_per_floor":[116,116,135,152,167,167,197,215,215,215,235,8,24,55,55,155,155,167,183,108,108,8,35,35,35],"floor_reached":24,"language":"ENG","playtime":1829,"items_purged":["Strike_R","Strike_R"],"score":365,"play_id":"4d8ae5ab-9a3e-4401-a468-bac28cafc0dc","local_time":"20210222002249","is_ascension_mode":true,"campfire_choices":[{"data":"Blood for Blood","floor":6,"key":"SMITH"},{"data":"Hemokinesis","floor":10,"key":"SMITH"},{"data":"Uppercut","floor":15,"key":"SMITH"}],"circlet_count":0,"master_deck":["AscendersBane","Strike_R","Strike_R","Defend_R","Defend_R","Defend_R","Defend_R","Bash","Blood for Blood+1","Anger","Shrug It Off","Fire Breathing","Offering","Hemokinesis+1","Combust","Uppercut+1","Reaper","Armaments+1","Reckless Charge","Power Through","True Grit"],"relics":["Burning Blood","Orichalcum","White Beast Statue","MealTicket","Bag of Marbles","SacredBark","Frozen Egg 2"],"acts_visited":["Exordium","TheCity"],"potions_floor_usage":[7,11,14,16,18,23],"damage_taken":[{"damage":11,"enemies":"Jaw Worm","floor":1,"turns":4},{"damage":6,"enemies":"Cultist","floor":3,"turns":4},{"damage":0,"enemies":"Small Slimes","floor":4,"turns":4},{"damage":16,"enemies":"Exordium Wildlife","floor":5,"turns":6},{"damage":20,"enemies":"3 Sentries","floor":7,"turns":6},{"damage":15,"enemies":"3 Louse","floor":8,"turns":4},{"damage":2,"enemies":"2 Fungi Beasts","floor":11,"turns":2},{"damage":3,"enemies":"Large Slime","floor":13,"turns":4},{"damage":14,"enemies":"Gremlin Nob","floor":14,"turns":3},{"damage":30,"enemies":"The Guardian","floor":16,"turns":8},{"damage":28,"enemies":"3 Byrds","floor":18,"turns":6},{"damage":19,"enemies":"2 Thieves","floor":19,"turns":3},{"damage":40,"enemies":"Book of Stabbing","floor":23,"turns":4},{"damage":32,"enemies":"Sentry and Sphere","floor":24,"turns":5}],"seed_played":"-8220003304724606134","potions_obtained":[{"floor":2,"key":"BlessingOfTheForge"},{"floor":2,"key":"Energy Potion"},{"floor":8,"key":"Block Potion"},{"floor":11,"key":"LiquidBronze"},{"floor":14,"key":"Dexterity Potion"},{"floor":16,"key":"Energy Potion"},{"floor":18,"key":"Energy Potion"},{"floor":19,"key":"Swift Potion"},{"floor":23,"key":"BloodPotion"}],"is_trial":false,"path_per_floor":["M","?","M","M","M","R","E","M","T","R","M","$","M","E","R","B",null,"M","M","?","?","$","E","M"],"character_chosen":"IRONCLAD","items_purchased":["MealTicket"],"campfire_rested":0,"item_purchase_floors":[12],"current_hp_per_floor":[75,75,75,81,71,71,57,48,48,48,52,52,55,47,47,23,72,57,48,48,48,63,29,0,0],"gold":35,"neow_bonus":"TEN_PERCENT_HP_BONUS","is_daily":false,"chose_seed":false,"campfire_upgraded":3,"win_rate":0.0,"timestamp":1613978569,"path_taken":["M","?","M","M","M","R","E","?","T","R","M","$","M","E","R","BOSS","M","M","?","?","$","E","M"],"items_purchased_type":["Relic"],"build_version":"2020-12-22","purchased_purges":2,"victory":false,"max_hp_per_floor":[88,88,88,88,88,88,88,88,88,88,88,88,88,88,88,88,88,88,88,88,88,88,88,88,88],"card_choices":[{"not_picked":["True Grit","Clothesline"],"picked":"Blood for Blood","floor":1},{"not_picked":["Shrug It Off","Iron Wave"],"picked":"Anger","floor":3},{"not_picked":["Warcry","Anger"],"picked":"Shrug It Off","floor":4},{"not_picked":["Thunderclap","Ghostly Armor"],"picked":"Fire Breathing","floor":5},{"not_picked":["Whirlwind","Thunderclap"],"picked":"Offering","floor":7},{"not_picked":["Thunderclap","Twin Strike"],"picked":"Hemokinesis","floor":8},{"not_picked":["Spot Weakness","Sever Soul"],"picked":"Combust","floor":11},{"not_picked":["Whirlwind","Carnage","Pommel Strike"],"picked":"SKIP","floor":13},{"not_picked":["Shrug It Off","Warcry"],"picked":"Uppercut","floor":14},{"not_picked":["Juggernaut","Exhume"],"picked":"Reaper","floor":16},{"not_picked":["Combust+1","Shrug It Off"],"picked":"Armaments+1","floor":18},{"not_picked":["Clothesline","Hemokinesis+1"],"picked":"Reckless Charge","floor":19},{"not_picked":["Shrug It Off","Clothesline"],"picked":"True Grit","floor":23}],"player_experience":2096376,"relics_obtained":[{"floor":7,"key":"Orichalcum"},{"floor":9,"key":"White Beast Statue"},{"floor":14,"key":"Bag of Marbles"},{"floor":23,"key":"Frozen Egg 2"}],"event_choices":[{"damage_healed":0,"gold_gain":0,"player_choice":"Got Potions","damage_taken":0,"max_hp_gain":0,"max_hp_loss":0,"event_name":"Lab","floor":2,"gold_loss":0},{"cards_removed":["Strike_R"],"damage_healed":0,"gold_gain":0,"player_choice":"Gave Gold","damage_taken":0,"max_hp_gain":0,"max_hp_loss":0,"event_name":"Beggar","floor":20,"gold_loss":75},{"damage_healed":0,"gold_gain":0,"player_choice":"Read","damage_taken":0,"max_hp_gain":0,"max_hp_loss":0,"event_name":"The Library","floor":21,"gold_loss":0,"cards_obtained":["Power Through"]}],"is_beta":false,"boss_relics":[{"not_picked":["Cursed Key","Philosopher\u0027s Stone"],"picked":"SacredBark"}],"items_purged_floors":[12,22],"is_endless":false,"potions_floor_spawned":[4,8,11,13,14,16,18,19,23],"killed_by":"Sentry and Sphere","ascension_level":12}}