{"host":"dkr0dog13pegamnp","time":1613996399,"event":{"mods":["AchievementEnabler","BaseMod","Minty Spire (QoL Compilation)","Rare Cards Sparkle","StSLib","SuperFastMode","everything is the same but u backflip on backflip"],"gold_per_floor":[114,133,147,97,107,135,150,150,150,150,167,184,184,202,202,299,299,317,331,343,353,366,366,385,385,385,385,385],"floor_reached":27,"language":"KOR","playtime":832,"items_purged":[],"score":357,"play_id":"d46806d6-6d8d-46a8-9b72-7b33b145d866","local_time":"20210222211959","is_ascension_mode":true,"campfire_choices":[{"data":"Cloak And Dagger","floor":8.0,"key":"SMITH"},{"floor":13.0,"key":"REST"},{"data":"Glass Knife","floor":15.0,"key":"SMITH"},{"data":"Adrenaline","floor":23,"key":"SMITH"},{"data":"Footwork","floor":25,"key":"SMITH"}],"circlet_count":0,"master_deck":["AscendersBane","Strike_G","Strike_G","Strike_G","Strike_G","Defend_G","Defend_G","Defend_G","Defend_G","Defend_G","Survivor","Neutralize","Cloak And Dagger+1","Footwork+1","Glass Knife+1","Accuracy","Blade Dance","Adrenaline+1","Blade Dance","Finisher","Backflip","Blur"],"relics":["Ring of the Serpent","Bag of Marbles","Tiny Chest","Sundial","Bottled Lightning"],"acts_visited":["Exordium","TheCity"],"potions_floor_usage":[21,22],"damage_taken":[{"damage":0.0,"enemies":"2 Louse","floor":1.0,"turns":4.0},{"damage":8.0,"enemies":"Jaw Worm","floor":2.0,"turns":5.0},{"damage":0.0,"enemies":"Cultist","floor":3.0,"turns":4.0},{"damage":0.0,"enemies":"Red Slaver","floor":5.0,"turns":6.0},{"damage":38.0,"enemies":"Gremlin Nob","floor":6.0,"turns":5.0},{"damage":9.0,"enemies":"Exordium Wildlife","floor":7.0,"turns":8.0},{"damage":0.0,"enemies":"Blue Slaver","floor":11.0,"turns":5.0},{"damage":1.0,"enemies":"Looter","floor":12.0,"turns":4.0},{"damage":4.0,"enemies":"Gremlin Gang","floor":14.0,"turns":6.0},{"damage":17.0,"enemies":"The Guardian","floor":16.0,"turns":15.0},{"damage":9.0,"enemies":"Shell Parasite","floor":18.0,"turns":4.0},{"damage":1.0,"enemies":"Spheric Guardian","floor":19.0,"turns":3.0},{"damage":4.0,"enemies":"Cultist and Chosen","floor":20.0,"turns":5.0},{"damage":14,"enemies":"Centurion and Healer","floor":21,"turns":6},{"damage":2,"enemies":"Snecko","floor":22,"turns":3},{"damage":0,"enemies":"3 Cultists","floor":24,"turns":5},{"damage":52,"enemies":"Gremlin Leader","floor":27,"turns":4}],"seed_played":"-1855206883142720275","potions_obtained":[{"floor":2.0,"key":"DistilledChaos"},{"floor":3.0,"key":"GamblersBrew"},{"floor":11.0,"key":"Poison Potion"},{"floor":19.0,"key":"Explosive Potion"},{"floor":20.0,"key":"Dexterity Potion"},{"floor":24,"key":"FairyPotion"}],"is_trial":false,"path_per_floor":["M","M","M","?","M","E","M","R","T","?","M","M","R","M","R","B",null,"M","M","M","M","M","R","M","R","T","E"],"character_chosen":"THE_SILENT","items_purchased":[],"campfire_rested":1,"item_purchase_floors":[],"current_hp_per_floor":[63,55,55,55,55,17,8,8,8,8,8,7,28,24,24,7,54,45,44,40,26,24,24,24,24,24,0,0],"gold":385,"neow_bonus":"RANDOM_COMMON_RELIC","is_daily":false,"chose_seed":false,"campfire_upgraded":4,"win_rate":0.0,"timestamp":1613996399,"path_taken":["M","M","M","?","M","E","M","R","T","?","M","M","R","M","R","BOSS","M","M","M","M","M","R","M","R","T","E"],"items_purchased_type":[],"build_version":"2020-12-22","purchased_purges":0,"victory":false,"max_hp_per_floor":[70,70,70,70,70,70,70,70,70,70,70,70,70,70,70,70,70,70,70,70,70,70,70,70,70,70,70,70],"card_choices":[{"not_picked":["Deflect","Acrobatics","Masterful Stab"],"picked":"SKIP","floor":1.0},{"not_picked":["PiercingWail","Expertise"],"picked":"Cloak And Dagger","floor":2.0},{"not_picked":["Dagger Spray","Deflect"],"picked":"Footwork","floor":3.0},{"not_picked":["Dodge and Roll","Concentrate","Bane"],"picked":"SKIP","floor":5.0},{"not_picked":["Skewer","Leg Sweep"],"picked":"Glass Knife","floor":6.0},{"not_picked":["Quick Slash","Backstab"],"picked":"Accuracy","floor":7.0},{"not_picked":["Sucker Punch","Acrobatics","Flying Knee"],"picked":"SKIP","floor":11.0},{"not_picked":["Reflex","Slice"],"picked":"Blade Dance","floor":12.0},{"not_picked":["Dagger Spray","Deadly Poison","Sucker Punch"],"picked":"SKIP","floor":14.0},{"not_picked":["Bullet Time","Storm of Steel"],"picked":"Adrenaline","floor":16.0},{"not_picked":["Dodge and Roll","PiercingWail"],"picked":"Blade Dance","floor":18.0},{"not_picked":["Dagger Throw","Setup+1"],"picked":"Finisher","floor":19.0},{"not_picked":["Glass Knife","Slice"],"picked":"Backflip","floor":20.0},{"not_picked":["All Out Attack","Crippling Poison","Dodge and Roll"],"picked":"SKIP","floor":21},{"not_picked":["Skewer","Well Laid Plans"],"picked":"Blur","floor":22},{"not_picked":["Dodge and Roll","Underhanded Strike+1","Slice"],"picked":"SKIP","floor":24}],"player_experience":84586,"relics_obtained":[{"floor":6.0,"key":"Tiny Chest"},{"floor":9.0,"key":"Sundial"},{"floor":26,"key":"Bottled Lightning"}],"event_choices":[{"cards_removed":["Strike_G"],"damage_healed":0.0,"max_hp_gain":0.0,"max_hp_loss":0.0,"gold_gain":0.0,"event_name":"The Cleric","player_choice":"Card Removal","floor":4.0,"gold_loss":50.0,"damage_taken":0.0},{"damage_healed":0.0,"max_hp_gain":0.0,"max_hp_loss":0.0,"gold_gain":0.0,"event_name":"Match and Keep!","player_choice":"0 cards matched","floor":10.0,"gold_loss":0.0,"damage_taken":0.0,"cards_obtained":[]}],"is_beta":false,"boss_relics":[{"not_picked":["HoveringKite","Runic Dome"],"picked":"Ring of the Serpent"}],"items_purged_floors":[],"is_endless":false,"potions_floor_spawned":[2,3,11,19,20,24],"killed_by":"Gremlin Leader","ascension_level":12}}