{"host":"kvh5342rl0c7vxi5","time":1613964181,"event":{"mods":["Act Like it!","BaseMod","Bestiary","Better Third Choice","Challenge The Spire","Downfall","Duelist Mod","GifTheSpireLib","Gremlin Mod","Hermit","Hubris","Ironclad Rager","Jorbs\u0027s Wanderer Trilogy","Melee Mod","Minty Spire (QoL Compilation)","Potionbrewer","Quick Restart","Relic Stats","Replay The Spire","Spicy Shops","Spire Arcade","StSLib","SuperFastMode","The Forsaken","The Judge","The Mystic","The Poker Player","The Sage","slay the spire mod where everything is the same but ironclad has a cowboy hat"],"gold_per_floor":[198,0,31,62,91,91,91,91,117,142,172,172,172,172,199,226,261,293],"floor_reached":19,"language":"ENG","playtime":779,"items_purged":["Strike_R"],"score":590,"play_id":"0604d8bf-908b-4e5a-ad98-c24436cd9024","local_time":"20210221222301","daily_mods":["challengethespire:Platinum Difficulty","challengethespire:Elite Rush","Uncertain Future"],"is_ascension_mode":true,"campfire_choices":[{"floor":7,"key":"REST"},{"data":"Flex","floor":8,"key":"SMITH"},{"data":"True Grit","floor":13,"key":"SMITH"},{"data":"True Grit","floor":14,"key":"SMITH"}],"circlet_count":0,"master_deck":["AscendersBane","Strike_R","Strike_R","Strike_R","Strike_R","Defend_R","Defend_R","Defend_R","Defend_R","Bash","Anger","Feel No Pain","True Grit+1","Flex+1","Armaments","Pommel Strike","True Grit+1","Flex+1","Sentinel","Dark Embrace","Dark Embrace","Seeing Red","Dropkick","Entrench"],"relics":["Burning Blood","Black Star","Sling","PreservedInsect","Bag of Marbles","ClockworkSouvenir","Slimebound:StickyStick","ReplayTheSpireMod:Lightbulb","sneckomod:BlankCard","Nunchaku","Kunai","sagemod:Singing_Vial","hubris:RunicObelisk","theForsaken:Lifeblossom","potionbrewer:Torch","Bag of Preparation","Replay:Bottled Snecko","Vajra","Champion Belt","SlaversCollar","ReplayFunnel","Akabeko","Dead Branch","bronze:BronzeIdol","potionbrewer:MortarAndPestle","Bronze Scales","Replay:Arrowhead","Ancient Tea Set"],"acts_visited":["Exordium"],"potions_floor_usage":[11,11],"damage_taken":[{"damage":33,"enemies":"Gremlin Nob","floor":3,"turns":4},{"damage":20,"enemies":"Lagavulin","floor":4,"turns":6},{"damage":5,"enemies":"3 Sentries","floor":5,"turns":5},{"damage":15,"enemies":"Gremlin Leader","floor":9,"turns":4},{"damage":4,"enemies":"Slavers","floor":10,"turns":4},{"damage":7,"enemies":"Book of Stabbing","floor":11,"turns":3},{"damage":18,"enemies":"Nemesis","floor":15,"turns":5},{"damage":19,"enemies":"Giant Head","floor":16,"turns":5},{"damage":9,"enemies":"Reptomancer","floor":17,"turns":5},{"damage":21,"enemies":"Shield and Spear","floor":18,"turns":6}],"seed_played":"2523764957309884222","potions_obtained":[{"floor":9,"key":"Swift Potion"},{"floor":10,"key":"AttackPotion"},{"floor":15,"key":"Energy Potion"},{"floor":18,"key":"potionbrewer:NoxiousPotion"}],"is_trial":true,"path_per_floor":["$","$","E","E","E","T","R","R","E","E","E","T","R","R","E","E","E","E",null],"character_chosen":"IRONCLAD","items_purchased":["Anger","Feel No Pain","True Grit","Bag of Marbles","ClockworkSouvenir","Flex","Armaments"],"campfire_rested":1,"item_purchase_floors":[1,1,1,1,1,2,2],"current_hp_per_floor":[68,68,41,27,28,28,50,50,41,49,53,53,53,53,47,40,43,34],"gold":293,"neow_bonus":"","is_daily":false,"chose_seed":false,"campfire_upgraded":3,"win_rate":0.0,"timestamp":1613964181,"path_taken":["$","$","E","E","E","T","R","R","E","E","E","T","R","R","E","E","E","E"],"items_purchased_type":["Card","Card","Card","Relic","Relic","Card","Card"],"build_version":"2020-12-22","purchased_purges":1,"victory":true,"max_hp_per_floor":[75,75,75,75,75,75,75,75,75,75,75,75,75,75,75,75,75,75],"relic_stats":{"Nunchaku":[8],"counters":[10,47],"Dead Branch":[27],"Bronze Scales":[15],"PreservedInsect":537,"Black Star":10,"Bag of Preparation":[10],"Kunai":[15],"Champion Belt":[11],"obtain_stats":[{"ReplayFunnel":15,"sneckomod:BlankCard":4,"Vajra":11,"theForsaken:Lifeblossom":9,"Bag of Preparation":10,"hubris:RunicObelisk":6,"Sling":0,"Ancient Tea Set":18,"Burning Blood":0,"ClockworkSouvenir":1,"Nunchaku":4,"Slimebound:StickyStick":3,"Kunai":5,"Replay:Bottled Snecko":10,"Dead Branch":16,"potionbrewer:MortarAndPestle":17,"PreservedInsect":0,"Akabeko":15,"Replay:Arrowhead":18,"bronze:BronzeIdol":16,"potionbrewer:Torch":9,"SlaversCollar":12,"Bronze Scales":17,"sagemod:Singing_Vial":5,"Black Star":0,"Bag of Marbles":1,"Champion Belt":11,"ReplayTheSpireMod:Lightbulb":3},{"ReplayFunnel":7,"sneckomod:BlankCard":2,"Vajra":6,"theForsaken:Lifeblossom":4,"Bag of Preparation":5,"hubris:RunicObelisk":3,"Sling":0,"Ancient Tea Set":10,"Burning Blood":0,"ClockworkSouvenir":0,"Nunchaku":2,"Slimebound:StickyStick":1,"Kunai":3,"Replay:Bottled Snecko":5,"Dead Branch":8,"potionbrewer:MortarAndPestle":9,"PreservedInsect":0,"Akabeko":7,"Replay:Arrowhead":10,"bronze:BronzeIdol":8,"potionbrewer:Torch":4,"SlaversCollar":6,"Bronze Scales":9,"sagemod:Singing_Vial":3,"Black Star":0,"Bag of Marbles":0,"Champion Belt":6,"ReplayTheSpireMod:Lightbulb":1},{"ReplayFunnel":31,"sneckomod:BlankCard":10,"Vajra":26,"theForsaken:Lifeblossom":19,"Bag of Preparation":23,"hubris:RunicObelisk":15,"Sling":0,"Ancient Tea Set":47,"Burning Blood":0,"ClockworkSouvenir":0,"Nunchaku":10,"Slimebound:StickyStick":4,"Kunai":15,"Replay:Bottled Snecko":23,"Dead Branch":36,"potionbrewer:MortarAndPestle":41,"PreservedInsect":0,"Akabeko":31,"Replay:Arrowhead":47,"bronze:BronzeIdol":36,"potionbrewer:Torch":19,"SlaversCollar":26,"Bronze Scales":41,"sagemod:Singing_Vial":15,"Black Star":0,"Bag of Marbles":0,"Champion Belt":26,"ReplayTheSpireMod:Lightbulb":4}],"Burning Blood":60},"card_choices":[],"player_experience":591457,"relics_obtained":[{"floor":3,"key":"Slimebound:StickyStick"},{"floor":3,"key":"ReplayTheSpireMod:Lightbulb"},{"floor":4,"key":"sneckomod:BlankCard"},{"floor":4,"key":"Nunchaku"},{"floor":5,"key":"Kunai"},{"floor":5,"key":"sagemod:Singing_Vial"},{"floor":9,"key":"theForsaken:Lifeblossom"},{"floor":9,"key":"potionbrewer:Torch"},{"floor":10,"key":"Bag of Preparation"},{"floor":10,"key":"Replay:Bottled Snecko"},{"floor":11,"key":"Vajra"},{"floor":11,"key":"Champion Belt"},{"floor":15,"key":"ReplayFunnel"},{"floor":15,"key":"Akabeko"},{"floor":16,"key":"Dead Branch"},{"floor":16,"key":"bronze:BronzeIdol"},{"floor":17,"key":"potionbrewer:MortarAndPestle"},{"floor":17,"key":"Bronze Scales"},{"floor":18,"key":"Replay:Arrowhead"},{"floor":18,"key":"Ancient Tea Set"}],"event_choices":[],"is_beta":false,"boss_relics":[{"not_picked":["hubris:BlackHole","Snecko Heart"],"picked":"hubris:RunicObelisk"},{"not_picked":["SacredBark","bronze:MakeshiftBattery"],"picked":"SlaversCollar"}],"items_purged_floors":[2],"is_endless":false,"potions_floor_spawned":[9,10,15,18],"ascension_level":20}}