{"host":"4amcrcg6ktw8dbzk","time":1613996434,"event":{"mods":["Act Like it!","BaseMod","Dota2Spire","Gensokyo","Hallownest","Minty Spire (QoL Compilation)","MostiFishMod","Spicy Shops","StSLib","Waifu the Spire"],"gold_per_floor":[113,123,142,142,159,186,211,246,269,269,269,301,316,396,396,467,467,486,501,501,515,515,549,568,594,594,-1143,-1108,-1088,-1069,-1037,-1037,-963,-963,-943,-926,-926,-906,-886,-854,-854,-828,-749,-729,-729,-694,-694,-694,-694,-694,-694,-694,-694,-694,-668,-668,-668],"floor_reached":56,"language":"ZHS","playtime":2228,"items_purged":["Injury"],"score":2934,"play_id":"70c2a7e9-b842-4e3c-88e7-44b464be3c84","local_time":"20210222202034","is_ascension_mode":true,"campfire_choices":[{"data":"Devotion","floor":10,"key":"SMITH"},{"floor":15,"key":"RECALL"},{"data":"Night Terror","floor":32,"key":"SMITH"},{"data":"Strike_P","floor":47,"key":"PURGE"},{"data":"Strike_P","floor":49,"key":"PURGE"},{"data":"Fasting2","floor":53,"key":"SMITH"}],"circlet_count":0,"master_deck":["AscendersBane","Strike_P","Defend_P","Defend_P","Defend_P","Defend_P","Eruption+1","Vigilance","ReachHeaven","WheelKick","BowlingBash","Devotion+1","Tantrum","Brilliance","MostiFishMod:KamiSmash","InnerPeace+1","DeusExMachina","Night Terror+1","Adaptation","Scrawl+1","MostiFishMod:Adaptation","Worship","Fasting2+1","Devotion","CurseOfTheBell","Omniscience","Swivel+1"],"relics":["PureWater","DaveBox","OneHitWonderSystem","SynthV:TestCard","Dota2Spire:Desolator","Dota2Spire:LotusOrb","Dota2Spire:MaskOfMadness","Bronze Scales","Centennial Puzzle","Dota2Spire:OctarineCore","xbg","Dota2Spire:BladeMail","DaCapo","Nunchaku","Dota2Spire:LinkenSphere","SynthV:MejaisSoulstealer","Meat on the Bone","Dota2Spire:Mjollnir","Calling Bell","TeardropLocket","TungstenRod","War Paint","Dota2Spire:ShadowBlade","Peace Pipe","Dota2Spire:CrimsonGuard","Mercury Hourglass","Singing Bowl","Dota2Spire:PhaseBoots"],"acts_visited":["Exordium","Gensokyo:Gensokyo","Gensokyo:Gensokyoer","TheEnding"],"potions_floor_usage":[56],"damage_taken":[{"damage":0.0,"enemies":"Gensokyo:2_Kodama","floor":1.0,"turns":2.0},{"damage":0.0,"enemies":"Gensokyo:Python","floor":2.0,"turns":3.0},{"damage":0.0,"enemies":"Gensokyo:Gryphon","floor":3.0,"turns":2.0},{"damage":0.0,"enemies":"Gensokyo:3_Kodama","floor":5.0,"turns":2.0},{"damage":0.0,"enemies":"Gensokyo:Mamizou","floor":6.0,"turns":6.0},{"damage":0,"enemies":"Gensokyo:Aya","floor":7,"turns":5},{"damage":0,"enemies":"Gensokyo:Aya","floor":8,"turns":5},{"damage":0,"enemies":"Gensokyo:Mamizou","floor":12,"turns":4},{"damage":0,"enemies":"Gensokyo:Kitsune","floor":13,"turns":2},{"damage":0,"enemies":"Gensokyo:Kokoro","floor":16,"turns":6},{"damage":0,"enemies":"Gensokyo:CosmicMonolith","floor":18,"turns":3},{"damage":0,"enemies":"Gensokyo:3_Dogs","floor":19,"turns":3},{"damage":0,"enemies":"Gensokyo:Wraith","floor":21,"turns":3},{"damage":0,"enemies":"Gensokyo:Tenshi","floor":23,"turns":2},{"damage":0,"enemies":"Gensokyo:3_Gloops","floor":24,"turns":3},{"damage":0,"enemies":"Gensokyo:Reisen","floor":25,"turns":4},{"damage":0,"enemies":"Gensokyo:Koishi","floor":28,"turns":5},{"damage":0,"enemies":"Gensokyo:Swordslinger","floor":29,"turns":2},{"damage":0,"enemies":"Gensokyo:Chomper_and_Gloop","floor":30,"turns":3},{"damage":0,"enemies":"Gensokyo:Tenshi","floor":31,"turns":1},{"damage":0,"enemies":"Gensokyo:Eiki","floor":33,"turns":4},{"damage":0,"enemies":"Gensokyo:3_Boulders","floor":35,"turns":1},{"damage":0,"enemies":"Gensokyo:3_Bats","floor":36,"turns":2},{"damage":0,"enemies":"Gensokyo:3_Boulders","floor":38,"turns":3},{"damage":0,"enemies":"Gensokyo:SeedOfUnknown","floor":39,"turns":3},{"damage":0,"enemies":"Gensokyo:Marisa","floor":40,"turns":2},{"damage":0,"enemies":"Gensokyo:Kasen","floor":42,"turns":2},{"damage":0,"enemies":"Gensokyo:Sharpion","floor":44,"turns":1},{"damage":0,"enemies":"Gensokyo:Doremy","floor":46,"turns":1},{"damage":0,"enemies":"Gensokyo:Shinki","floor":50,"turns":5},{"damage":0,"enemies":"Gensokyo:Scarlet_Devils","floor":51,"turns":2},{"damage":0,"enemies":"Shield and Spear","floor":55,"turns":3},{"damage":5,"enemies":"The Heart","floor":56,"turns":3}],"seed_played":"-2639467923959091012","potions_obtained":[{"floor":1.0,"key":"Swift Potion"},{"floor":3.0,"key":"Energy Potion"},{"floor":44,"key":"DuplicationPotion"}],"is_trial":false,"path_per_floor":["M","M","M","?","M","E","?","E","T","R","?","E","M","?","R","B",null,"M","M","?","M","?","E","M","E","T","$","E","M","M","E","R","B",null,"M","M","?","M","M","E","?","E","T","M","$","E","R","?","R","B","B",null,"R","$","E","B"],"character_chosen":"WATCHER","items_purchased":["Dota2Spire:LinkenSphere","SynthV:MejaisSoulstealer"],"campfire_rested":0,"item_purchase_floors":[27,27],"current_hp_per_floor":[1,1,1,1,1,1,1,1,1,1,1,1,1,1,1,1,1,1,1,1,1,1,1,1,1,1,1,1,1,1,1,1,1,1,1,1,1,1,1,1,1,1,1,1,1,3,1,1,1,1,1,1,1,1,1,0,0],"gold":-668,"neow_bonus":"UPGRADE_CARD","is_daily":false,"chose_seed":false,"campfire_upgraded":3,"win_rate":0.0,"timestamp":1613996434,"path_taken":["M","M","M","?","M","E","?","E","T","R","?","E","M","?","R","BOSS","M","M","?","?","?","E","?","E","T","$","E","M","M","E","R","BOSS","M","M","?","M","?","E","?","E","T","M","$","E","R","?","R","BOSS","BOSS","R","$","E","BOSS"],"items_purchased_type":["Relic","Relic"],"build_version":"2020-12-22","purchased_purges":1,"victory":false,"max_hp_per_floor":[1,1,1,1,1,1,1,1,1,1,1,1,1,1,1,1,1,1,1,1,1,1,1,1,1,1,1,1,1,1,1,1,1,1,1,1,1,1,1,1,1,1,1,1,1,3,1,1,1,1,1,1,1,1,1,1,1],"card_choices":[{"not_picked":["Evaluate","Prostrate"],"picked":"ReachHeaven","floor":1.0},{"not_picked":["CarveReality","MostiFishMod:LegendTransform","EmptyFist","Evaluate"],"picked":"WheelKick","floor":2.0},{"not_picked":["FlurryOfBlows","SashWhip","ForeignInfluence","JustLucky","Protect"],"picked":"SKIP","floor":3.0},{"not_picked":["EmptyFist","Consecrate","MostiFishMod:Unraveling","Protect"],"picked":"BowlingBash","floor":5.0},{"not_picked":["Halt","CutThroughFate","Protect","CrushJoints"],"picked":"Devotion","floor":6.0},{"not_picked":["Adaptation","Consecrate","CrushJoints","EmptyBody","WaveOfTheHand"],"picked":"SKIP","floor":7},{"not_picked":["SashWhip","Protect","MostiFishMod:Dust","Prostrate"],"picked":"Tantrum","floor":8},{"not_picked":["MostiFishMod:Dust","EmptyFist","Pray","MostiFishMod:Clarity"],"picked":"Brilliance","floor":12},{"not_picked":["CrushJoints","MostiFishMod:ScryFuture","Evaluate","SashWhip","Swivel"],"picked":"SKIP","floor":13},{"not_picked":["MostiFishMod:OutWit","MostiFishMod:StarHerder","MostiFishMod:StarOceanP","Wish"],"picked":"MostiFishMod:KamiSmash","floor":16},{"not_picked":["Consecrate","FollowUp+1","LikeWater","MostiFishMod:FlowState+1","BowlingBash"],"picked":"SKIP","floor":18},{"not_picked":["CrushJoints","Nirvana","ThirdEye","Prostrate","Crescendo"],"picked":"SKIP","floor":19},{"not_picked":["Prostrate","SashWhip","Crescendo+1","Protect"],"picked":"DeusExMachina","floor":21},{"not_picked":["Consecrate","CrushJoints","JustLucky","Halt"],"picked":"Adaptation","floor":23},{"not_picked":["Collect+1","WindmillStrike+1","Consecrate","Indignation"],"picked":"Scrawl","floor":24},{"not_picked":["PathToVictory","ConjureBlade","MostiFishMod:LegendTransform","FearNoEvil"],"picked":"MostiFishMod:Adaptation","floor":25},{"not_picked":["FlyingSleeves+1","CutThroughFate","EmptyBody","BowlingBash","Worship"],"picked":"SKIP","floor":28},{"not_picked":["FlyingSleeves+1","CutThroughFate","EmptyBody","BowlingBash"],"picked":"Worship","floor":28},{"not_picked":["JustLucky","MostiFishMod:PathToVictory","ThirdEye+1","EmptyFist","Vengeance+1"],"picked":"SKIP","floor":29},{"not_picked":["WreathOfFlame","CutThroughFate","WaveOfTheHand","JustLucky"],"picked":"Fasting2","floor":30},{"not_picked":["MentalFortress","JustLucky+1","WreathOfFlame","Nirvana","MostiFishMod:FlowState"],"picked":"SKIP","floor":31},{"not_picked":["MostiFishMod:StarHerder","SpiritShield","MostiFishMod:OutWit","MostiFishMod:Pointsdynamics"],"picked":"Devotion","floor":33},{"not_picked":["Crescendo","FearNoEvil","Collect","Prostrate","ForeignInfluence"],"picked":"SKIP","floor":35},{"not_picked":["SandsOfTime","CutThroughFate","Weave","Indignation+1","Crescendo"],"picked":"SKIP","floor":36},{"not_picked":["WaveOfTheHand","Wallop+1","ReachHeaven","JustLucky","ClearTheMind+1"],"picked":"SKIP","floor":38},{"not_picked":["LikeWater+1","WreathOfFlame","Protect","PathToVictory","MostiFishMod:ScryFuture+1"],"picked":"SKIP","floor":39},{"not_picked":["Halt","ForeignInfluence","JustLucky","WreathOfFlame+1","LikeWater"],"picked":"SKIP","floor":40},{"not_picked":["CutThroughFate","SignatureMove","Perseverance","PathToVictory+1"],"picked":"Omniscience","floor":42},{"not_picked":["FlyingSleeves","CutThroughFate","FollowUp","SashWhip+1","Halt"],"picked":"SKIP","floor":44},{"not_picked":["Vengeance+1","EmptyFist+1","WindmillStrike","Tantrum+1","ForeignInfluence"],"picked":"Singing Bowl","floor":46},{"not_picked":["Halt","Brilliance","Crescendo","CrushJoints"],"picked":"Swivel+1","floor":55}],"player_experience":414729,"relics_obtained":[{"floor":1.0,"key":"SynthV:TestCard"},{"floor":6.0,"key":"Dota2Spire:LotusOrb"},{"floor":7,"key":"Dota2Spire:MaskOfMadness"},{"floor":8,"key":"Bronze Scales"},{"floor":12,"key":"Dota2Spire:OctarineCore"},{"floor":23,"key":"Dota2Spire:BladeMail"},{"floor":25,"key":"DaCapo"},{"floor":26,"key":"Nunchaku"},{"floor":28,"key":"Meat on the Bone"},{"floor":31,"key":"Dota2Spire:Mjollnir"},{"floor":34,"key":"TeardropLocket"},{"floor":34,"key":"TungstenRod"},{"floor":34,"key":"War Paint"},{"floor":40,"key":"Dota2Spire:ShadowBlade"},{"floor":42,"key":"Dota2Spire:CrimsonGuard"},{"floor":43,"key":"Mercury Hourglass"},{"floor":46,"key":"Singing Bowl"},{"floor":55,"key":"Dota2Spire:PhaseBoots"}],"event_choices":[],"is_beta":false,"boss_relics":[{"not_picked":["EE1DDrone","Ectoplasm"],"picked":"xbg"},{"not_picked":["Cursed Key","SlaversCollar"],"picked":"Calling Bell"}],"items_purged_floors":[27],"is_endless":false,"potions_floor_spawned":[1,3,6,8,12,21,24,25,28,29,30,40,42,44,55],"killed_by":"The Heart","ascension_level":20}}