{"host":"wbn3xdfsa5pc2kse","time":1613995824,"event":{"mods":["AchievementEnabler","BaseMod","Bestiary","Colored Map","Colored Powertips","Curses Come First","Highlight Path","Minty Spire (QoL Compilation)","Permanent Neow","Rare Cards Sparkle","Relic Stats","StSLib"],"gold_per_floor":[114,126,146,164,239,239,239,7,7,32,32,62,62,76,76,76,76],"floor_reached":16,"language":"ZHT","playtime":529,"items_purged":["Regret"],"score":243,"play_id":"c75ab951-73e7-4df6-a216-741aa266592e","local_time":"20210222201024","is_ascension_mode":true,"campfire_choices":[{"data":"Transmutation","floor":6,"key":"SMITH"},{"data":"Feed","floor":11,"key":"SMITH"},{"floor":15,"key":"REST"}],"circlet_count":0,"master_deck":["AscendersBane","Strike_R","Strike_R","Strike_R","Strike_R","Strike_R","Defend_R","Defend_R","Defend_R","Defend_R","Bash","Transmutation+1","Ghostly Armor","Pommel Strike","Cleave","Offering","Feed+1","Dual Wield"],"relics":["Burning Blood","Medical Kit","Blood Vial","HornCleat","Magic Flower"],"acts_visited":["Exordium"],"potions_floor_usage":[10,16,16],"damage_taken":[{"damage":17,"enemies":"Small Slimes","floor":1,"turns":5},{"damage":6,"enemies":"2 Louse","floor":2,"turns":4},{"damage":10,"enemies":"Jaw Worm","floor":3,"turns":3},{"damage":4,"enemies":"2 Fungi Beasts","floor":4,"turns":3},{"damage":6,"enemies":"3 Sentries","floor":10,"turns":6},{"damage":47,"enemies":"Gremlin Nob","floor":12,"turns":6},{"damage":10,"enemies":"Red Slaver","floor":14,"turns":5},{"damage":44,"enemies":"Hexaghost","floor":16,"turns":11}],"seed_played":"5338889063887705113","potions_obtained":[{"floor":2,"key":"FairyPotion"},{"floor":3,"key":"Dexterity Potion"},{"floor":12,"key":"Energy Potion"},{"floor":13,"key":"BlessingOfTheForge"}],"is_trial":false,"path_per_floor":["M","M","M","M","?","R","?","$","T","E","R","E","?","M","R","B"],"character_chosen":"IRONCLAD","items_purchased":["Medical Kit"],"campfire_rested":1,"item_purchase_floors":[8],"current_hp_per_floor":[57,57,53,55,44,44,49,49,49,51,51,16,16,18,43,2,2],"gold":76,"neow_bonus":"RANDOM_COLORLESS_2","is_daily":false,"chose_seed":false,"campfire_upgraded":2,"win_rate":0.0,"timestamp":1613995824,"path_taken":["M","M","M","M","?","R","?","?","T","E","R","E","?","M","R","BOSS"],"items_purchased_type":["Relic"],"build_version":"2020-12-22","purchased_purges":1,"victory":false,"max_hp_per_floor":[75,75,75,75,75,75,80,80,80,80,80,84,84,84,84,84,84],"relic_stats":{"Blood Vial":10,"counters":[8,43],"Magic Flower":[5],"Medical Kit":[0],"obtain_stats":[{"Blood Vial":9,"HornCleat":10,"Magic Flower":12,"Medical Kit":8,"Burning Blood":0},{"Blood Vial":4,"HornCleat":5,"Magic Flower":6,"Medical Kit":4,"Burning Blood":0},{"Blood Vial":15,"HornCleat":21,"Magic Flower":27,"Medical Kit":15,"Burning Blood":0}],"Burning Blood":45},"card_choices":[{"not_picked":["Violence","Panache"],"picked":"Transmutation","floor":0},{"not_picked":["Body Slam","Thunderclap"],"picked":"Ghostly Armor","floor":1},{"not_picked":["Inflame","Perfected Strike"],"picked":"Pommel Strike","floor":2},{"not_picked":["Reckless Charge","Pummel"],"picked":"Cleave","floor":3},{"not_picked":["Perfected Strike","Clash"],"picked":"Offering","floor":4},{"not_picked":["Cleave","Havoc"],"picked":"Feed","floor":10},{"not_picked":["Wild Strike","Ghostly Armor"],"picked":"Dual Wield","floor":12},{"not_picked":["Havoc","Ghostly Armor","Combust"],"picked":"SKIP","floor":14}],"player_experience":852803,"relics_obtained":[{"floor":9,"key":"Blood Vial"},{"floor":10,"key":"HornCleat"},{"floor":12,"key":"Magic Flower"}],"event_choices":[{"damage_healed":0,"gold_gain":75,"player_choice":"Gather Gold","damage_taken":11,"max_hp_gain":0,"max_hp_loss":0,"event_name":"World of Goop","floor":5,"gold_loss":0},{"damage_healed":0,"gold_gain":0,"player_choice":"Donut","damage_taken":0,"max_hp_gain":5,"max_hp_loss":0,"event_name":"Big Fish","floor":7,"gold_loss":0},{"damage_healed":0,"gold_gain":0,"player_choice":"Got Potions","damage_taken":0,"max_hp_gain":0,"max_hp_loss":0,"event_name":"Lab","floor":13,"gold_loss":0}],"is_beta":false,"boss_relics":[],"items_purged_floors":[8],"is_endless":false,"potions_floor_spawned":[2,3,12,14],"killed_by":"Hexaghost","ascension_level":16}}