{"host":"e8hwgc5hwysw32tq","time":1613958107,"event":{"mods":["BaseMod","Downfall","Googly Eyes","Minty Spire (QoL Compilation)","StSLib","Together in Spire"],"gold_per_floor":[359,359,5,25,35,35,70,73,73,73,107,134,146,158,170,278,290,320,349,376,34,52,81,81,91,168,29,29,79,105,125,125,230,230,247,258,311,331,343,673,673,523,549,583,276,276,296,246,246,246,246,246,165,198,198],"floor_reached":56,"language":"ENG","playtime":3125,"items_purged":["Strike_B","Strike_B","Defend_B","Defend_B","Strike_B","Shame","Parasite"],"score":1082,"play_id":"0e0488ca-1a7b-4889-8755-65df9aa3b073","local_time":"20210221174147","is_ascension_mode":false,"campfire_choices":[{"floor":6.0,"key":"REST"},{"floor":13.0,"key":"REST"},{"data":"Defragment","floor":15.0,"key":"SMITH"},{"data":"Amplify","floor":24.0,"key":"SMITH"},{"data":"Heatsinks","floor":32.0,"key":"SMITH"},{"data":"Defragment","floor":49,"key":"SMITH"},{"data":"Storm","floor":52,"key":"SMITH"}],"circlet_count":0,"master_deck":["Defend_B+1","Zap","Dualcast","Defragment+1","Turbo","Lockon+1","Chill","Defragment+1","Storm+1","Leap","Cold Snap+1","Conserve Battery+1","Amplify+1","Auto Shields","Machine Learning","BootSequence+1","White Noise+1","Heatsinks+1","Chaos+1","Chill+1","Skim","Defragment+1","Defragment+1","Defragment"],"relics":["Cracked Core","Pocketwatch","Runic Capacitor","Bag of Marbles","MawBank","Sozu","Membership Card","Bird Faced Urn","Mercury Hourglass","Bottled Flame","Medical Kit","HornCleat","War Paint","Eternal Feather","SlaversCollar","Gambling Chip","Old Coin","Blue Candle","Akabeko","Smiling Mask","CeramicFish","Torii","HandDrill","Whetstone"],"acts_visited":["TheEnding"],"potions_floor_usage":[],"damage_taken":[{"damage":2.0,"enemies":"Small Slimes","floor":1.0,"turns":2.0},{"damage":0.0,"enemies":"Cultist","floor":4.0,"turns":2.0},{"damage":1.0,"enemies":"Jaw Worm","floor":5.0,"turns":2.0},{"damage":0.0,"enemies":"Lagavulin","floor":7.0,"turns":4.0},{"damage":10.0,"enemies":"Looter","floor":8.0,"turns":2.0},{"damage":4.0,"enemies":"Gremlin Nob","floor":11.0,"turns":3.0},{"damage":6.0,"enemies":"Blue Slaver","floor":12.0,"turns":2.0},{"damage":6.0,"enemies":"The Guardian","floor":16.0,"turns":6.0},{"damage":3.0,"enemies":"Shell Parasite","floor":18.0,"turns":4.0},{"damage":0.0,"enemies":"2 Thieves","floor":19.0,"turns":3.0},{"damage":12.0,"enemies":"Shelled Parasite and Fungi","floor":20.0,"turns":2.0},{"damage":0.0,"enemies":"Snecko","floor":22.0,"turns":2.0},{"damage":3.0,"enemies":"Book of Stabbing","floor":23.0,"turns":3.0},{"damage":0.0,"enemies":"Chosen and Byrds","floor":25.0,"turns":3.0},{"damage":0.0,"enemies":"Slavers","floor":30.0,"turns":3.0},{"damage":4.0,"enemies":"Snake Plant","floor":31.0,"turns":2.0},{"damage":0.0,"enemies":"Collector","floor":33.0,"turns":4.0},{"damage":0.0,"enemies":"3 Shapes","floor":35.0,"turns":2.0},{"damage":0.0,"enemies":"3 Darklings","floor":36.0,"turns":3.0},{"damage":3.0,"enemies":"2 Orb Walkers","floor":37.0,"turns":4.0},{"damage":0.0,"enemies":"Writhing Mass","floor":38.0,"turns":4.0},{"damage":1.0,"enemies":"Spire Growth","floor":39.0,"turns":4.0},{"damage":0.0,"enemies":"Nemesis","floor":40.0,"turns":3.0},{"damage":0,"enemies":"Reptomancer","floor":44,"turns":3},{"damage":0,"enemies":"Jaw Worm Horde","floor":47,"turns":1},{"damage":1,"enemies":"Time Eater","floor":50,"turns":4},{"damage":0,"enemies":"Shield and Spear","floor":54,"turns":2},{"damage":41,"enemies":"The Heart","floor":55,"turns":4}],"seed_played":"-6559132280617697115","potions_obtained":[{"floor":1.0,"key":"SteroidPotion"},{"floor":5.0,"key":"SteroidPotion"}],"is_trial":false,"path_per_floor":["M","?","$","M","M","R","E","M","T","?","E","M","R","?","R","B",null,"M","M","M","$","M","E","R","M","T","$","?","T","E","M","R","B",null,"M","M","?","M","M","E","?","$","T","E","$","?","M","$","R","B",null,"R","$","E","B",null],"character_chosen":"DEFECT","items_purchased":["Runic Capacitor","Turbo","Lockon","Membership Card","Bird Faced Urn","Medical Kit","Akabeko","Torii","HandDrill","Defragment","Defragment"],"campfire_rested":2,"item_purchase_floors":[3,3,3,21,21,27,42,45,45,45,53],"current_hp_per_floor":[52,19,19,19,18,40,40,30,30,23,19,13,35,35,35,29,75,72,72,60,60,66,71,71,75,75,75,75,75,75,73,75,75,75,75,75,75,75,75,75,70,70,70,75,75,75,75,75,75,75,75,75,72,72,45],"gold":198,"neow_bonus":"TWO_FIFTY_GOLD","is_daily":false,"chose_seed":false,"campfire_upgraded":5,"win_rate":0.0,"timestamp":1613958107,"path_taken":["M","?","$","M","M","R","E","M","T","?","E","M","R","?","R","BOSS","M","M","M","$","M","E","R","?","T","$","?","?","E","M","R","BOSS","M","M","?","M","M","E","?","$","T","E","$","?","M","$","R","BOSS","R","$","E","BOSS"],"items_purchased_type":["Relic","Card","Card","Relic","Relic","Relic","Relic","Relic","Relic","Card","Card"],"build_version":"2020-12-22","purchased_purges":7,"victory":true,"max_hp_per_floor":[75,75,75,75,75,75,75,75,75,75,75,75,75,75,75,75,75,75,75,75,75,75,75,75,75,75,75,75,75,75,75,75,75,75,75,75,75,75,75,75,75,75,75,75,75,75,75,75,75,75,75,75,72,72,72],"card_choices":[{"not_picked":["Stack","Beam Cell"],"picked":"Defragment","floor":1.0},{"not_picked":["Scrape","Leap"],"picked":"Chill","floor":4.0},{"not_picked":["Stack","Beam Cell"],"picked":"Defragment","floor":5.0},{"not_picked":["Hologram","Streamline"],"picked":"Storm","floor":7.0},{"not_picked":["Turbo","Hologram"],"picked":"Leap","floor":8.0},{"not_picked":["Compile Driver","FTL"],"picked":"Cold Snap","floor":11.0},{"not_picked":["Genetic Algorithm","Stack"],"picked":"Conserve Battery","floor":12.0},{"not_picked":["Reboot","Seek"],"picked":"Amplify","floor":16.0},{"not_picked":["Streamline","Undo","Cold Snap+1"],"picked":"SKIP","floor":18.0},{"not_picked":["Gash+1","Cold Snap","Beam Cell"],"picked":"SKIP","floor":19.0},{"not_picked":["Rip and Tear","Gash+1"],"picked":"Auto Shields","floor":20.0},{"not_picked":["Turbo","Compile Driver"],"picked":"Machine Learning","floor":22.0},{"not_picked":["Chill+1","Redo"],"picked":"BootSequence+1","floor":23.0},{"not_picked":["Ball Lightning","Conserve Battery"],"picked":"White Noise+1","floor":25.0},{"not_picked":["Turbo","Fission"],"picked":"Heatsinks","floor":30.0},{"not_picked":["Redo+1","FTL"],"picked":"Chaos+1","floor":31.0},{"not_picked":["Streamline","Gash"],"picked":"Chill+1","floor":35.0},{"not_picked":["Leap","Undo"],"picked":"Skim","floor":36.0},{"not_picked":["Stack","Steam+1","Streamline+1"],"picked":"SKIP","floor":38.0},{"not_picked":["Machine Learning","Leap+1","Heatsinks+1"],"picked":"SKIP","floor":39.0},{"not_picked":["Steam","Steam Power","Ball Lightning+1"],"picked":"SKIP","floor":40.0},{"not_picked":["Stack","Beam Cell"],"picked":"Defragment+1","floor":44},{"not_picked":["Scrape+1","Leap","Chill"],"picked":"SKIP","floor":47},{"not_picked":["Barrage+1","Cold Snap+1","Steam+1"],"picked":"SKIP","floor":54}],"player_experience":467847,"relics_obtained":[{"floor":7.0,"key":"Bag of Marbles"},{"floor":11.0,"key":"MawBank"},{"floor":23.0,"key":"Mercury Hourglass"},{"floor":26.0,"key":"Bottled Flame"},{"floor":29.0,"key":"War Paint"},{"floor":30.0,"key":"Eternal Feather"},{"floor":37.0,"key":"Gambling Chip"},{"floor":40.0,"key":"Old Coin"},{"floor":43.0,"key":"Smiling Mask"},{"floor":44,"key":"CeramicFish"},{"floor":54,"key":"Whetstone"}],"event_choices":[{"damage_healed":0.0,"max_hp_gain":0.0,"max_hp_loss":0.0,"gold_gain":0.0,"event_name":"Scrap Ooze","player_choice":"Success","floor":2.0,"gold_loss":0.0,"damage_taken":33.0,"relics_obtained":["Pocketwatch"]},{"cards_removed":["Defend_B"],"damage_healed":0.0,"max_hp_gain":0.0,"max_hp_loss":0.0,"gold_gain":0.0,"event_name":"Golden Wing","player_choice":"Card Removal","floor":10.0,"gold_loss":0.0,"damage_taken":7.0},{"damage_healed":0.0,"max_hp_gain":0.0,"max_hp_loss":0.0,"gold_gain":0.0,"event_name":"Accursed Blacksmith","player_choice":"Forge","floor":14.0,"gold_loss":0.0,"damage_taken":0.0,"cards_upgraded":["Defragment"]},{"damage_healed":0.0,"max_hp_gain":0.0,"max_hp_loss":0.0,"gold_gain":0.0,"event_name":"Addict","player_choice":"Stole Relic","floor":28.0,"gold_loss":0.0,"damage_taken":0.0,"relics_obtained":["HornCleat"],"cards_obtained":["Shame"]},{"damage_healed":0.0,"max_hp_gain":0.0,"max_hp_loss":0.0,"gold_gain":0.0,"event_name":"Mysterious Sphere","player_choice":"Fight","floor":37.0,"gold_loss":0.0,"damage_taken":0.0},{"cards_removed":["Strike_B"],"damage_healed":0,"gold_gain":0,"player_choice":"Removed Attack","damage_taken":0,"max_hp_gain":0,"max_hp_loss":0,"event_name":"Falling","floor":46,"gold_loss":0}],"is_beta":false,"boss_relics":[{"not_picked":["Calling Bell","Ectoplasm"],"picked":"Sozu"},{"not_picked":["Tiny House","Snecko Eye"],"picked":"SlaversCollar"}],"items_purged_floors":[3,21,27,42,45,48,53],"is_endless":false,"potions_floor_spawned":[1,5,18,19,30,33,37,38,40,44,54],"ascension_level":0}}