{"host":"ilhhjx796p2x2wmd","time":1613954290,"event":{"mods":["AchievementEnabler","BaseMod","BetterRewards","Colored Map","Colored Powertips","DeckTracker","Highlight Path","Minty Spire (QoL Compilation)","Permanent Neow","Rare Cards Sparkle","Shop Mod"],"gold_per_floor":[18,29,44,57,68,68,103,203,280,280,52,81,91,91,91],"floor_reached":14,"language":"KOR","playtime":445,"items_purged":["Defend_R"],"score":153,"play_id":"5842c179-30f7-4e9f-a9b8-4de69579e7be","local_time":"20210222093810","is_ascension_mode":true,"campfire_choices":[{"data":"Thinking Ahead","floor":6,"key":"SMITH"},{"floor":10,"key":"REST"}],"circlet_count":0,"master_deck":["AscendersBane","Strike_R","Strike_R","Strike_R","Strike_R","Strike_R","Defend_R","Defend_R","Defend_R","Bash","Thinking Ahead+1","Wild Strike","Perfected Strike","Whirlwind","Shrug It Off","Feel No Pain","Battle Trance","Demon Form"],"relics":["Burning Blood","Vajra","Bottled Flame","Chemical X","Calipers"],"acts_visited":["Exordium"],"potions_floor_usage":[2,7,13,14],"damage_taken":[{"damage":9,"enemies":"2 Louse","floor":1,"turns":3},{"damage":1,"enemies":"Cultist","floor":2,"turns":3},{"damage":12,"enemies":"Jaw Worm","floor":3,"turns":2},{"damage":21,"enemies":"Exordium Thugs","floor":4,"turns":4},{"damage":12,"enemies":"Looter","floor":5,"turns":3},{"damage":40,"enemies":"Lagavulin","floor":7,"turns":5},{"damage":35,"enemies":"Gremlin Nob","floor":12,"turns":4},{"damage":13,"enemies":"Blue Slaver","floor":13,"turns":2},{"damage":7,"enemies":"3 Sentries","floor":14,"turns":2}],"seed_played":"1836945825090238990","potions_obtained":[{"floor":1,"key":"SteroidPotion"},{"floor":2,"key":"Fruit Juice"},{"floor":3,"key":"ColorlessPotion"},{"floor":13,"key":"Energy Potion"}],"is_trial":false,"path_per_floor":["M","M","M","M","M","R","E","?","T","R","$","E","M","E"],"character_chosen":"IRONCLAD","items_purchased":["Chemical X"],"campfire_rested":1,"item_purchase_floors":[11],"current_hp_per_floor":[69,79,73,58,52,52,18,18,18,43,43,14,7,0,0],"gold":91,"neow_bonus":"RANDOM_COLORLESS_2","is_daily":false,"chose_seed":false,"campfire_upgraded":1,"win_rate":0.0,"timestamp":1613954290,"path_taken":["M","M","M","M","M","R","E","?","T","R","$","E","M","E"],"items_purchased_type":["Relic"],"build_version":"2020-12-22","purchased_purges":1,"victory":false,"max_hp_per_floor":[80,85,85,85,85,85,85,85,85,85,85,85,85,85,85],"card_choices":[{"not_picked":["Secret Weapon","Chrysalis"],"picked":"Thinking Ahead","floor":0},{"not_picked":["Flex","Twin Strike"],"picked":"Wild Strike","floor":1},{"not_picked":["Sword Boomerang","Wild Strike"],"picked":"Perfected Strike","floor":2},{"not_picked":["Pommel Strike","True Grit"],"picked":"Whirlwind","floor":3},{"not_picked":["Blood for Blood","Warcry"],"picked":"Shrug It Off","floor":4},{"not_picked":["Twin Strike","Burning Pact"],"picked":"Feel No Pain","floor":5},{"not_picked":["Hemokinesis","Carnage"],"picked":"Battle Trance","floor":7},{"not_picked":["Headbutt","Whirlwind"],"picked":"Demon Form","floor":12},{"not_picked":["Body Slam","Havoc","Warcry"],"picked":"SKIP","floor":13}],"player_experience":353142,"relics_obtained":[{"floor":7,"key":"Vajra"},{"floor":9,"key":"Bottled Flame"},{"floor":12,"key":"Calipers"}],"event_choices":[{"damage_healed":0,"gold_gain":100,"player_choice":"Pray","damage_taken":0,"max_hp_gain":0,"max_hp_loss":0,"event_name":"Golden Shrine","floor":8,"gold_loss":0}],"is_beta":false,"boss_relics":[],"items_purged_floors":[11],"is_endless":false,"potions_floor_spawned":[1,2,3,13],"killed_by":"3 Sentries","ascension_level":10}}