{"host":"72n3jwtrlpjobydj","time":1613985717,"event":{"mods":["AchievementEnabler","Act Like it!","Arknights","BaseMod","CapriCore","DeckTracker","Hermit","Koishi","Lobotomy","Marisa£¨Ùöéë¡¡Øª×âÞÞ£©","Minty Spire (QoL Compilation)","Permanent Neow","StSLib","SuperFastMode","The Cursed","The Gatherer","The Hierophant","The Immortal"],"gold_per_floor":[110,185,145,70,81,81,99,112,112,128,146,158,222,222,222,222,222],"floor_reached":16,"language":"KOR","playtime":438,"items_purged":["ats:Defend"],"score":94,"play_id":"0b5cb70d-4241-407b-b57b-6fff19ddb0a7","local_time":"20210222182157","is_ascension_mode":false,"campfire_choices":[{"floor":6,"key":"REST"},{"floor":15,"key":"REST"}],"circlet_count":0,"master_deck":["ats:Strike C","ats:Strike G","ats:Strike S","ats:Strike V","ats:Armor Crushing Shot","ats:Defend","ats:Defend","ats:Defend","ats:Emotion Absorption","ats:Consecutive Shot Auto","ats:Consecutive Shot Auto","ats:Powerful Strike","ats:Explosion Area Strengthen","ats:Flexible Camouflage"],"relics":["ats:Sanity","Bag of Preparation","Matryoshka"],"acts_visited":["Exordium"],"potions_floor_usage":[11,12,13,13],"damage_taken":[{"damage":19,"enemies":"Jaw Worm","floor":1,"turns":4},{"damage":9,"enemies":"Cultist","floor":5,"turns":4},{"damage":2,"enemies":"2 Louse","floor":7,"turns":3},{"damage":17,"enemies":"2 Fungi Beasts","floor":8,"turns":5},{"damage":8,"enemies":"Exordium Wildlife","floor":10,"turns":6},{"damage":6,"enemies":"3 Louse","floor":11,"turns":4},{"damage":0,"enemies":"Large Slime","floor":12,"turns":3},{"damage":20,"enemies":"Lagavulin Event","floor":13,"turns":4},{"damage":32,"enemies":"Slime Boss","floor":16,"turns":6}],"seed_played":"-5541437018195045958","potions_obtained":[{"floor":3,"key":"PowerPotion"},{"floor":3,"key":"EssenceOfSteel"},{"floor":3,"key":"Ancient Potion"},{"floor":12,"key":"Strength Potion"}],"is_trial":false,"path_per_floor":["M","?","?","$","M","R","M","M","T","M","M","M","?","?","R","B"],"character_chosen":"DOCTOR_CLASS","items_purchased":[],"campfire_rested":2,"item_purchase_floors":[],"current_hp_per_floor":[53,42,42,42,33,54,52,35,35,27,21,21,1,1,22,0,0],"gold":222,"neow_bonus":"RANDOM_COMMON_RELIC","is_daily":false,"chose_seed":false,"campfire_upgraded":0,"win_rate":0.0,"timestamp":1613985717,"path_taken":["M","?","?","$","M","R","M","M","T","M","?","M","?","?","R","BOSS"],"items_purchased_type":[],"build_version":"2020-12-22","purchased_purges":1,"victory":false,"max_hp_per_floor":[72,72,72,72,72,72,72,72,72,72,72,72,72,72,72,72,72],"card_choices":[{"not_picked":["ats:Absolute Focus","ats:Support Order"],"picked":"ats:Consecutive Shot Auto","floor":1},{"not_picked":["ats:Shell Defense","ats:Revitalization","ats:Thorns"],"picked":"SKIP","floor":5},{"not_picked":["ats:Part Time Job","ats:Blood Oath"],"picked":"ats:Consecutive Shot Auto","floor":7},{"not_picked":["ats:Revitalization","ats:Echo Reverb","ats:Sunburst"],"picked":"SKIP","floor":8},{"not_picked":["ats:Hammer On","ats:Red Shift"],"picked":"ats:Powerful Strike","floor":10},{"not_picked":["ats:Closed Bolt Burst Fire","ats:Mental Burst"],"picked":"ats:Explosion Area Strengthen","floor":11},{"not_picked":["ats:Spore Proliferation","ats:Sashimi Platter"],"picked":"ats:Flexible Camouflage","floor":12}],"player_experience":123183,"relics_obtained":[{"floor":13,"key":"Matryoshka"}],"event_choices":[{"damage_healed":0,"gold_gain":75,"player_choice":"Gather Gold","damage_taken":11,"max_hp_gain":0,"max_hp_loss":0,"event_name":"World of Goop","floor":2,"gold_loss":0},{"damage_healed":0,"gold_gain":0,"player_choice":"Bought 3 Potions","damage_taken":0,"max_hp_gain":0,"max_hp_loss":0,"event_name":"The Woman in Blue","floor":3,"gold_loss":0},{"damage_healed":0,"gold_gain":0,"player_choice":"Searched \u00271\u0027 times","damage_taken":0,"max_hp_gain":0,"max_hp_loss":0,"event_name":"Dead Adventurer","floor":13,"gold_loss":0},{"damage_healed":0,"gold_gain":0,"player_choice":"Ignored","damage_taken":0,"max_hp_gain":0,"max_hp_loss":0,"event_name":"Shining Light","floor":14,"gold_loss":0}],"is_beta":false,"boss_relics":[],"items_purged_floors":[4],"is_endless":false,"potions_floor_spawned":[7,11,12],"killed_by":"Slime Boss","ascension_level":0}}