{"host":"fuszjwm6fqgjjp4d","time":1613967975,"event":{"mods":["BaseMod","Colored Map","Minty Spire (QoL Compilation)","Permanent Neow","Relic Sorter","Relic Stats","StSLib"],"gold_per_floor":[113,38,38,57,57,57,92,92,171,171,204,204,37,55,55,134,134,148,167,167,167,178,178,196,196,220,243,243,271,300,326,326,326,326],"floor_reached":33,"language":"ENG","playtime":648,"items_purged":[],"score":700,"play_id":"44510ff2-bb09-4642-a474-3c3b630e4896","local_time":"20210221222615","is_ascension_mode":true,"campfire_choices":[{"data":"Perfected Strike","floor":6,"key":"SMITH"},{"data":"Power Through","floor":8,"key":"SMITH"},{"data":"Strike_R","floor":10,"key":"SMITH"},{"data":"Twin Strike","floor":15,"key":"SMITH"},{"data":"Ghostly","floor":23,"key":"SMITH"},{"data":"Ghostly","floor":25,"key":"SMITH"},{"data":"Ghostly","floor":28,"key":"SMITH"},{"data":"Inflame","floor":32,"key":"SMITH"}],"circlet_count":0,"master_deck":["AscendersBane","Strike_R","Strike_R","Strike_R","Strike_R+1","Strike_R+1","Defend_R","Defend_R","Bash+1","Perfected Strike+1","Power Through+1","Twin Strike+1","Reaper","Twin Strike","Wild Strike","Ghostly+1","Ghostly+1","Ghostly+1","Pain","Headbutt","Offering","Inflame+1","Reaper"],"relics":["Burning Blood","NeowsBlessing","Turnip","Eternal Feather","Gremlin Horn","Kunai","Lee\u0027s Waffle","Coffee Dripper","WarpedTongs","CeramicFish","HornCleat"],"acts_visited":["Exordium","TheCity"],"potions_floor_usage":[11,16,16,22,22,33],"damage_taken":[{"damage":0,"enemies":"Small Slimes","floor":1,"turns":1},{"damage":0,"enemies":"2 Louse","floor":4,"turns":1},{"damage":0,"enemies":"Lagavulin","floor":7,"turns":1},{"damage":25,"enemies":"3 Sentries","floor":11,"turns":7},{"damage":0,"enemies":"Cultist","floor":14,"turns":2},{"damage":0,"enemies":"Slime Boss","floor":16,"turns":4},{"damage":11,"enemies":"Shell Parasite","floor":18,"turns":3},{"damage":15,"enemies":"Spheric Guardian","floor":19,"turns":4},{"damage":19,"enemies":"3 Cultists","floor":22,"turns":6},{"damage":4,"enemies":"Sentry and Sphere","floor":24,"turns":4},{"damage":1,"enemies":"Centurion and Healer","floor":27,"turns":5},{"damage":14,"enemies":"Snake Plant","floor":29,"turns":3},{"damage":19,"enemies":"Slavers","floor":30,"turns":7},{"damage":9,"enemies":"3 Cultists","floor":31,"turns":4},{"damage":107,"enemies":"Collector","floor":33,"turns":7}],"seed_played":"7137871112759948162","potions_obtained":[{"floor":1,"key":"LiquidMemories"},{"floor":11,"key":"Energy Potion"},{"floor":14,"key":"CultistPotion"},{"floor":16,"key":"ElixirPotion"},{"floor":19,"key":"LiquidMemories"},{"floor":27,"key":"FairyPotion"},{"floor":29,"key":"Dexterity Potion"}],"is_trial":false,"path_per_floor":["M","?","?","M","?","R","E","R","T","R","E","?","$","M","R","B",null,"M","M","?","?","M","R","M","R","T","M","R","M","E","M","R","B"],"character_chosen":"IRONCLAD","items_purchased":["Lee\u0027s Waffle"],"campfire_rested":0,"item_purchase_floors":[13],"current_hp_per_floor":[74,74,74,75,52,52,58,58,58,64,45,19,82,82,82,82,82,77,72,41,41,32,41,41,41,41,41,41,33,31,34,41,0,0],"gold":326,"neow_bonus":"THREE_ENEMY_KILL","is_daily":false,"chose_seed":false,"campfire_upgraded":8,"win_rate":0.0,"timestamp":1613967975,"path_taken":["M","?","?","?","?","R","E","R","T","R","E","?","$","M","R","BOSS","M","M","?","?","M","R","M","R","T","?","R","M","E","M","R","BOSS"],"items_purchased_type":["Relic"],"build_version":"2020-12-22","purchased_purges":0,"victory":false,"max_hp_per_floor":[75,75,75,75,75,75,75,75,75,75,75,75,82,82,82,82,82,82,82,41,41,41,41,41,41,41,41,41,41,41,41,41,41,41],"relic_stats":{"Lee\u0027s Waffle":63,"Gremlin Horn":[10,10],"counters":[15,59],"CeramicFish":27,"Eternal Feather":22,"Turnip":[20],"Kunai":[19],"obtain_stats":[{"Lee\u0027s Waffle":13,"HornCleat":30,"NeowsBlessing":0,"Gremlin Horn":11,"CeramicFish":26,"Eternal Feather":9,"Turnip":7,"Coffee Dripper":17,"Kunai":12,"Burning Blood":0,"WarpedTongs":21},{"Lee\u0027s Waffle":4,"HornCleat":13,"NeowsBlessing":0,"Gremlin Horn":4,"CeramicFish":10,"Eternal Feather":3,"Turnip":3,"Coffee Dripper":6,"Kunai":4,"Burning Blood":0,"WarpedTongs":8},{"Lee\u0027s Waffle":10,"HornCleat":48,"NeowsBlessing":0,"Gremlin Horn":10,"CeramicFish":33,"Eternal Feather":3,"Turnip":3,"Coffee Dripper":16,"Kunai":10,"Burning Blood":0,"WarpedTongs":23}],"Burning Blood":60,"WarpedTongs":[33]},"card_choices":[{"not_picked":["Flex","Burning Pact"],"picked":"Perfected Strike","floor":1},{"not_picked":["Sword Boomerang","Fire Breathing"],"picked":"Power Through","floor":4},{"not_picked":["Rupture","True Grit","Juggernaut"],"picked":"SKIP","floor":7},{"not_picked":["Heavy Blade","Seeing Red","Clash"],"picked":"SKIP","floor":11},{"not_picked":["Spot Weakness","Infernal Blade"],"picked":"Twin Strike","floor":14},{"not_picked":["Exhume","Demon Form"],"picked":"Reaper","floor":16},{"not_picked":["Warcry","Havoc"],"picked":"Twin Strike","floor":18},{"not_picked":["Power Through","Flex+1"],"picked":"Wild Strike","floor":19},{"not_picked":["Ghostly Armor","Feel No Pain"],"picked":"Headbutt","floor":22},{"not_picked":["Sword Boomerang","Power Through","Body Slam"],"picked":"SKIP","floor":24},{"not_picked":["Headbutt","Bloodletting"],"picked":"Offering","floor":27},{"not_picked":["Dual Wield","Rampage"],"picked":"Inflame","floor":29},{"not_picked":["Heavy Blade","Thunderclap+1","Iron Wave"],"picked":"SKIP","floor":30},{"not_picked":["Clash","Flex"],"picked":"Reaper","floor":31}],"player_experience":1510678,"relics_obtained":[{"floor":7,"key":"Turnip"},{"floor":9,"key":"Eternal Feather"},{"floor":11,"key":"Gremlin Horn"},{"floor":26,"key":"CeramicFish"},{"floor":30,"key":"HornCleat"}],"event_choices":[{"cards_removed":["Defend_R"],"damage_healed":0,"gold_gain":0,"player_choice":"Card Removal","damage_taken":0,"max_hp_gain":0,"max_hp_loss":0,"event_name":"The Cleric","floor":2,"gold_loss":75},{"cards_removed":["Defend_R"],"damage_healed":0,"gold_gain":0,"player_choice":"Offered Basic","damage_taken":0,"max_hp_gain":0,"max_hp_loss":0,"event_name":"Bonfire Elementals","floor":3,"gold_loss":0},{"damage_healed":0,"gold_gain":0,"player_choice":"Entered Light","damage_taken":23,"max_hp_gain":0,"max_hp_loss":0,"event_name":"Shining Light","floor":5,"gold_loss":0,"cards_upgraded":["Bash","Strike_R"]},{"damage_healed":0,"gold_gain":0,"player_choice":"Success","damage_taken":26,"relics_obtained":["Kunai"],"max_hp_gain":0,"max_hp_loss":0,"event_name":"Scrap Ooze","floor":12,"gold_loss":0},{"damage_healed":0,"gold_gain":0,"player_choice":"Became a Ghost","damage_taken":0,"max_hp_gain":0,"max_hp_loss":41,"event_name":"Ghosts","floor":20,"gold_loss":0,"cards_obtained":["Ghostly","Ghostly","Ghostly"]},{"damage_healed":0,"gold_gain":0,"player_choice":"Rummage","damage_taken":0,"relics_obtained":["WarpedTongs"],"max_hp_gain":0,"max_hp_loss":0,"event_name":"Accursed Blacksmith","floor":21,"gold_loss":0,"cards_obtained":["Pain"]}],"is_beta":false,"boss_relics":[{"not_picked":["Pandora\u0027s Box","Tiny House"],"picked":"Coffee Dripper"}],"items_purged_floors":[],"is_endless":false,"potions_floor_spawned":[1,11,14,16,19,27,29,30],"killed_by":"Collector","ascension_level":20}}