{"host":"bg0cyinkrjnqf173","time":1613971181,"event":{"mods":["BaseMod","Colored Map","Humility","Minty Spire (QoL Compilation)","Permanent Neow","StSLib","Together in Spire"],"gold_per_floor":[114,64,79,79,92,92,129,158,158,44,71,95,108,8,8,119,119,145,145,145,164,188,226,253,262,285,626,651,651,686,711,711,816,816,829,852,868,322,339,378,378,410,410,410,199,225,276,276,276,276,276,276,15,45,45,45],"floor_reached":55,"language":"ENG","playtime":3831,"items_purged":["Strike_R","Strike_R","Decay","Strike_R","Flex"],"score":866,"play_id":"202d93da-35e4-42e7-a649-25b4d09f6cd2","local_time":"20210222001941","is_ascension_mode":false,"campfire_choices":[{"data":"Fiend Fire","floor":6.0,"key":"SMITH"},{"data":"Heavy Blade","floor":15.0,"key":"SMITH"},{"data":"Inflame","floor":32.0,"key":"SMITH"},{"data":"Heavy Blade","floor":41.0,"key":"SMITH"},{"data":"Heavy Blade","floor":44.0,"key":"SMITH"},{"data":"Infernal Blade","floor":49.0,"key":"PURGE"},{"data":"Limit Break","floor":52,"key":"SMITH"}],"circlet_count":0,"master_deck":["Strike_R","Defend_R","Defend_R","Defend_R+1","Defend_R","Bash","Pommel Strike","Cleave","Fiend Fire+1","Thunderclap","Burning Pact+1","Inflame+1","Heavy Blade+1","Sword Boomerang","Carnage","Cleave","Limit Break+1","Warcry+1","Feed","Heavy Blade+1","Heavy Blade+1","Iron Wave+1","Power Through","Headbutt","Shrug It Off+1","Immolate","Flex+1","Cleave+1","Armaments","Heavy Blade+1"],"relics":["Burning Blood","Bird Faced Urn","CeramicFish","Bottled Flame","Mark of Pain","War Paint","Bronze Scales","Old Coin","The Courier","Busted Crown","Frozen Eye","Pear","Omamori","Shuriken","Letter Opener","Boot","Peace Pipe","Brimstone","Vajra"],"acts_visited":["TheEnding"],"potions_floor_usage":[55],"damage_taken":[{"damage":12.0,"enemies":"2 Louse","floor":1.0,"turns":3.0},{"damage":8.0,"enemies":"Jaw Worm","floor":3.0,"turns":2.0},{"damage":0.0,"enemies":"Small Slimes","floor":5.0,"turns":2.0},{"damage":0.0,"enemies":"Lagavulin","floor":7.0,"turns":2.0},{"damage":0.0,"enemies":"Exordium Wildlife","floor":8.0,"turns":2.0},{"damage":0.0,"enemies":"Lots of Slimes","floor":11.0,"turns":2.0},{"damage":4.0,"enemies":"3 Louse","floor":12.0,"turns":2.0},{"damage":5.0,"enemies":"Looter","floor":13.0,"turns":2.0},{"damage":0.0,"enemies":"Slime Boss","floor":16.0,"turns":2.0},{"damage":10.0,"enemies":"Chosen","floor":18.0,"turns":2.0},{"damage":10.0,"enemies":"3 Byrds","floor":21.0,"turns":3.0},{"damage":0.0,"enemies":"Centurion and Healer","floor":22.0,"turns":2.0},{"damage":18.0,"enemies":"Gremlin Leader","floor":23.0,"turns":3.0},{"damage":25.0,"enemies":"Sentry and Sphere","floor":24.0,"turns":4.0},{"damage":0.0,"enemies":"Book of Stabbing","floor":27.0,"turns":1.0},{"damage":0.0,"enemies":"Snecko","floor":28.0,"turns":2.0},{"damage":0.0,"enemies":"Gremlin Leader","floor":30.0,"turns":1.0},{"damage":1.0,"enemies":"Cultist and Chosen","floor":31.0,"turns":3.0},{"damage":21.0,"enemies":"Collector","floor":33.0,"turns":4.0},{"damage":0.0,"enemies":"Orb Walker","floor":35.0,"turns":3.0},{"damage":10.0,"enemies":"3 Shapes","floor":36.0,"turns":2.0},{"damage":0.0,"enemies":"Transient","floor":37.0,"turns":1.0},{"damage":17.0,"enemies":"Maw","floor":39.0,"turns":4.0},{"damage":0.0,"enemies":"Giant Head","floor":40.0,"turns":2.0},{"damage":0.0,"enemies":"Reptomancer","floor":42.0,"turns":2.0},{"damage":18.0,"enemies":"Jaw Worm Horde","floor":46.0,"turns":3.0},{"damage":20.0,"enemies":"2 Orb Walkers","floor":47.0,"turns":2.0},{"damage":17,"enemies":"Donu and Deca","floor":50,"turns":4},{"damage":3,"enemies":"Shield and Spear","floor":54,"turns":3},{"damage":95,"enemies":"The Heart","floor":55,"turns":3}],"seed_played":"5745999017821713802","potions_obtained":[{"floor":12.0,"key":"Fire Potion"},{"floor":18.0,"key":"Fire Potion"},{"floor":22.0,"key":"ColorlessPotion"},{"floor":23.0,"key":"GamblersBrew"},{"floor":35.0,"key":"Weak Potion"},{"floor":39.0,"key":"Fruit Juice"},{"floor":42.0,"key":"AttackPotion"}],"is_trial":false,"path_per_floor":["M","?","M","?","M","R","E","M","T","$","M","M","M","$","R","B",null,"M","$","?","M","M","E","M","?","T","E","M","?","E","M","R","B",null,"M","M","M","$","M","E","R","E","T","R","$","M","?","?","R","B",null,"R","$","E","B"],"character_chosen":"IRONCLAD","items_purchased":["Heavy Blade","Frozen Eye","Pear","Omamori","Shrug It Off","Flex","Armaments","Brimstone"],"campfire_rested":0,"item_purchase_floors":[10,38,38,38,45,45,45,53],"current_hp_per_floor":[74,74,72,72,77,77,77,77,77,77,77,77,77,77,77,77,77,73,73,73,71,80,68,49,49,49,55,61,80,80,80,80,65,80,80,76,80,90,84,92,92,95,95,95,95,83,69,69,69,60,95,95,95,95,0,0],"gold":45,"neow_bonus":"ONE_RARE_RELIC","is_daily":false,"chose_seed":false,"campfire_upgraded":6,"win_rate":0.0,"timestamp":1613971181,"path_taken":["M","?","M","?","M","R","E","M","T","$","M","M","M","$","R","BOSS","M","$","?","M","M","E","M","?","T","E","M","?","E","?","R","BOSS","M","M","M","$","M","E","R","E","T","R","$","M","?","?","R","BOSS","R","$","E","BOSS"],"items_purchased_type":["Card","Relic","Relic","Relic","Card","Card","Card","Relic"],"build_version":"2020-12-22","purchased_purges":5,"victory":false,"max_hp_per_floor":[80,77,77,77,77,77,77,77,77,77,77,77,77,77,77,77,77,77,77,77,77,80,80,80,80,80,80,80,80,80,80,80,80,80,80,80,80,90,95,95,95,95,95,95,95,95,95,95,95,95,95,95,95,95,95,95],"card_choices":[{"not_picked":["Pummel","Havoc"],"picked":"Pommel Strike","floor":1.0},{"not_picked":["Disarm","Warcry"],"picked":"Cleave","floor":3.0},{"not_picked":["Twin Strike","Clothesline"],"picked":"Thunderclap","floor":5.0},{"not_picked":["Pummel","Havoc"],"picked":"Burning Pact","floor":7.0},{"not_picked":["Shrug It Off","Heavy Blade"],"picked":"Inflame","floor":8.0},{"not_picked":["Warcry","Rage"],"picked":"Sword Boomerang","floor":11.0},{"not_picked":["Feed","Clash"],"picked":"Carnage","floor":12.0},{"not_picked":["Warcry","Pommel Strike"],"picked":"Cleave","floor":13.0},{"not_picked":["Impervious","Bludgeon"],"picked":"Limit Break","floor":16.0},{"not_picked":["Flex+1","Wild Strike"],"picked":"Warcry+1","floor":18.0},{"not_picked":["Clash+1","Anger+1"],"picked":"Feed","floor":21.0},{"not_picked":["Thunderclap","Havoc"],"picked":"Heavy Blade","floor":22.0},{"not_picked":["Twin Strike+1","Headbutt"],"picked":"Heavy Blade","floor":23.0},{"not_picked":["Fire Breathing","Sword Boomerang"],"picked":"Iron Wave+1","floor":24.0},{"not_picked":["Fire Breathing","Bloodletting"],"picked":"Power Through","floor":27.0},{"not_picked":["Clash","Feel No Pain"],"picked":"Headbutt","floor":28.0},{"not_picked":["Warcry","Corruption"],"picked":"Infernal Blade","floor":30.0},{"not_picked":["Cleave","Heavy Blade"],"picked":"Shrug It Off+1","floor":31.0},{"not_picked":["Corruption","Double Tap"],"picked":"Immolate","floor":33.0},{"not_picked":["Body Slam+1"],"picked":"SKIP","floor":35.0},{"not_picked":[],"picked":"Flex+1","floor":36.0},{"not_picked":["Clothesline+1"],"picked":"SKIP","floor":37.0},{"not_picked":["Entrench"],"picked":"SKIP","floor":39.0},{"not_picked":[],"picked":"Cleave+1","floor":40.0},{"not_picked":["Reaper"],"picked":"SKIP","floor":42.0},{"not_picked":[],"picked":"Heavy Blade+1","floor":46.0},{"not_picked":["Body Slam+1"],"picked":"SKIP","floor":54}],"player_experience":610398,"relics_obtained":[{"floor":7.0,"key":"CeramicFish"},{"floor":9.0,"key":"Bottled Flame"},{"floor":23.0,"key":"War Paint"},{"floor":26.0,"key":"Bronze Scales"},{"floor":27.0,"key":"Old Coin"},{"floor":30.0,"key":"The Courier"},{"floor":40.0,"key":"Shuriken"},{"floor":42.0,"key":"Letter Opener"},{"floor":43.0,"key":"Boot"},{"floor":47.0,"key":"Peace Pipe"},{"floor":54,"key":"Vajra"}],"event_choices":[{"cards_removed":["Parasite"],"damage_healed":0.0,"max_hp_gain":0.0,"max_hp_loss":0.0,"gold_gain":0.0,"event_name":"The Cleric","player_choice":"Card Removal","floor":2.0,"gold_loss":50.0,"damage_taken":0.0},{"damage_healed":0.0,"max_hp_gain":0.0,"max_hp_loss":0.0,"gold_gain":0.0,"cards_transformed":["Strike_R"],"event_name":"Living Wall","player_choice":"Change","floor":4.0,"gold_loss":0.0,"damage_taken":0.0,"cards_obtained":["Fiend Fire"]},{"damage_healed":0.0,"max_hp_gain":0.0,"max_hp_loss":0.0,"gold_gain":0.0,"event_name":"Beggar","player_choice":"Ignored","floor":20.0,"gold_loss":0.0,"damage_taken":0.0},{"damage_healed":0.0,"max_hp_gain":0.0,"max_hp_loss":0.0,"gold_gain":0.0,"event_name":"Forgotten Altar","player_choice":"Smashed Altar","floor":25.0,"gold_loss":0.0,"damage_taken":0.0,"cards_obtained":["Decay"]},{"damage_healed":26.0,"max_hp_gain":0.0,"max_hp_loss":0.0,"gold_gain":0.0,"event_name":"The Library","player_choice":"Heal","floor":29.0,"gold_loss":0.0,"damage_taken":0.0},{"damage_healed":0.0,"max_hp_gain":0.0,"max_hp_loss":0.0,"gold_gain":0.0,"event_name":"Mysterious Sphere","player_choice":"Fight","floor":47.0,"gold_loss":0.0,"damage_taken":0.0},{"cards_removed":["Shrug It Off"],"damage_healed":0.0,"max_hp_gain":0.0,"max_hp_loss":0.0,"gold_gain":0.0,"event_name":"Falling","player_choice":"Removed Skill","floor":48.0,"gold_loss":0.0,"damage_taken":0.0}],"is_beta":false,"boss_relics":[{"not_picked":["Runic Pyramid","Fusion Hammer"],"picked":"Mark of Pain"},{"not_picked":["SacredBark","Velvet Choker"],"picked":"Busted Crown"}],"items_purged_floors":[10,14,38,45,53],"is_endless":false,"potions_floor_spawned":[1,3,12,13,18,22,23,30,35,36,39,42],"killed_by":"The Heart","ascension_level":0,"is_humility":true}}