{"host":"h7xtspmc2x3i8s2i","time":1613982564,"event":{"mods":["2.2 Compatiblity","AchievementEnabler","Act Like it!","AlwaysNeverKeys","Aspiration","Astrologer","BaseMod","Bestiary","Better Altar","Better Match","Better Note","Better Sensory Stone","Better Skull","Better Third Choice","Better Vampires","Better-Laid Plans","Colored Map","Colored Powertips","Conjunction","Curses Come First","Defuse TimeMaze Blight","Dio Mod","Disable Question Mark Monsters","Dota2Spire","Downfall","EXCEPTION","Emptier Cage","Energized Spire","Evolution","Friendly Minions","GifTheSpireLib","Gold Saver","Gremlin Skip","Halation","Hubris","Hyrulean Relics","Jedi Mod","Key Reminder","Marked Mod","Minty Spire (QoL Compilation)","Permanent Neow","Potion Indicator Mod","Quick Restart","Random Character Button","Random Character Mod","Rare Cards Sparkle","Relic Filter","Relic Stats","Reliquary","Replay The Spire","SacredBarkPlus","Shop Mod","Smile Girya","Somnambulant","Spicy Shops","Spikes Relics","Spire Birthday Party","StSLib","Steal the Spire","Stuff the Spire","SuperFastMode","The Awakened One except there are too many feathers","The Blue Laboratory","The Cursed","The Death Knight","The Edgeheg","The Problem Sleuth","The Runesmith","The Wild Card","Trackpad","Transform Curses","Uncapped","Unceasing Turn Reminder","Virulent Crown","Wide Potions","everything is the same but u backflip on backflip","slay the spire mod where everything is the same but ironclad has a cowboy hat"],"gold_per_floor":[116,116,135,135,135,161,17,48,48,65,83,98,113,113,113,210,210,220,220,233,248,120,120,146,146,198,211,225,242,274,292,292,292,292],"floor_reached":33,"language":"ENG","playtime":889,"items_purged":[],"score":386,"play_id":"260a45fe-b022-4309-a251-5218ee9a4acf","local_time":"20210222032924","is_ascension_mode":true,"campfire_choices":[{"floor":15,"key":"RECALL"},{"data":"dioMod:ZaWarudo","floor":23,"key":"SMITH"},{"data":"dioMod:Muda","floor":32,"key":"SMITH"}],"circlet_count":0,"master_deck":["dioMod:Strike","dioMod:Strike","dioMod:Strike","dioMod:Strike","Bite","dioMod:Defend","dioMod:Defend+1","dioMod:Defend","dioMod:Defend","dioMod:Muda+1","dioMod:Muda+1","dioMod:GoodbyeJojo","dioMod:ZaWarudo+1","dioMod:Muda+1","dioMod:KonoDioDa","StuffTheSpire:Brawn","dioMod:Muda","hubris:NaturalOne"],"relics":["dioMod:VampireBlood","EVO:Axolotl","Bag of Preparation","StuffTheSpire:Mouthbags","MerchantsRug","jedi:arcanewood","hubris:64BitClover","halation:PinkSoulGem","hubris:ScarierMask","hubris:Icosahedron","reliquary:PartyBalloon","White Beast Statue","reliquary:SharkskinSheath"],"acts_visited":["Exordium","TheCity"],"potions_floor_usage":[8,16,16,16,29,29,30,30,33],"damage_taken":[{"damage":10,"enemies":"Cultist","floor":1,"turns":4},{"damage":0,"enemies":"Small Slimes","floor":3,"turns":4},{"damage":17,"enemies":"3 Sentries","floor":6,"turns":10},{"damage":32,"enemies":"Lagavulin","floor":8,"turns":5},{"damage":0,"enemies":"Jaw Worm","floor":10,"turns":1},{"damage":11,"enemies":"Exordium Thugs","floor":11,"turns":4},{"damage":0,"enemies":"Large Slime","floor":12,"turns":2},{"damage":0,"enemies":"3 Louse","floor":13,"turns":1},{"damage":68,"enemies":"Hexaghost","floor":16,"turns":11},{"damage":0,"enemies":"Spheric Guardian","floor":18,"turns":1},{"damage":0,"enemies":"2 Thieves","floor":20,"turns":1},{"damage":0,"enemies":"Cultist and Chosen","floor":21,"turns":2},{"damage":3,"enemies":"Slavers","floor":24,"turns":4},{"damage":14,"enemies":"Snake Plant","floor":27,"turns":4},{"damage":0,"enemies":"3 Cultists","floor":28,"turns":2},{"damage":0,"enemies":"Snecko","floor":29,"turns":2},{"damage":16,"enemies":"Book of Stabbing","floor":30,"turns":5},{"damage":0,"enemies":"Cultist and Chosen","floor":31,"turns":2},{"damage":67,"enemies":"Pondfish","floor":33,"turns":6}],"seed_played":"-8710037657458413821","potions_obtained":[{"floor":3,"key":"FearPotion"},{"floor":6,"key":"bronze:BurnAndBuffPotion"},{"floor":10,"key":"FearPotion"},{"floor":11,"key":"BlessingOfTheForge"},{"floor":12,"key":"BlessingOfTheForge"},{"floor":24,"key":"DistilledChaos"},{"floor":27,"key":"EssenceOfSteel"},{"floor":28,"key":"PowerPotion"},{"floor":29,"key":"blueLaboratory:BubblePotion"},{"floor":30,"key":"blueLaboratory:NullPotion"},{"floor":31,"key":"Fire Potion"}],"is_trial":false,"path_per_floor":["M","$","M","T","?","E","$","E","T","M","M","M","M","?","R","B",null,"M","?","M","M","$","R","E","?","T","M","M","M","E","M","R","B"],"character_chosen":"THE_DEFAULT","items_purchased":["MerchantsRug","White Beast Statue"],"campfire_rested":0,"item_purchase_floors":[7,22],"current_hp_per_floor":[70,70,75,75,75,73,73,48,48,51,46,51,60,60,60,7,75,75,75,75,75,75,75,75,57,57,48,56,61,52,57,57,0,0],"gold":292,"neow_bonus":"RANDOM_COMMON_RELIC","is_daily":false,"chose_seed":false,"campfire_upgraded":2,"win_rate":0.0,"timestamp":1613982564,"path_taken":["M","$","M","?","?","E","$","E","T","?","?","M","M","?","R","BOSS","M","?","M","?","?","R","E","?","T","M","?","M","E","M","R","BOSS"],"items_purchased_type":["Relic","Relic"],"build_version":"2020-12-22","purchased_purges":0,"victory":false,"max_hp_per_floor":[75,75,75,75,75,75,75,75,75,75,75,75,75,75,75,75,75,75,75,75,75,75,75,75,75,75,75,75,75,75,75,75,75,75],"relic_stats":{"counters":[19,71],"Bag of Preparation":[38],"obtain_stats":[{"MerchantsRug":7,"hubris:64BitClover":9,"reliquary:PartyBalloon":20,"Bag of Preparation":0,"EVO:Axolotl":0,"Whetstone":4,"White Beast Statue":22,"keyreminder:keyreminder":8,"hubris:Icosahedron":19,"StuffTheSpire:Mouthbags":6,"dioMod:VampireBlood":0,"hubris:ScarierMask":17,"jedi:arcanewood":8,"halation:PinkSoulGem":14,"reliquary:SharkskinSheath":30},{"MerchantsRug":3,"hubris:64BitClover":4,"reliquary:PartyBalloon":11,"Bag of Preparation":0,"EVO:Axolotl":0,"Whetstone":2,"White Beast Statue":12,"keyreminder:keyreminder":4,"hubris:Icosahedron":10,"StuffTheSpire:Mouthbags":3,"dioMod:VampireBlood":0,"hubris:ScarierMask":9,"jedi:arcanewood":4,"halation:PinkSoulGem":8,"reliquary:SharkskinSheath":17},{"MerchantsRug":18,"hubris:64BitClover":23,"reliquary:PartyBalloon":44,"Bag of Preparation":0,"EVO:Axolotl":0,"Whetstone":8,"White Beast Statue":46,"keyreminder:keyreminder":23,"hubris:Icosahedron":43,"StuffTheSpire:Mouthbags":18,"dioMod:VampireBlood":0,"hubris:ScarierMask":42,"jedi:arcanewood":23,"halation:PinkSoulGem":31,"reliquary:SharkskinSheath":63}]},"card_choices":[{"not_picked":["dioMod:WRYYY","dioMod:Minions"],"picked":"dioMod:Muda","floor":1},{"not_picked":["dioMod:ComposedMuda","dioMod:FlyAway"],"picked":"dioMod:Muda","floor":3},{"not_picked":["dioMod:BloodSuck","dioMod:BlendIn"],"picked":"dioMod:GoodbyeJojo","floor":6},{"not_picked":["dioMod:SadisticLaugh","dioMod:WRYYY","dioMod:DaggerSpree"],"picked":"SKIP","floor":8},{"not_picked":["dioMod:CoffinBath","dioMod:Minions","dioMod:DominatingPresence"],"picked":"SKIP","floor":10},{"not_picked":["dioMod:DominatingPresence","dioMod:LaserVision"],"picked":"dioMod:ZaWarudo","floor":11},{"not_picked":["dioMod:LaserVision","dioMod:FlyAway","dioMod:Donut"],"picked":"SKIP","floor":12},{"not_picked":["dioMod:Regeneration","dioMod:WRYYY"],"picked":"dioMod:Muda","floor":13},{"not_picked":["dioMod:RoadRoller","dioMod:Regeneration"],"picked":"dioMod:KonoDioDa","floor":16},{"not_picked":["dioMod:StreetSign","dioMod:DisarmingVoice","dioMod:Roundabout"],"picked":"SKIP","floor":18},{"not_picked":["dioMod:DaggerToss","dioMod:Diversion","dioMod:TripleThreat+1"],"picked":"SKIP","floor":20},{"not_picked":["dioMod:PhantomBlood","dioMod:BloodShield","dioMod:LaserVision"],"picked":"SKIP","floor":21},{"not_picked":["dioMod:DominatingPresence","dioMod:WRYYY","dioMod:Roundabout"],"picked":"SKIP","floor":24},{"not_picked":["dioMod:BloodSplash","dioMod:LaserVision"],"picked":"dioMod:Muda","floor":27},{"not_picked":["dioMod:Diversion+1","dioMod:BloodSuck","dioMod:BlendIn"],"picked":"SKIP","floor":28},{"not_picked":["dioMod:BloodSuck","dioMod:HeavyLifting","dioMod:WRYYY"],"picked":"SKIP","floor":29},{"not_picked":["dioMod:CoffinBath","dioMod:LaserVision+1","dioMod:Minions"],"picked":"SKIP","floor":30},{"not_picked":["dioMod:StreetSign+1","dioMod:TripleThreat+1","dioMod:DisarmingVoice"],"picked":"SKIP","floor":31}],"player_experience":419242,"relics_obtained":[{"floor":4,"key":"Whetstone"},{"floor":6,"key":"StuffTheSpire:Mouthbags"},{"floor":8,"key":"jedi:arcanewood"},{"floor":9,"key":"hubris:64BitClover"},{"floor":20,"key":"reliquary:PartyBalloon"},{"floor":30,"key":"reliquary:SharkskinSheath"}],"event_choices":[],"is_beta":false,"boss_relics":[{"not_picked":["aspiration:FutureDiary","Replay:Grab Bag"],"picked":"hubris:ScarierMask"}],"items_purged_floors":[],"is_endless":false,"potions_floor_spawned":[3,6,10,11,12,24,27,28,29,30,31],"killed_by":"Pondfish","ascension_level":4}}