{"host":"bavnrlhi49015oee","time":1613990330,"event":{"mods":["BaseMod","Colored Powertips","Lobotomy","LobotomyExtend","Minty Spire (QoL Compilation)","Quick Restart","Ryuuou¡˙Õı","StSLib","Uncapped"],"gold_per_floor":[114,167,167,167,17,47,47,62,62,77,92,131,131,131,131,240,240,264,279,294,294,294,294],"floor_reached":22,"language":"ZHS","playtime":831,"items_purged":[],"score":321,"play_id":"96493c25-34b9-4221-ac67-d05c37c6f33a","local_time":"20210222183850","daily_mods":["Shiny","Diverse","Binary"],"is_ascension_mode":false,"campfire_choices":[{"data":"Alpha","floor":7,"key":"SMITH"},{"floor":13,"key":"REST"},{"data":"Mimicry","floor":15,"key":"SMITH"}],"circlet_count":0,"master_deck":["TheSmile","Justitia","GoldRush","CENSORED_ego","Pinks","DaCapo","Twilight","ParadiseLost","Adoration+1","Mimicry+1","Brilliance","Devotion","LessonLearned","Vault","Alpha+1","Establishment","DeusExMachina","Judgement","ConjureBlade","MasterReality","Blasphemy","Ragnarok","Scrawl","Wish","Omniscience","SpiritShield","DevaForm","Hyperbeam","Machine Learning","Buffer","Seek","Echo Form","All For One","Reboot","Fission","Core Surge+1","Multi-Cast","Thunder Strike","Biased Cognition+1","Electrodynamics","Rainbow","Meteor Strike","Amplify","Creative AI","Corpse Explosion","Die Die Die","Adrenaline","Envenom","Doppelganger","Burst","Wraith Form v2","Tools of the Trade","After Image","A Thousand Cuts","Venomology","Malaise","Phantasmal Killer","Night Terror","Unload","Bullet Time","Storm of Steel","Glass Knife","Grand Finale","Double Tap","Demon Form","Fiend Fire","Berserk","Impervious","Juggernaut","Brutality","Exhume","Offering","Bludgeon","Feed","Limit Break","Corruption","Barricade","Reaper","Immolate","Quick Slash","Aggregate","FeatherOfHonor","Judgement","BattleHymn+1"],"relics":["Cracked Core","LetterFromLob","Singing Bowl","Lee\u0027s Waffle","Bag of Preparation","Mummified Hand","CeramicFish","SacredBark"],"acts_visited":["Exordium","TheCity"],"potions_floor_usage":[11,16,20,21],"damage_taken":[{"damage":11,"enemies":"2 Louse","floor":1,"turns":2},{"damage":24,"enemies":"Gremlin Nob","floor":6,"turns":4},{"damage":10,"enemies":"Small Slimes","floor":8,"turns":3},{"damage":0,"enemies":"Jaw Worm","floor":10,"turns":1},{"damage":6,"enemies":"2 Fungi Beasts","floor":11,"turns":2},{"damage":17,"enemies":"Lagavulin","floor":12,"turns":4},{"damage":12,"enemies":"Slime Boss","floor":16,"turns":5},{"damage":30,"enemies":"2 Thieves","floor":18,"turns":4},{"damage":0,"enemies":"Spheric Guardian","floor":19,"turns":2},{"damage":36,"enemies":"Centurion and Healer","floor":20,"turns":3},{"damage":0,"enemies":"Chosen and Byrds","floor":21,"turns":1},{"damage":41,"enemies":"Snake Plant","floor":22,"turns":2}],"seed_played":"-9004314451342404475","potions_obtained":[{"floor":6,"key":"AttackPotion"},{"floor":8,"key":"SkillPotion"},{"floor":11,"key":"Dexterity Potion"},{"floor":18,"key":"Energy Potion"},{"floor":20,"key":"SmokeBomb"}],"is_trial":false,"path_per_floor":["M","?","?","?","$","E","R","M","T","M","M","E","R","?","R","B",null,"M","M","M","M","M"],"character_chosen":"DEFECT","items_purchased":["Lee\u0027s Waffle"],"campfire_rested":1,"item_purchase_floors":[5],"current_hp_per_floor":[64,64,57,42,82,60,60,50,50,52,48,31,57,98,98,86,98,72,74,40,40,0,0],"gold":294,"neow_bonus":"","is_daily":true,"chose_seed":false,"campfire_upgraded":2,"win_rate":0.0,"timestamp":1613990330,"path_taken":["M","?","?","?","$","E","R","M","T","M","?","E","R","?","R","BOSS","M","M","M","?","M"],"items_purchased_type":["Relic"],"build_version":"2020-12-22","purchased_purges":0,"victory":false,"max_hp_per_floor":[75,75,75,75,82,84,84,84,84,86,88,88,88,98,98,98,98,98,100,102,102,102,102],"card_choices":[{"not_picked":["Halt"],"picked":"Quick Slash","floor":1},{"not_picked":["BloodyDesire","Rip and Tear"],"picked":"Singing Bowl","floor":6},{"not_picked":["Consume"],"picked":"Aggregate","floor":8},{"not_picked":["Cloak And Dagger","SomewhereSpear"],"picked":"Singing Bowl","floor":10},{"not_picked":["Tough","Headbutt"],"picked":"Singing Bowl","floor":11},{"not_picked":["Noise"],"picked":"FeatherOfHonor","floor":12},{"not_picked":["Die Die Die"],"picked":"Judgement","floor":16},{"not_picked":["Shrug It Off"],"picked":"BattleHymn+1","floor":18},{"not_picked":["CutThroughFate","CherryBlossom+1"],"picked":"Singing Bowl","floor":19},{"not_picked":["Conserve Battery","Sever Soul"],"picked":"Singing Bowl","floor":20}],"player_experience":132970,"relics_obtained":[{"floor":1,"key":"LetterFromLob"},{"floor":6,"key":"Bag of Preparation"},{"floor":9,"key":"Mummified Hand"},{"floor":12,"key":"CeramicFish"}],"event_choices":[{"damage_healed":0,"gold_gain":53,"player_choice":"Gained Gold","damage_taken":0,"max_hp_gain":0,"max_hp_loss":0,"event_name":"Golden Wing","floor":2,"gold_loss":0},{"damage_healed":0,"gold_gain":0,"player_choice":"Success","damage_taken":7,"relics_obtained":["Singing Bowl"],"max_hp_gain":0,"max_hp_loss":0,"event_name":"Scrap Ooze","floor":3,"gold_loss":0},{"damage_healed":0,"gold_gain":0,"player_choice":"Entered Light","damage_taken":15,"max_hp_gain":0,"max_hp_loss":0,"event_name":"Shining Light","floor":4,"gold_loss":0,"cards_upgraded":["Core Surge","Biased Cognition"]},{"cards_removed":["SoundOfStar"],"damage_healed":31,"gold_gain":0,"player_choice":"Offered Rare","damage_taken":0,"max_hp_gain":10,"max_hp_loss":0,"event_name":"Bonfire Elementals","floor":14,"gold_loss":0}],"is_beta":false,"boss_relics":[{"not_picked":["Philosopher\u0027s Stone","Velvet Choker"],"picked":"SacredBark"}],"items_purged_floors":[],"is_endless":false,"potions_floor_spawned":[6,8,11,18,20],"killed_by":"Snake Plant","ascension_level":0}}