{"host":"dv29tre2e7vje47n","time":1613972714,"event":{"mods":["AchievementEnabler","BaseMod","Colored Map","Colored Powertips","DeckTracker","Displayed Cursed Tome","Downfall","Friendly Minions","Googly Eyes","Highlight Path","Key Reminder","Minty Spire (QoL Compilation)","Quick Restart","Random Character Button","Rare Cards Sparkle","Relic Sorter","Relic Stats","Spire Arcade","Spire Birthday Party","StSLib","SuperFastMode","Unceasing Turn Reminder"],"gold_per_floor":[109,109,121,29,49,49,80,80,80,100,127,127,152,169,169,270,270,282,282,297,52,72,72,72,72],"floor_reached":23,"language":"ENG","playtime":976,"items_purged":[],"score":247,"play_id":"7bd82d6d-da7d-46e4-8b6c-5839841df0df","local_time":"20210222064514","is_ascension_mode":true,"campfire_choices":[{"data":"sneckomod:PureSnecko","floor":6,"key":"SMITH"},{"data":"sneckomod:QuickMove","floor":8,"key":"SMITH"},{"data":"sneckomod:Rotation","floor":12,"key":"SMITH"},{"floor":15,"key":"REST"}],"circlet_count":0,"master_deck":["sneckomod:Strike","sneckomod:Strike","sneckomod:Defend","sneckomod:Defend","sneckomod:Defend","sneckomod:TailWhip","sneckomod:SnekBite","sneckomod:Unknown","sneckomod:Unknown","sneckomod:PureSnecko+1","sneckomod:Unknown1Cost","sneckomod:QuickMove+1","sneckomod:UnknownDexterity","sneckomod:Unknown0Cost","sneckomod:Rotation+1","sneckomod:ImprovisedAttack","sneckomod:WideSting","sneckomod:UnknownRarePower","sneckomod:UnknownClassBLUE","sneckomod:UnendingSupply","sneckomod:UnknownClassRED","sneckomod:IronFang+1"],"relics":["sneckomod:SneckoSoul","NeowsBlessing","Pear","Happy Flower","Ice Cream","Ginger","Blood Vial","sneckomod:SneckoTalon","Sling"],"acts_visited":["Exordium","TheCity"],"potions_floor_usage":[5,13,16],"damage_taken":[{"damage":0,"enemies":"2 Louse","floor":1,"turns":1},{"damage":0,"enemies":"Cultist","floor":3,"turns":1},{"damage":0,"enemies":"Small Slimes","floor":5,"turns":1},{"damage":35,"enemies":"Lagavulin","floor":7,"turns":6},{"damage":3,"enemies":"Gremlin Gang","floor":10,"turns":5},{"damage":14,"enemies":"3 Sentries","floor":11,"turns":7},{"damage":31,"enemies":"Gremlin Nob","floor":13,"turns":5},{"damage":0,"enemies":"Blue Slaver","floor":14,"turns":2},{"damage":28,"enemies":"Hexaghost","floor":16,"turns":9},{"damage":0,"enemies":"3 Byrds","floor":18,"turns":5},{"damage":20,"enemies":"Shell Parasite","floor":20,"turns":8},{"damage":61,"enemies":"3 Cultists","floor":22,"turns":6},{"damage":40,"enemies":"Book of Stabbing","floor":23,"turns":5}],"seed_played":"-3674331121006927883","potions_obtained":[{"floor":3,"key":"Energy Potion"},{"floor":5,"key":"Fruit Juice"},{"floor":7,"key":"SkillPotion"}],"is_trial":false,"path_per_floor":["M","?","M","$","M","R","E","R","T","M","E","R","E","M","R","B",null,"M","?","M","$","M","E"],"character_chosen":"THE_SNECKO","items_purchased":["sneckomod:Unknown1Cost","sneckomod:QuickMove","sneckomod:UnendingSupply","sneckomod:UnknownClassRED","Sling"],"campfire_rested":1,"item_purchase_floors":[4,4,21,21,21],"current_hp_per_floor":[90,100,100,100,105,105,70,70,70,67,53,53,22,24,55,39,105,105,105,85,85,26,0,0,0],"gold":72,"neow_bonus":"THREE_ENEMY_KILL","is_daily":false,"chose_seed":false,"campfire_upgraded":3,"win_rate":0.0,"timestamp":1613972714,"path_taken":["M","?","?","?","M","R","E","R","T","?","E","R","E","?","R","BOSS","M","?","M","$","M","E"],"items_purchased_type":["Card","Card","Card","Card","Relic"],"build_version":"2020-12-22","purchased_purges":0,"victory":false,"max_hp_per_floor":[90,100,100,100,105,105,105,105,105,105,105,105,105,105,105,105,105,105,105,105,105,105,105,105,105],"relic_stats":{"Blood Vial":8,"Happy Flower":[17],"counters":[13,61],"Ginger":[0],"obtain_stats":[{"Ice Cream":9,"Blood Vial":13,"Pear":2,"NeowsBlessing":0,"Happy Flower":7,"Ginger":11,"sneckomod:SneckoSoul":0,"sneckomod:SneckoTalon":17,"Sling":21},{"Ice Cream":4,"Blood Vial":7,"Pear":1,"NeowsBlessing":0,"Happy Flower":4,"Ginger":6,"sneckomod:SneckoSoul":0,"sneckomod:SneckoTalon":9,"Sling":11},{"Ice Cream":9,"Blood Vial":26,"Pear":1,"NeowsBlessing":0,"Happy Flower":9,"Ginger":21,"sneckomod:SneckoSoul":0,"sneckomod:SneckoTalon":37,"Sling":50}]},"card_choices":[{"not_picked":["sneckomod:RainOfDice","sneckomod:UnknownBlock"],"picked":"sneckomod:UnknownWeak","floor":1},{"not_picked":["sneckomod:UnknownDexterity","sneckomod:WideSting"],"picked":"sneckomod:PureSnecko","floor":3},{"not_picked":["sneckomod:QuickBite","sneckomod:Unknown1Cost"],"picked":"sneckomod:UnknownDexterity","floor":5},{"not_picked":["sneckomod:UnknownColorless","sneckomod:Mudshield"],"picked":"sneckomod:Unknown0Cost","floor":7},{"not_picked":["sneckomod:ImprovisedGuard","sneckomod:IronFang"],"picked":"sneckomod:Rotation","floor":10},{"not_picked":["sneckomod:UnknownUncommonSkill","sneckomod:Unknown0Cost"],"picked":"sneckomod:ImprovisedAttack","floor":11},{"not_picked":["sneckomod:UnknownCommonSkill","sneckomod:QuickBite","sneckomod:TrashToTreasure"],"picked":"SKIP","floor":13},{"not_picked":["sneckomod:MasterEye","sneckomod:DiceCrush"],"picked":"sneckomod:WideSting","floor":14},{"not_picked":["sneckomod:UnknownRareSkill","sneckomod:DangerNoodle"],"picked":"sneckomod:UnknownRarePower","floor":16},{"not_picked":["sneckomod:DiceCrush","sneckomod:PureSnecko","sneckomod:RainOfDice"],"picked":"SKIP","floor":18},{"not_picked":["sneckomod:UnknownWeak+1","sneckomod:UnknownCommonSkill+1"],"picked":"sneckomod:UnknownClassBLUE","floor":20},{"not_picked":["sneckomod:DiceBlock+1","sneckomod:UnknownBlock"],"picked":"sneckomod:IronFang+1","floor":22}],"player_experience":150260,"relics_obtained":[{"floor":7,"key":"Happy Flower"},{"floor":9,"key":"Ice Cream"},{"floor":11,"key":"Ginger"},{"floor":13,"key":"Blood Vial"}],"event_choices":[{"cards_removed":["sneckomod:UnknownWeak"],"damage_healed":0,"gold_gain":0,"player_choice":"Gave Card","damage_taken":0,"relics_obtained":["Pear"],"max_hp_gain":0,"max_hp_loss":0,"event_name":"WeMeetAgain","floor":2,"gold_loss":0},{"cards_removed":["sneckomod:Strike"],"damage_healed":0,"gold_gain":0,"player_choice":"Offered Basic","damage_taken":0,"max_hp_gain":0,"max_hp_loss":0,"event_name":"Bonfire Elementals","floor":19,"gold_loss":0}],"is_beta":false,"boss_relics":[{"not_picked":["Sozu","Runic Dome"],"picked":"sneckomod:SneckoTalon"}],"items_purged_floors":[],"is_endless":false,"potions_floor_spawned":[3,5,7],"killed_by":"Book of Stabbing","ascension_level":1}}