{"host":"mpvt08kax8preffg","time":1613954484,"event":{"mods":["AchievementEnabler","BaseMod","Bestiary","Colored Map","Highlight Path","Minty Spire (QoL Compilation)","Replay The Spire","Shapeshifter Mod","StSLib"],"gold_per_floor":[115,13,13,13,32,32,66,66,66,141,141,157,157,180,180,180,180],"floor_reached":16,"language":"ENG","playtime":1046,"items_purged":["StSShapeShifter:ShapeShifter_Strike"],"score":123,"play_id":"693562e9-1215-4f55-b2b4-d1cd98009608","local_time":"20210221164124","is_ascension_mode":false,"campfire_choices":[{"data":"StSShapeShifter:SquirrelForm","floor":6,"key":"SMITH"},{"data":"StSShapeShifter:Roar","floor":8,"key":"SMITH"},{"data":"StSShapeShifter:BloomingSlash","floor":13,"key":"SMITH"},{"data":"StSShapeShifter:ShapeShifter_Strike","floor":15,"key":"PURGE"}],"circlet_count":0,"master_deck":["StSShapeShifter:ShapeShifter_Strike","StSShapeShifter:ShapeShifter_Strike","StSShapeShifter:ShapeShifter_Strike","StSShapeShifter:ShapeShifter_Defend","StSShapeShifter:ShapeShifter_Defend","StSShapeShifter:ShapeShifter_Defend","StSShapeShifter:ShapeShifter_Defend","StSShapeShifter:ShapeShifter_Defend","StSShapeShifter:Tortoise_Form","StSShapeShifter:Lynx_Form+1","StSShapeShifter:SquirrelForm+1","StSShapeShifter:FoxForm","StSShapeShifter:Roar+1","StSShapeShifter:BloomingSlash+1"],"relics":["StSShapeShifter:AnimalHeart","StSShapeShifter:TheShapeShiftersMagnolia","NeowsBlessing","Golden Egg","Nunchaku","InkBottle"],"acts_visited":["Exordium"],"potions_floor_usage":[],"damage_taken":[{"damage":0,"enemies":"Cultist","floor":1,"turns":1},{"damage":0,"enemies":"Small Slimes","floor":5,"turns":1},{"damage":0,"enemies":"3 Sentries","floor":7,"turns":1},{"damage":1,"enemies":"Jaw Worm","floor":12,"turns":3},{"damage":6,"enemies":"Large Slime","floor":14,"turns":4},{"damage":73,"enemies":"Fading Forest","floor":16,"turns":7}],"seed_played":"517898555664810843","potions_obtained":[{"floor":5,"key":"Adrenaline Potion"},{"floor":7,"key":"Elixir"},{"floor":12,"key":"BlessingOfTheForge"}],"is_trial":false,"path_per_floor":["M","$","?","$","M","R","E","R","T","?","?","M","R","M","R_BF","B"],"character_chosen":"SHAPESHIFTER","items_purchased":["StSShapeShifter:SquirrelForm"],"campfire_rested":0,"item_purchase_floors":[2],"current_hp_per_floor":[78,78,78,78,78,78,78,78,78,67,67,66,66,60,60,0,0],"gold":180,"neow_bonus":"THREE_ENEMY_KILL","is_daily":false,"chose_seed":false,"campfire_upgraded":3,"win_rate":0.0,"timestamp":1613954484,"path_taken":["M","$","?","?","?","R","E","R","T","?","?","M","R","M","R_BF","BOSS"],"items_purchased_type":["Card"],"build_version":"2020-12-22","purchased_purges":1,"victory":false,"max_hp_per_floor":[78,78,78,78,78,78,78,78,78,78,78,78,78,78,78,78,78],"card_choices":[{"not_picked":["StSShapeShifter:Guard","StSShapeShifter:FruitBasket"],"picked":"StSShapeShifter:SquirrelForm","floor":1},{"not_picked":["StSShapeShifter:Sapling","StSShapeShifter:WiltingWrath"],"picked":"StSShapeShifter:FoxForm","floor":5},{"not_picked":["StSShapeShifter:FallingLeaves","StSShapeShifter:BladeOfGrass"],"picked":"StSShapeShifter:Roar","floor":7},{"not_picked":["StSShapeShifter:VineHandcuffs","StSShapeShifter:FallingLeaves"],"picked":"StSShapeShifter:BloomingSlash","floor":12},{"not_picked":["StSShapeShifter:VineHandcuffs","StSShapeShifter:Roar","StSShapeShifter:FruitBasket"],"picked":"SKIP","floor":14}],"player_experience":29165,"relics_obtained":[{"floor":7,"key":"Nunchaku"},{"floor":9,"key":"InkBottle"}],"event_choices":[{"cards_removed":["StSShapeShifter:SquirrelForm"],"damage_healed":0,"gold_gain":0,"player_choice":"Gave Card","damage_taken":0,"relics_obtained":["Golden Egg"],"max_hp_gain":0,"max_hp_loss":0,"event_name":"WeMeetAgain","floor":3,"gold_loss":0},{"damage_healed":0,"gold_gain":75,"player_choice":"Gather Gold","damage_taken":11,"max_hp_gain":0,"max_hp_loss":0,"event_name":"World of Goop","floor":10,"gold_loss":0}],"is_beta":false,"boss_relics":[],"items_purged_floors":[2],"is_endless":false,"potions_floor_spawned":[5,7,12],"killed_by":"Fading Forest","ascension_level":0}}