{"host":"l1pzlbpva2o8t11s","time":1613981334,"event":{"mods":["AchievementEnabler","BaseMod","Block Reminder","Colored Map","Minty Spire (QoL Compilation)","Random Character Button","Relic Stats","StSLib","The Jungle"],"gold_per_floor":[14,14,14,14,14,55,55,55,110,110,110,110,129,129,129,248,248,272,288,301,317,333,333,333,333,333,333,356,377,377,377],"floor_reached":30,"language":"ENG","playtime":1652,"items_purged":[],"score":274,"play_id":"6588ede2-8205-4940-800a-d4ffd1eb1ee1","local_time":"20210222090854","is_ascension_mode":true,"campfire_choices":[{"floor":7.0,"key":"REST"},{"data":"Cloak And Dagger","floor":10.0,"key":"SMITH"},{"floor":12.0,"key":"REST"},{"floor":15.0,"key":"REST"},{"data":"Cloak And Dagger","floor":23.0,"key":"SMITH"},{"floor":27.0,"key":"REST"}],"circlet_count":0,"master_deck":["Strike_G","Strike_G","Strike_G","Strike_G","Defend_G","Defend_G","Defend_G","Survivor","Neutralize+1","Infinite Blades","Cloak And Dagger+1","Backstab+1","Finisher","Cloak And Dagger+1","Accuracy","Backstab"],"relics":["Ring of the Snake","Golden Idol","Omamori","Potion Belt","HoveringKite","Bronze Scales","Kunai"],"acts_visited":["Exordium","TheCity"],"potions_floor_usage":[],"damage_taken":[{"damage":0.0,"enemies":"Cultist","floor":1.0,"turns":5.0},{"damage":49.0,"enemies":"3 Sentries","floor":6.0,"turns":13.0},{"damage":1.0,"enemies":"2 Louse","floor":13.0,"turns":3.0},{"damage":45.0,"enemies":"The Guardian","floor":16.0,"turns":14.0},{"damage":12.0,"enemies":"Shell Parasite","floor":18.0,"turns":6.0},{"damage":0.0,"enemies":"3 Byrds","floor":19.0,"turns":4.0},{"damage":8.0,"enemies":"Centurion and Healer","floor":20.0,"turns":5.0},{"damage":23.0,"enemies":"Snake Plant","floor":21.0,"turns":5.0},{"damage":37.0,"enemies":"Snecko","floor":22.0,"turns":6.0},{"damage":20.0,"enemies":"Cultist and Chosen","floor":28.0,"turns":5.0},{"damage":15.0,"enemies":"Snake Plant","floor":29.0,"turns":5.0},{"damage":0,"enemies":"Shelled Parasite and Fungi","floor":30,"turns":2}],"seed_played":"-5467835942315576404","potions_obtained":[{"floor":1.0,"key":"FairyPotion"},{"floor":13.0,"key":"FearPotion"},{"floor":18.0,"key":"Strength Potion"},{"floor":22.0,"key":"GamblersBrew"},{"floor":29.0,"key":"EssenceOfSteel"}],"is_trial":false,"path_per_floor":["M","?","$","?","?","E","R","$","T","R","?","R","M","?","R","B",null,"M","M","M","M","M","R","?","?","T","R","M","M","M"],"character_chosen":"THE_SILENT","items_purchased":[],"campfire_rested":4,"item_purchase_floors":[],"current_hp_per_floor":[70,53,53,46,51,2,24,24,24,24,24,46,45,30,52,7,75,63,63,55,32,20,20,20,20,20,42,22,7,7,7],"gold":377,"neow_bonus":"REMOVE_TWO","is_daily":false,"chose_seed":false,"campfire_upgraded":2,"win_rate":0.0,"timestamp":1613981334,"path_taken":["M","?","$","?","?","E","R","$","T","R","?","R","M","?","R","BOSS","M","M","M","M","M","R","?","?","T","R","M","?","M"],"items_purchased_type":[],"build_version":"2020-12-22","purchased_purges":0,"victory":false,"max_hp_per_floor":[70,70,70,70,75,75,75,75,75,75,75,75,75,75,75,75,75,75,75,75,75,75,75,75,75,75,75,75,75,75,75],"relic_stats":{"counters":[12,73],"Golden Idol":62,"Bronze Scales":[36],"HoveringKite":[8],"Kunai":[11],"obtain_stats":[{"Potion Belt":9,"Golden Idol":2,"Bronze Scales":25,"HoveringKite":17,"Omamori":6,"Kunai":26,"Ring of the Snake":0},{"Potion Belt":2,"Golden Idol":1,"Bronze Scales":9,"HoveringKite":4,"Omamori":2,"Kunai":9,"Ring of the Snake":0},{"Potion Belt":18,"Golden Idol":5,"Bronze Scales":61,"HoveringKite":35,"Omamori":18,"Kunai":61,"Ring of the Snake":0}],"Ring of the Snake":[24]},"card_choices":[{"not_picked":["Prepared","Flying Knee"],"picked":"Infinite Blades","floor":1.0},{"not_picked":["Bane","Noxious Fumes"],"picked":"Cloak And Dagger","floor":6.0},{"not_picked":["Deadly Poison","Slice"],"picked":"Backstab","floor":13.0},{"not_picked":["Flying Knee","Dodge and Roll"],"picked":"Finisher","floor":18.0},{"not_picked":["Footwork","Underhanded Strike+1"],"picked":"Cloak And Dagger","floor":19.0},{"not_picked":["Poisoned Stab","Slice"],"picked":"Accuracy","floor":20.0},{"not_picked":["Well Laid Plans","Backflip+1","Die Die Die"],"picked":"SKIP","floor":21.0},{"not_picked":["Masterful Stab+1","Expertise","Concentrate"],"picked":"SKIP","floor":22.0},{"not_picked":["Deflect+1","Dodge and Roll"],"picked":"Backstab","floor":28.0},{"not_picked":["PiercingWail","Catalyst","Sucker Punch+1"],"picked":"SKIP","floor":29.0}],"player_experience":181010,"relics_obtained":[{"floor":6.0,"key":"Omamori"},{"floor":9.0,"key":"Potion Belt"},{"floor":26.0,"key":"Kunai"}],"event_choices":[{"damage_healed":0.0,"max_hp_gain":0.0,"max_hp_loss":0.0,"gold_gain":0.0,"event_name":"Golden Idol","player_choice":"Take Damage","floor":2.0,"gold_loss":0.0,"damage_taken":17.0,"relics_obtained":["Golden Idol"]},{"cards_removed":["Defend_G"],"damage_healed":0.0,"max_hp_gain":0.0,"max_hp_loss":0.0,"gold_gain":0.0,"event_name":"Golden Wing","player_choice":"Card Removal","floor":4.0,"gold_loss":0.0,"damage_taken":7.0},{"damage_healed":0.0,"max_hp_gain":5.0,"max_hp_loss":0.0,"gold_gain":0.0,"event_name":"Big Fish","player_choice":"Donut","floor":5.0,"gold_loss":0.0,"damage_taken":0.0},{"damage_healed":0.0,"max_hp_gain":0.0,"max_hp_loss":0.0,"gold_gain":0.0,"event_name":"Dead Adventurer","player_choice":"Searched \u00271\u0027 times","floor":11.0,"gold_loss":0.0,"damage_taken":0.0},{"damage_healed":0.0,"max_hp_gain":0.0,"max_hp_loss":0.0,"gold_gain":0.0,"event_name":"Shining Light","player_choice":"Entered Light","floor":14.0,"gold_loss":0.0,"damage_taken":15.0,"cards_upgraded":["Backstab","Neutralize"]},{"damage_healed":0.0,"max_hp_gain":0.0,"max_hp_loss":0.0,"gold_gain":0.0,"event_name":"Cursed Tome","player_choice":"Ignored","floor":24.0,"gold_loss":0.0,"damage_taken":0.0},{"damage_healed":0.0,"max_hp_gain":0.0,"max_hp_loss":0.0,"gold_gain":0.0,"event_name":"Addict","player_choice":"Stole Relic","floor":25.0,"gold_loss":0.0,"damage_taken":0.0,"relics_obtained":["Bronze Scales"],"cards_obtained":["Shame"]}],"is_beta":false,"boss_relics":[{"not_picked":["Velvet Choker","Ectoplasm"],"picked":"HoveringKite"}],"items_purged_floors":[],"is_endless":false,"potions_floor_spawned":[1,13,18,22,29],"killed_by":"Shelled Parasite and Fungi","ascension_level":4}}