{"host":"siu98xj5u8nq6xdu","time":1613964927,"event":{"mods":["AchievementEnabler","BaseMod","Colored Map","Colored Powertips","Minty Spire (QoL Compilation)"],"gold_per_floor":[113,124,199,217,217,217,243,261,287,303,303,319,338,338,338],"floor_reached":14,"language":"ENG","playtime":747,"items_purged":[],"score":169,"play_id":"63045641-d5fe-43d9-9008-ba9dc3bddc60","local_time":"20210221223527","is_ascension_mode":true,"campfire_choices":[{"data":"Infinite Blades","floor":6.0,"key":"SMITH"},{"floor":11.0,"key":"REST"}],"circlet_count":0,"master_deck":["AscendersBane","Strike_G","Strike_G","Strike_G","Strike_G","Strike_G","Defend_G","Defend_G","Defend_G","Defend_G","Defend_G","Survivor","Neutralize","Reflex","Backflip","Infinite Blades+1","After Image","Blade Dance","Footwork","Cloak And Dagger","Burst"],"relics":["Ring of the Snake","NeowsBlessing","CultistMask","Orichalcum","Bronze Scales"],"acts_visited":["Exordium"],"potions_floor_usage":[],"damage_taken":[{"damage":0.0,"enemies":"Jaw Worm","floor":1.0,"turns":1.0},{"damage":0.0,"enemies":"2 Louse","floor":2.0,"turns":1.0},{"damage":0.0,"enemies":"Cultist","floor":4.0,"turns":1.0},{"damage":12.0,"enemies":"3 Sentries","floor":7.0,"turns":11.0},{"damage":10.0,"enemies":"Exordium Thugs","floor":8.0,"turns":8.0},{"damage":8.0,"enemies":"Blue Slaver","floor":10.0,"turns":4.0},{"damage":0.0,"enemies":"Large Slime","floor":12.0,"turns":5.0},{"damage":9.0,"enemies":"3 Louse","floor":13.0,"turns":4.0},{"damage":46,"enemies":"Gremlin Nob","floor":14,"turns":5}],"seed_played":"-783506041982453792","potions_obtained":[{"floor":4.0,"key":"Strength Potion"},{"floor":7.0,"key":"Explosive Potion"},{"floor":10.0,"key":"EntropicBrew"},{"floor":12.0,"key":"Regen Potion"}],"is_trial":false,"path_per_floor":["M","M","?","M","?","R","E","M","T","M","R","M","M","E"],"character_chosen":"THE_SILENT","items_purchased":[],"campfire_rested":1,"item_purchase_floors":[],"current_hp_per_floor":[59,59,48,48,48,48,36,26,26,18,37,37,40,0,0],"gold":338,"neow_bonus":"THREE_ENEMY_KILL","is_daily":false,"chose_seed":false,"campfire_upgraded":1,"win_rate":0.0,"timestamp":1613964927,"path_taken":["M","M","?","M","?","R","E","M","T","M","R","?","M","E"],"items_purchased_type":[],"build_version":"2020-12-22","purchased_purges":0,"victory":false,"max_hp_per_floor":[66,66,66,66,66,66,66,66,66,66,66,66,66,66,66],"card_choices":[{"not_picked":["Poisoned Stab","Deadly Poison"],"picked":"Reflex","floor":1.0},{"not_picked":["Slice","Bane"],"picked":"Backflip","floor":2.0},{"not_picked":["Endless Agony","Bane"],"picked":"Infinite Blades","floor":4.0},{"not_picked":["Dodge and Roll","Flying Knee"],"picked":"After Image","floor":7.0},{"not_picked":["Slice","Backflip"],"picked":"Blade Dance","floor":8.0},{"not_picked":["Dagger Throw","Deflect"],"picked":"Footwork","floor":10.0},{"not_picked":["Deflect","Leg Sweep"],"picked":"Cloak And Dagger","floor":12.0},{"not_picked":["Flying Knee","Bane"],"picked":"Burst","floor":13.0}],"player_experience":764568,"relics_obtained":[{"floor":7.0,"key":"Orichalcum"},{"floor":9.0,"key":"Bronze Scales"}],"event_choices":[{"damage_healed":0.0,"max_hp_gain":0.0,"max_hp_loss":0.0,"gold_gain":75.0,"event_name":"World of Goop","player_choice":"Gather Gold","floor":3.0,"gold_loss":0.0,"damage_taken":11.0},{"damage_healed":0.0,"max_hp_gain":0.0,"max_hp_loss":0.0,"gold_gain":0.0,"event_name":"FaceTrader","player_choice":"Trade","floor":5.0,"gold_loss":0.0,"damage_taken":0.0,"relics_obtained":["CultistMask"]}],"is_beta":false,"boss_relics":[],"items_purged_floors":[],"is_endless":false,"potions_floor_spawned":[4,7,10,12],"killed_by":"Gremlin Nob","ascension_level":16}}