{"host":"se54kqb5s2qquozl","time":1613967682,"event":{"mods":["BaseMod","Colored Powertips","Downfall","Hermit","Minty Spire (QoL Compilation)","Replay The Spire","StSLib"],"gold_per_floor":[99,113,128,139,139,72,72,97,97,97,113,140,49,149,159,260,260,160,173,187,203,203,233,233,508,541,553,553,588,588,603,616,711,711,711,730,830,842,842,842,868,899,914,948,848,858,870,33,50,50],"floor_reached":51,"language":"ENG","playtime":4659,"items_purged":[],"score":1034,"play_id":"a50ce421-6c5c-4cca-b3b2-a6332667a0fc","local_time":"20210221222121","is_ascension_mode":true,"campfire_choices":[{"data":"hexamod:Sear","floor":1.0,"key":"SMITH"},{"data":"hexamod:FlameSwitch","floor":18.0,"key":"SMITH"},{"data":"hexamod:SuperheatedStrike","floor":30.0,"key":"SMITH"},{"data":"hexamod:UnlimitedPower","floor":35.0,"key":"SMITH"},{"data":"expansioncontent:InvincibleStrength","floor":40.0,"key":"SMITH"},{"floor":45.0,"key":"REST"}],"circlet_count":0,"master_deck":["hexamod:Strike","hexamod:Strike+1","hexamod:Strike+1","hexamod:Strike+1","hexamod:Defend+1","hexamod:Defend+1","hexamod:Defend","hexamod:Defend+1","hexamod:Sear+1","hexamod:Float+1","hexamod:AdvancingGuard+1","hexamod:AdvancingGuard","hexamod:WildfireWeapon+1","Voices","hexamod:FlamesFromBeyond","hexamod:NightmareGuise","hexamod:ApocalypticArmor+1","hexamod:DynamicBlow+1","hexamod:SuperheatedStrike","hexamod:TimeWarp+1","hexamod:FlameSwitch+1","hexamod:EtherealExpedition","hexamod:SuperheatedStrike+1","hexamod:GhostflameBarrier+1","downfall:Bewildered","Languid","Regret","hexamod:FifthSeal","hexamod:SixthSeal","hexamod:FlameSwitch+1","hexamod:SixthSeal","hexamod:UnlimitedPower+1","hexamod:RecurringNightmare+1","hexamod:NightmareGuise+1","hexamod:ChargedBarrage+1","expansioncontent:InvincibleStrength+1","expansioncontent:AwakenDeath","expansioncontent:InvincibleStrength","downfall:Icky","hexamod:PhantomCloak+1","hexamod:GhostOfSpireFuture+1","hexamod:EtherealExpedition+1","hexamod:ForkedFlame","hexamod:Incineration","hexamod:RadiantFlame+1"],"relics":["hexamod:SpiritBrand","Replay:Mystery Machine","ReplayTheSpireMod:Ring of Addiction","Toy Ornithopter","Potion Belt","Ring of Fury","Divine Protection","PreservedInsect","Vajra","Cursed Key","downfall:HeartBlessingGreen","sneckomod:BabySnecko","Mirror","Lizard Tail","Dream Catcher","Blood Vial","Bottled Tornado","Darkstone Periapt","downfall:HeartBlessingBlue","Bird Faced Urn","Regal Pillow"],"acts_visited":["Exordium","TheCity","TheBeyond"],"potions_floor_usage":[50],"damage_taken":[{"damage":8.0,"enemies":"Small Slimes","floor":2.0,"turns":3.0},{"damage":2.0,"enemies":"Jaw Worm","floor":3.0,"turns":3.0},{"damage":0.0,"enemies":"Cultist","floor":4.0,"turns":3.0},{"damage":0.0,"enemies":"downfall:FleeingMerchant","floor":6.0,"turns":4.0},{"damage":0.0,"enemies":"Lagavulin","floor":8.0,"turns":7.0},{"damage":0.0,"enemies":"Blue Slaver","floor":11.0,"turns":4.0},{"damage":0.0,"enemies":"3 Sentries","floor":12.0,"turns":6.0},{"damage":0.0,"enemies":"downfall:FleeingMerchant","floor":13.0,"turns":4.0},{"damage":0.0,"enemies":"Exordium Thugs","floor":15.0,"turns":4.0},{"damage":20.0,"enemies":"DF_ARCHETYPE_STREAMLINE","floor":16.0,"turns":6.0},{"damage":0.0,"enemies":"Chosen","floor":19.0,"turns":4.0},{"damage":6.0,"enemies":"3 Byrds","floor":20.0,"turns":5.0},{"damage":11.0,"enemies":"3 Cultists","floor":21.0,"turns":5.0},{"damage":6.0,"enemies":"Slavers","floor":23.0,"turns":4.0},{"damage":0.0,"enemies":"Book of Stabbing","floor":26.0,"turns":4.0},{"damage":0.0,"enemies":"Snecko","floor":27.0,"turns":3.0},{"damage":13.0,"enemies":"Replay:Snechameleon","floor":29.0,"turns":5.0},{"damage":26.0,"enemies":"Centurion and Healer","floor":31.0,"turns":7.0},{"damage":26.0,"enemies":"Sentry and Sphere","floor":32.0,"turns":8.0},{"damage":18.0,"enemies":"IC_MUSHROOM_ARCHETYPE","floor":33.0,"turns":8.0},{"damage":9.0,"enemies":"3 Darklings","floor":36.0,"turns":5.0},{"damage":1.0,"enemies":"Orb Walker","floor":38.0,"turns":3.0},{"damage":26.0,"enemies":"Giant Head","floor":42.0,"turns":8.0},{"damage":44.0,"enemies":"Writhing Mass","floor":43.0,"turns":6.0},{"damage":8.0,"enemies":"R_Hoarder","floor":44.0,"turns":7.0},{"damage":6.0,"enemies":"Spire Growth","floor":46.0,"turns":6.0},{"damage":15.0,"enemies":"4 Shapes","floor":47.0,"turns":6.0},{"damage":0.0,"enemies":"downfall:FleeingMerchant","floor":48.0,"turns":4.0},{"damage":20.0,"enemies":"Transient","floor":49.0,"turns":5.0},{"damage":16,"enemies":"SI_POISON_ARCHETYPE","floor":50,"turns":15}],"seed_played":"6139849769221360320","potions_obtained":[{"floor":3.0,"key":"CultistPotion"},{"floor":5.0,"key":"BlessingOfTheForge"},{"floor":5.0,"key":"CultistPotion"},{"floor":5.0,"key":"hexamod:EctoCoolerPotion"},{"floor":11.0,"key":"Cursed Concoction"},{"floor":12.0,"key":"Strength Potion"},{"floor":20.0,"key":"Swift Potion"},{"floor":23.0,"key":"PowerPotion"},{"floor":27.0,"key":"hexamod:DoubleChargePotion"},{"floor":32.0,"key":"SkillPotion"},{"floor":38.0,"key":"hexamod:SoulburnPotion"},{"floor":44.0,"key":"Swift Potion"},{"floor":46.0,"key":"EssenceOfSteel"},{"floor":47.0,"key":"FearPotion"}],"is_trial":false,"path_per_floor":["R","M","M","M","?","$","T","E","?","?","M","E","$","?","M","B",null,"R","M","M","M","?","E","T","?","E","M","?","E","R","M","M","B",null,"R","M","?","M","?","R","T","E","M","E","R","M","M","$","M","B",null],"character_chosen":"THE_SPIRIT","items_purchased":["hexamod:NightmareGuise","hexamod:TimeWarp","Bird Faced Urn","hexamod:ForkedFlame","hexamod:Incineration","Regal Pillow","hexamod:RadiantFlame+1","Doom Potion"],"campfire_rested":1,"item_purchase_floors":[6,13,48,48,48,48,48,48],"current_hp_per_floor":[70,62,60,60,60,60,60,65,65,65,65,65,65,65,65,45,66,64,64,58,47,47,51,51,51,56,56,64,51,51,27,8,2,64,64,55,55,56,46,46,46,22,12,6,37,33,25,32,24,29],"gold":50,"neow_bonus":"RANDOM_COMMON_RELIC","is_daily":false,"chose_seed":false,"campfire_upgraded":5,"win_rate":0.0,"timestamp":1613967681,"path_taken":["R","M","M","M","?","$","T","E","?","?","?","E","$","?","M","BOSS","R","M","M","M","?","E","T","?","E","?","?","E","R","M","M","BOSS","R","M","?","M","?","R","T","E","?","E","R","M","M","$","M","BOSS"],"items_purchased_type":["Card","Card","Relic","Card","Card","Relic","Card","Potion"],"build_version":"2020-12-22","purchased_purges":0,"victory":true,"max_hp_per_floor":[70,70,70,70,70,70,70,70,70,70,70,68,68,68,66,66,66,64,64,64,64,64,64,64,64,64,64,64,64,64,64,64,64,64,64,64,64,64,64,62,62,62,60,60,70,68,68,68,68,68],"card_choices":[{"not_picked":["hexamod:ThermalTransfer","hexamod:NightmareGuise"],"picked":"hexamod:AdvancingGuard","floor":2.0},{"not_picked":["hexamod:ThirdSeal","hexamod:Firestarter"],"picked":"hexamod:AdvancingGuard","floor":3.0},{"not_picked":["hexamod:Again","hexamod:AdvancingGuard"],"picked":"hexamod:WildfireWeapon","floor":4.0},{"not_picked":["hexamod:RecurringNightmare","hexamod:Firestarter"],"picked":"hexamod:FlamesFromBeyond","floor":6.0},{"not_picked":["hexamod:SpectralSpark","hexamod:NightmareStrike"],"picked":"hexamod:ApocalypticArmor","floor":8.0},{"not_picked":["hexamod:FirstSeal","hexamod:ShieldOfDarkness","hexamod:SoulSteal"],"picked":"SKIP","floor":11.0},{"not_picked":["hexamod:ExtraCrispy","hexamod:HeatMetal"],"picked":"hexamod:DynamicBlow","floor":12.0},{"not_picked":["hexamod:BurningTouch","hexamod:NightmareStrike"],"picked":"hexamod:SuperheatedStrike","floor":13.0},{"not_picked":["hexamod:Rewind","hexamod:NightmareStrike","hexamod:BacktrackSmack"],"picked":"SKIP","floor":15.0},{"not_picked":["hexamod:UnleashSpirits","hexamod:TurnItUp"],"picked":"hexamod:FlameSwitch","floor":16.0},{"not_picked":["hexamod:FastForward","hexamod:Firestarter"],"picked":"hexamod:EtherealExpedition","floor":19.0},{"not_picked":["hexamod:InspiringFlames","hexamod:FirstSeal"],"picked":"hexamod:SuperheatedStrike","floor":20.0},{"not_picked":["hexamod:NightmareStrike+1","hexamod:Firestarter"],"picked":"hexamod:GhostflameBarrier+1","floor":21.0},{"not_picked":["hexamod:ThermalTransfer","hexamod:SuperheatedStrike","hexamod:RetreatToShadows"],"picked":"SKIP","floor":23.0},{"not_picked":["hexamod:SwordOfDarkness","hexamod:SoulSteal"],"picked":"hexamod:FifthSeal","floor":26.0},{"not_picked":["hexamod:FourthSeal","hexamod:ThirdSeal"],"picked":"hexamod:SixthSeal","floor":27.0},{"not_picked":["hexamod:BurningTouch","hexamod:ThermalTransfer","hexamod:ShieldOfDarkness+1"],"picked":"SKIP","floor":27.0},{"not_picked":["hexamod:DynamicBlow","hexamod:SpectralSpark","hexamod:FastForward+1"],"picked":"SKIP","floor":29.0},{"not_picked":["hexamod:GhostLash+1","hexamod:SpectersWail","hexamod:SkipABeat"],"picked":"SKIP","floor":31.0},{"not_picked":["hexamod:HauntingEcho","hexamod:Firestarter"],"picked":"hexamod:FlameSwitch","floor":32.0},{"not_picked":["hexamod:SecondSeal","hexamod:ThirdSeal"],"picked":"hexamod:SixthSeal","floor":33.0},{"not_picked":["hexamod:TimeWarp","hexamod:FlameSwitch"],"picked":"hexamod:UnlimitedPower","floor":33.0},{"not_picked":["hexamod:GhostLash+1","hexamod:ShieldOfDarkness+1"],"picked":"hexamod:RecurringNightmare+1","floor":36.0},{"not_picked":["hexamod:SwordOfDarkness+1","hexamod:ChargedBarrage+1"],"picked":"hexamod:NightmareGuise+1","floor":37.0},{"not_picked":["hexamod:GhostShield+1","hexamod:Rewind+1"],"picked":"hexamod:ChargedBarrage+1","floor":38.0},{"not_picked":["expansioncontent:YouAreMine","expansioncontent:PolyBeam"],"picked":"expansioncontent:InvincibleStrength","floor":39.0},{"not_picked":["expansioncontent:LastStand","Replay:SS_fish_1"],"picked":"expansioncontent:AwakenDeath","floor":39.0},{"not_picked":["expansioncontent:Chronoboost","expansioncontent:HyperBeam"],"picked":"expansioncontent:InvincibleStrength","floor":39.0},{"not_picked":["hexamod:SpectersWail+1","hexamod:BurningTouch+1","hexamod:ThermalTransfer"],"picked":"SKIP","floor":42.0},{"not_picked":["hexamod:FastForward","hexamod:InspiringFlames+1","hexamod:ShieldOfDarkness+1"],"picked":"SKIP","floor":43.0},{"not_picked":["hexamod:GhostLash+1","hexamod:ThirdSeal","hexamod:ExtraCrispy"],"picked":"SKIP","floor":44.0},{"not_picked":["hexamod:HeatMetal+1","hexamod:SpectersWail+1"],"picked":"hexamod:PhantomCloak","floor":45.0},{"not_picked":["hexamod:ShieldOfDarkness","hexamod:NightmareStrike"],"picked":"hexamod:GhostOfSpireFuture","floor":46.0},{"not_picked":["hexamod:HeatMetal","hexamod:NightmareStrike","hexamod:AdvancingGuard"],"picked":"SKIP","floor":47.0},{"not_picked":["hexamod:GhostLash","hexamod:ForkedFlame"],"picked":"hexamod:EtherealExpedition+1","floor":48.0},{"not_picked":["hexamod:FastForward+1","hexamod:GhostLash+1","hexamod:AdvancingGuard+1"],"picked":"SKIP","floor":49.0}],"player_experience":82433,"relics_obtained":[{"floor":5.0,"key":"ReplayTheSpireMod:Ring of Addiction"},{"floor":5.0,"key":"Toy Ornithopter"},{"floor":5.0,"key":"Potion Belt"},{"floor":5.0,"key":"Ring of Fury"},{"floor":7.0,"key":"Divine Protection"},{"floor":8.0,"key":"PreservedInsect"},{"floor":12.0,"key":"Vajra"},{"floor":23.0,"key":"Mirror"},{"floor":24.0,"key":"Lizard Tail"},{"floor":26.0,"key":"Dream Catcher"},{"floor":29.0,"key":"Blood Vial"},{"floor":42.0,"key":"Bottled Tornado"},{"floor":44.0,"key":"Darkstone Periapt"}],"event_choices":[{"damage_healed":0.0,"max_hp_gain":0.0,"max_hp_loss":0.0,"gold_gain":0.0,"event_name":"Living Wall","player_choice":"Grow","floor":9.0,"gold_loss":0.0,"damage_taken":0.0,"cards_upgraded":["hexamod:ApocalypticArmor"]},{"damage_healed":8.0,"max_hp_gain":0.0,"max_hp_loss":0.0,"gold_gain":0.0,"event_name":"Wheel of Change","player_choice":"Full Heal","floor":28.0,"gold_loss":0.0,"damage_taken":0.0}],"is_beta":false,"boss_relics":[{"not_picked":["Runic Dome","Painkiller Herb"],"picked":"Cursed Key"},{"not_picked":["ReplayTheSpireMod:DimensionalGlitch","ChewingGum","Fusion Hammer"]}],"items_purged_floors":[],"is_endless":false,"potions_floor_spawned":[3,11,12,15,20,23,27,32,38,44,46,47],"ascension_level":2}}