{"host":"1v3mnj67s3trvm6y","time":1613997240,"event":{"mods":["BaseMod","Challenge The Spire","Minty Spire (QoL Compilation)","StSLib","The Cursed"],"gold_per_floor":[118,118,134,84,101,126,301,318,318,318,318,337,337,362,362,462,462,474,399,417,342,342,342,377,390,390,405,437,437,437,337,337,435,435,448,1447,945,959,984,1017,1034,1072,1122,1122,1122,1161,1173,1200,1200,1200,1200,1200,706,750,750],"floor_reached":56,"language":"ENG","playtime":3494,"items_purged":["TheCursedMod:Defend_TheCursed","TheCursedMod:Strike_TheCursed","Normality","Normality"],"score":1581,"play_id":"cf347460-d6f4-4d26-8cbe-e154b2c9245b","local_time":"20210222213400","is_ascension_mode":false,"campfire_choices":[{"data":"TheCursedMod:CleanUpWorkshop","floor":11,"key":"SMITH"},{"data":"TheCursedMod:HellfireBreathing","floor":13,"key":"SMITH"},{"floor":15,"key":"REST"},{"data":"TheCursedMod:ForbiddenAlchemy","floor":23,"key":"SMITH"},{"data":"TheCursedMod:UltimatePain","floor":32,"key":"SMITH"},{"floor":44,"key":"RECALL"},{"data":"Secret Technique","floor":49,"key":"SMITH"},{"data":"Dark Shackles","floor":52,"key":"SMITH"}],"circlet_count":0,"master_deck":["TheCursedMod:Defend_TheCursed+1","TheCursedMod:Defend_TheCursed+1","TheCursedMod:CursedWand","TheCursedMod:CleanUpWorkshop+1","TheCursedMod:Dregs","Decay","TheCursedMod:HellfireBreathing+1","TheCursedMod:LuckyCharm","TheCursedMod:RapidMovement","TheCursedMod:CursedBlade","TheCursedMod:CursedBlade","TheCursedMod:OutForBlood+1","Doubt","TheCursedMod:CursedBoomerang+1","TheCursedMod:SpitefulPray+1","TheCursedMod:WearCloak","TheCursedMod:ForbiddenAlchemy+1","TheCursedMod:CursedBoomerang+1","TheCursedMod:FleshFromBone","Writhe","TheCursedMod:StingEye+1","TheCursedMod:Grudge+1","TheCursedMod:UltimatePain+1","TheCursedMod:FleshFromBone+1","Shame","TheCursedMod:CollectTribute+1","TheCursedMod:LuckyCharm+1","TheCursedMod:SpitefulPlan+1","TheCursedMod:Mangle","TheCursedMod:ReleasedKnowledge+1","TheCursedMod:Wield+1","TheCursedMod:RapidMovement+1","TheCursedMod:DemonicPact+1","Dark Shackles+1","Secret Technique+1","Flash of Steel","TheCursedMod:CircleOfCorruption","TheCursedMod:Torture+1"],"relics":["TheCursedMod:BlackMagic101","Question Card","Frozen Egg 2","Gremlin Horn","TheCursedMod:SoulVessel","Black Star","Tiny Chest","InkBottle","TheCursedMod:BloodyHarpoon","Blood Vial","Pen Nib","Orichalcum","Darkstone Periapt","TheCursedMod:OminousMark","Pantograph","Omamori","Vajra","CeramicFish","Bottled Tornado","Nunchaku","PreservedInsect","Bird Faced Urn","Happy Flower","Bronze Scales","Eternal Feather","War Paint"],"acts_visited":["Exordium","TheCity","TheBeyond","TheEnding"],"potions_floor_usage":[16,18,20,24,24,24,25,25,25,25,25,25,28,28,28,28,28,28,33,33,33,35,35,35,35,35,35,38,38,40,40,40,40,41,41,41,41,42,42,42,42,42,46,50,50,50,54,54,54,54,54,54,55,55,55,55,55,55,55,55],"damage_taken":[{"damage":3,"enemies":"Cultist","floor":1,"turns":4},{"damage":0,"enemies":"Small Slimes","floor":3,"turns":5},{"damage":0,"enemies":"Jaw Worm","floor":5,"turns":4},{"damage":10,"enemies":"3 Sentries","floor":6,"turns":6},{"damage":2,"enemies":"Looter","floor":8,"turns":5},{"damage":2,"enemies":"Exordium Thugs","floor":12,"turns":5},{"damage":17,"enemies":"Lagavulin","floor":14,"turns":5},{"damage":22,"enemies":"Hexaghost","floor":16,"turns":7},{"damage":9,"enemies":"Shell Parasite","floor":18,"turns":7},{"damage":10,"enemies":"3 Byrds","floor":20,"turns":3},{"damage":7,"enemies":"Book of Stabbing","floor":24,"turns":4},{"damage":17,"enemies":"Snecko","floor":25,"turns":4},{"damage":6,"enemies":"Centurion and Healer","floor":27,"turns":9},{"damage":22,"enemies":"Slavers","floor":28,"turns":3},{"damage":0,"enemies":"Collector","floor":33,"turns":7},{"damage":0,"enemies":"3 Darklings","floor":35,"turns":4},{"damage":7,"enemies":"Orb Walker","floor":38,"turns":4},{"damage":2,"enemies":"Giant Head","floor":40,"turns":6},{"damage":13,"enemies":"Spire Growth","floor":41,"turns":4},{"damage":29,"enemies":"Reptomancer","floor":42,"turns":5},{"damage":15,"enemies":"Nemesis","floor":46,"turns":5},{"damage":22,"enemies":"4 Shapes","floor":47,"turns":3},{"damage":40,"enemies":"Awakened One","floor":50,"turns":9},{"damage":1,"enemies":"Shield and Spear","floor":54,"turns":5},{"damage":12,"enemies":"The Heart","floor":55,"turns":6}],"seed_played":"-3750313341558083001","potions_obtained":[{"floor":5,"key":"LiquidBronze"},{"floor":6,"key":"TheCursedMod:DregsPotion"},{"floor":8,"key":"Energy Potion"},{"floor":18,"key":"BlessingOfTheForge"},{"floor":33,"key":"Weak Potion"},{"floor":42,"key":"PowerPotion"}],"is_trial":false,"path_per_floor":["M","T","M","?","M","E","?","M","T","?","R","M","R","E","R","B",null,"M","$","M","?","?","R","E","M","T","M","E","?","?","$","R","B",null,"M","?","$","M","T","E","M","E","T","R","?","E","M","?","R","B",null,"R","$","E","B",null],"character_chosen":"THE_CURSED","items_purchased":["Pantograph","TheCursedMod:SpitefulPlan+1","TheCursedMod:Mangle","Happy Flower","Bronze Scales","TheCursedMod:CircleOfCorruption"],"campfire_rested":1,"item_purchase_floors":[37,37,37,53,53,53],"current_hp_per_floor":[72,72,72,72,72,62,62,60,60,45,45,43,43,26,48,30,75,70,70,62,62,62,62,60,45,45,52,36,42,69,69,69,80,81,81,93,93,93,93,93,88,83,83,83,83,79,79,69,69,76,93,93,93,93,93],"gold":750,"neow_bonus":"TRANSFORM_TWO_CARDS","is_daily":false,"chose_seed":false,"campfire_upgraded":6,"win_rate":0.0,"timestamp":1613997240,"path_taken":["M","?","?","?","M","E","?","M","T","?","R","?","R","E","R","BOSS","M","$","M","?","?","R","E","M","T","M","E","?","?","$","R","BOSS","M","?","$","M","?","E","M","E","T","R","?","E","M","?","R","BOSS","R","$","E","BOSS"],"items_purchased_type":["Relic","Card","Card","Relic","Relic","Card"],"build_version":"2020-12-22","purchased_purges":4,"victory":true,"max_hp_per_floor":[75,75,75,75,75,75,75,75,75,75,75,75,75,75,75,75,75,75,75,75,75,75,75,75,75,75,75,75,81,81,81,81,81,81,81,93,93,93,93,93,93,93,93,93,93,93,93,93,93,93,93,93,93,93,93],"card_choices":[{"not_picked":["TheCursedMod:CursedAmulet","TheCursedMod:RavingStaff"],"picked":"TheCursedMod:RapidMovement","floor":1},{"not_picked":["TheCursedMod:SaltUponWound","TheCursedMod:FleshFromBone","TheCursedMod:CursedArmor"],"picked":"TheCursedMod:CursedBlade","floor":3},{"not_picked":["TheCursedMod:RavingStaff","TheCursedMod:BlessingInDisguise","TheCursedMod:FuryStrike"],"picked":"TheCursedMod:CursedBlade","floor":5},{"not_picked":["TheCursedMod:SurpriseAttack","TheCursedMod:EmpowerCircles+1","TheCursedMod:CursedShiv"],"picked":"TheCursedMod:OutForBlood+1","floor":6},{"not_picked":["TheCursedMod:Stigma","TheCursedMod:CursedShiv","TheCursedMod:RavingStaff"],"picked":"TheCursedMod:CursedBoomerang","floor":8},{"not_picked":["TheCursedMod:SurpriseAttack","TheCursedMod:BlessingInDisguise","TheCursedMod:VitalStrike"],"picked":"TheCursedMod:SpitefulPray","floor":12},{"not_picked":["TheCursedMod:HellsGateOpen+1","TheCursedMod:NeowsMight","TheCursedMod:PrepareRite"],"picked":"TheCursedMod:WearCloak","floor":14},{"not_picked":["TheCursedMod:ParallelWorld","TheCursedMod:ShockAndAwe","TheCursedMod:CircleOfAbyss"],"picked":"TheCursedMod:ForbiddenAlchemy","floor":16},{"not_picked":["TheCursedMod:Obscuration","TheCursedMod:CursedStaff","TheCursedMod:CursedMace"],"picked":"TheCursedMod:CursedBoomerang+1","floor":18},{"not_picked":["TheCursedMod:VitalStrike+1","TheCursedMod:HellsGateOpen+1","TheCursedMod:CursedArmor"],"picked":"TheCursedMod:FleshFromBone","floor":20},{"not_picked":["TheCursedMod:TacticalStrike","TheCursedMod:SoulReap","TheCursedMod:SpitefulStrike"],"picked":"TheCursedMod:StingEye+1","floor":24},{"not_picked":["TheCursedMod:CursedShiv","TheCursedMod:SpitefulStrike+1","TheCursedMod:BloodBarrier"],"picked":"TheCursedMod:Grudge+1","floor":25},{"not_picked":["TheCursedMod:RavingStaff","TheCursedMod:CursedMace","TheCursedMod:CircleOfAmplification"],"picked":"TheCursedMod:UltimatePain","floor":27},{"not_picked":["TheCursedMod:RapidMovement","TheCursedMod:CursedMace","TheCursedMod:UltimatePain"],"picked":"TheCursedMod:FleshFromBone+1","floor":28},{"not_picked":["TheCursedMod:Neurasthenia","TheCursedMod:ForbiddenAlchemy","TheCursedMod:DemonicPact+1"],"picked":"TheCursedMod:CollectTribute+1","floor":33},{"not_picked":["TheCursedMod:Stigma","TheCursedMod:SoulReap+1","TheCursedMod:SpitefulStrike"],"picked":"TheCursedMod:LuckyCharm+1","floor":35},{"not_picked":["TheCursedMod:SpitefulPlan+1","TheCursedMod:BloodBarrier","TheCursedMod:CursedBlade"],"picked":"TheCursedMod:Obscuration+1","floor":38},{"not_picked":["TheCursedMod:EmpowerCircles+1","TheCursedMod:HellsGateOpen+1","TheCursedMod:CircleOfBlood"],"picked":"TheCursedMod:ReleasedKnowledge+1","floor":40},{"not_picked":["TheCursedMod:Torture","TheCursedMod:CursedShiv+1","TheCursedMod:TacticalStrike+1"],"picked":"TheCursedMod:Wield+1","floor":41},{"not_picked":["TheCursedMod:ForbiddenAlchemy","TheCursedMod:Grudge+1","TheCursedMod:CursedBlade+1"],"picked":"TheCursedMod:RapidMovement+1","floor":42},{"not_picked":["TheCursedMod:BlessingInDisguise+1","TheCursedMod:SurpriseAttack+1","TheCursedMod:TacticalStrike"],"picked":"TheCursedMod:DemonicPact+1","floor":46},{"not_picked":["TheCursedMod:RavingStaff+1","TheCursedMod:Wield+1","TheCursedMod:CursedAmulet","TheCursedMod:CursedMace+1"],"picked":"SKIP","floor":47},{"not_picked":["Finesse","PanicButton","The Bomb"],"picked":"Dark Shackles","floor":48},{"not_picked":["Flash of Steel","PanicButton","Panacea"],"picked":"Secret Technique","floor":48},{"not_picked":["Impatience","Violence","Metamorphosis"],"picked":"Flash of Steel","floor":48},{"not_picked":["TheCursedMod:Stretching+1","TheCursedMod:CircleOfBlood+1","TheCursedMod:SpitefulStrike"],"picked":"TheCursedMod:Torture+1","floor":54}],"player_experience":1601081,"relics_obtained":[{"floor":2,"key":"Question Card"},{"floor":6,"key":"Frozen Egg 2"},{"floor":9,"key":"Gremlin Horn"},{"floor":14,"key":"TheCursedMod:SoulVessel"},{"floor":24,"key":"InkBottle"},{"floor":24,"key":"TheCursedMod:BloodyHarpoon"},{"floor":26,"key":"Blood Vial"},{"floor":28,"key":"Pen Nib"},{"floor":28,"key":"Orichalcum"},{"floor":40,"key":"Omamori"},{"floor":40,"key":"Vajra"},{"floor":42,"key":"CeramicFish"},{"floor":42,"key":"Bottled Tornado"},{"floor":43,"key":"Nunchaku"},{"floor":46,"key":"PreservedInsect"},{"floor":46,"key":"Bird Faced Urn"},{"floor":54,"key":"Eternal Feather"},{"floor":54,"key":"War Paint"}],"event_choices":[{"cards_removed":["TheCursedMod:Strike_TheCursed"],"damage_healed":0,"gold_gain":0,"player_choice":"Card Removal","damage_taken":0,"max_hp_gain":0,"max_hp_loss":0,"event_name":"The Cleric","floor":4,"gold_loss":50},{"damage_healed":0,"gold_gain":175,"player_choice":"AGREE","damage_taken":0,"max_hp_gain":0,"max_hp_loss":0,"event_name":"Liars Game","floor":7,"gold_loss":0,"cards_obtained":["Doubt"]},{"damage_healed":0,"gold_gain":0,"player_choice":"Entered Light","damage_taken":15,"max_hp_gain":0,"max_hp_loss":0,"event_name":"Shining Light","floor":10,"gold_loss":0,"cards_upgraded":["TheCursedMod:Defend_TheCursed","TheCursedMod:CursedBoomerang"]},{"cards_removed":["TheCursedMod:Strike_TheCursed"],"damage_healed":0,"gold_gain":0,"player_choice":"Gave Gold","damage_taken":0,"max_hp_gain":0,"max_hp_loss":0,"event_name":"Beggar","floor":21,"gold_loss":75},{"damage_healed":0,"gold_gain":0,"player_choice":"Opened","damage_taken":0,"relics_obtained":["Tiny Chest"],"max_hp_gain":0,"max_hp_loss":0,"event_name":"The Mausoleum","floor":22,"gold_loss":0,"cards_obtained":["Writhe"]},{"damage_healed":0,"gold_gain":0,"player_choice":"Stole Relic","damage_taken":0,"relics_obtained":["Darkstone Periapt"],"max_hp_gain":0,"max_hp_loss":0,"event_name":"Addict","floor":29,"gold_loss":0,"cards_obtained":["Shame"]},{"damage_healed":27,"gold_gain":0,"player_choice":"Heal","damage_taken":0,"max_hp_gain":0,"max_hp_loss":0,"event_name":"The Library","floor":30,"gold_loss":0},{"damage_healed":0,"gold_gain":999,"player_choice":"Gold","damage_taken":0,"max_hp_gain":0,"max_hp_loss":0,"event_name":"MindBloom","floor":36,"gold_loss":0,"cards_obtained":["Normality","Normality"]},{"cards_removed":["TheCursedMod:Obscuration"],"damage_healed":0,"gold_gain":0,"player_choice":"Removed Skill","damage_taken":0,"max_hp_gain":0,"max_hp_loss":0,"event_name":"Falling","floor":45,"gold_loss":0},{"damage_healed":0,"gold_gain":0,"player_choice":"Memory 3","damage_taken":10,"max_hp_gain":0,"max_hp_loss":0,"event_name":"SensoryStone","floor":48,"gold_loss":0}],"is_beta":false,"boss_relics":[{"not_picked":["Sozu","Runic Dome"],"picked":"Black Star"},{"not_picked":["Coffee Dripper","TheCursedMod:BlackMagicAdvanced"],"picked":"TheCursedMod:OminousMark"}],"items_purged_floors":[19,31,37,53],"is_endless":false,"potions_floor_spawned":[5,6,8,18,24,33,38,42],"ascension_level":0}}