{"host":"cxjjdyynknbf4gpy","time":1613986122,"event":{"mods":["2.2 Compatiblity","BaseMod","Downfall","Hunter 猎人","Minty Spire (QoL Compilation)","MostiFishMod","Relic Stats","Reliquary","Replay The Spire","Spicy Shops","StSLib","The Bladedancer","The Cursed","【遗物卡牌】REMEMod","残留之物"],"gold_per_floor":[99,99,99,99,99,99,99,99],"floor_reached":6,"language":"ZHS","playtime":353,"items_purged":[],"score":44,"play_id":"35c231d3-8c9e-4ed0-97e1-6f4533f53e10","local_time":"20210222172842","is_ascension_mode":false,"campfire_choices":[{"floor":1.0,"key":"RECALL"}],"circlet_count":0,"master_deck":["Slimebound:Strike_Slimebound","Slimebound:Strike_Slimebound","Slimebound:Strike_Slimebound","Slimebound:Tackle","Slimebound:Defend_Slimebound+1","Slimebound:Defend_Slimebound+1","Slimebound:Defend_Slimebound","Slimebound:Defend_Slimebound+1","Slimebound:Split","Slimebound:CorrosiveSpit","WaveOfTheHand","downfall:Malfunctioning"],"relics":["Slimebound:AbsorbEndCombat","DaveBox","REME_ComplimentaryCards","OriginationStaff"],"acts_visited":["Exordium"],"potions_floor_usage":[],"damage_taken":[{"damage":7.0,"enemies":"2 Louse","floor":2.0,"turns":3.0},{"damage":6,"enemies":"Small Slimes","floor":4,"turns":3},{"damage":39,"enemies":"3 Sentries","floor":6,"turns":12}],"seed_played":"336805087722828898","potions_obtained":[],"is_trial":false,"path_per_floor":["R","M","?","M","?","E"],"character_chosen":"SLIMEBOUND","items_purchased":[],"campfire_rested":0,"item_purchase_floors":[],"current_hp_per_floor":[71,66,66,60,60,27,27,27],"gold":99,"neow_bonus":"TEN_PERCENT_HP_BONUS","is_daily":false,"chose_seed":false,"campfire_upgraded":0,"win_rate":0.0,"timestamp":1613986122,"path_taken":["R","M","?","M","?","E"],"items_purchased_type":[],"build_version":"2020-12-22","purchased_purges":0,"victory":false,"max_hp_per_floor":[71,71,71,71,71,71,71,71],"relic_stats":{"counters":[3,18],"obtain_stats":[{"DaveBox":0,"Slimebound:AbsorbEndCombat":0,"OriginationStaff":3,"REME_ComplimentaryCards":0},{"DaveBox":0,"Slimebound:AbsorbEndCombat":0,"OriginationStaff":1,"REME_ComplimentaryCards":0},{"DaveBox":0,"Slimebound:AbsorbEndCombat":0,"OriginationStaff":3,"REME_ComplimentaryCards":0}]},"card_choices":[{"not_picked":["Slimebound:BestDefense","Slimebound:SlimeTap","Slimebound:RollThrough"],"picked":"SKIP","floor":2.0},{"not_picked":["Slimebound:SamplingLick","Slimebound:SplitLeeching","Slimebound:ComboTackle"],"picked":"SKIP","floor":4}],"player_experience":376392,"relics_obtained":[],"event_choices":[],"is_beta":false,"boss_relics":[],"items_purged_floors":[],"is_endless":false,"potions_floor_spawned":[2,4],"killed_by":"3 Sentries","ascension_level":0}}