{"host":"r0ye8pdzuq6zwfvs","time":1613962721,"event":{"mods":["AchievementEnabler","Act Like it!","Arknights","BaseMod","BetterRewards","CapriCore","Card Forge","Colored Map","Colored Powertips","Custom Start","DeckTracker","Luminous","Minty Spire (QoL Compilation)","Permanent Neow","Prisma Mod","Quick Restart","Relic Stats","Shop Mod","StSLib","SuperFastMode","Swap Starting Deck Mod","The Alterego","The Immortal","Uncapped","Weighted Paths"],"gold_per_floor":[119,119,119,138,149,180,180,316,366,401,456,468,486,521,521,599,599,611,627,627,640,171,205,219,219,219,252,262,282,298,70,70,148,148,159,178,178,178,189,224,279,279,279,304,317,317,346,362,362,362,362,362,362,148,174,174],"floor_reached":57,"language":"ENG","playtime":1547,"items_purged":["Strike_G"],"score":4383,"play_id":"d69b47b6-4252-4da1-b1c0-c37b7d2a6ae4","local_time":"20210221195841","is_ascension_mode":true,"campfire_choices":[{"floor":7,"key":"RECALL"},{"floor":15,"key":"DIG"},{"floor":25,"key":"REST"},{"floor":32,"key":"REST"},{"floor":42,"key":"REST"},{"floor":49,"key":"REST"},{"floor":53,"key":"REST"}],"circlet_count":35,"master_deck":["AscendersBane","Adrenaline+1","Burst+1","Blur+1","Catalyst+1","Corpse Explosion+1","Backflip+1","Adrenaline+1","Backflip+1","Blur+1","Catalyst+1","Deadly Poison+1","Deadly Poison+1","Catalyst+1"],"relics":["Ring of the Snake","Hammer of Thor","Seething Fire","Anvil of the Gods","MerchantsRug","ClockworkSouvenir","Shovel","Pantograph","Pen Nib","Chemical X","Molten Egg 2","White Beast Statue","Ice Cream","Juzu Bracelet","Lee\u0027s Waffle","FossilizedHelix","Pear","Mercury Hourglass","WingedGreaves","Girya","Frozen Eye","Blue Candle","Lizard Tail","Lantern","Matryoshka","TheAbacus","Tough Bandages","Anchor","OrangePellets","Darkstone Periapt","CaptainsWheel","Tingsha","Meat on the Bone","TwistedFunnel","Turnip","InkBottle","Art of War","Du-Vu Doll","Singing Bowl","Paper Crane","StoneCalendar","Medical Kit","Letter Opener","Sundial","Pocketwatch","Orichalcum","Ancient Tea Set","TungstenRod","Toxic Egg 2","Dream Catcher","Ginger","Gremlin Horn","Bird Faced Urn","Prayer Wheel","Mummified Hand","Ornamental Fan","HandDrill","Thread and Needle","Incense Burner","Vajra","Torii","Calipers","Shuriken","Snake Skull","The Specimen","Boot","Bag of Marbles","Unceasing Top","Bronze Scales","Mango","PreservedInsect","Question Card","Circlet","Kunai","Oddly Smooth Stone","Membership Card","Tiny Chest","Strawberry","Toy Ornithopter","Omamori","Regal Pillow","Sling","HornCleat","Eternal Feather","Nunchaku","Centennial Puzzle","Frozen Egg 2","Bag of Preparation","MealTicket","Happy Flower","Potion Belt","Blood Vial","Fusion Hammer","Whetstone","SacredBark"],"acts_visited":["Exordium","TheCity","TheBeyond","TheEnding"],"potions_floor_usage":[5],"damage_taken":[{"damage":0,"enemies":"2 Louse","floor":1,"turns":1},{"damage":0,"enemies":"ats:Genji","floor":4,"turns":1},{"damage":0,"enemies":"Small Slimes","floor":5,"turns":1},{"damage":0,"enemies":"3 Sentries","floor":6,"turns":1},{"damage":0,"enemies":"Lagavulin","floor":10,"turns":1},{"damage":0,"enemies":"Lagavulin Event","floor":11,"turns":1},{"damage":0,"enemies":"Exordium Thugs","floor":12,"turns":1},{"damage":0,"enemies":"Looter","floor":13,"turns":1},{"damage":0,"enemies":"Gremlin Nob","floor":14,"turns":1},{"damage":0,"enemies":"Hexaghost","floor":16,"turns":1},{"damage":0,"enemies":"Shell Parasite","floor":18,"turns":1},{"damage":0,"enemies":"Spheric Guardian","floor":19,"turns":1},{"damage":0,"enemies":"Cultist and Chosen","floor":21,"turns":1},{"damage":0,"enemies":"Slavers","floor":23,"turns":1},{"damage":0,"enemies":"Chosen and Byrds","floor":24,"turns":1},{"damage":0,"enemies":"Book of Stabbing","floor":27,"turns":1},{"damage":0,"enemies":"Shelled Parasite and Fungi","floor":28,"turns":1},{"damage":0,"enemies":"Snake Plant","floor":29,"turns":1},{"damage":0,"enemies":"3 Cultists","floor":30,"turns":1},{"damage":0,"enemies":"Automaton","floor":33,"turns":1},{"damage":0,"enemies":"Orb Walker","floor":35,"turns":1},{"damage":0,"enemies":"3 Shapes","floor":36,"turns":1},{"damage":0,"enemies":"3 Darklings","floor":39,"turns":1},{"damage":0,"enemies":"Nemesis","floor":40,"turns":1},{"damage":0,"enemies":"2 Orb Walkers","floor":41,"turns":1},{"damage":0,"enemies":"Giant Head","floor":44,"turns":1},{"damage":0,"enemies":"Spire Growth","floor":45,"turns":1},{"damage":0,"enemies":"Reptomancer","floor":47,"turns":1},{"damage":0,"enemies":"Jaw Worm Horde","floor":48,"turns":1},{"damage":0,"enemies":"Awakened One","floor":50,"turns":3},{"damage":0,"enemies":"Time Eater","floor":51,"turns":1},{"damage":0,"enemies":"Shield and Spear","floor":55,"turns":1},{"damage":0,"enemies":"The Heart","floor":56,"turns":4}],"seed_played":"-976669660896152018","potions_obtained":[{"floor":5,"key":"Fruit Juice"},{"floor":10,"key":"Swift Potion"},{"floor":11,"key":"DistilledChaos"},{"floor":12,"key":"Weak Potion"},{"floor":13,"key":"EssenceOfSteel"}],"is_trial":false,"path_per_floor":["M","?","?","M","M","E","R","$","T","E","?","M","M","E","R","B",null,"M","M","T","M","$","E","M","R","T","E","M","M","M","$","R","B",null,"M","M","?","$","M","E","?","R","T","E","M","T","E","M","R","B","B",null,"R","$","E","B",null],"character_chosen":"THE_SILENT","items_purchased":["MerchantsRug","ClockworkSouvenir","Pantograph","Pen Nib","Chemical X","Molten Egg 2","White Beast Statue","Ice Cream","Juzu Bracelet","Lee\u0027s Waffle","Pear","Mercury Hourglass","Girya","Frozen Eye","Blue Candle","Lantern","Matryoshka","TheAbacus","Anchor","OrangePellets","Darkstone Periapt","Tingsha","Meat on the Bone","TwistedFunnel","InkBottle","Art of War","Singing Bowl","Paper Crane","Medical Kit","Letter Opener","Sundial","Orichalcum","Ancient Tea Set","Toxic Egg 2","Dream Catcher","Gremlin Horn","Bird Faced Urn","Mummified Hand","Ornamental Fan","HandDrill","Vajra","Torii","Shuriken","Snake Skull","Boot","Bag of Marbles","Unceasing Top","Bronze Scales","PreservedInsect","Question Card","Kunai","Oddly Smooth Stone","Membership Card","Tiny Chest","Strawberry","Toy Ornithopter","Omamori","Ninja Scroll","Regal Pillow","Sling","HornCleat","Eternal Feather","Nunchaku","Centennial Puzzle","Frozen Egg 2","Bag of Preparation","MealTicket","Circlet","Circlet","EntropicBrew","Circlet","Circlet"],"campfire_rested":5,"item_purchase_floors":[0,0,0,0,0,0,0,0,0,0,0,0,0,0,0,0,0,0,0,0,0,0,0,0,0,0,0,0,0,0,0,0,0,0,0,0,0,0,0,0,0,0,0,0,0,0,0,0,0,0,0,0,0,0,0,0,0,0,0,0,0,0,0,0,0,0,0,22,22,22,31,54],"current_hp_per_floor":[89,94,94,98,112,116,125,128,128,130,132,136,140,142,142,144,144,148,152,152,156,156,158,162,164,164,166,170,174,178,178,180,182,182,186,190,186,190,194,196,198,200,200,202,206,206,208,212,214,214,214,214,216,216,218,218],"gold":174,"neow_bonus":"","is_daily":false,"chose_seed":false,"campfire_upgraded":0,"win_rate":0.0,"timestamp":1613962721,"path_taken":["M","?","?","M","M","E","R","$","T","E","?","M","M","E","R","BOSS","M","M","?","M","$","E","M","R","T","E","M","M","M","$","R","BOSS","M","M","?","?","M","E","?","R","T","E","M","?","E","M","R","BOSS","BOSS","R","$","E","BOSS"],"items_purchased_type":["Relic","Relic","Relic","Relic","Relic","Relic","Relic","Relic","Relic","Relic","Relic","Relic","Relic","Relic","Relic","Relic","Relic","Relic","Relic","Relic","Relic","Relic","Relic","Relic","Relic","Relic","Relic","Relic","Relic","Relic","Relic","Relic","Relic","Relic","Relic","Relic","Relic","Relic","Relic","Relic","Relic","Relic","Relic","Relic","Relic","Relic","Relic","Relic","Relic","Relic","Relic","Relic","Relic","Relic","Relic","Relic","Relic","Relic","Relic","Relic","Relic","Relic","Relic","Relic","Relic","Relic","Relic","Undefined","Undefined","Potion","Undefined","Undefined"],"build_version":"2020-12-22","purchased_purges":1,"victory":true,"max_hp_per_floor":[108,113,113,117,126,128,128,128,128,130,132,136,140,142,142,144,144,148,152,152,156,156,158,162,164,164,166,170,174,178,178,180,182,182,186,190,190,190,194,196,198,200,200,202,206,206,208,212,214,214,214,214,216,216,218,218],"relic_stats":{"Gremlin Horn":[5,7],"Ginger":[11],"Whetstone":[],"Boot":[0],"Blood Vial":0,"Lizard Tail":0,"Centennial Puzzle":[15],"Sundial":[10],"Prayer Wheel":17,"MealTicket":7,"HandDrill":[4],"Kunai":[4],"Happy Flower":[12],"counters":[66,109],"Blue Candle":[0],"Tingsha":[0],"Eternal Feather":9,"Pen Nib":[5],"Letter Opener":[416],"Question Card":52,"OrangePellets":[0],"Shuriken":[4],"Bird Faced Urn":[4],"Bronze Scales":[3],"obtain_stats":[{"TwistedFunnel":0,"Ginger":25,"Whetstone":20,"Bottled Tornado":24,"Boot":48,"Sling":0,"Blood Vial":14,"Sundial":0,"MealTicket":0,"Fusion Hammer":17,"HandDrill":0,"Kunai":0,"MerchantsRug":0,"Pear":0,"Blue Candle":31,"Tingsha":0,"Eternal Feather":0,"Pen Nib":53,"Paper Crane":0,"Bird Faced Urn":0,"Unceasing Top":0,"Lantern":0,"Regal Pillow":0,"Singing Bowl":0,"Torii":0,"StoneCalendar":0,"Bag of Preparation":0,"Ancient Tea Set":40,"Shovel":0,"Matryoshka":0,"WristBlade":17,"Ninja Scroll":9,"WingedGreaves":0,"Chemical X":0,"InkBottle":0,"Ring of the Snake":0,"Potion Belt":24,"Lee\u0027s Waffle":0,"The Specimen":0,"Circlet":0,"Thread and Needle":0,"PreservedInsect":0,"Omamori":0,"Seething Fire":0,"Frozen Egg 2":0,"Busted Crown":34,"Ornamental Fan":0,"Turnip":0,"Art of War":0,"Toy Ornithopter":43,"Ice Cream":0,"Calipers":0,"Gremlin Horn":0,"Vajra":0,"Hammer of Thor":0,"Lizard Tail":0,"Centennial Puzzle":0,"HornCleat":23,"Strawberry":27,"Prayer Wheel":0,"Toxic Egg 2":0,"Girya":0,"Happy Flower":0,"Dead Branch":0,"Oddly Smooth Stone":0,"Letter Opener":0,"Question Card":0,"Du-Vu Doll":0,"OrangePellets":0,"Anvil of the Gods":0,"Shuriken":0,"Bronze Scales":0,"Molten Egg 2":0,"Meat on the Bone":0,"Pocketwatch":0,"Darkstone Periapt":0,"SacredBark":34,"Mango":0,"Snake Skull":0,"Juzu Bracelet":0,"Incense Burner":0,"ClockworkSouvenir":0,"Frozen Eye":0,"Tough Bandages":0,"Dream Catcher":0,"Nunchaku":0,"TheAbacus":0,"Mummified Hand":54,"Pantograph":0,"Gambling Chip":0,"Tiny Chest":0,"Orichalcum":6,"Medical Kit":0,"White Beast Statue":0,"Mercury Hourglass":0,"Anchor":0,"CaptainsWheel":0,"Bag of Marbles":0,"Membership Card":0,"FossilizedHelix":0,"TungstenRod":0},{"TwistedFunnel":33,"Ginger":16,"Whetstone":45,"Bottled Tornado":15,"Boot":30,"Sling":33,"Blood Vial":42,"Sundial":33,"MealTicket":33,"Fusion Hammer":43,"HandDrill":33,"Kunai":33,"MerchantsRug":33,"Pear":33,"Blue Candle":20,"Tingsha":33,"Eternal Feather":33,"Pen Nib":31,"Paper Crane":33,"Bird Faced Urn":33,"Unceasing Top":33,"Lantern":33,"Regal Pillow":33,"Singing Bowl":33,"Torii":33,"StoneCalendar":33,"Bag of Preparation":33,"Ancient Tea Set":26,"Shovel":33,"Matryoshka":33,"WristBlade":10,"Ninja Scroll":6,"WingedGreaves":33,"Chemical X":33,"InkBottle":33,"Ring of the Snake":0,"Potion Belt":15,"Lee\u0027s Waffle":33,"The Specimen":33,"Circlet":33,"Thread and Needle":33,"PreservedInsect":33,"Omamori":33,"Seething Fire":0,"Frozen Egg 2":33,"Busted Crown":21,"Ornamental Fan":33,"Turnip":33,"Art of War":33,"Toy Ornithopter":27,"Ice Cream":33,"Calipers":33,"Gremlin Horn":33,"Vajra":33,"Hammer of Thor":0,"Lizard Tail":33,"Centennial Puzzle":33,"HornCleat":15,"Strawberry":16,"Prayer Wheel":33,"Toxic Egg 2":33,"Girya":33,"Happy Flower":33,"Dead Branch":33,"Oddly Smooth Stone":33,"Letter Opener":33,"Question Card":33,"Du-Vu Doll":33,"OrangePellets":33,"Anvil of the Gods":0,"Shuriken":33,"Bronze Scales":33,"Molten Egg 2":33,"Meat on the Bone":33,"Pocketwatch":33,"Darkstone Periapt":33,"SacredBark":53,"Mango":33,"Snake Skull":33,"Juzu Bracelet":33,"Incense Burner":33,"ClockworkSouvenir":33,"Frozen Eye":33,"Tough Bandages":33,"Dream Catcher":33,"Nunchaku":33,"TheAbacus":33,"Mummified Hand":32,"Pantograph":33,"Gambling Chip":33,"Tiny Chest":33,"Orichalcum":5,"Medical Kit":33,"White Beast Statue":33,"Mercury Hourglass":33,"Anchor":33,"CaptainsWheel":33,"Bag of Marbles":33,"Membership Card":33,"FossilizedHelix":33,"TungstenRod":33},{"TwistedFunnel":71,"Ginger":34,"Whetstone":83,"Bottled Tornado":31,"Boot":60,"Sling":71,"Blood Vial":80,"Sundial":71,"MealTicket":71,"Fusion Hammer":81,"HandDrill":71,"Kunai":71,"MerchantsRug":71,"Pear":71,"Blue Candle":40,"Tingsha":71,"Eternal Feather":71,"Pen Nib":66,"Paper Crane":71,"Bird Faced Urn":71,"Unceasing Top":71,"Lantern":71,"Regal Pillow":71,"Singing Bowl":71,"Torii":71,"StoneCalendar":71,"Bag of Preparation":71,"Ancient Tea Set":52,"Shovel":71,"Matryoshka":71,"WristBlade":21,"Ninja Scroll":13,"WingedGreaves":71,"Chemical X":71,"InkBottle":71,"Ring of the Snake":0,"Potion Belt":31,"Lee\u0027s Waffle":71,"The Specimen":71,"Circlet":71,"Thread and Needle":71,"PreservedInsect":71,"Omamori":71,"Seething Fire":0,"Frozen Egg 2":71,"Busted Crown":43,"Ornamental Fan":71,"Turnip":71,"Art of War":71,"Toy Ornithopter":53,"Ice Cream":71,"Calipers":71,"Gremlin Horn":71,"Vajra":71,"Hammer of Thor":0,"Lizard Tail":71,"Centennial Puzzle":71,"HornCleat":31,"Strawberry":34,"Prayer Wheel":71,"Toxic Egg 2":71,"Girya":71,"Happy Flower":71,"Dead Branch":71,"Oddly Smooth Stone":71,"Letter Opener":71,"Question Card":71,"Du-Vu Doll":71,"OrangePellets":71,"Anvil of the Gods":0,"Shuriken":71,"Bronze Scales":71,"Molten Egg 2":71,"Meat on the Bone":71,"Pocketwatch":71,"Darkstone Periapt":71,"SacredBark":91,"Mango":71,"Snake Skull":71,"Juzu Bracelet":71,"Incense Burner":71,"ClockworkSouvenir":71,"Frozen Eye":71,"Tough Bandages":71,"Dream Catcher":71,"Nunchaku":71,"TheAbacus":71,"Mummified Hand":67,"Pantograph":71,"Gambling Chip":71,"Tiny Chest":71,"Orichalcum":11,"Medical Kit":71,"White Beast Statue":71,"Mercury Hourglass":71,"Anchor":71,"CaptainsWheel":71,"Bag of Marbles":71,"Membership Card":71,"FossilizedHelix":71,"TungstenRod":71}],"Unceasing Top":[0],"Meat on the Bone":0,"Pocketwatch":[5],"Darkstone Periapt":0,"Regal Pillow":0,"Singing Bowl":104,"Torii":0,"StoneCalendar":[0],"Snake Skull":[208],"Juzu Bracelet":0,"Bag of Preparation":[58],"Tough Bandages":[0],"Dream Catcher":5,"Nunchaku":[1],"Shovel":1,"TheAbacus":[96],"Mummified Hand":[8],"Pantograph":0,"Tiny Chest":2,"Chemical X":[1],"InkBottle":[25],"Ring of the Snake":[132],"Lee\u0027s Waffle":14,"PreservedInsect":514,"Orichalcum":[36],"Medical Kit":[2],"Mercury Hourglass":[315],"Ornamental Fan":[16],"Turnip":[2],"Art of War":[5],"TungstenRod":4,"Toy Ornithopter":5},"card_choices":[{"not_picked":["Dagger Spray+1","Poisoned Stab+1","Deadly Poison+1","Calculated Gamble+1"],"picked":"Singing Bowl","floor":1},{"not_picked":["Prepared+1","Acrobatics+1","PiercingWail+1","Deadly Poison+1"],"picked":"Singing Bowl","floor":1},{"not_picked":["Deflect+1","Dagger Spray+1","Bane+1","Poisoned Stab+1"],"picked":"Singing Bowl","floor":4},{"not_picked":["Infinite Blades+1","Deadly Poison+1","Distraction+1","Poisoned Stab+1"],"picked":"Singing Bowl","floor":4},{"not_picked":["Venomology+1","Dagger Throw+1","Heel Hook+1","Backflip+1"],"picked":"Singing Bowl","floor":5},{"not_picked":["Blade Dance+1","Cloak And Dagger+1","PiercingWail+1","Backflip+1"],"picked":"Singing Bowl","floor":5},{"not_picked":["Underhanded Strike+1","Blur+1","Die Die Die+1","Choke+1"],"picked":"Singing Bowl","floor":6},{"not_picked":["Setup+1","Deflect+1","Riddle With Holes+1","Choke+1"],"picked":"Singing Bowl","floor":10},{"not_picked":["Dash+1","Riddle With Holes+1","Bane+1","Dagger Throw+1"],"picked":"Singing Bowl","floor":11},{"not_picked":["Dagger Spray+1","Flying Knee+1","Blade Dance+1","Blur+1"],"picked":"Singing Bowl","floor":12},{"not_picked":["Deadly Poison+1","Choke+1","Crippling Poison+1","Malaise+1"],"picked":"Singing Bowl","floor":12},{"not_picked":["Deflect+1","Poisoned Stab+1","Acrobatics+1","Backstab+1"],"picked":"Singing Bowl","floor":13},{"not_picked":["Outmaneuver+1","Deadly Poison+1","Reflex+1","PiercingWail+1"],"picked":"Singing Bowl","floor":13},{"not_picked":["Slice+1","Venomology+1","Leg Sweep+1","Underhanded Strike+1"],"picked":"Singing Bowl","floor":14},{"not_picked":["Adrenaline+1","Wraith Form v2+1","Doppelganger+1","Night Terror+1"],"picked":"Singing Bowl","floor":16},{"not_picked":["Endless Agony+1","Cloak And Dagger+1","Quick Slash+1","Sucker Punch+1"],"picked":"Singing Bowl","floor":18},{"not_picked":["Slice+1","Dagger Throw+1","Acrobatics+1","Prepared+1"],"picked":"Singing Bowl","floor":18},{"not_picked":["Dodge and Roll+1","Escape Plan+1","Acrobatics+1","Skewer+1"],"picked":"Singing Bowl","floor":19},{"not_picked":["Tools of the Trade+1","Dagger Spray+1","Slice+1","Deflect+1"],"picked":"Singing Bowl","floor":19},{"not_picked":["Dash+1","Blade Dance+1","Acrobatics+1","Concentrate+1"],"picked":"Singing Bowl","floor":21},{"not_picked":["Blade Dance+1","Slice+1","Eviscerate+1","Underhanded Strike+1"],"picked":"Singing Bowl","floor":21},{"not_picked":["Crippling Poison+1","PiercingWail+1","Dodge and Roll+1","Catalyst+1"],"picked":"Singing Bowl","floor":23},{"not_picked":["Skewer+1","Backstab+1","Dash+1","Crippling Poison+1"],"picked":"Singing Bowl","floor":24},{"not_picked":["Heel Hook+1","Deflect+1","Flying Knee+1","Masterful Stab+1"],"picked":"Singing Bowl","floor":24},{"not_picked":["Heel Hook+1","Well Laid Plans+1","Die Die Die+1","Blade Dance+1"],"picked":"Singing Bowl","floor":25},{"not_picked":["Acrobatics+1","Quick Slash+1","Slice+1","Underhanded Strike+1"],"picked":"Singing Bowl","floor":27},{"not_picked":["Deflect+1","Endless Agony+1","Dagger Spray+1","Outmaneuver+1"],"picked":"Singing Bowl","floor":28},{"not_picked":["Dash+1","Infinite Blades+1","Heel Hook+1","Deflect+1"],"picked":"Singing Bowl","floor":28},{"not_picked":["Wraith Form v2+1","Acrobatics+1","Riddle With Holes+1","Underhanded Strike+1"],"picked":"Singing Bowl","floor":29},{"not_picked":["Setup+1","Calculated Gamble+1","Prepared+1","Footwork+1"],"picked":"Singing Bowl","floor":29},{"not_picked":["Slice+1","All Out Attack+1","Prepared+1","Cloak And Dagger+1"],"picked":"Singing Bowl","floor":30},{"not_picked":["Prepared+1","Slice+1","Heel Hook+1","Backflip+1"],"picked":"Singing Bowl","floor":30},{"not_picked":["PiercingWail+1","Underhanded Strike+1","Quick Slash+1","Finisher+1"],"picked":"Singing Bowl","floor":32},{"not_picked":["Wraith Form v2+1","Grand Finale+1","Unload+1","Tools of the Trade+1"],"picked":"Singing Bowl","floor":33},{"not_picked":["Tactician+1","Acrobatics+1","Skewer+1","Sucker Punch+1"],"picked":"Singing Bowl","floor":35},{"not_picked":["Backflip+1","Acrobatics+1","Reflex+1","Dash+1"],"picked":"Singing Bowl","floor":35},{"not_picked":["Distraction+1","Dagger Spray+1","Setup+1","Accuracy+1"],"picked":"Singing Bowl","floor":36},{"not_picked":["Envenom+1","Blade Dance+1","Reflex+1","Escape Plan+1"],"picked":"Singing Bowl","floor":36},{"not_picked":["Endless Agony+1","Underhanded Strike+1","Backstab+1","Dagger Throw+1"],"picked":"Singing Bowl","floor":39},{"not_picked":["Dodge and Roll+1","Underhanded Strike+1","Dagger Spray+1","Concentrate+1"],"picked":"Singing Bowl","floor":39},{"not_picked":["Masterful Stab+1","PiercingWail+1","Deadly Poison+1","Dagger Spray+1"],"picked":"Singing Bowl","floor":40},{"not_picked":["Slice+1","PiercingWail+1","Prepared+1","Underhanded Strike+1"],"picked":"Singing Bowl","floor":41},{"not_picked":["Blade Dance+1","Skewer+1","Deflect+1","Bane+1"],"picked":"Singing Bowl","floor":42},{"not_picked":["Adrenaline+1","Burst+1","Dagger Throw+1","Tactician+1"],"picked":"Singing Bowl","floor":44},{"not_picked":["Endless Agony+1","Sucker Punch+1","Catalyst+1","Dash+1"],"picked":"Singing Bowl","floor":45},{"not_picked":["Acrobatics+1","Quick Slash+1","Poisoned Stab+1","Dagger Spray+1"],"picked":"Singing Bowl","floor":45},{"not_picked":["Bane+1","Eviscerate+1","Sucker Punch+1","Caltrops+1"],"picked":"Singing Bowl","floor":47},{"not_picked":["Setup+1","Caltrops+1","Bane+1","Eviscerate+1"],"picked":"Singing Bowl","floor":48},{"not_picked":["Blade Dance+1","Dagger Throw+1","Outmaneuver+1","PiercingWail+1"],"picked":"Singing Bowl","floor":48},{"not_picked":["Sucker Punch+1","Bane+1","Poisoned Stab+1","Die Die Die+1"],"picked":"Singing Bowl","floor":49},{"not_picked":["Backflip+1","Dagger Spray+1","Blade Dance+1","Leg Sweep+1"],"picked":"Singing Bowl","floor":53},{"not_picked":["Reflex+1","Crippling Poison+1","Slice+1","Phantasmal Killer+1"],"picked":"Singing Bowl","floor":55}],"player_experience":249266,"relics_obtained":[{"floor":6,"key":"Circlet"},{"floor":9,"key":"Potion Belt"},{"floor":9,"key":"Circlet"},{"floor":10,"key":"Circlet"},{"floor":11,"key":"Circlet"},{"floor":14,"key":"Blood Vial"},{"floor":15,"key":"Circlet"},{"floor":20,"key":"Whetstone"},{"floor":23,"key":"Circlet"},{"floor":26,"key":"Circlet"},{"floor":27,"key":"Circlet"},{"floor":40,"key":"Circlet"},{"floor":41,"key":"Circlet"},{"floor":43,"key":"Circlet"},{"floor":44,"key":"Circlet"},{"floor":46,"key":"Circlet"},{"floor":47,"key":"Circlet"},{"floor":55,"key":"Circlet"}],"event_choices":[{"damage_healed":0,"gold_gain":0,"player_choice":"Donut","damage_taken":0,"max_hp_gain":5,"max_hp_loss":0,"event_name":"Big Fish","floor":2,"gold_loss":0},{"damage_healed":0,"gold_gain":0,"player_choice":"Ignored","damage_taken":0,"max_hp_gain":0,"max_hp_loss":0,"event_name":"Golden Idol","floor":3,"gold_loss":0},{"damage_healed":0,"gold_gain":30,"player_choice":"Searched \u00272\u0027 times","damage_taken":0,"max_hp_gain":0,"max_hp_loss":0,"event_name":"Dead Adventurer","floor":11,"gold_loss":0},{"damage_healed":0,"gold_gain":0,"player_choice":"Punched","damage_taken":5,"max_hp_gain":0,"max_hp_loss":0,"event_name":"Designer","floor":37,"gold_loss":0},{"damage_healed":0,"gold_gain":0,"player_choice":"Fight","damage_taken":0,"max_hp_gain":0,"max_hp_loss":0,"event_name":"Mysterious Sphere","floor":41,"gold_loss":0}],"is_beta":false,"boss_relics":[{"not_picked":["Snecko Eye","Calling Bell"],"picked":"Fusion Hammer"},{"not_picked":["HoveringKite","Pandora\u0027s Box"],"picked":"SacredBark"}],"items_purged_floors":[0],"is_endless":false,"potions_floor_spawned":[1,4,5,6,10,11,12,13,14,16,18,19,21,23,24,27,28,29,30,33,35,36,39,40,41,44,45,47,48,55],"ascension_level":20}}