{"host":"17xjy7b7ubl548g2","time":1613958716,"event":{"mods":["2.2 Compatiblity","Act Like it!","Aspiration","Astrologer","Bard","BaseMod","Challenge The Spire","ChefMod","Colored Map","Colored Powertips","Conspire","Elementarium","Energized Spire","Gensokyo","GifTheSpireLib","Halation","Hallownest","Hermit","Hubris","Infinite Spire","Jedi Mod","Jorbs\u0027s Wanderer Trilogy","Marisa（霧雨　魔理沙）","Marked Mod","Menagerie","Minty Spire (QoL Compilation)","Permanent Neow","Reliquary","Replay The Spire","Robot Space Explorer","Ruina","Shapeshifter Mod","Spicy Shops","Spire Arcade","StSLib","Stuff the Spire","The Blue Laboratory","The Bug Knight","The Construct","The Disciple","The Hayseed","The Hierophant","The Marked","The Runesmith","The Sage","TheFirefly"],"gold_per_floor":[117,117,133,133,146,146,176,176,176,256,289,289,302,434,434,531,531,543,558,48,48,48],"floor_reached":21,"language":"ENG","playtime":2620,"items_purged":["StSShapeShifter:ShapeShifter_Strike"],"score":241,"play_id":"8fc76685-41c6-4e3f-a615-cb9c9bf85a5e","local_time":"20210221205156","is_ascension_mode":true,"campfire_choices":[{"data":"StSShapeShifter:HippoForm","floor":6,"key":"SMITH"},{"data":"Leg Sweep","floor":8,"key":"SMITH"},{"data":"StSShapeShifter:Tortoise_Form","floor":12,"key":"SMITH"},{"data":"StSShapeShifter:FruitBasket","floor":15,"key":"SMITH"}],"circlet_count":0,"master_deck":["StSShapeShifter:ShapeShifter_Strike","StSShapeShifter:ShapeShifter_Strike","StSShapeShifter:ShapeShifter_Defend","StSShapeShifter:ShapeShifter_Defend","StSShapeShifter:ShapeShifter_Defend","StSShapeShifter:ShapeShifter_Defend","StSShapeShifter:Tortoise_Form+1","StSShapeShifter:Lynx_Form","StSShapeShifter:HippoForm+1","StSShapeShifter:Rest","Flying Knee","Finisher","Leg Sweep+1","StSShapeShifter:FlowerShield","StSShapeShifter:Spring","StSShapeShifter:RockSlide","StSShapeShifter:BladeOfGrass","StSShapeShifter:BloomingSlash","StSShapeShifter:FruitBasket+1","StSShapeShifter:PhoenixForm","StSShapeShifter:ThornToss","StSShapeShifter:FesteringBite+1","Apotheosis","StSShapeShifter:TopazSkin"],"relics":["StSShapeShifter:AnimalHeart","StSShapeShifter:TheShapeShiftersMagnolia","Replay:Baseball","infinitespire:Beetle Shell","StuffTheSpire:TintedRock","StSShapeShifter:WristwrapsOfDiscovery","hubris:Backtick","Happy Flower","ReplayTheSpireMod:Lightbulb"],"acts_visited":["Exordium","Gensokyo:Gensokyo"],"potions_floor_usage":[],"damage_taken":[{"damage":0,"enemies":"Gensokyo:Python","floor":1,"turns":1},{"damage":0,"enemies":"Gensokyo:3_Fairies","floor":3,"turns":3},{"damage":0,"enemies":"Gensokyo:Gryphon","floor":5,"turns":1},{"damage":2,"enemies":"Gensokyo:Aya","floor":7,"turns":5},{"damage":2,"enemies":"Gensokyo:Cirno","floor":11,"turns":5},{"damage":0,"enemies":"Gensokyo:VengefulSpirit","floor":13,"turns":2},{"damage":0,"enemies":"Gensokyo:Mamizou","floor":14,"turns":5},{"damage":36,"enemies":"Gensokyo:Yukari","floor":16,"turns":9},{"damage":8,"enemies":"Gensokyo:Chomper","floor":18,"turns":6},{"damage":1,"enemies":"Gensokyo:3_Dogs","floor":19,"turns":5},{"damage":0,"enemies":"Gensokyo:Slime_Group","floor":21,"turns":1}],"seed_played":"912455014622799083","potions_obtained":[{"floor":5,"key":"LifebloodPotion"},{"floor":7,"key":"SneckoOil"},{"floor":14,"key":"blueLaboratory:CorrosionFlask"},{"floor":16,"key":"PowerPotion"}],"is_trial":false,"path_per_floor":["M","?","M","?","M","R","E","R","T","?","E","R","M","E","R","B",null,"M","M","$","M"],"character_chosen":"SHAPESHIFTER","items_purchased":["Apotheosis","StSShapeShifter:TopazSkin","ReplayTheSpireMod:Lightbulb"],"campfire_rested":0,"item_purchase_floors":[20,20,20],"current_hp_per_floor":[78,78,78,78,78,78,76,76,76,76,74,74,74,74,74,38,78,72,73,73,73,73],"gold":48,"neow_bonus":"THREE_CARDS","is_daily":false,"chose_seed":false,"campfire_upgraded":4,"win_rate":0.0,"timestamp":1613958716,"path_taken":["M","?","?","?","M","R","E","R","T","?","E","R","M","E","R","BOSS","M","M","$","M"],"items_purchased_type":["Card","Card","Relic"],"build_version":"2020-12-22","purchased_purges":1,"victory":false,"max_hp_per_floor":[78,78,78,78,78,78,78,78,78,78,78,78,78,78,78,78,78,78,78,78,78,78],"card_choices":[{"not_picked":["StSShapeShifter:Rest","StSShapeShifter:MagicMushrooms"],"picked":"StSShapeShifter:HippoForm","floor":0},{"not_picked":["StSShapeShifter:SquirrelForm","StSShapeShifter:Maul"],"picked":"StSShapeShifter:Rest","floor":1},{"not_picked":["StSShapeShifter:DiverseSpirit","StSShapeShifter:Guard"],"picked":"StSShapeShifter:FlowerShield","floor":3},{"not_picked":["StSShapeShifter:MultiSpiritedStrike","StSShapeShifter:Rest"],"picked":"StSShapeShifter:Spring","floor":5},{"not_picked":["StSShapeShifter:FoxForm","StSShapeShifter:DiverseSpirit"],"picked":"StSShapeShifter:RockSlide","floor":7},{"not_picked":["StSShapeShifter:PoisonIvy","StSShapeShifter:ForestFire"],"picked":"StSShapeShifter:BladeOfGrass","floor":11},{"not_picked":["StSShapeShifter:Efflorescence","StSShapeShifter:SquirrelForm"],"picked":"StSShapeShifter:BloomingSlash","floor":13},{"not_picked":["StSShapeShifter:Consume","StSShapeShifter:Synchronicity"],"picked":"StSShapeShifter:FruitBasket","floor":14},{"not_picked":["StSShapeShifter:BurrBomb","StSShapeShifter:Tornado"],"picked":"StSShapeShifter:PhoenixForm","floor":16},{"not_picked":["StSShapeShifter:FlowerShield","StSShapeShifter:ShiftingStrike"],"picked":"StSShapeShifter:ThornToss","floor":18},{"not_picked":["StSShapeShifter:VineHandcuffs","StSShapeShifter:MonkeyForm"],"picked":"StSShapeShifter:FesteringBite+1","floor":19}],"player_experience":2236460,"relics_obtained":[{"floor":7,"key":"Replay:Baseball"},{"floor":9,"key":"infinitespire:Beetle Shell"},{"floor":11,"key":"StuffTheSpire:TintedRock"},{"floor":14,"key":"StSShapeShifter:WristwrapsOfDiscovery"}],"event_choices":[],"is_beta":false,"boss_relics":[{"not_picked":["halation:Yufonium","Abe\u0027s Treasure"],"picked":"hubris:Backtick"}],"items_purged_floors":[20],"is_endless":false,"potions_floor_spawned":[5,7,14,16],"killed_by":"Gensokyo:Slime_Group","ascension_level":2}}