{"host":"eketvm4dld8igxnv","time":1613968870,"event":{"mods":["BaseMod","Better Skull","Better Third Choice","Downfall","Googly Eyes","Minty Spire (QoL Compilation)","StSLib"],"gold_per_floor":[111,36,36,47,0,30,30,59,59,69,69,94,104,104,104,201,201,219,233,158,187,187,187,201,201,201,22,39,55,74,101,101,201,201,211,31,43,43,0,0,12,12,12,234,248,280,296,296,296,296,296],"floor_reached":50,"language":"ENG","playtime":3687,"items_purged":["Strike_P","Defend_P"],"score":585,"play_id":"98c53a47-f4b0-417d-b7ef-2f06bb3fa1b3","local_time":"20210221234110","is_ascension_mode":false,"campfire_choices":[{"data":"Eruption","floor":7,"key":"SMITH"},{"floor":11,"key":"RECALL"},{"floor":15,"key":"REST"},{"floor":23,"key":"REST"},{"floor":25,"key":"REST"},{"floor":32,"key":"REST"},{"floor":40,"key":"REST"},{"floor":42,"key":"REST"},{"floor":49,"key":"REST"}],"circlet_count":0,"master_deck":["Strike_P+1","Strike_P","Strike_P","Eruption+1","Vigilance","PathToVictory","Wireheading+1","CutThroughFate","Wallop","CrushJoints","Evaluate+1","ThirdEye+1","CutThroughFate","Vault+1","FlurryOfBlows","Perseverance+1","CutThroughFate","PathToVictory+1","WindmillStrike+1","WreathOfFlame+1","Flash of Steel","CutThroughFate","EmptyFist+1","Vengeance+1","FlyingSleeves+1","Alpha+1","Indignation+1","Pray+1","Fasting2+1","MentalFortress","ClearTheMind+1","ThirdEye+1","Tantrum+1","SashWhip+1","PathToVictory+1","Madness+1","Madness+1","Halt+1","Consecrate+1","JustLucky+1","Judgement+1","ReachHeaven+1"],"relics":["PureWater","NeowsBlessing","WarpedTongs","Shuriken","Toxic Egg 2","The Courier","HornCleat","Fusion Hammer","Red Mask","Molten Egg 2","Astrolabe","Mummified Hand","Darkstone Periapt"],"acts_visited":["Exordium","TheCity","TheBeyond"],"potions_floor_usage":[8,12,16,18,33,41,46,47],"damage_taken":[{"damage":0,"enemies":"Small Slimes","floor":1,"turns":1},{"damage":2,"enemies":"Cultist","floor":4,"turns":1},{"damage":2,"enemies":"3 Sentries","floor":6,"turns":2},{"damage":7,"enemies":"Lagavulin","floor":8,"turns":5},{"damage":0,"enemies":"2 Louse","floor":10,"turns":2},{"damage":7,"enemies":"Gremlin Nob","floor":12,"turns":3},{"damage":11,"enemies":"Looter","floor":13,"turns":2},{"damage":37,"enemies":"Hexaghost","floor":16,"turns":11},{"damage":1,"enemies":"Spheric Guardian","floor":18,"turns":2},{"damage":7,"enemies":"3 Byrds","floor":19,"turns":4},{"damage":0,"enemies":"Masked Bandits","floor":21,"turns":4},{"damage":0,"enemies":"Snake Plant","floor":24,"turns":4},{"damage":3,"enemies":"Snecko","floor":28,"turns":5},{"damage":0,"enemies":"Centurion and Healer","floor":29,"turns":3},{"damage":1,"enemies":"Snake Plant","floor":30,"turns":3},{"damage":6,"enemies":"Book of Stabbing","floor":31,"turns":4},{"damage":54,"enemies":"Collector","floor":33,"turns":6},{"damage":2,"enemies":"3 Darklings","floor":35,"turns":5},{"damage":3,"enemies":"Orb Walker","floor":37,"turns":3},{"damage":0,"enemies":"Transient","floor":41,"turns":6},{"damage":37,"enemies":"Writhing Mass","floor":45,"turns":5},{"damage":19,"enemies":"Giant Head","floor":46,"turns":6},{"damage":6,"enemies":"Sphere and 2 Shapes","floor":47,"turns":4},{"damage":65,"enemies":"Time Eater","floor":50,"turns":7}],"seed_played":"7225478093085160477","potions_obtained":[{"floor":6,"key":"Block Potion"},{"floor":8,"key":"EssenceOfSteel"},{"floor":13,"key":"Dexterity Potion"},{"floor":16,"key":"GamblersBrew"},{"floor":18,"key":"Ancient Potion"},{"floor":21,"key":"Swift Potion"},{"floor":28,"key":"Ancient Potion"},{"floor":29,"key":"ColorlessPotion"},{"floor":37,"key":"FairyPotion"},{"floor":41,"key":"champ:CounterPotion"}],"is_trial":false,"path_per_floor":["M","$","?","M","$","E","R","E","T","M","R","E","M","?","R","B",null,"M","M","?","?","?","R","M","R","T","$","M","M","M","E","R","B",null,"M","$","M","?","$","R","M","R","T","?","M","E","M","?","R","B"],"character_chosen":"WATCHER","items_purchased":["CutThroughFate","WreathOfFlame+1","Flash of Steel","ClearTheMind+1","ThirdEye+1","Tantrum+1","SashWhip+1","Halt+1"],"campfire_rested":7,"item_purchase_floors":[5,27,27,36,36,36,36,39],"current_hp_per_floor":[72,72,72,70,70,68,68,61,61,61,61,54,43,29,50,13,72,71,64,64,64,64,72,72,72,72,72,69,69,68,62,72,18,72,70,70,67,58,58,72,72,72,72,72,35,16,10,10,31,0,0],"gold":296,"neow_bonus":"THREE_ENEMY_KILL","is_daily":false,"chose_seed":false,"campfire_upgraded":1,"win_rate":0.0,"timestamp":1613968870,"path_taken":["M","$","?","M","?","E","R","E","T","M","R","E","M","?","R","BOSS","M","M","?","?","?","R","M","R","T","$","M","M","M","E","R","BOSS","M","$","M","?","$","R","M","R","T","?","M","E","M","?","R","BOSS"],"items_purchased_type":["Card","Card","Card","Card","Card","Card","Card","Card"],"build_version":"2020-12-22","purchased_purges":2,"victory":false,"max_hp_per_floor":[72,72,72,72,72,72,72,72,72,72,72,72,72,72,72,72,72,72,72,72,72,72,72,72,72,72,72,72,72,72,72,72,72,72,72,72,72,72,72,72,72,72,72,72,72,72,72,72,72,72,72],"card_choices":[{"not_picked":["Consecrate","FollowUp"],"picked":"PathToVictory","floor":1},{"not_picked":["EmptyBody","SashWhip"],"picked":"Wireheading","floor":4},{"not_picked":["LikeWater","DevaForm"],"picked":"Wallop","floor":6},{"not_picked":["SignatureMove","InnerPeace+1"],"picked":"CrushJoints","floor":8},{"not_picked":["Prostrate+1","Pray+1"],"picked":"Evaluate+1","floor":10},{"not_picked":["FlurryOfBlows","ClearTheMind+1"],"picked":"ThirdEye+1","floor":12},{"not_picked":["Halt+1","SandsOfTime"],"picked":"CutThroughFate","floor":13},{"not_picked":["Alpha+1","Establishment"],"picked":"Vault+1","floor":16},{"not_picked":["TalkToTheHand","FollowUp"],"picked":"FlurryOfBlows","floor":18},{"not_picked":["Tantrum","Vengeance+1"],"picked":"Perseverance+1","floor":19},{"not_picked":["Conclude","ThirdEye+1"],"picked":"CutThroughFate","floor":21},{"not_picked":["FearNoEvil","WheelKick"],"picked":"WindmillStrike+1","floor":24},{"not_picked":["Study","CrushJoints"],"picked":"CutThroughFate","floor":28},{"not_picked":["FlurryOfBlows","Perseverance+1"],"picked":"EmptyFist+1","floor":29},{"not_picked":["ClearTheMind+1","Evaluate+1"],"picked":"Vengeance+1","floor":30},{"not_picked":["Protect+1","BowlingBash+1"],"picked":"FlyingSleeves+1","floor":31},{"not_picked":["Scrawl+1","SpiritShield+1"],"picked":"Alpha+1","floor":33},{"not_picked":["Conclude+1","BowlingBash+1"],"picked":"MentalFortress","floor":35},{"not_picked":["Prostrate+1","Meditate+1"],"picked":"PathToVictory+1","floor":37},{"not_picked":["BowlingBash+1","Fasting2"],"picked":"Consecrate+1","floor":41},{"not_picked":["Consecrate+1","EmptyBody+1"],"picked":"JustLucky+1","floor":45},{"not_picked":["FollowUp+1","WaveOfTheHand+1"],"picked":"Judgement+1","floor":46},{"not_picked":["SashWhip+1","LikeWater+1"],"picked":"ReachHeaven+1","floor":47}],"player_experience":326819,"relics_obtained":[{"floor":6,"key":"Shuriken"},{"floor":8,"key":"Toxic Egg 2"},{"floor":9,"key":"The Courier"},{"floor":12,"key":"HornCleat"},{"floor":21,"key":"Red Mask"},{"floor":31,"key":"Molten Egg 2"},{"floor":43,"key":"Mummified Hand"},{"floor":46,"key":"Darkstone Periapt"}],"event_choices":[{"damage_healed":0,"gold_gain":0,"player_choice":"Rummage","damage_taken":0,"relics_obtained":["WarpedTongs"],"max_hp_gain":0,"max_hp_loss":0,"event_name":"Accursed Blacksmith","floor":3,"gold_loss":0,"cards_obtained":["Pain"]},{"damage_healed":43,"gold_gain":0,"player_choice":"Upgrade","damage_taken":14,"max_hp_gain":0,"max_hp_loss":72,"event_name":"betterThird:BetterShining","floor":14,"gold_loss":0,"cards_upgraded":["Wireheading","Strike_P"]},{"cards_removed":["Pain"],"damage_healed":0,"gold_gain":0,"player_choice":"Gave Gold","damage_taken":0,"max_hp_gain":0,"max_hp_loss":0,"event_name":"Beggar","floor":20,"gold_loss":75},{"damage_healed":0,"gold_gain":0,"player_choice":"Fought Bandits","damage_taken":0,"max_hp_gain":0,"max_hp_loss":0,"event_name":"Masked Bandits","floor":21,"gold_loss":0},{"damage_healed":0,"gold_gain":0,"player_choice":"Read","damage_taken":0,"max_hp_gain":0,"max_hp_loss":0,"event_name":"The Library","floor":22,"gold_loss":0,"cards_obtained":["PathToVictory"]},{"damage_healed":0,"gold_gain":0,"player_choice":"Embrace Madness","damage_taken":9,"max_hp_gain":0,"max_hp_loss":0,"event_name":"Winding Halls","floor":38,"gold_loss":0,"cards_obtained":["Madness","Madness"]},{"damage_healed":0,"gold_gain":222,"player_choice":"Wore Mask","damage_taken":0,"max_hp_gain":0,"max_hp_loss":0,"event_name":"Tomb of Lord Red Mask","floor":44,"gold_loss":0},{"damage_healed":0,"gold_gain":0,"player_choice":"Ignored","damage_taken":0,"max_hp_gain":0,"max_hp_loss":0,"event_name":"Mysterious Sphere","floor":48,"gold_loss":0}],"is_beta":false,"boss_relics":[{"not_picked":["SlaversCollar","Philosopher\u0027s Stone"],"picked":"Fusion Hammer"},{"not_picked":["VioletLotus","Empty Cage"],"picked":"Astrolabe"}],"items_purged_floors":[2,27],"is_endless":false,"potions_floor_spawned":[6,8,13,16,18,21,28,29,37,41],"killed_by":"Time Eater","ascension_level":0}}