{"host":"1mxsqhrnflkerv75","time":1613959048,"event":{"mods":["AchievementEnabler","BaseMod","BetterRewards","Curses Come First","Downfall","Hermit","Infinite Spire","Minty Spire (QoL Compilation)","Replay The Spire","Spicy Shops","StSLib","The Cursed","The Saiyan"],"gold_per_floor":[93,368,387,266,266,266,291,344,371,384,384,384,411,425,168,181,181,283,283,301,301,301,314,333,333,709,709,709,709,709,742,742,777,777,903,903,924,949,961,1038,1070,1082,1119,1131,1143,1174,1186,1198,1231,1258,1270,1282,1282],"floor_reached":52,"language":"ENG","playtime":7429,"items_purged":["Regret","ReplayTheSpireMod:Restless Dread"],"score":825,"play_id":"b048b500-386d-4f17-8bed-150694208ec3","local_time":"20210221205728","is_ascension_mode":false,"campfire_choices":[{"data":"Saiyan:ExpandingShockwave","floor":6.0,"key":"SMITH"},{"floor":17.0,"key":"DIG"},{"floor":25.0,"key":"REST"},{"data":"Saiyan:KameHameHa","floor":29.0,"key":"SMITH"},{"floor":42,"key":"REST"},{"floor":48,"key":"REST"},{"floor":51,"key":"REST"}],"circlet_count":0,"master_deck":["Saiyan:SAIYA_Strike","Saiyan:SAIYA_Strike","Saiyan:SAIYA_Strike","Saiyan:SAIYA_Strike","Saiyan:SAIYA_Defend","Saiyan:SAIYA_Defend","Saiyan:SAIYA_Defend","Saiyan:SAIYA_Defend","Saiyan:EnergyBlast","Saiyan:KaioKen","Saiyan:RuthlessBlow","Saiyan:ExpandingShockwave+1","Saiyan:KiExplosion+1","Saiyan:ConcussiveBlow","Saiyan:BigBangAttack","Saiyan:PowerUp","Saiyan:Rekindle","Saiyan:KameHameHa+1","Sickly","Slimebound:CheckThePlaybook","downfall:Icky","Saiyan:FingerParry+1","Saiyan:BurningSoul+1","Saiyan:SenzuBean","Spreading Infection","Saiyan:SaiyanHubris+1","CommonCold","Looming Evil","ReplayTheSpireMod:Faulty Equipment","Doubt","Hallucinations","Normality","Clumsy","Saiyan:MeteorDash+1","Saiyan:CCCapsule+1","Parasite","Saiyan:PlotArmor","Writhe","Shame"],"relics":["SaiyanSoul","SaiyanHeart","Replay:Accelerometer","Replay:Wax Seal","ReplayTheSpireMod:Lightbulb","PreservedInsect","Shuriken","Mango","SlaversCollar","ReplayTheSpireMod:Ring of Collecting","ReplayTheSpireMod:Ring of Addiction","SacredBark","White Beast Statue","Ring of Greed","Omamori","Golden Idol","Old Coin","MutagenicStrength","infinitespire:FocusingShard","Ring of Hypnosis","Black Star","Replay:Bottled Steam","ReplayTheSpireMod:Shallot","infinitespire:Satchel","Ancient Tea Set","Bag of Marbles","Velvet Choker","MawBank","Blue Doll","CaptainsWheel","Ring of Panic","Pet Ghost"],"acts_visited":["Exordium","TheCity","TheBeyond"],"potions_floor_usage":[40,40,40,41,41,41,43,46,50,52],"damage_taken":[{"damage":1.0,"enemies":"Small Slimes","floor":1.0,"turns":3.0},{"damage":3.0,"enemies":"Cultist","floor":3.0,"turns":3.0},{"damage":2.0,"enemies":"3 Sentries","floor":7.0,"turns":5.0},{"damage":0.0,"enemies":"2 Louse","floor":10.0,"turns":3.0},{"damage":14.0,"enemies":"Gremlin Nob","floor":13.0,"turns":5.0},{"damage":3.0,"enemies":"Looter","floor":14.0,"turns":3.0},{"damage":0.0,"enemies":"2 Fungi Beasts","floor":16.0,"turns":3.0},{"damage":25.0,"enemies":"The Guardian","floor":18.0,"turns":10.0},{"damage":10.0,"enemies":"Spheric Guardian","floor":20.0,"turns":4.0},{"damage":15.0,"enemies":"Chosen","floor":23.0,"turns":3.0},{"damage":22.0,"enemies":"Centurion and Healer","floor":24.0,"turns":7.0},{"damage":18.0,"enemies":"Book of Stabbing","floor":31.0,"turns":4.0},{"damage":22.0,"enemies":"Nightmare","floor":33.0,"turns":5.0},{"damage":0.0,"enemies":"Collector","floor":35.0,"turns":6.0},{"damage":0.0,"enemies":"Orb Walker","floor":37.0,"turns":2.0},{"damage":44.0,"enemies":"3 Shapes","floor":38.0,"turns":7.0},{"damage":29,"enemies":"2 Orb Walkers","floor":40,"turns":5},{"damage":4,"enemies":"Sphere and 2 Shapes","floor":41,"turns":5},{"damage":23,"enemies":"Writhing Mass","floor":43,"turns":7},{"damage":28,"enemies":"Transient","floor":46,"turns":5},{"damage":0,"enemies":"4 Shapes","floor":49,"turns":6},{"damage":7,"enemies":"Jaw Worm Horde","floor":50,"turns":6},{"damage":72,"enemies":"Donu and Deca","floor":52,"turns":6}],"seed_played":"-5879609929313330883","potions_obtained":[{"floor":0.0,"key":"Toxic Potion"},{"floor":0.0,"key":"LiquidMemories"},{"floor":0.0,"key":"AttackPotion"},{"floor":3.0,"key":"Regen Potion"},{"floor":7.0,"key":"Reflective Coating"},{"floor":14.0,"key":"Venom Potion"},{"floor":16.0,"key":"LiquidMemories"},{"floor":20.0,"key":"SkillPotion"},{"floor":21.0,"key":"Adrenaline Potion"},{"floor":21.0,"key":"ColorlessPotion"},{"floor":23.0,"key":"SkillPotion"},{"floor":24.0,"key":"EntropicBrew"},{"floor":31.0,"key":"PowerPotion"},{"floor":33.0,"key":"Guardian:BlockOnCardUsePotion"},{"floor":34.0,"key":"Slimebound:ThreeZeroPotion"},{"floor":34.0,"key":"Block Potion"},{"floor":35.0,"key":"Fire Potion"},{"floor":37.0,"key":"Block Potion"},{"floor":38.0,"key":"Death Potion"},{"floor":40,"key":"EntropicBrew"},{"floor":41,"key":"SpeedPotion"},{"floor":43,"key":"AttackPotion"},{"floor":46,"key":"sneckomod:MuddlingPotion"},{"floor":49,"key":"DuplicationPotion"},{"floor":50,"key":"Milkshake"}],"is_trial":false,"path_per_floor":["M","?","M","$","?","R","E","T","T","M","PTL","PTL","E","M","$","M","R","B",null,"M","?","?","M","M","R","T","?","T","R","AVR","E","?","NM","R","B",null,"M","M","AVR","?","M","R","M","?","T","M","?","R","M","M","R","B"],"character_chosen":"SAIYAJIN","items_purchased":["Saiyan:KiExplosion","Shuriken"],"campfire_rested":4,"item_purchase_floors":[4,15],"current_hp_per_floor":[59,59,56,56,56,56,61,61,61,62,62,62,49,46,46,47,61,36,78,69,69,69,55,35,59,59,59,59,59,59,41,41,22,22,22,81,81,37,37,9,8,33,12,34,34,8,8,34,37,33,60,0,0],"gold":1282,"neow_bonus":"THREE_SMALL_POTIONS","is_daily":false,"chose_seed":false,"campfire_upgraded":2,"win_rate":0.0,"timestamp":1613959048,"path_taken":["M","?","M","?","?","R","E","?","T","M","PTL","PTL","E","M","$","M","R","BOSS","M","?","?","M","M","R","?","?","T","R","AVR","E","?","NM","R","BOSS","M","M","AVR","?","M","R","M","?","T","M","?","R","M","M","R","BOSS"],"items_purchased_type":["Card","Relic"],"build_version":"2020-12-22","purchased_purges":2,"victory":false,"max_hp_per_floor":[60,60,60,60,60,60,61,61,61,62,62,62,63,63,63,64,78,78,78,79,79,79,80,82,82,82,82,80,80,80,78,78,81,81,81,81,81,81,81,82,85,85,87,87,87,89,89,89,92,93,93,96,96],"card_choices":[{"not_picked":["Saiyan:Planning","Saiyan:Pacing"],"picked":"Saiyan:ExpandingShockwave","floor":1.0},{"not_picked":["Saiyan:Scouter","Saiyan:PlotArmor","Saiyan:SaiyanHubris"],"picked":"SKIP","floor":3.0},{"not_picked":["Saiyan:DragonFist","Saiyan:WarmUp"],"picked":"Saiyan:ConcussiveBlow","floor":7.0},{"not_picked":["Saiyan:Planning","Saiyan:SoulSpice"],"picked":"Saiyan:BigBangAttack","floor":10.0},{"not_picked":["Saiyan:DoubleMasenko","Saiyan:RemoveWeights"],"picked":"Saiyan:PowerUp","floor":13.0},{"not_picked":["Saiyan:Medicine","Saiyan:KiExplosion","Saiyan:PowerStance"],"picked":"SKIP","floor":14.0},{"not_picked":["Saiyan:Quickening","Saiyan:Momentum","Saiyan:Flurry"],"picked":"SKIP","floor":16.0},{"not_picked":["Saiyan:MindBoom","Saiyan:SuperSaiyanThree"],"picked":"Saiyan:Rekindle","floor":18.0},{"not_picked":["Saiyan:DragonFist","Saiyan:BackAttack+1"],"picked":"Saiyan:KameHameHa","floor":20.0},{"not_picked":["Saiyan:ReverberatingForce","Saiyan:ExtremeSpeed","Saiyan:TurtleShell"],"picked":"SKIP","floor":23.0},{"not_picked":["Saiyan:DoubleMasenko","Saiyan:FinalFlash","Saiyan:DragonFist"],"picked":"SKIP","floor":24.0},{"not_picked":["Saiyan:Teleport","Saiyan:FinalFlash+1"],"picked":"Saiyan:FingerParry+1","floor":31.0},{"not_picked":["Saiyan:FinalFlash","Saiyan:PlotArmor"],"picked":"Saiyan:BurningSoul+1","floor":33.0},{"not_picked":["Saiyan:MindBoom","Saiyan:GenkiDama"],"picked":"Saiyan:SenzuBean","floor":35.0},{"not_picked":["Saiyan:SaiyanHubris","Saiyan:KiStrike","Saiyan:AugmentedBlast"],"picked":"SKIP","floor":37.0},{"not_picked":["Saiyan:MeteorDash","Saiyan:DragonFist+1"],"picked":"Saiyan:SaiyanHubris+1","floor":38.0},{"not_picked":["Saiyan:BackAttack","Saiyan:DragonFist"],"picked":"Saiyan:MeteorDash+1","floor":40},{"not_picked":["Saiyan:MindBoom","Saiyan:Expend"],"picked":"Saiyan:CCCapsule+1","floor":41},{"not_picked":["Saiyan:BackAttack","Saiyan:FingerParry"],"picked":"Saiyan:PlotArmor","floor":43},{"not_picked":["Saiyan:PlotArmor","Saiyan:BackAttack","Saiyan:Pacing"],"picked":"SKIP","floor":46},{"not_picked":["Saiyan:RemoveWeights+1","Saiyan:WarmUp","Saiyan:DoubleMasenko"],"picked":"SKIP","floor":49},{"not_picked":["Saiyan:DoubleMasenko","Saiyan:Fly+1","Saiyan:PlotArmor"],"picked":"SKIP","floor":50}],"player_experience":94768,"relics_obtained":[{"floor":7.0,"key":"Replay:Accelerometer"},{"floor":8.0,"key":"Replay:Wax Seal"},{"floor":9.0,"key":"ReplayTheSpireMod:Lightbulb"},{"floor":13.0,"key":"PreservedInsect"},{"floor":17.0,"key":"Mango"},{"floor":21.0,"key":"ReplayTheSpireMod:Ring of Collecting"},{"floor":21.0,"key":"ReplayTheSpireMod:Ring of Addiction"},{"floor":21.0,"key":"SacredBark"},{"floor":21.0,"key":"White Beast Statue"},{"floor":26.0,"key":"Ring of Greed"},{"floor":26.0,"key":"Omamori"},{"floor":26.0,"key":"Golden Idol"},{"floor":26.0,"key":"Old Coin"},{"floor":28.0,"key":"infinitespire:FocusingShard"},{"floor":28.0,"key":"Ring of Hypnosis"},{"floor":31.0,"key":"Replay:Bottled Steam"},{"floor":31.0,"key":"ReplayTheSpireMod:Shallot"},{"floor":33.0,"key":"Ancient Tea Set"},{"floor":33.0,"key":"Bag of Marbles"},{"floor":38.0,"key":"MawBank"},{"floor":40,"key":"CaptainsWheel"},{"floor":45,"key":"Ring of Panic"},{"floor":45,"key":"Pet Ghost"}],"event_choices":[{"damage_healed":0.0,"max_hp_gain":0.0,"max_hp_loss":0.0,"gold_gain":275.0,"event_name":"Golden Shrine","player_choice":"Desecrate","floor":2.0,"gold_loss":0.0,"damage_taken":0.0,"cards_obtained":["Regret"]},{"damage_healed":0.0,"max_hp_gain":0.0,"max_hp_loss":0.0,"gold_gain":0.0,"event_name":"Living Wall","player_choice":"Grow","floor":5.0,"gold_loss":0.0,"damage_taken":0.0,"cards_upgraded":["Saiyan:KiExplosion"]},{"damage_healed":0.0,"max_hp_gain":0.0,"max_hp_loss":0.0,"gold_gain":0.0,"event_name":"Drug Dealer","player_choice":"Inject Mutagens","floor":27.0,"gold_loss":0.0,"damage_taken":0.0,"relics_obtained":["MutagenicStrength"]},{"damage_healed":0,"gold_gain":0,"player_choice":"Fight","damage_taken":0,"max_hp_gain":0,"max_hp_loss":0,"event_name":"Mysterious Sphere","floor":40,"gold_loss":0},{"damage_healed":22,"gold_gain":0,"player_choice":"Writhe","damage_taken":0,"max_hp_gain":0,"max_hp_loss":0,"event_name":"Winding Halls","floor":44,"gold_loss":0,"cards_obtained":["Writhe"]},{"damage_healed":0,"gold_gain":0,"player_choice":"Ignored","damage_taken":0,"max_hp_gain":0,"max_hp_loss":0,"event_name":"SecretPortal","floor":47,"gold_loss":0}],"is_beta":false,"boss_relics":[{"not_picked":["Sozu","Coffee Dripper"],"picked":"SlaversCollar"},{"not_picked":["bronze:MakeshiftBattery","Kintsugi"],"picked":"Velvet Choker"}],"items_purged_floors":[4,39],"is_endless":true,"potions_floor_spawned":[3,7,14,16,20,23,24,31,33,35,37,38,40,41,43,46,49,50],"killed_by":"Donu and Deca","ascension_level":0}}