{"host":"zwfn3igoxym2o8ah","time":1613970999,"event":{"mods":["AchievementEnabler","BaseMod","Downfall","Hermit","Minty Spire (QoL Compilation)","Quick Restart","Replay The Spire","StSLib","The Cursed"],"gold_per_floor":[110,110,39,39,53,53,128,171,171,192,217,217,233,256,256,384,384,384,405,421,421,294,294,294],"floor_reached":23,"language":"ENG","playtime":1900,"items_purged":[],"score":193,"play_id":"125e776e-2d22-4cf1-80bc-5ed19062e106","local_time":"20210222001639","is_ascension_mode":false,"campfire_choices":[{"floor":6,"key":"REST"},{"floor":12,"key":"REST"},{"data":"Infinite Blades","floor":15,"key":"SMITH"}],"circlet_count":0,"master_deck":["Strike_G","Strike_G","Strike_G","Strike_G","Strike_G","Defend_G","Defend_G","Defend_G","Defend_G","Defend_G","Survivor","Neutralize","Dagger Spray","Infinite Blades+1","ReplayTheSpireMod:Tripwire","Replay:Poison Smokescreen","Flying Knee","Poisoned Stab","Underhanded Strike","Riddle With Holes","After Image","Quick Slash","RitualDagger","Prepared","Prepared","Trip"],"relics":["Ring of the Snake","Golden Idol","ReplayTheSpireMod:TigerMarble","Replay:WaspNest","Ring of Chaos"],"acts_visited":["Exordium","TheCity"],"potions_floor_usage":[8,16,18,20,23],"damage_taken":[{"damage":0,"enemies":"Jaw Worm","floor":1,"turns":5},{"damage":2,"enemies":"2 Louse","floor":5,"turns":2},{"damage":11,"enemies":"Lagavulin","floor":8,"turns":7},{"damage":0,"enemies":"Cultist","floor":10,"turns":3},{"damage":12,"enemies":"3 Louse","floor":11,"turns":2},{"damage":0,"enemies":"Large Slime","floor":13,"turns":4},{"damage":2,"enemies":"Exordium Thugs","floor":14,"turns":3},{"damage":49,"enemies":"Slime Boss","floor":16,"turns":11},{"damage":0,"enemies":"2 Thieves","floor":18,"turns":1},{"damage":18,"enemies":"Chosen","floor":19,"turns":6},{"damage":16,"enemies":"Shelled Parasite and Fungi","floor":20,"turns":5},{"damage":41,"enemies":"Slavers","floor":23,"turns":3}],"seed_played":"148807659554286106","potions_obtained":[{"floor":5,"key":"champ:CounterPotion"},{"floor":10,"key":"Weak Potion"},{"floor":14,"key":"SmokeBomb"},{"floor":16,"key":"Reflective Coating"},{"floor":20,"key":"BlessingOfTheForge"}],"is_trial":false,"path_per_floor":["M","?","$","?","M","R","?","E","T","M","M","R","M","M","R","B",null,"M","M","M","?","$","E"],"character_chosen":"THE_SILENT","items_purchased":["Infinite Blades","Prepared","Trip"],"campfire_rested":2,"item_purchase_floors":[3,22,22],"current_hp_per_floor":[77,77,77,58,56,77,66,55,55,55,43,66,66,64,64,15,77,77,59,43,37,37,0,0],"gold":294,"neow_bonus":"TEN_PERCENT_HP_BONUS","is_daily":false,"chose_seed":false,"campfire_upgraded":1,"win_rate":0.0,"timestamp":1613970999,"path_taken":["M","?","$","?","M","R","?","E","T","M","?","R","M","M","R","BOSS","M","M","M","?","$","E"],"items_purchased_type":["Card","Card","Card"],"build_version":"2020-12-22","purchased_purges":0,"victory":false,"max_hp_per_floor":[77,77,77,77,77,77,77,77,77,77,77,77,77,77,77,77,77,77,77,77,77,77,77,77],"card_choices":[{"not_picked":["Backstab","Dagger Throw"],"picked":"Dagger Spray","floor":1},{"not_picked":["Backflip","Underhanded Strike"],"picked":"ReplayTheSpireMod:Tripwire","floor":5},{"not_picked":["Venomology","Draining Mist"],"picked":"Replay:Poison Smokescreen","floor":8},{"not_picked":["Dodge and Roll","Deflect"],"picked":"Flying Knee","floor":10},{"not_picked":["Well Laid Plans","Blade Dance"],"picked":"Poisoned Stab","floor":11},{"not_picked":["Endless Agony","Dagger Spray"],"picked":"Underhanded Strike","floor":13},{"not_picked":["Dagger Spray","Backflip"],"picked":"Riddle With Holes","floor":14},{"not_picked":["Doppelganger","Venomology"],"picked":"After Image","floor":16},{"not_picked":["PiercingWail","Calculated Gamble","ReplayTheSpireMod:Exploit Weakness"],"picked":"SKIP","floor":19},{"not_picked":["PiercingWail+1","Slice"],"picked":"Quick Slash","floor":20}],"player_experience":15335,"relics_obtained":[{"floor":8,"key":"ReplayTheSpireMod:TigerMarble"},{"floor":9,"key":"Replay:WaspNest"}],"event_choices":[{"damage_healed":0,"gold_gain":0,"player_choice":"Leave","damage_taken":0,"max_hp_gain":0,"max_hp_loss":0,"event_name":"The Cleric","floor":2,"gold_loss":0},{"damage_healed":0,"gold_gain":0,"player_choice":"Take Damage","damage_taken":19,"relics_obtained":["Golden Idol"],"max_hp_gain":0,"max_hp_loss":0,"event_name":"Golden Idol","floor":4,"gold_loss":0},{"damage_healed":0,"gold_gain":75,"player_choice":"Gather Gold","damage_taken":11,"max_hp_gain":0,"max_hp_loss":0,"event_name":"World of Goop","floor":7,"gold_loss":0},{"damage_healed":0,"gold_gain":0,"player_choice":"Joined the Cult","damage_taken":6,"max_hp_gain":0,"max_hp_loss":0,"event_name":"Nest","floor":21,"gold_loss":0,"cards_obtained":["RitualDagger"]}],"is_beta":false,"boss_relics":[{"not_picked":["SacredBark","Runic Dome"],"picked":"Ring of Chaos"}],"items_purged_floors":[],"is_endless":false,"potions_floor_spawned":[5,10,14,16,18,20],"killed_by":"Slavers","ascension_level":0}}