{"host":"8g24zuco0epbjwbo","time":1613970859,"event":{"mods":["BaseMod","Downfall","Minty Spire (QoL Compilation)","Relic Stats","StSLib"],"gold_per_floor":[99,199,199,219,129,143,190,15,41,26,26,301,311,336,348,447,447,347,357,448,448,459,475,547,567,599,699,724,724,624,159,169,272,272,272,291,308,308,327,602,602,633,648,675,750,760,660,660,679,679,679,714,30,30,30,30,30,30],"floor_reached":56,"language":"ENG","playtime":3760,"items_purged":["bronze:Defend","Regret","Pain","Regret"],"score":868,"play_id":"a5ccb79b-cdfc-4a32-ac1a-9709ffc2408e","local_time":"20210222001419","is_ascension_mode":true,"campfire_choices":[{"data":"bronze:Iterate","floor":1.0,"key":"SMITH"},{"data":"bronze:Format","floor":11.0,"key":"SMITH"},{"floor":18.0,"key":"RECALL"},{"data":"bronze:Verify","floor":30.0,"key":"SMITH"},{"data":"J.A.X.","floor":35.0,"key":"SMITH"},{"data":"bronze:ForceShield","floor":47.0,"key":"SMITH"},{"floor":54,"key":"REST"}],"circlet_count":0,"master_deck":["bronze:Strike","bronze:Defend","bronze:Defend","bronze:Replicate","bronze:Goto","bronze:Iterate+1","bronze:Spike","bronze:DazingPulse","bronze:Frontload","bronze:ItsAFeature","bronze:Virus","bronze:Branch","bronze:OilSpill","bronze:Repair","bronze:Repulsor","bronze:Format+1","bronze:Repair","bronze:Overheat","bronze:OilSpill","bronze:ChildClass","bronze:AlphaBuild","bronze:DigitalCarnage+1","bronze:Shield","bronze:Boost+1","bronze:ForceShield","bronze:WhirlingStrike","bronze:DelayedSlice","bronze:Verify+1","J.A.X.+1","bronze:Iterate+1","bronze:Frontload","downfall:Bewildered","bronze:InfiniteBeams","bronze:Turbo+1","bronze:CleanCode","bronze:DelayedGuard+1","bronze:Philosophize+1","bronze:Flail","bronze:Philosophize","Writhe","bronze:ForceShield+1","bronze:MaxOutput+1","expansioncontent:AwakenDeath","expansioncontent:GuardianWhirl","expansioncontent:PolyBeam","bronze:Overheat+1","bronze:Branch","bronze:AlphaBuild"],"relics":["bronze:BronzeCore","Boot","bronze:DecasWashers","Juzu Bracelet","Cursed Key","downfall:HeartBlessingGreen","Toolbox","Mercury Hourglass","Torii","MutagenicStrength","Guardian:GemstoneGun","sneckomod:BabySnecko","downfall:HeartBlessingRed","Bottled Tornado","Sozu","Akabeko","Guardian:PocketSentry","downfall:HeartBlessingBlue","bronze:SilverBullet","bronze:BronzeIdol","Pear"],"acts_visited":["Exordium","TheCity","TheBeyond","TheEnding"],"potions_floor_usage":[52,52],"damage_taken":[{"damage":53.0,"enemies":"Gremlin Nob","floor":3.0,"turns":9.0},{"damage":0.0,"enemies":"Cultist","floor":4.0,"turns":3.0},{"damage":0.0,"enemies":"downfall:FleeingMerchant","floor":5.0,"turns":4.0},{"damage":0.0,"enemies":"Small Slimes","floor":6.0,"turns":2.0},{"damage":3.0,"enemies":"downfall:FleeingMerchant","floor":8.0,"turns":4.0},{"damage":9.0,"enemies":"3 Sentries","floor":9.0,"turns":6.0},{"damage":0.0,"enemies":"downfall:FleeingMerchant","floor":10.0,"turns":4.0},{"damage":11.0,"enemies":"Jaw Worm","floor":13.0,"turns":4.0},{"damage":9.0,"enemies":"Lagavulin","floor":14.0,"turns":5.0},{"damage":2.0,"enemies":"downfall:LooterAlt","floor":15.0,"turns":2.0},{"damage":28.0,"enemies":"IC_STATUS_ARCHETYPE","floor":16.0,"turns":6.0},{"damage":0.0,"enemies":"3 Byrds","floor":19.0,"turns":2.0},{"damage":0.0,"enemies":"downfall:FleeingMerchant","floor":20.0,"turns":4.0},{"damage":0.0,"enemies":"Shell Parasite","floor":22.0,"turns":1.0},{"damage":0.0,"enemies":"Cultist and Chosen","floor":23.0,"turns":3.0},{"damage":7.0,"enemies":"Snecko","floor":25.0,"turns":3.0},{"damage":2.0,"enemies":"Slavers","floor":26.0,"turns":3.0},{"damage":34.0,"enemies":"downfall:Augmenter","floor":27.0,"turns":5.0},{"damage":0.0,"enemies":"Gremlin Leader","floor":28.0,"turns":2.0},{"damage":0.0,"enemies":"Chosen and Byrds","floor":32.0,"turns":3.0},{"damage":39.0,"enemies":"DF_ARCHETYPE_CLAW","floor":33.0,"turns":6.0},{"damage":1.0,"enemies":"Orb Walker","floor":36.0,"turns":3.0},{"damage":23.0,"enemies":"3 Darklings","floor":37.0,"turns":5.0},{"damage":0.0,"enemies":"4 Shapes","floor":39.0,"turns":5.0},{"damage":30.0,"enemies":"Giant Head","floor":42.0,"turns":6.0},{"damage":0.0,"enemies":"Transient","floor":43.0,"turns":5.0},{"damage":17.0,"enemies":"Reptomancer","floor":44.0,"turns":4.0},{"damage":0.0,"enemies":"Sphere and 2 Shapes","floor":46.0,"turns":3.0},{"damage":15.0,"enemies":"Maw","floor":49.0,"turns":6.0},{"damage":16.0,"enemies":"SI_POISON_ARCHETYPE","floor":50.0,"turns":7.0},{"damage":67,"enemies":"downfall:CharBossMerchant","floor":52,"turns":7},{"damage":60,"enemies":"downfall:NeowBoss","floor":55,"turns":14},{"damage":53,"enemies":"downfall:NeowBossFinal","floor":56,"turns":8}],"seed_played":"-4407648709195089780","potions_obtained":[{"floor":4.0,"key":"AttackPotion"},{"floor":6.0,"key":"Slimebound:ThreeZeroPotion"},{"floor":9.0,"key":"sneckomod:MuddlingPotion"},{"floor":14.0,"key":"PowerPotion"},{"floor":22.0,"key":"Energy Potion"},{"floor":28.0,"key":"bronze:CleanCodePotion"},{"floor":32.0,"key":"bronze:FreeFunctionsPotion"}],"is_trial":false,"path_per_floor":["R","?","?","M","$","M","T","$","E","$","R","?","M","E","M","B",null,"R","M","$","?","M","M","T","M","E","?","E","?","R","$","M","B",null,"R","M","M","?","M","?","T","E","M","E","?","M","R","?","M","B",null,"E","$","R","B","B"],"character_chosen":"THE_AUTOMATON","items_purchased":["bronze:Repair","bronze:Repulsor","Toolbox","Bottled Tornado","bronze:InfiniteBeams","bronze:BronzeIdol","Pear","bronze:AlphaBuild"],"campfire_rested":1,"item_purchase_floors":[8,8,20,31,31,53,53,53],"current_hp_per_floor":[70,70,17,17,17,17,17,14,12,19,19,19,22,20,25,11,70,70,70,70,70,70,70,70,70,68,34,34,34,34,34,48,16,70,70,69,60,60,67,67,67,44,44,34,70,70,80,70,75,67,80,27,37,64,18,0,0,0],"gold":30,"neow_bonus":"TRANSFORM_CARD","is_daily":false,"chose_seed":false,"campfire_upgraded":5,"win_rate":0.0,"timestamp":1613970859,"path_taken":["R","?","?","M","$","M","T","$","E","?","R","?","M","E","M","BOSS","R","M","$","?","M","M","T","M","E","?","E","?","R","?","M","BOSS","R","M","M","?","M","?","T","E","M","E","?","M","R","?","M","BOSS","E","$","R","BOSS","BOSS"],"items_purchased_type":["Card","Card","Relic","Relic","Card","Relic","Relic","Card"],"build_version":"2020-12-22","purchased_purges":4,"victory":false,"max_hp_per_floor":[70,70,70,70,70,70,70,70,70,70,70,70,70,70,70,70,70,70,70,70,70,70,70,70,70,70,70,70,70,70,70,70,70,70,70,70,70,70,70,70,70,70,70,70,70,70,80,80,80,80,80,80,90,90,90,90,90,90],"relic_stats":{"Sozu":6,"Torii":14,"counters":[33,154],"Juzu Bracelet":2,"Boot":[409],"Cursed Key":2,"obtain_stats":[{"bronze:BronzeCore":0,"Pear":53,"Torii":26,"downfall:HeartBlessingRed":30,"bronze:DecasWashers":9,"Guardian:GemstoneGun":28,"downfall:HeartBlessingGreen":18,"Juzu Bracelet":14,"Guardian:PocketSentry":44,"Bottled Tornado":31,"Boot":7,"Cursed Key":17,"Akabeko":42,"Mercury Hourglass":24,"bronze:BronzeIdol":53,"Sozu":34,"sneckomod:BabySnecko":29,"downfall:HeartBlessingBlue":47,"MutagenicStrength":27,"Toolbox":20,"bronze:SilverBullet":52},{"bronze:BronzeCore":0,"Pear":31,"Torii":17,"downfall:HeartBlessingRed":19,"bronze:DecasWashers":6,"Guardian:GemstoneGun":19,"downfall:HeartBlessingGreen":11,"Juzu Bracelet":9,"Guardian:PocketSentry":27,"Bottled Tornado":19,"Boot":4,"Cursed Key":11,"Akabeko":25,"Mercury Hourglass":15,"bronze:BronzeIdol":31,"Sozu":21,"sneckomod:BabySnecko":19,"downfall:HeartBlessingBlue":28,"MutagenicStrength":18,"Toolbox":13,"bronze:SilverBullet":31},{"bronze:BronzeCore":0,"Pear":132,"Torii":65,"downfall:HeartBlessingRed":72,"bronze:DecasWashers":28,"Guardian:GemstoneGun":72,"downfall:HeartBlessingGreen":49,"Juzu Bracelet":41,"Guardian:PocketSentry":109,"Bottled Tornado":72,"Boot":18,"Cursed Key":49,"Akabeko":100,"Mercury Hourglass":59,"bronze:BronzeIdol":132,"Sozu":81,"sneckomod:BabySnecko":72,"downfall:HeartBlessingBlue":112,"MutagenicStrength":70,"Toolbox":55,"bronze:SilverBullet":132}],"Mercury Hourglass":[311]},"card_choices":[{"not_picked":[],"picked":"bronze:Spike","floor":3.0},{"not_picked":[],"picked":"bronze:DazingPulse","floor":3.0},{"not_picked":["bronze:Invalidate","bronze:Backtrace"],"picked":"bronze:Frontload","floor":3.0},{"not_picked":["bronze:Frontload","bronze:Constructor"],"picked":"bronze:ItsAFeature","floor":4.0},{"not_picked":["bronze:GetLatest","bronze:Separator"],"picked":"bronze:Virus","floor":5.0},{"not_picked":["bronze:Frontload","bronze:DarkDash"],"picked":"bronze:Branch","floor":6.0},{"not_picked":["bronze:FollowUp","bronze:BugBarrage"],"picked":"bronze:OilSpill","floor":8.0},{"not_picked":["bronze:BuggyMess","bronze:Philosophize"],"picked":"bronze:Format","floor":9.0},{"not_picked":["bronze:Turbo","bronze:Shield"],"picked":"bronze:Repair","floor":10.0},{"not_picked":["bronze:DigitalCarnage","bronze:MaxOutput"],"picked":"bronze:Overheat","floor":13.0},{"not_picked":["bronze:CloningBeam","bronze:WhirlingStrike"],"picked":"bronze:OilSpill","floor":14.0},{"not_picked":["bronze:WhirlingStrike","bronze:Turbo"],"picked":"bronze:ChildClass","floor":15.0},{"not_picked":["bronze:Virus","bronze:Format"],"picked":"bronze:AlphaBuild","floor":16.0},{"not_picked":["bronze:Deprecate+1","bronze:Frontload+1"],"picked":"bronze:DigitalCarnage+1","floor":19.0},{"not_picked":["bronze:Branch","bronze:Overheat"],"picked":"bronze:Shield","floor":20.0},{"not_picked":["bronze:BronzeArmor+1","bronze:WhirlingStrike"],"picked":"bronze:Boost+1","floor":22.0},{"not_picked":["bronze:Frontload","bronze:Shield+1"],"picked":"bronze:ForceShield","floor":23.0},{"not_picked":["bronze:BitShift","bronze:BugBarrage+1","bronze:Shield"],"picked":"SKIP","floor":25.0},{"not_picked":["bronze:DarkDash+1","bronze:ForLoop"],"picked":"bronze:WhirlingStrike","floor":26.0},{"not_picked":[],"picked":"J.A.X.","floor":27.0},{"not_picked":["bronze:Frontload","bronze:DigitalCarnage"],"picked":"bronze:Iterate+1","floor":27.0},{"not_picked":["bronze:ChosenStrike","bronze:Iterate"],"picked":"bronze:Frontload","floor":28.0},{"not_picked":["bronze:Return","bronze:CloningBeam"],"picked":"bronze:Turbo+1","floor":32.0},{"not_picked":["bronze:ShipIt","bronze:Format"],"picked":"bronze:CleanCode","floor":33.0},{"not_picked":["bronze:ForLoop+1","bronze:WhirlingStrike"],"picked":"bronze:DelayedGuard+1","floor":36.0},{"not_picked":["bronze:Turbo","bronze:Frontload+1"],"picked":"bronze:Philosophize+1","floor":37.0},{"not_picked":["bronze:DelayedGuard+1","bronze:ForceShield"],"picked":"bronze:Philosophize","floor":39.0},{"not_picked":["bronze:Flail+1","bronze:FindAndReplace"],"picked":"bronze:ForceShield","floor":42.0},{"not_picked":["bronze:Constructor","bronze:DelayedSlice+1","bronze:WhirlingStrike+1"],"picked":"SKIP","floor":43.0},{"not_picked":["bronze:ForLoop","bronze:DelayedSlice","bronze:Virus"],"picked":"SKIP","floor":44.0},{"not_picked":["bronze:Constructor+1","bronze:ClassDefault+1"],"picked":"bronze:MaxOutput+1","floor":46.0},{"not_picked":["expansioncontent:GuardianWhirl","expansioncontent:YouAreMine"],"picked":"expansioncontent:AwakenDeath","floor":48.0},{"not_picked":["expansioncontent:AwakenDeath","expansioncontent:Hexaburn"],"picked":"expansioncontent:GuardianWhirl","floor":48.0},{"not_picked":["expansioncontent:LastStand","expansioncontent:AwakenDeath"],"picked":"expansioncontent:PolyBeam","floor":48.0},{"not_picked":["bronze:Constructor","bronze:Deprecate"],"picked":"bronze:Overheat+1","floor":49.0},{"not_picked":["bronze:Iterate","bronze:DelayedSlice+1"],"picked":"bronze:Branch","floor":52}],"player_experience":565947,"relics_obtained":[{"floor":7.0,"key":"Boot"},{"floor":9.0,"key":"bronze:DecasWashers"},{"floor":14.0,"key":"Juzu Bracelet"},{"floor":24.0,"key":"Mercury Hourglass"},{"floor":26.0,"key":"Torii"},{"floor":27.0,"key":"MutagenicStrength"},{"floor":28.0,"key":"Guardian:GemstoneGun"},{"floor":42.0,"key":"Akabeko"},{"floor":44.0,"key":"Guardian:PocketSentry"},{"floor":52,"key":"bronze:SilverBullet"}],"event_choices":[{"damage_healed":0.0,"max_hp_gain":0.0,"max_hp_loss":0.0,"gold_gain":0.0,"event_name":"Vampires","player_choice":"Ignored","floor":21.0,"gold_loss":0.0,"damage_taken":0.0}],"is_beta":false,"boss_relics":[{"not_picked":["Busted Crown","SacredBark"],"picked":"Cursed Key"},{"not_picked":["bronze:PlatinumCore","Philosopher\u0027s Stone"],"picked":"Sozu"}],"items_purged_floors":[5,20,31,53],"is_endless":false,"potions_floor_spawned":[4,6,9,14,22,25,28,32,37,39,44,46,49,52],"killed_by":"downfall:NeowBossFinal","ascension_level":1}}