{"host":"fxrgx7wt2cpkbhka","time":1613990080,"event":{"mods":["AchievementEnabler","BaseMod","Colored Powertips","Dark Map","Minty Spire (QoL Compilation)","Permanent Neow","Quick Restart","Slay-I","StSLib","Waifu the Spire"],"gold_per_floor":[119,139,153,164,164,164,19,54,78,94,269,282,282,282],"floor_reached":13,"language":"ENG","playtime":310,"items_purged":[],"score":148,"play_id":"936209c3-ca3a-4f64-a6d8-20d02bd197fa","local_time":"20210222023440","is_ascension_mode":true,"campfire_choices":[{"data":"White Noise","floor":6,"key":"SMITH"}],"circlet_count":0,"master_deck":["AscendersBane","Strike_B+1","Strike_B+1","Strike_B","Strike_B","Defend_B","Defend_B","Defend_B","Defend_B","Zap","Dualcast","Ball Lightning","White Noise+1","Ball Lightning","Sunder","Doubt","Conserve Battery"],"relics":["Cracked Core","NeowsBlessing","Whetstone","Smiling Mask","Art of War"],"acts_visited":["Exordium"],"potions_floor_usage":[4],"damage_taken":[{"damage":0,"enemies":"Cultist","floor":1,"turns":1},{"damage":0,"enemies":"Jaw Worm","floor":2,"turns":1},{"damage":0,"enemies":"2 Louse","floor":3,"turns":1},{"damage":39,"enemies":"Exordium Thugs","floor":4,"turns":5},{"damage":30,"enemies":"3 Sentries","floor":8,"turns":8},{"damage":16,"enemies":"Exordium Wildlife","floor":10,"turns":3},{"damage":4,"enemies":"Red Slaver","floor":12,"turns":2},{"damage":5,"enemies":"Gremlin Nob","floor":13,"turns":2}],"seed_played":"2333835466290021489","potions_obtained":[{"floor":3,"key":"Strength Potion"},{"floor":4,"key":"Fruit Juice"},{"floor":10,"key":"PotionOfCapacity"},{"floor":12,"key":"FocusPotion"}],"is_trial":false,"path_per_floor":["M","M","M","M","?","R","$","E","T","M","?","M","E"],"character_chosen":"DEFECT","items_purchased":["Whetstone"],"campfire_rested":0,"item_purchase_floors":[7],"current_hp_per_floor":[64,64,64,30,55,55,55,25,25,9,9,5,0,0],"gold":282,"neow_bonus":"THREE_ENEMY_KILL","is_daily":false,"chose_seed":false,"campfire_upgraded":1,"win_rate":0.0,"timestamp":1613990080,"path_taken":["M","M","M","?","?","R","$","E","T","M","?","M","E"],"items_purchased_type":["Relic"],"build_version":"2020-12-22","purchased_purges":0,"victory":false,"max_hp_per_floor":[71,71,71,76,76,76,76,76,76,76,76,76,76,76],"card_choices":[{"not_picked":["Tempest","Melter"],"picked":"Ball Lightning","floor":1},{"not_picked":["Sweeping Beam","Rebound","Lockon"],"picked":"SKIP","floor":2},{"not_picked":["Heatsinks","Sweeping Beam","Hologram"],"picked":"SKIP","floor":3},{"not_picked":["Reprogram","Go for the Eyes"],"picked":"White Noise","floor":4},{"not_picked":["Glacier","Barrage"],"picked":"Ball Lightning","floor":8},{"not_picked":["Heatsinks","Reprogram"],"picked":"Sunder","floor":10},{"not_picked":["Force Field","Turbo"],"picked":"Conserve Battery","floor":12}],"player_experience":802551,"relics_obtained":[{"floor":8,"key":"Smiling Mask"},{"floor":9,"key":"Art of War"}],"event_choices":[{"damage_healed":25,"gold_gain":0,"player_choice":"Banana","damage_taken":0,"max_hp_gain":0,"max_hp_loss":0,"event_name":"Big Fish","floor":5,"gold_loss":0},{"damage_healed":0,"gold_gain":175,"player_choice":"AGREE","damage_taken":0,"max_hp_gain":0,"max_hp_loss":0,"event_name":"Liars Game","floor":11,"gold_loss":0,"cards_obtained":["Doubt"]}],"is_beta":false,"boss_relics":[],"items_purged_floors":[],"is_endless":false,"potions_floor_spawned":[3,4,10,12],"killed_by":"Gremlin Nob","ascension_level":14}}