{"host":"o9lehcdjc4u6j9un","time":1613987808,"event":{"mods":["Aspiration","BaseMod","Better-Laid Plans","Bossed Relics","Colored Map","Downfall","Gremlin Mod","Hermit","Koishi","Marisa£®ÏF”Í°°ƒß¿Ì…≥£©","Minty Spire (QoL Compilation)","Reimu£®≤©¿ˆ¡È√Œ£©","Remilia£®¿Ÿ√◊¿Ú—«£©","Robot Space Explorer","StSLib","The Alterego","The Hierophant","The Jungle","The Marked","The Runesmith","The Senshi","The Servant 0.9.4","Yakumo Yukari mod","Youmu£®ªÍ∆«—˝√Œ£©","≤–¡Ù÷ÆŒÔ"],"gold_per_floor":[109,128,144,161,174,201,217,246,246,256,267,267,267],"floor_reached":12,"language":"ZHS","playtime":1307,"items_purged":[],"score":96,"play_id":"2ee1d18d-badf-4c33-ac9f-bc3143a21c27","local_time":"20210222175648","is_ascension_mode":false,"campfire_choices":[],"circlet_count":0,"master_deck":["theMarked:Strike","theMarked:Strike","theMarked:Strike","theMarked:Strike","theMarked:Strike","theMarked:Defend","theMarked:Defend","theMarked:Defend","theMarked:Defend","theMarked:SoldierOfQuellstein","theMarked:TakeCover","theMarked:ChainLightning","theMarked:BiggerThanFate","theMarked:RepellingDischarge","theMarked:Aftermath","theMarked:SwordAndMagic","theMarked:Reabsorb","theMarked:ComboAttacks","theMarked:HeightenedSenses"],"relics":["theMarked:ArtifactOfAir","theMarked:DemonDagger","Bottled Lightning","Potion Belt"],"acts_visited":["Exordium"],"potions_floor_usage":[6],"damage_taken":[{"damage":1,"enemies":"Cultist","floor":1,"turns":4},{"damage":0,"enemies":"Small Slimes","floor":2,"turns":3},{"damage":0,"enemies":"2 Louse","floor":3,"turns":2},{"damage":2,"enemies":"Large Slime","floor":4,"turns":4},{"damage":2,"enemies":"Looter","floor":5,"turns":4},{"damage":13,"enemies":"Lagavulin","floor":6,"turns":7},{"damage":8,"enemies":"2 Fungi Beasts","floor":7,"turns":4},{"damage":19,"enemies":"3 Sentries","floor":8,"turns":6},{"damage":5,"enemies":"Large Slime","floor":10,"turns":3},{"damage":10,"enemies":"Looter","floor":11,"turns":2},{"damage":31,"enemies":"Gremlin Nob","floor":12,"turns":3}],"seed_played":"-6037956479687841451","potions_obtained":[{"floor":3,"key":"Block Potion"},{"floor":7,"key":"theMarked:SummonPotion"},{"floor":10,"key":"SteroidPotion"},{"floor":11,"key":"ZuzhouPotion:ReiMu"}],"is_trial":false,"path_per_floor":["M","M","M","M","M","E","M","E","T","M","M","E"],"character_chosen":"THE_DEFAULT","items_purchased":[],"campfire_rested":0,"item_purchase_floors":[],"current_hp_per_floor":[78,78,78,76,74,61,53,34,34,29,19,0,0],"gold":267,"neow_bonus":"TEN_PERCENT_HP_BONUS","is_daily":false,"chose_seed":false,"campfire_upgraded":0,"win_rate":0.0,"timestamp":1613987808,"path_taken":["M","M","?","M","M","E","M","E","T","M","M","E"],"items_purchased_type":[],"build_version":"2020-12-22","purchased_purges":0,"victory":false,"max_hp_per_floor":[79,79,79,79,79,79,79,79,79,79,79,79,79],"card_choices":[{"not_picked":["theMarked:Determination","theMarked:Maelstrom"],"picked":"theMarked:TakeCover","floor":1},{"not_picked":["theMarked:TakeCover","theMarked:WastefulAttack"],"picked":"theMarked:ChainLightning","floor":2},{"not_picked":["theMarked:SwordAndMagic","theMarked:ChainLightning"],"picked":"theMarked:BiggerThanFate","floor":3},{"not_picked":["theMarked:Aftermath","theMarked:WardOff"],"picked":"theMarked:RepellingDischarge","floor":4},{"not_picked":["theMarked:TwofoldDefense","theMarked:Maelstrom"],"picked":"theMarked:Aftermath","floor":5},{"not_picked":["theMarked:TunnelVision","theMarked:MagusForm","theMarked:TakeCover"],"picked":"SKIP","floor":6},{"not_picked":["theMarked:Improvise","theMarked:Electrify"],"picked":"theMarked:SwordAndMagic","floor":7},{"not_picked":["theMarked:ElectricStrings","theMarked:Parkour"],"picked":"theMarked:Reabsorb","floor":8},{"not_picked":["theMarked:Improvise","theMarked:BanishingStrike"],"picked":"theMarked:ComboAttacks","floor":10},{"not_picked":["theMarked:Generate","theMarked:WastefulAttack"],"picked":"theMarked:HeightenedSenses","floor":11}],"player_experience":443875,"relics_obtained":[{"floor":6,"key":"theMarked:DemonDagger"},{"floor":8,"key":"Bottled Lightning"},{"floor":9,"key":"Potion Belt"}],"event_choices":[],"is_beta":false,"boss_relics":[],"items_purged_floors":[],"is_endless":false,"potions_floor_spawned":[3,7,10,11],"killed_by":"Gremlin Nob","ascension_level":0}}