{"host":"1e3ivg30op4goso1","time":1613955036,"event":{"mods":["AchievementEnabler","Ascension Unlocker","BaseMod","Colored Map","Minty Spire (QoL Compilation)","Permanent Neow","Quick Restart","Relic Filter","StSLib","SuperFastMode"],"gold_per_floor":[365,365,365,66,81,81,113,113,113,128,128,128,140,199,199,298,298,315,335,335,335,335,335],"floor_reached":22,"language":"ENG","playtime":739,"items_purged":[],"score":273,"play_id":"d5837cdb-4b83-4bf4-b4f0-fa580f465fbb","local_time":"20210221195036","is_ascension_mode":true,"campfire_choices":[{"data":"Vault","floor":6.0,"key":"SMITH"},{"data":"DevaForm","floor":8.0,"key":"SMITH"},{"data":"Vigilance","floor":12.0,"key":"SMITH"},{"floor":15.0,"key":"REST"}],"circlet_count":0,"master_deck":["AscendersBane","Strike_P","Strike_P","Strike_P","Strike_P","Defend_P","Defend_P","Defend_P","Defend_P","Eruption+1","Vigilance+1","DevaForm+1","Vault+1","Pray","Devotion"],"relics":["PureWater","Bottled Lightning","Darkstone Periapt","Mummified Hand","Busted Crown"],"acts_visited":["Exordium","TheCity"],"potions_floor_usage":[16,18],"damage_taken":[{"damage":9.0,"enemies":"Jaw Worm","floor":1.0,"turns":4.0},{"damage":0.0,"enemies":"Cultist","floor":5.0,"turns":2.0},{"damage":25.0,"enemies":"Gremlin Nob","floor":7.0,"turns":5.0},{"damage":0.0,"enemies":"2 Louse","floor":10.0,"turns":2.0},{"damage":6.0,"enemies":"Large Slime","floor":13.0,"turns":6.0},{"damage":18.0,"enemies":"Gremlin Nob","floor":14.0,"turns":6.0},{"damage":16,"enemies":"Hexaghost","floor":16,"turns":10},{"damage":14,"enemies":"Chosen","floor":18,"turns":5},{"damage":16,"enemies":"Spheric Guardian","floor":19,"turns":5},{"damage":13,"enemies":"3 Cultists","floor":22,"turns":4}],"seed_played":"1866844210302219684","potions_obtained":[{"floor":7.0,"key":"CultistPotion"},{"floor":10.0,"key":"DuplicationPotion"},{"floor":13.0,"key":"BottledMiracle"},{"floor":14.0,"key":"FearPotion"},{"floor":19,"key":"PowerPotion"},{"floor":21,"key":"Regen Potion"}],"is_trial":false,"path_per_floor":["M","$","?","$","M","R","E","R","T","M","$","R","M","?","R","B",null,"M","M","?","?","M"],"character_chosen":"WATCHER","items_purchased":["DevaForm","Vault"],"campfire_rested":1,"item_purchase_floors":[4,4],"current_hp_per_floor":[56,56,56,56,56,56,31,31,31,31,31,31,25,7,26,10,51,37,21,21,21,8,8],"gold":335,"neow_bonus":"TWO_FIFTY_GOLD","is_daily":false,"chose_seed":false,"campfire_upgraded":3,"win_rate":0.0,"timestamp":1613955036,"path_taken":["M","$","?","?","?","R","E","R","T","M","$","R","?","?","R","BOSS","M","M","?","?","?"],"items_purchased_type":["Card","Card"],"build_version":"2020-12-22","purchased_purges":0,"victory":false,"max_hp_per_floor":[65,65,65,65,65,65,65,65,65,65,65,65,65,65,65,65,65,65,65,65,65,65,65],"card_choices":[{"not_picked":["EmptyBody","FollowUp","CutThroughFate"],"picked":"SKIP","floor":1.0},{"not_picked":["Weave","CrushJoints","Protect"],"picked":"SKIP","floor":5.0},{"not_picked":["BattleHymn","CrushJoints","Blasphemy"],"picked":"SKIP","floor":7.0},{"not_picked":["JustLucky","EmptyBody","BowlingBash"],"picked":"SKIP","floor":10.0},{"not_picked":["Evaluate","SashWhip","BowlingBash"],"picked":"SKIP","floor":13.0},{"not_picked":["Meditate","Crescendo"],"picked":"Pray","floor":14.0},{"not_picked":["Blasphemy","Omniscience"],"picked":"Devotion","floor":16},{"not_picked":["Adaptation"],"picked":"SKIP","floor":18},{"not_picked":["SashWhip"],"picked":"SKIP","floor":19}],"player_experience":17030,"relics_obtained":[{"floor":7.0,"key":"Bottled Lightning"},{"floor":9.0,"key":"Darkstone Periapt"},{"floor":14.0,"key":"Mummified Hand"}],"event_choices":[{"damage_healed":0.0,"max_hp_gain":0.0,"max_hp_loss":0.0,"gold_gain":0.0,"event_name":"Upgrade Shrine","player_choice":"Upgraded","floor":3.0,"gold_loss":0.0,"damage_taken":0.0,"cards_upgraded":["Eruption"]},{"damage_healed":0.0,"max_hp_gain":0.0,"max_hp_loss":0.0,"gold_gain":0.0,"event_name":"Dead Adventurer","player_choice":"Searched \u00271\u0027 times","floor":14.0,"gold_loss":0.0,"damage_taken":0.0},{"damage_healed":0,"gold_gain":0,"player_choice":"Ignored","damage_taken":0,"max_hp_gain":0,"max_hp_loss":0,"event_name":"Ghosts","floor":20,"gold_loss":0},{"damage_healed":0,"gold_gain":0,"player_choice":"Got Potions","damage_taken":0,"max_hp_gain":0,"max_hp_loss":0,"event_name":"Lab","floor":21,"gold_loss":0}],"is_beta":false,"boss_relics":[{"not_picked":["Velvet Choker","Ectoplasm"],"picked":"Busted Crown"}],"items_purged_floors":[],"is_endless":false,"potions_floor_spawned":[7,10,13,14,19],"killed_by":"3 Cultists","ascension_level":10}}