{"host":"fuszjwm6fqgjjp4d","time":1613967319,"event":{"mods":["BaseMod","Colored Map","Minty Spire (QoL Compilation)","Permanent Neow","Relic Sorter","Relic Stats","StSLib"],"gold_per_floor":[219,219,243,266,266,301,319,354,406,129,129,143,143,178,178,178,178],"floor_reached":16,"language":"ENG","playtime":346,"items_purged":[],"score":240,"play_id":"7a1086d9-ac87-404f-a0b5-75673cc87457","local_time":"20210221221519","is_ascension_mode":true,"campfire_choices":[{"data":"Immolate","floor":11,"key":"SMITH"},{"data":"Anger","floor":13,"key":"SMITH"},{"data":"Flex","floor":15,"key":"SMITH"}],"circlet_count":0,"master_deck":["AscendersBane","Strike_R","Strike_R","Strike_R","Strike_R","Strike_R","Defend_R","Defend_R","Defend_R","Defend_R","Bash","Anger+1","Flex+1","Headbutt","Parasite","Immolate+1","Fire Breathing","True Grit","Shrug It Off","Sword Boomerang"],"relics":["Burning Blood","Golden Idol","Eternal Feather","Darkstone Periapt","Lantern","Mummified Hand","Ancient Tea Set"],"acts_visited":["Exordium"],"potions_floor_usage":[6,14,14],"damage_taken":[{"damage":4,"enemies":"2 Louse","floor":1,"turns":3},{"damage":0,"enemies":"Small Slimes","floor":3,"turns":3},{"damage":6,"enemies":"Cultist","floor":4,"turns":3},{"damage":52,"enemies":"Lagavulin","floor":6,"turns":8},{"damage":7,"enemies":"Looter","floor":7,"turns":3},{"damage":8,"enemies":"Gremlin Nob","floor":8,"turns":3},{"damage":0,"enemies":"Large Slime","floor":12,"turns":3},{"damage":15,"enemies":"Lagavulin","floor":14,"turns":3},{"damage":52,"enemies":"The Guardian","floor":16,"turns":5}],"seed_played":"-1477203107226485348","potions_obtained":[{"floor":3,"key":"ElixirPotion"},{"floor":8,"key":"SteroidPotion"},{"floor":12,"key":"DuplicationPotion"}],"is_trial":false,"path_per_floor":["M","?","M","M","?","E","M","E","T","$","R","M","R","E","R","B"],"character_chosen":"IRONCLAD","items_purchased":["Mummified Hand"],"campfire_rested":0,"item_purchase_floors":[10],"current_hp_per_floor":[70,68,68,68,68,22,21,19,19,19,28,34,43,34,46,0,0],"gold":178,"neow_bonus":"HUNDRED_GOLD","is_daily":false,"chose_seed":false,"campfire_upgraded":3,"win_rate":0.0,"timestamp":1613967319,"path_taken":["M","?","M","M","?","E","?","E","T","$","R","M","R","E","R","BOSS"],"items_purchased_type":["Relic"],"build_version":"2020-12-22","purchased_purges":0,"victory":false,"max_hp_per_floor":[75,68,68,68,68,68,68,68,68,68,68,68,68,68,68,68,68],"relic_stats":{"Darkstone Periapt":0,"counters":[9,34],"Golden Idol":38,"Mummified Hand":[4],"Eternal Feather":30,"obtain_stats":[{"Darkstone Periapt":8,"Lantern":9,"Golden Idol":2,"Mummified Hand":10,"Eternal Feather":6,"Ancient Tea Set":14,"Burning Blood":0},{"Darkstone Periapt":6,"Lantern":6,"Golden Idol":1,"Mummified Hand":6,"Eternal Feather":4,"Ancient Tea Set":8,"Burning Blood":0},{"Darkstone Periapt":23,"Lantern":23,"Golden Idol":3,"Mummified Hand":23,"Eternal Feather":17,"Ancient Tea Set":29,"Burning Blood":0}],"Burning Blood":42},"card_choices":[{"not_picked":["Havoc","Bloodletting"],"picked":"Anger","floor":1},{"not_picked":["Thunderclap","Havoc"],"picked":"Flex","floor":3},{"not_picked":["Iron Wave","Shrug It Off"],"picked":"Headbutt","floor":4},{"not_picked":["Cleave","Seeing Red"],"picked":"Immolate","floor":6},{"not_picked":["Pommel Strike","Combust"],"picked":"Fire Breathing","floor":7},{"not_picked":["Infernal Blade","Flex"],"picked":"True Grit","floor":8},{"not_picked":["Perfected Strike","Sword Boomerang"],"picked":"Shrug It Off","floor":12},{"not_picked":["Feel No Pain","Wild Strike"],"picked":"Sword Boomerang","floor":14}],"player_experience":1510332,"relics_obtained":[{"floor":6,"key":"Eternal Feather"},{"floor":8,"key":"Darkstone Periapt"},{"floor":9,"key":"Lantern"},{"floor":14,"key":"Ancient Tea Set"}],"event_choices":[{"damage_healed":0,"gold_gain":0,"player_choice":"Lose Max HP","damage_taken":0,"relics_obtained":["Golden Idol"],"max_hp_gain":0,"max_hp_loss":7,"event_name":"Golden Idol","floor":2,"gold_loss":0},{"damage_healed":0,"gold_gain":0,"player_choice":"1 cards matched","damage_taken":0,"max_hp_gain":0,"max_hp_loss":0,"event_name":"Match and Keep!","floor":5,"gold_loss":0,"cards_obtained":["Parasite"]}],"is_beta":false,"boss_relics":[],"items_purged_floors":[],"is_endless":false,"potions_floor_spawned":[3,8,12],"killed_by":"The Guardian","ascension_level":20}}