{"host":"61ejhfsushs0xmcl","time":1613990468,"event":{"mods":["ATMod(°¢èªMod)","Act Like it!","BaseMod","Colored Map","Gold Saver","Minty Spire (QoL Compilation)","MostiFishMod","Remilia£¨ÀÙÃ×ÀòÑÇ£©","Spicy Shops","StSLib","TestMod","The Marked","[IsaacMod]ÒÔÈö¼âËþ","¡¾ÒÅÎï¿¨ÅÆ¡¿REMEMod","óô»ðÖ¸ÄÏ"],"gold_per_floor":[2031,2050,1813,1833,1240,1270,1284,684,722,769,564,609,621,664,676,765,777,801,813,840,868,880,919,931,976,1015,1053,1065,1477,866,948,960,1073,1085,1188,1200,1356,1470,1522,1247,875,612,612,665,706,328,415,560,560,613,689,689,200,200,280,407],"floor_reached":57,"language":"ZHS","playtime":1913,"items_purged":["Writhe","Defend_G","Strike_G","Defend_G","Defend_G","Strike_G","Writhe","Strike_G","Survivor","Strike_G+1","Defend_G","Neutralize","Acrobatics"],"score":4336,"play_id":"132ef39e-66a1-46f4-bb17-a5377666321b","local_time":"20210222184108","is_ascension_mode":true,"campfire_choices":[{"floor":15.0,"key":"RECALL"},{"data":"AT_ChampionStep","floor":24.0,"key":"SMITH"},{"data":"MostiFishMod:LethalBlade","floor":32.0,"key":"SMITH"},{"data":"MostiFishMod:Opportunism","floor":49,"key":"SMITH"}],"circlet_count":0,"master_deck":["AscendersBane","AT_ChampionStep+1","Backflip","MostiFishMod:HiddenBlade+1","MostiFishMod:Opportunism+1","MostiFishMod:LethalBlade+1","Acrobatics","Prepared+1","AT_ShadowStep","Blade Dance","AT_ChampionStep+1"],"relics":["Ring of the Snake","HushsDoor","BelialBook","testmod-HarvestTotem","ChiXiaoBlade","SynthV:TestCard","Civilization","AT_BellowingDragoncrestRing","Void","AT_ChloranthyRing","Smiling Mask","BookOfRevelations","HoveringKite","TuHaoJin","testmod-Muramasa","AT_MibuBalloonWealth","testmod-DeterminationOfClimber","DeathBook","StoneCalendar","Vajra","Lantern","Calipers","Orrery","BrkXgEgg","ThornShield","Whetstone"],"acts_visited":["Exordium","TheCity","TheBeyond","TheEnding"],"potions_floor_usage":[56,56,56,56],"damage_taken":[{"damage":0.0,"enemies":"Cultist","floor":1.0,"turns":4.0},{"damage":7.0,"enemies":"Small Slimes","floor":2.0,"turns":4.0},{"damage":0.0,"enemies":"Jaw Worm","floor":4.0,"turns":4.0},{"damage":3.0,"enemies":"Lagavulin","floor":6.0,"turns":8.0},{"damage":4.0,"enemies":"Large Slime","floor":7.0,"turns":4.0},{"damage":0.0,"enemies":"Gremlin Nob","floor":10.0,"turns":2.0},{"damage":0.0,"enemies":"3 Sentries","floor":12.0,"turns":2.0},{"damage":0.0,"enemies":"Gremlin Nob","floor":14.0,"turns":2.0},{"damage":0.0,"enemies":"Slime Boss","floor":16.0,"turns":3.0},{"damage":0.0,"enemies":"2 Thieves","floor":18.0,"turns":1.0},{"damage":0.0,"enemies":"Spheric Guardian","floor":20.0,"turns":1.0},{"damage":0.0,"enemies":"Shelled Parasite and Fungi","floor":21.0,"turns":1.0},{"damage":0.0,"enemies":"Gremlin Leader","floor":23.0,"turns":1.0},{"damage":0.0,"enemies":"Book of Stabbing","floor":25.0,"turns":1.0},{"damage":0.0,"enemies":"Slavers","floor":27.0,"turns":1.0},{"damage":0.0,"enemies":"Cultist and Chosen","floor":31.0,"turns":1.0},{"damage":0.0,"enemies":"Champ","floor":33.0,"turns":2.0},{"damage":0.0,"enemies":"3 Shapes","floor":35.0,"turns":1.0},{"damage":0.0,"enemies":"3 Darklings","floor":37.0,"turns":1.0},{"damage":0.0,"enemies":"2 Orb Walkers","floor":38.0,"turns":1.0},{"damage":0.0,"enemies":"Writhing Mass","floor":39.0,"turns":1.0},{"damage":0,"enemies":"Nemesis","floor":44,"turns":1},{"damage":0,"enemies":"Maw","floor":45,"turns":1},{"damage":0,"enemies":"Sphere and 2 Shapes","floor":47,"turns":1},{"damage":0,"enemies":"3 Darklings","floor":48,"turns":1},{"damage":0,"enemies":"Donu and Deca","floor":50,"turns":1},{"damage":0,"enemies":"Awakened One","floor":51,"turns":2},{"damage":0,"enemies":"Shield and Spear","floor":55,"turns":1},{"damage":0,"enemies":"Delirium","floor":56,"turns":2}],"seed_played":"-7826972438838863553","potions_obtained":[{"floor":2.0,"key":"SteroidPotion"},{"floor":7.0,"key":"LiquidBronze"},{"floor":12.0,"key":"Weak Potion"},{"floor":14.0,"key":"GamblersBrew"},{"floor":23.0,"key":"Strength Potion"},{"floor":27.0,"key":"SkillPotion"},{"floor":31.0,"key":"BlessingOfTheForge"},{"floor":33.0,"key":"testmod-TestPotion"}],"is_trial":false,"path_per_floor":["M","M","$","M","$","E","M","R","T","E","R","E","?","E","R","B",null,"M","?","M","M","?","E","R","E","T","E","?","?","R","M","R","B",null,"M","?","M","?","M","R","$","R","T","E","M","$","M","M","R","B","B",null,"R","$","E","B",null],"character_chosen":"THE_SILENT","items_purchased":["Civilization","AT_BellowingDragoncrestRing","testmod-SpacePotion","Void","FairyPotion","testmod-SpacePotion","AT_ChloranthyRing","MawBank","BookOfRevelations","testmod-SpacePotion","AT_MibuBalloonWealth","Blade Dance","testmod-SpacePotion","Toy Ornithopter","DeathBook","AT_ArchangelStaff","DollysMirror","Chemical X","Vajra","testmod-OneHitWonder","Calipers","Orrery","BrkXgEgg","ThornShield"],"campfire_rested":0,"item_purchase_floors":[3,5,5,5,5,8,8,8,11,17,30,30,30,30,34,40,40,41,41,42,46,46,53,53],"current_hp_per_floor":[89,82,82,86,86,91,103,103,103,123,123,143,93,113,113,137,178,188,188,198,208,187,207,207,227,227,238,238,238,238,248,248,258,241,251,251,261,271,281,281,281,281,281,291,301,301,311,321,321,331,341,341,341,341,351,361],"gold":407,"neow_bonus":"TRANSFORM_TWO_CARDS","is_daily":false,"chose_seed":false,"campfire_upgraded":3,"win_rate":0.0,"timestamp":1613990468,"path_taken":["M","?","$","M","$","E","M","R","T","E","R","E","?","E","R","BOSS","M","?","M","?","?","E","R","E","T","E","?","?","R","M","R","BOSS","M","?","M","?","M","R","$","R","T","E","?","$","M","M","R","BOSS","BOSS","R","$","E","BOSS"],"items_purchased_type":["Relic","Relic","Potion","Card","Potion","Potion","Relic","Relic","Relic","Potion","Relic","Card","Potion","Relic","Relic","Relic","Relic","Relic","Relic","Relic","Relic","Relic","Relic","Relic"],"build_version":"2020-12-22","purchased_purges":13,"victory":true,"max_hp_per_floor":[132,132,132,134,134,138,146,146,146,156,156,166,166,176,176,186,178,188,188,198,208,208,218,218,228,228,238,238,238,238,248,248,258,241,251,251,261,271,281,281,281,281,281,291,301,301,311,321,321,331,341,341,341,341,351,361],"card_choices":[{"not_picked":[],"picked":"Bomb","floor":0.0},{"not_picked":["Crippling Poison","Flying Knee","MostiFishMod:PerfectParry"],"picked":"SKIP","floor":1.0},{"not_picked":["MostiFishMod:InvigoratingSolution","Slice","Dodge and Roll","Deadly Poison","Cloak And Dagger"],"picked":"SKIP","floor":2.0},{"not_picked":["Backflip","Slice","Dagger Throw","MostiFishMod:PerfectParry","All Out Attack"],"picked":"SKIP","floor":4.0},{"not_picked":["MostiFishMod:PreservedThorns","PiercingWail","MostiFishMod:PerfectParry","Deadly Poison"],"picked":"MostiFishMod:Opportunism","floor":6.0},{"not_picked":["Flying Knee","MostiFishMod:FrostNova","MostiFishMod:ThornCasing","Deflect","Dodge and Roll"],"picked":"SKIP","floor":7.0},{"not_picked":["REME_ShadowStrike","AT_WindRun","Accuracy","REME_GreenPollution","Slice"],"picked":"SKIP","floor":10.0},{"not_picked":["MostiFishMod:Opportunism","AT_WindRun","Heel Hook","Masterful Stab"],"picked":"MostiFishMod:LethalBlade","floor":12.0},{"not_picked":["Predator","Underhanded Strike","PiercingWail","Endless Agony"],"picked":"Acrobatics","floor":14.0},{"not_picked":["Acrobatics","Dagger Throw","Bane","Deadly Poison"],"picked":"Prepared+1","floor":18.0},{"not_picked":["Outmaneuver","Poisoned Stab","PiercingWail","Bane","Cloak And Dagger"],"picked":"SKIP","floor":20.0},{"not_picked":["Backstab","Flying Knee","Footwork","Escape Plan"],"picked":"AT_ShadowStep","floor":21.0},{"not_picked":["Poisoned Stab","Slice","Concentrate+1","MostiFishMod:ThornCasing"],"picked":"Acrobatics","floor":23.0},{"not_picked":["MostiFishMod:Neurotoxin","Heel Hook","Dagger Throw","REME_ShadowStrike","Quick Slash"],"picked":"SKIP","floor":25.0},{"not_picked":["Well Laid Plans","Flying Knee","MostiFishMod:SpreadingSpore","AT_WomanClash","Masterful Stab"],"picked":"SKIP","floor":27.0},{"not_picked":["AT_WindFlip","Accuracy","Blade Dance","Poisoned Stab+1","PiercingWail"],"picked":"SKIP","floor":31.0},{"not_picked":["Sucker Punch+1","Dash+1","Outmaneuver","Masterful Stab","Bane"],"picked":"SKIP","floor":35.0},{"not_picked":["Dagger Throw","Slice","MostiFishMod:FrostNova","Poisoned Stab","AT_TwilightShroud"],"picked":"SKIP","floor":37.0},{"not_picked":["Choke+1","Backflip","Deadly Poison+1","Footwork","Dagger Throw"],"picked":"SKIP","floor":39.0},{"not_picked":["Underhanded Strike","Deflect","AT_WindFlip","AT_TwilightShroud","Cloak And Dagger"],"picked":"SKIP","floor":44},{"not_picked":["Deadly Poison","Blade Dance+1","AT_TinkerSharpsword","Footwork+1","Bane"],"picked":"SKIP","floor":45},{"not_picked":["Tactician","Reflex","Heel Hook","Choke","Endless Agony"],"picked":"SKIP","floor":47},{"not_picked":["Dodge and Roll+1","Acrobatics+1","MostiFishMod:Listen","Blade Dance","Prepared"],"picked":"SKIP","floor":48},{"not_picked":["Backflip","Bane","Reflex","Poisoned Stab"],"picked":"MostiFishMod:FullyArmed+1","floor":55}],"player_experience":929321,"relics_obtained":[{"floor":1.0,"key":"SynthV:TestCard"},{"floor":6.0,"key":"Anchor"},{"floor":9.0,"key":"Smiling Mask"},{"floor":10.0,"key":"testmod-HeartOfDaVinci"},{"floor":12.0,"key":"Akabeko"},{"floor":14.0,"key":"Blood Vial"},{"floor":22.0,"key":"Nilry\u0027s Codex"},{"floor":23.0,"key":"SentryEyes"},{"floor":25.0,"key":"TuHaoJin"},{"floor":27.0,"key":"testmod-Muramasa"},{"floor":38.0,"key":"StoneCalendar"},{"floor":43,"key":"Lantern"},{"floor":44,"key":"Letter Opener"},{"floor":55,"key":"Whetstone"}],"event_choices":[{"damage_healed":0.0,"max_hp_gain":0.0,"max_hp_loss":0.0,"gold_gain":0.0,"event_name":"Shining Light","player_choice":"Entered Light","floor":13.0,"gold_loss":0.0,"damage_taken":50.0,"cards_upgraded":["MostiFishMod:HiddenBlade","Strike_G"]},{"damage_healed":0.0,"max_hp_gain":0.0,"max_hp_loss":0.0,"gold_gain":0.0,"event_name":"Ghosts","player_choice":"Ignored","floor":19.0,"gold_loss":0.0,"damage_taken":0.0},{"damage_healed":0.0,"max_hp_gain":0.0,"max_hp_loss":0.0,"gold_gain":0.0,"event_name":"Cursed Tome","player_choice":"Obtained Book","floor":22.0,"gold_loss":0.0,"damage_taken":21.0},{"damage_healed":0.0,"max_hp_gain":0.0,"max_hp_loss":0.0,"gold_gain":0.0,"event_name":"The Mausoleum","player_choice":"Opened","floor":28.0,"gold_loss":0.0,"damage_taken":0.0,"relics_obtained":["AT_RedTearstoneRing"],"cards_obtained":["Writhe"]},{"damage_healed":0.0,"max_hp_gain":0.0,"max_hp_loss":0.0,"gold_gain":400.0,"event_name":"¶÷ÂåË¹µÄÅÌ×Ó","player_choice":"Sell","floor":29.0,"relics_lost":["DaveBox"],"gold_loss":0.0,"damage_taken":0.0},{"damage_healed":0.0,"max_hp_gain":0.0,"max_hp_loss":0.0,"gold_gain":0.0,"event_name":"Tomb of Lord Red Mask","player_choice":"Ignored","floor":36.0,"gold_loss":0.0,"damage_taken":0.0},{"damage_healed":0.0,"max_hp_gain":0.0,"max_hp_loss":0.0,"gold_gain":0.0,"event_name":"Mysterious Sphere","player_choice":"Fight","floor":38.0,"gold_loss":0.0,"damage_taken":0.0}],"is_beta":false,"boss_relics":[{"not_picked":["ExusiaiGun","REME_LowDesire"],"picked":"HoveringKite"},{"not_picked":[]},{"not_picked":["testmod-KeyOfTheVoid","GuanYuAspect"],"picked":"testmod-DeterminationOfClimber"},{"not_picked":[]}],"items_purged_floors":[3,3,5,8,11,17,30,34,40,41,42,42,46],"is_endless":false,"potions_floor_spawned":[2,7,12,14,16,23,27,31,33,35,37,38,47,55],"ascension_level":20}}