{"host":"6bfiq9sgomorosoy","time":1613985524,"event":{"mods":["2.2 Compatiblity","AchievementEnabler","BaseMod","Better Note","Better Third Choice","BetterRewards","Conspire","Downfall","Googly Eyes","Highlight Path","Hubris","Minty Spire (QoL Compilation)","Quick Restart","Rare Cards Sparkle","Reliquary","Replay The Spire","StSLib"],"gold_per_floor":[118,135,135,149,30,30,49,49,49,49,49,49,4,0,13,44,44,142,142,112,112,112,128,76,76,105,105,128,139,151,151,151],"floor_reached":31,"language":"ENG","playtime":1296,"items_purged":["downfall:Bewildered"],"score":253,"play_id":"fdd45376-3598-47bc-86b8-5930819dc3a4","local_time":"20210222221844","is_ascension_mode":false,"campfire_choices":[{"data":"Neutralize","floor":6,"key":"SMITH"},{"data":"Outmaneuver","floor":8,"key":"SMITH"},{"floor":17,"key":"REST"},{"data":"Envenom","floor":25,"key":"SMITH"},{"floor":27,"key":"REST"}],"circlet_count":0,"master_deck":["Strike_G","Strike_G","Strike_G","Strike_G","Strike_G","Defend_G","Defend_G","Defend_G","Defend_G","Defend_G","Survivor","Neutralize+1","PiercingWail","Heel Hook","Outmaneuver+1","Hidden Blade","Footwork","Deadly Poison","Backflip","Deflect","hubris:Sniper","Envenom+1","Slice","Finisher","Noxious Fumes","Poisoned Stab","hubris:TrickCloak+1","Blade Dance+1","Catalyst+1"],"relics":["Runic Pyramid","reliquary:PorcupineQuills","betterThird:SlimedRelic","hubris:SlimyHat","SlaversCollar","ReplayTheSpireMod:CursedCoin","reliquary:SharkskinSheath","hubris:AncientText"],"acts_visited":["Exordium","TheCity"],"potions_floor_usage":[31,31],"damage_taken":[{"damage":0,"enemies":"2 Louse","floor":1,"turns":4},{"damage":0,"enemies":"Small Slimes","floor":2,"turns":4},{"damage":0,"enemies":"Cultist","floor":4,"turns":5},{"damage":2,"enemies":"Large Slime","floor":7,"turns":6},{"damage":6,"enemies":"3 Louse","floor":15,"turns":5},{"damage":14,"enemies":"Replay:BlueRogue","floor":16,"turns":7},{"damage":13,"enemies":"The Guardian","floor":18,"turns":13},{"damage":10,"enemies":"2 Thieves","floor":20,"turns":5},{"damage":8,"enemies":"Chosen","floor":23,"turns":8},{"damage":17,"enemies":"conspire:Head Lice","floor":26,"turns":5},{"damage":18,"enemies":"Snecko","floor":29,"turns":5},{"damage":14,"enemies":"Snake Plant","floor":30,"turns":6},{"damage":28,"enemies":"conspire:MimicChest","floor":31,"turns":4}],"seed_played":"-5496717878711766340","potions_obtained":[{"floor":1,"key":"Strength Potion"},{"floor":15,"key":"Doom Potion"},{"floor":18,"key":"Languid Potion"},{"floor":30,"key":"BlessingOfTheForge"}],"is_trial":false,"path_per_floor":["M","M","?","M","$","R","M","R","PTL","PTL","T","?","$","?","M","E","R","B",null,"M","?","?","M","$","R","E","R","T","M","M","?"],"character_chosen":"THE_SILENT","items_purchased":["Hidden Blade","Footwork","Backflip","ReplayTheSpireMod:CursedCoin","Noxious Fumes","Poisoned Stab"],"campfire_rested":2,"item_purchase_floors":[5,5,13,24,24,24],"current_hp_per_floor":[70,70,70,70,70,70,68,68,68,68,68,68,68,57,51,37,58,45,70,60,60,60,52,52,52,35,56,56,38,24,0,0],"gold":151,"neow_bonus":"BOSS_RELIC","is_daily":false,"chose_seed":false,"campfire_upgraded":3,"win_rate":0.0,"timestamp":1613985524,"path_taken":["M","M","?","M","$","R","M","R","PTL","PTL","T","?","$","?","M","E","R","BOSS","M","?","?","M","$","R","E","R","T","M","M","?"],"items_purchased_type":["Card","Card","Card","Relic","Card","Card"],"build_version":"2020-12-22","purchased_purges":1,"victory":false,"max_hp_per_floor":[70,70,70,70,70,70,70,70,70,70,70,70,70,70,70,70,70,70,70,70,70,70,70,70,70,70,70,70,70,70,70,70],"card_choices":[{"not_picked":["Predator","Calculated Gamble"],"picked":"PiercingWail","floor":1},{"not_picked":["Outmaneuver","Dagger Throw"],"picked":"Heel Hook","floor":2},{"not_picked":["hubris:SlightOfHand","Dagger Spray"],"picked":"Outmaneuver","floor":4},{"not_picked":["Acrobatics","Underhanded Strike"],"picked":"Deadly Poison","floor":7},{"not_picked":["Slice","Outmaneuver"],"picked":"Deflect","floor":15},{"not_picked":["ReplayTheSpireMod:The Works","Leg Sweep"],"picked":"hubris:Sniper","floor":16},{"not_picked":["Venomology","Poison Darts"],"picked":"Envenom","floor":18},{"not_picked":["Underhanded Strike","Bane"],"picked":"Slice","floor":20},{"not_picked":["Eviscerate","Bane"],"picked":"Finisher","floor":23},{"not_picked":["Flying Knee","Predator"],"picked":"hubris:TrickCloak+1","floor":26},{"not_picked":["Dodge and Roll","Backstab"],"picked":"Blade Dance+1","floor":29},{"not_picked":["Underhanded Strike","Backflip"],"picked":"Catalyst+1","floor":30}],"player_experience":143976,"relics_obtained":[{"floor":11,"key":"reliquary:PorcupineQuills"},{"floor":16,"key":"hubris:SlimyHat"},{"floor":26,"key":"reliquary:SharkskinSheath"},{"floor":28,"key":"hubris:AncientText"}],"event_choices":[{"damage_healed":23,"gold_gain":0,"player_choice":"Banana","damage_taken":0,"max_hp_gain":0,"max_hp_loss":0,"event_name":"Big Fish","floor":3,"gold_loss":0},{"damage_healed":0,"gold_gain":0,"player_choice":"Leave","damage_taken":0,"max_hp_gain":0,"max_hp_loss":0,"event_name":"conspire:Investor","floor":12,"gold_loss":0},{"damage_healed":0,"gold_gain":0,"player_choice":"Slimed","damage_taken":11,"max_hp_gain":0,"max_hp_loss":0,"event_name":"betterThird:BetterGoop","floor":14,"gold_loss":4},{"cards_removed":["Defend_G"],"damage_healed":0,"gold_gain":0,"player_choice":"Give","damage_taken":0,"max_hp_gain":0,"max_hp_loss":0,"event_name":"betterNote:BetterNote","floor":21,"gold_loss":0,"cards_obtained":["Strike_B"]},{"damage_healed":0,"gold_gain":0,"player_choice":"Ignored","damage_taken":0,"max_hp_gain":0,"max_hp_loss":0,"event_name":"Ghosts","floor":22,"gold_loss":0}],"is_beta":false,"boss_relics":[{"not_picked":["Runic Dome","Honey Jar"],"picked":"SlaversCollar"}],"items_purged_floors":[24],"is_endless":false,"potions_floor_spawned":[1,15,18,23,29,30],"killed_by":"conspire:MimicChest","ascension_level":0}}