{"host":"snampf0t8p8psf53","time":1613956669,"event":{"mods":["AchievementEnabler","BaseMod","Bestiary","DeckTracker","Minty Spire (QoL Compilation)","Permanent Neow","SuperFastMode"],"gold_per_floor":[111,111,111,111,122,154,184,218,218,250,283,316,189,253,253,354,354,366,154,85,102,120,148,176,207,232,275,321,347,251,265,265,365,365,382,20,40,55,55,99,140,165,165,204,246,288,322,366,366,366],"floor_reached":51,"language":"ENG","playtime":2165,"items_purged":[],"score":1675,"play_id":"cfecfee3-4272-4104-ad44-67e2b2a2577e","local_time":"20210221171749","daily_mods":["Vintage","Heirloom","Time Dilation","Flight","DeadlyEvents","Elite Swarm"],"is_ascension_mode":true,"campfire_choices":[{"floor":15,"key":"DIG"},{"floor":32,"key":"DIG"},{"floor":49,"key":"DIG"}],"circlet_count":0,"master_deck":["AscendersBane","Strike_R","Strike_R","Strike_R","Strike_R","Strike_R","Defend_R+1","Defend_R","Defend_R","Defend_R+1","Bash","Immolate","Brutality","Immolate","Power Through","Wild Strike","Reckless Charge","CurseOfTheBell","Violence","Shrug It Off","Fire Breathing","Immolate","Brutality","Offering","Limit Break","Bloodletting","Rupture","Double Tap","Reaper+1","Rupture","Double Tap","Double Tap+1","Exhume+1","Double Tap+1","Double Tap+1","Reaper+1","Reaper+1"],"relics":["Burning Blood","Thread and Needle","Orichalcum","InkBottle","Meat on the Bone","Red Skull","Akabeko","Self Forming Clay","Peace Pipe","Tiny Chest","Shovel","Toy Ornithopter","Centennial Puzzle","Calling Bell","Bronze Scales","Gremlin Horn","Incense Burner","Letter Opener","Vajra","Lantern","Sundial","Strawberry","MealTicket","MawBank","Molten Egg 2","Ornamental Fan","War Paint","Mercury Hourglass","HornCleat","Coffee Dripper","Bird Faced Urn","Bag of Marbles","CeramicFish","Ginger","Prayer Wheel","Toxic Egg 2","Ancient Tea Set","Question Card","Pantograph","FossilizedHelix","Boot","Shuriken","StrikeDummy","Unceasing Top"],"acts_visited":["Exordium","TheCity","TheBeyond"],"potions_floor_usage":[10,16,16,33,33,41,41],"damage_taken":[{"damage":0,"enemies":"Small Slimes","floor":1,"turns":3},{"damage":2,"enemies":"Jaw Worm","floor":5,"turns":2},{"damage":46,"enemies":"Lagavulin","floor":6,"turns":7},{"damage":21,"enemies":"Gremlin Nob","floor":7,"turns":5},{"damage":14,"enemies":"3 Sentries","floor":8,"turns":4},{"damage":26,"enemies":"Lagavulin","floor":10,"turns":4},{"damage":1,"enemies":"3 Sentries","floor":11,"turns":3},{"damage":9,"enemies":"Gremlin Nob","floor":12,"turns":4},{"damage":12,"enemies":"Lagavulin Event","floor":14,"turns":5},{"damage":45,"enemies":"Hexaghost","floor":16,"turns":9},{"damage":12,"enemies":"2 Thieves","floor":18,"turns":2},{"damage":4,"enemies":"Shell Parasite","floor":21,"turns":4},{"damage":18,"enemies":"Sentry and Sphere","floor":22,"turns":4},{"damage":21,"enemies":"Slavers","floor":23,"turns":2},{"damage":20,"enemies":"Book of Stabbing","floor":24,"turns":4},{"damage":19,"enemies":"Slavers","floor":25,"turns":3},{"damage":28,"enemies":"Book of Stabbing","floor":27,"turns":4},{"damage":12,"enemies":"Gremlin Leader","floor":28,"turns":3},{"damage":1,"enemies":"Centurion and Healer","floor":29,"turns":7},{"damage":17,"enemies":"Snecko","floor":31,"turns":2},{"damage":47,"enemies":"Champ","floor":33,"turns":7},{"damage":1,"enemies":"3 Darklings","floor":35,"turns":2},{"damage":0,"enemies":"Orb Walker","floor":37,"turns":1},{"damage":3,"enemies":"Jaw Worm Horde","floor":38,"turns":1},{"damage":72,"enemies":"Giant Head","floor":40,"turns":7},{"damage":35,"enemies":"Nemesis","floor":41,"turns":5},{"damage":14,"enemies":"Giant Head","floor":42,"turns":5},{"damage":35,"enemies":"Nemesis","floor":44,"turns":5},{"damage":66,"enemies":"Giant Head","floor":45,"turns":7},{"damage":64,"enemies":"Nemesis","floor":46,"turns":7},{"damage":57,"enemies":"Giant Head","floor":47,"turns":6},{"damage":0,"enemies":"Nemesis","floor":48,"turns":3},{"damage":88,"enemies":"Awakened One","floor":50,"turns":7}],"seed_played":"7034520241071235111","potions_obtained":[{"floor":5,"key":"LiquidMemories"},{"floor":7,"key":"SteroidPotion"},{"floor":10,"key":"LiquidBronze"},{"floor":14,"key":"BlessingOfTheForge"},{"floor":18,"key":"Block Potion"},{"floor":21,"key":"SmokeBomb"},{"floor":25,"key":"BlessingOfTheForge"},{"floor":38,"key":"SteroidPotion"},{"floor":40,"key":"ColorlessPotion"},{"floor":44,"key":"LiquidBronze"},{"floor":46,"key":"Fire Potion"},{"floor":47,"key":"DistilledChaos"}],"is_trial":true,"path_per_floor":["M","?","$","?","M","E","E","E","T","E","E","E","$","?","R","B",null,"M","$","$","M","M","E","E","E","T","E","E","M","$","M","R","B",null,"M","$","M","M","$","E","E","E","T","E","E","E","E","E","R","B",null],"character_chosen":"IRONCLAD","items_purchased":["Power Through","Wild Strike","Violence","Shrug It Off","Fire Breathing","Bloodletting","Rupture","Reaper+1","Rupture","Bag of Marbles"],"campfire_rested":0,"item_purchase_floors":[13,13,19,19,20,30,30,36,36,36],"current_hp_per_floor":[78,83,83,83,85,45,42,46,46,38,55,52,52,58,58,41,74,68,68,68,70,58,55,60,59,59,49,55,60,75,64,64,45,80,85,92,92,92,92,61,67,69,69,62,61,61,32,57,57,41],"gold":366,"neow_bonus":"","is_daily":false,"chose_seed":false,"campfire_upgraded":0,"win_rate":0.0,"timestamp":1613956669,"path_taken":["M","?","$","?","?","E","E","E","T","E","E","E","$","?","R","BOSS","M","$","$","M","M","E","E","E","T","E","E","M","$","M","R","BOSS","M","$","M","M","$","E","E","E","T","E","E","E","E","E","R","BOSS"],"items_purchased_type":["Card","Card","Card","Card","Card","Card","Card","Card","Card","Relic"],"build_version":"2020-12-22","purchased_purges":0,"victory":true,"max_hp_per_floor":[80,85,85,85,85,85,85,85,85,85,85,85,85,85,85,85,85,85,85,85,85,85,85,92,92,92,92,92,92,92,92,92,92,92,92,92,92,92,92,92,92,92,92,92,92,92,92,92,92,92],"card_choices":[{"not_picked":["Bludgeon","Double Tap"],"picked":"Immolate","floor":6},{"not_picked":["Exhume","Berserk","Fiend Fire"],"picked":"SKIP","floor":7},{"not_picked":["Fiend Fire","Berserk","Double Tap"],"picked":"SKIP","floor":8},{"not_picked":["Impervious","Berserk","Limit Break"],"picked":"SKIP","floor":10},{"not_picked":["Juggernaut","Bludgeon"],"picked":"Brutality","floor":11},{"not_picked":["Reaper","Demon Form"],"picked":"Immolate","floor":12},{"not_picked":["Combust","Infernal Blade"],"picked":"Reckless Charge","floor":14},{"not_picked":["Barricade","Demon Form"],"picked":"Immolate","floor":23},{"not_picked":["Bludgeon","Fiend Fire","Reaper"],"picked":"SKIP","floor":24},{"not_picked":["Feed","Double Tap"],"picked":"Brutality","floor":25},{"not_picked":["Demon Form","Limit Break"],"picked":"Offering","floor":27},{"not_picked":["Juggernaut","Corruption"],"picked":"Limit Break","floor":28},{"not_picked":["Immolate+1","Juggernaut"],"picked":"Double Tap","floor":33},{"not_picked":["Corruption","Bludgeon+1"],"picked":"Double Tap","floor":40},{"not_picked":["Fiend Fire+1","Offering+1"],"picked":"Double Tap+1","floor":41},{"not_picked":["Fiend Fire+1","Feed+1","Corruption"],"picked":"SKIP","floor":42},{"not_picked":["Limit Break+1","Impervious+1","Barricade"],"picked":"Exhume+1","floor":44},{"not_picked":["Immolate+1","Corruption","Barricade"],"picked":"Double Tap+1","floor":45},{"not_picked":["Juggernaut","Fiend Fire+1","Bludgeon+1"],"picked":"Double Tap+1","floor":46},{"not_picked":["Bludgeon+1","Juggernaut","Fiend Fire+1"],"picked":"Reaper+1","floor":47},{"not_picked":["Double Tap+1","Feed+1","Exhume+1"],"picked":"Reaper+1","floor":48}],"player_experience":159415,"relics_obtained":[{"floor":1,"key":"Orichalcum"},{"floor":5,"key":"InkBottle"},{"floor":6,"key":"Meat on the Bone"},{"floor":7,"key":"Red Skull"},{"floor":8,"key":"Akabeko"},{"floor":9,"key":"Self Forming Clay"},{"floor":10,"key":"Peace Pipe"},{"floor":11,"key":"Tiny Chest"},{"floor":12,"key":"Shovel"},{"floor":14,"key":"Toy Ornithopter"},{"floor":15,"key":"Centennial Puzzle"},{"floor":17,"key":"Bronze Scales"},{"floor":17,"key":"Gremlin Horn"},{"floor":17,"key":"Incense Burner"},{"floor":18,"key":"Letter Opener"},{"floor":21,"key":"Vajra"},{"floor":22,"key":"Lantern"},{"floor":23,"key":"Sundial"},{"floor":24,"key":"Strawberry"},{"floor":25,"key":"MealTicket"},{"floor":26,"key":"MawBank"},{"floor":27,"key":"Molten Egg 2"},{"floor":28,"key":"Ornamental Fan"},{"floor":29,"key":"War Paint"},{"floor":31,"key":"Mercury Hourglass"},{"floor":32,"key":"HornCleat"},{"floor":35,"key":"Bird Faced Urn"},{"floor":37,"key":"CeramicFish"},{"floor":38,"key":"Ginger"},{"floor":40,"key":"Prayer Wheel"},{"floor":41,"key":"Toxic Egg 2"},{"floor":42,"key":"Ancient Tea Set"},{"floor":43,"key":"Question Card"},{"floor":44,"key":"Pantograph"},{"floor":45,"key":"FossilizedHelix"},{"floor":46,"key":"Boot"},{"floor":47,"key":"Shuriken"},{"floor":48,"key":"StrikeDummy"},{"floor":49,"key":"Unceasing Top"}],"event_choices":[{"damage_healed":0,"gold_gain":0,"player_choice":"Donut","damage_taken":0,"max_hp_gain":5,"max_hp_loss":0,"event_name":"Big Fish","floor":2,"gold_loss":0},{"damage_healed":0,"gold_gain":0,"player_choice":"Bought 0 Potions","damage_taken":0,"max_hp_gain":0,"max_hp_loss":0,"event_name":"The Woman in Blue","floor":4,"gold_loss":0},{"damage_healed":0,"gold_gain":0,"player_choice":"Searched \u00272\u0027 times","damage_taken":0,"max_hp_gain":0,"max_hp_loss":0,"event_name":"Dead Adventurer","floor":14,"gold_loss":0}],"is_beta":false,"boss_relics":[{"not_picked":["SacredBark","Tiny House"],"picked":"Calling Bell"},{"not_picked":["Snecko Eye","Empty Cage"],"picked":"Coffee Dripper"}],"items_purged_floors":[],"is_endless":false,"potions_floor_spawned":[5,7,10,14,18,21,25,27,38,40,44,46,47],"ascension_level":10}}