{"host":"qp7xs8nuzfsyommi","time":1613997292,"event":{"mods":["2.2 Compatiblity","BaseMod","Colored Powertips","DeckTracker","Highlight Path","Minty Spire (QoL Compilation)","Permanent Neow","Quick Restart","StSLib","Weighted Paths"],"gold_per_floor":[119,119,134,134,152,152,185,185,239,270,283,283,283,7,7,84,84,100,112,122,138,154,154,154,188,212,212,212],"floor_reached":27,"language":"ENG","playtime":1719,"items_purged":[],"score":446,"play_id":"1329f2c3-0ba6-4be4-861a-fd0f7b7eafd0","local_time":"20210222073452","is_ascension_mode":true,"campfire_choices":[{"floor":6.0,"key":"REST"},{"floor":8.0,"key":"REST"},{"data":"Conserve Battery","floor":15.0,"key":"SMITH"},{"floor":23.0,"key":"REST"}],"circlet_count":0,"master_deck":["AscendersBane","Strike_B","Strike_B","Strike_B","Strike_B","Defend_B","Defend_B","Defend_B","Defend_B","Zap","Dualcast+1","Melter+1","Sweeping Beam","Conserve Battery+1","Doom and Gloom","Compile Driver","All For One+1","Double Energy","Doom and Gloom","Sunder+1","Chill","Turbo"],"relics":["Snecko Eye","Centennial Puzzle","DataDisk","PreservedInsect","Bronze Scales","Shuriken","Runic Pyramid","Red Mask","Whetstone"],"acts_visited":["Exordium","TheCity"],"potions_floor_usage":[27],"damage_taken":[{"damage":9.0,"enemies":"Jaw Worm","floor":1.0,"turns":4.0},{"damage":1.0,"enemies":"Cultist","floor":3.0,"turns":4.0},{"damage":4.0,"enemies":"2 Louse","floor":5.0,"turns":4.0},{"damage":50.0,"enemies":"3 Sentries","floor":7.0,"turns":9.0},{"damage":13.0,"enemies":"Lagavulin","floor":10.0,"turns":7.0},{"damage":1.0,"enemies":"Blue Slaver","floor":11.0,"turns":2.0},{"damage":20.0,"enemies":"The Guardian","floor":16.0,"turns":8.0},{"damage":2.0,"enemies":"3 Byrds","floor":18.0,"turns":2.0},{"damage":0.0,"enemies":"Spheric Guardian","floor":19.0,"turns":2.0},{"damage":21.0,"enemies":"Shelled Parasite and Fungi","floor":20.0,"turns":2.0},{"damage":21.0,"enemies":"Centurion and Healer","floor":21.0,"turns":4.0},{"damage":0.0,"enemies":"3 Cultists","floor":22.0,"turns":3.0},{"damage":4.0,"enemies":"Masked Bandits","floor":25.0,"turns":3.0},{"damage":39,"enemies":"Chosen and Byrds","floor":27,"turns":4}],"seed_played":"8239092151087514550","potions_obtained":[{"floor":1.0,"key":"Regen Potion"},{"floor":5.0,"key":"SpeedPotion"},{"floor":16.0,"key":"BlessingOfTheForge"},{"floor":21.0,"key":"EssenceOfDarkness"}],"is_trial":false,"path_per_floor":["M","?","M","?","M","R","E","R","T","E","M","?","?","$","R","B",null,"M","M","M","M","M","R","?","?","T","M"],"character_chosen":"DEFECT","items_purchased":["Shuriken"],"campfire_rested":3,"item_purchase_floors":[14],"current_hp_per_floor":[55,55,54,33,29,50,15,36,36,23,22,39,39,39,39,19,56,54,54,33,12,12,32,32,28,28,0,0],"gold":212,"neow_bonus":"BOSS_RELIC","is_daily":false,"chose_seed":false,"campfire_upgraded":1,"win_rate":0.0,"timestamp":1613997292,"path_taken":["M","?","?","?","M","R","E","R","T","E","M","?","?","?","R","BOSS","M","M","M","M","M","R","?","?","T","M"],"items_purchased_type":["Relic"],"build_version":"2020-12-22","purchased_purges":0,"victory":false,"max_hp_per_floor":[71,71,71,71,71,71,71,71,71,71,71,71,68,68,68,68,68,68,68,68,68,68,68,68,68,68,68,68],"card_choices":[{"not_picked":["Reprogram","Rebound","Stack"],"picked":"SKIP","floor":1.0},{"not_picked":["Ball Lightning","Leap"],"picked":"Melter","floor":3.0},{"not_picked":["Darkness","Redo"],"picked":"Sweeping Beam","floor":5.0},{"not_picked":["Barrage","Skim"],"picked":"Conserve Battery","floor":7.0},{"not_picked":["Meteor Strike","Genetic Algorithm"],"picked":"Doom and Gloom","floor":10.0},{"not_picked":["Barrage","Static Discharge"],"picked":"Compile Driver","floor":11.0},{"not_picked":["Echo Form","Fission"],"picked":"All For One","floor":16.0},{"not_picked":["Capacitor+1","Ball Lightning"],"picked":"Double Energy","floor":18.0},{"not_picked":["Barrage","Skim"],"picked":"Doom and Gloom","floor":19.0},{"not_picked":["Go for the Eyes","Blizzard","Hello World"],"picked":"SKIP","floor":20.0},{"not_picked":["Stack+1","Machine Learning"],"picked":"Sunder","floor":21.0},{"not_picked":["Beam Cell+1","Leap"],"picked":"Chill","floor":22.0},{"not_picked":["Barrage+1","Beam Cell"],"picked":"Turbo","floor":25.0}],"player_experience":1473237,"relics_obtained":[{"floor":2.0,"key":"Centennial Puzzle"},{"floor":7.0,"key":"DataDisk"},{"floor":9.0,"key":"PreservedInsect"},{"floor":10.0,"key":"Bronze Scales"},{"floor":25.0,"key":"Red Mask"},{"floor":26.0,"key":"Whetstone"}],"event_choices":[{"damage_healed":0.0,"max_hp_gain":0.0,"max_hp_loss":0.0,"gold_gain":0.0,"event_name":"Wheel of Change","player_choice":"Relic","floor":2.0,"gold_loss":0.0,"damage_taken":0.0},{"damage_healed":0.0,"max_hp_gain":0.0,"max_hp_loss":0.0,"gold_gain":0.0,"event_name":"Shining Light","player_choice":"Entered Light","floor":4.0,"gold_loss":0.0,"damage_taken":21.0,"cards_upgraded":["Melter","Dualcast"]},{"damage_healed":17.0,"max_hp_gain":0.0,"max_hp_loss":0.0,"gold_gain":0.0,"event_name":"Mushrooms","player_choice":"Healed and dodged fight","floor":12.0,"gold_loss":0.0,"damage_taken":0.0,"cards_obtained":["Parasite"]},{"cards_removed":["Parasite"],"damage_healed":0.0,"max_hp_gain":0.0,"max_hp_loss":0.0,"gold_gain":0.0,"event_name":"Living Wall","player_choice":"Forget","floor":13.0,"gold_loss":0.0,"damage_taken":0.0},{"damage_healed":0.0,"max_hp_gain":0.0,"max_hp_loss":0.0,"gold_gain":0.0,"event_name":"Cursed Tome","player_choice":"Ignored","floor":24.0,"gold_loss":0.0,"damage_taken":0.0},{"damage_healed":0.0,"max_hp_gain":0.0,"max_hp_loss":0.0,"gold_gain":0.0,"event_name":"Masked Bandits","player_choice":"Fought Bandits","floor":25.0,"gold_loss":0.0,"damage_taken":0.0}],"is_beta":false,"boss_relics":[{"not_picked":["Fusion Hammer","Coffee Dripper"],"picked":"Runic Pyramid"}],"items_purged_floors":[],"is_endless":false,"potions_floor_spawned":[1,5,16,18,21],"killed_by":"Chosen and Byrds","ascension_level":20}}