{"host":"gf5stwjue315gxui","time":1613966527,"event":{"mods":["BaseMod","Downfall","Minty Spire (QoL Compilation)","Replay The Spire","StSLib","The Cursed","The Necromancer","The Servant 0.9.4"],"gold_per_floor":[111,111,128,148,148,33,33,61,61,61,71,104,104,114,114,216,216,236,236,236,246,258,258,258,258],"floor_reached":24,"language":"ENG","playtime":3126,"items_purged":[],"score":256,"play_id":"81fdcef4-8db0-451c-be40-2bb7dbf7f896","local_time":"20210221200207","is_ascension_mode":false,"campfire_choices":[{"floor":7.0,"key":"RECALL"},{"floor":13.0,"key":"REST"},{"floor":23,"key":"REST"}],"circlet_count":0,"master_deck":["Strike_S","Strike_S","Strike_S","Strike_S","Defend_S","Defend_S","Defend_S","KidneyShot","Exchange","Rearm","Inflame+1","RealityMarble","Potential","Revamp","Revamp","Luminosity","Starlight","Heavy Blade","Inflame","Contraction","Collapse","SoulSculpture","Parasite","Hallucinations","CommonCold","Revamp+1","downfall:Aged","InstantArmor+1","SilverBlades"],"relics":["NeowsBlessing","m_ScarletBlood","Replay:Ringing Soul","Letter Opener","Onion Ring","Replay:Ancient Bell","Potion Belt","Meat on the Bone","Torii","Pantograph"],"acts_visited":["Exordium","TheCity"],"potions_floor_usage":[],"damage_taken":[{"damage":0.0,"enemies":"2 Louse","floor":1.0,"turns":1.0},{"damage":1.0,"enemies":"Jaw Worm","floor":3.0,"turns":2.0},{"damage":0.0,"enemies":"Small Slimes","floor":4.0,"turns":2.0},{"damage":22.0,"enemies":"Lagavulin","floor":8.0,"turns":7.0},{"damage":17.0,"enemies":"3 Louse","floor":11.0,"turns":3.0},{"damage":27.0,"enemies":"3 Sentries","floor":12.0,"turns":7.0},{"damage":0.0,"enemies":"Exordium Wildlife","floor":14.0,"turns":2.0},{"damage":5.0,"enemies":"Slime Boss","floor":16.0,"turns":7.0},{"damage":32.0,"enemies":"Shell Parasite","floor":18.0,"turns":4.0},{"damage":60.0,"enemies":"3 Byrds","floor":21.0,"turns":7.0},{"damage":15,"enemies":"Snecko","floor":22,"turns":5},{"damage":51,"enemies":"Slavers","floor":24,"turns":3}],"seed_played":"-6729353176356042306","potions_obtained":[{"floor":8.0,"key":"BlessingOfTheForge"},{"floor":11.0,"key":"Explosive Potion"},{"floor":12.0,"key":"Fire Potion"},{"floor":14.0,"key":"SpeedPotion"},{"floor":22,"key":"BlessingOfTheForge"}],"is_trial":false,"path_per_floor":["M","?","M","M","T","$","R","E","T","?","M","E","R","M","R","B",null,"M","?","?","M","M","R","E"],"character_chosen":"THE_SERVANT","items_purchased":["Revamp","Luminosity"],"campfire_rested":2,"item_purchase_floors":[6,6],"current_hp_per_floor":[65,65,64,64,64,67,67,48,48,48,34,10,33,36,39,37,89,60,60,63,18,18,48,0,0],"gold":258,"neow_bonus":"THREE_ENEMY_KILL","is_daily":false,"chose_seed":false,"campfire_upgraded":0,"win_rate":0.0,"timestamp":1613966527,"path_taken":["M","?","M","M","?","$","R","E","T","?","M","E","R","M","R","BOSS","M","?","?","?","M","R","E"],"items_purchased_type":["Card","Card"],"build_version":"2020-12-22","purchased_purges":0,"victory":false,"max_hp_per_floor":[65,65,65,65,65,68,68,71,71,71,74,77,77,80,83,86,89,92,92,95,98,101,101,101,101],"card_choices":[{"not_picked":["Potential","Spin"],"picked":"Rearm","floor":1.0},{"not_picked":["Starlight","ShiftingGears"],"picked":"RealityMarble","floor":3.0},{"not_picked":["DoubleEdge","Pummel"],"picked":"Potential","floor":4.0},{"not_picked":["StarChef","ReplayTheSpireMod:Muscle Training"],"picked":"Starlight","floor":8.0},{"not_picked":["Reset","Replace"],"picked":"Heavy Blade","floor":11.0},{"not_picked":["Spot Weakness","Ricochet"],"picked":"Inflame","floor":12.0},{"not_picked":["Moonlight","DoubleEdge"],"picked":"Contraction","floor":14.0},{"not_picked":["FlawlessForm","Initiator"],"picked":"SoulSculpture","floor":16.0},{"not_picked":["downfall:Aged","Replay:Hysterical Blindness"],"picked":"Parasite","floor":17.0},{"not_picked":["Amnesia","TheCursedMod:Dregs"],"picked":"Hallucinations","floor":17.0},{"not_picked":["AbeCurse","downfall:Bewildered"],"picked":"CommonCold","floor":17.0},{"not_picked":["Ricochet","Desolation"],"picked":"Revamp+1","floor":18.0},{"not_picked":["Rearm","Desolation+1"],"picked":"InstantArmor+1","floor":21},{"not_picked":["Initiator","Replace"],"picked":"SilverBlades","floor":22}],"player_experience":58636,"relics_obtained":[{"floor":5.0,"key":"Replay:Ringing Soul"},{"floor":8.0,"key":"Letter Opener"},{"floor":12.0,"key":"Onion Ring"}],"event_choices":[{"damage_healed":0.0,"max_hp_gain":0.0,"max_hp_loss":0.0,"gold_gain":0.0,"event_name":"Living Wall","player_choice":"Grow","floor":10.0,"gold_loss":0.0,"damage_taken":0.0,"cards_upgraded":["Inflame"]},{"damage_healed":0.0,"max_hp_gain":0.0,"max_hp_loss":0.0,"gold_gain":0.0,"event_name":"Ghosts","player_choice":"Ignored","floor":19.0,"gold_loss":0.0,"damage_taken":0.0}],"is_beta":false,"boss_relics":[{"not_picked":["MysterySword","Kintsugi"],"picked":"Replay:Ancient Bell"},{"not_picked":["ReplayFunnel","Oddly Smooth Stone"],"picked":"Potion Belt"},{"not_picked":["ReplayTheSpireMod:Ninjato","Ornamental Fan"],"picked":"Meat on the Bone"},{"not_picked":["Lizard Tail","FossilizedHelix"],"picked":"Torii"}],"items_purged_floors":[],"is_endless":false,"potions_floor_spawned":[8,11,12,14,22],"killed_by":"Slavers","ascension_level":0}}