{"host":"s229x1smnerk6mew","time":1613987249,"event":{"mods":["BaseMod","Bestiary","Minty Spire (QoL Compilation)","Relic Stats"],"gold_per_floor":[114,133,153,163,163,163,197,197,197,197,197],"floor_reached":10,"language":"ENG","playtime":351,"items_purged":[],"score":136,"play_id":"2e0d5e63-e7d7-48d6-ae7e-fdb352b87d46","local_time":"20210222204729","is_ascension_mode":true,"campfire_choices":[{"data":"Feed","floor":6,"key":"SMITH"},{"data":"Uppercut","floor":8,"key":"SMITH"}],"circlet_count":0,"master_deck":["AscendersBane","Strike_R","Strike_R","Strike_R","Strike_R","Strike_R","Defend_R","Defend_R","Defend_R","Defend_R","Bash","Cleave","Feed+1","Cleave","Iron Wave","Uppercut+1"],"relics":["Burning Blood","TungstenRod","Singing Bowl","Toy Ornithopter","Molten Egg 2"],"acts_visited":["Exordium"],"potions_floor_usage":[7],"damage_taken":[{"damage":5,"enemies":"2 Louse","floor":1,"turns":4},{"damage":11,"enemies":"Jaw Worm","floor":2,"turns":2},{"damage":0,"enemies":"Cultist","floor":3,"turns":3},{"damage":18,"enemies":"Looter","floor":4,"turns":4},{"damage":17,"enemies":"Gremlin Nob","floor":7,"turns":4},{"damage":30,"enemies":"Lagavulin","floor":10,"turns":7}],"seed_played":"5409186064795670202","potions_obtained":[{"floor":1,"key":"Weak Potion"},{"floor":7,"key":"SpeedPotion"}],"is_trial":false,"path_per_floor":["M","M","M","M","?","R","E","R","T","E"],"character_chosen":"IRONCLAD","items_purchased":[],"campfire_rested":0,"item_purchase_floors":[],"current_hp_per_floor":[68,63,71,62,40,40,29,29,29,0,0],"gold":197,"neow_bonus":"ONE_RARE_RELIC","is_daily":false,"chose_seed":false,"campfire_upgraded":2,"win_rate":0.0,"timestamp":1613987249,"path_taken":["M","M","M","M","?","R","E","R","T","E"],"items_purchased_type":[],"build_version":"2020-12-22","purchased_purges":0,"victory":false,"max_hp_per_floor":[68,68,71,74,74,74,74,74,74,74,74],"relic_stats":{"Singing Bowl":0,"counters":[6,24],"obtain_stats":[{"Singing Bowl":5,"Molten Egg 2":9,"Burning Blood":0,"TungstenRod":0,"Toy Ornithopter":7},{"Singing Bowl":4,"Molten Egg 2":5,"Burning Blood":0,"TungstenRod":0,"Toy Ornithopter":5},{"Singing Bowl":13,"Molten Egg 2":17,"Burning Blood":0,"TungstenRod":0,"Toy Ornithopter":17}],"Burning Blood":28,"TungstenRod":16,"Toy Ornithopter":0},"card_choices":[{"not_picked":["Flame Barrier","Perfected Strike"],"picked":"Cleave","floor":1},{"not_picked":["Warcry","Fire Breathing"],"picked":"Feed","floor":2},{"not_picked":["Heavy Blade","Dark Embrace"],"picked":"Cleave","floor":3},{"not_picked":["Flex","Ghostly Armor"],"picked":"Iron Wave","floor":4},{"not_picked":["Shockwave","Thunderclap"],"picked":"Uppercut","floor":7}],"player_experience":2091835,"relics_obtained":[{"floor":7,"key":"Toy Ornithopter"},{"floor":9,"key":"Molten Egg 2"}],"event_choices":[{"damage_healed":0,"gold_gain":0,"player_choice":"Success","damage_taken":26,"relics_obtained":["Singing Bowl"],"max_hp_gain":0,"max_hp_loss":0,"event_name":"Scrap Ooze","floor":5,"gold_loss":0}],"is_beta":false,"boss_relics":[],"items_purged_floors":[],"is_endless":false,"potions_floor_spawned":[1,7],"killed_by":"Lagavulin","ascension_level":20}}