{"host":"zwfzlkwql9nyrw94","time":1613987758,"event":{"mods":["AchievementEnabler","BaseMod","Highlight Path","Minty Spire (QoL Compilation)"],"gold_per_floor":[118,118,118,118,118,161,175,175,175],"floor_reached":8,"language":"ENG","playtime":298,"items_purged":[],"score":57,"play_id":"453c3ce7-5465-422c-9083-711dd273bd52","local_time":"20210222035558","is_ascension_mode":true,"campfire_choices":[],"circlet_count":0,"master_deck":["Strike_R","Strike_R","Strike_R+1","Strike_R","Strike_R","Defend_R","Defend_R+1","Defend_R+1","Defend_R+1","Bash"],"relics":["Black Star","Golden Idol","Orichalcum","War Paint","The Courier"],"acts_visited":["Exordium"],"potions_floor_usage":[],"damage_taken":[{"damage":2.0,"enemies":"2 Louse","floor":1.0,"turns":4.0},{"damage":15,"enemies":"Gremlin Nob","floor":6,"turns":4},{"damage":3,"enemies":"Small Slimes","floor":7,"turns":5},{"damage":24,"enemies":"Lagavulin","floor":8,"turns":3}],"seed_played":"-5344328131684595954","potions_obtained":[{"floor":1.0,"key":"GamblersBrew"},{"floor":6,"key":"SpeedPotion"}],"is_trial":false,"path_per_floor":["M","?","?","?","?","E","M","E"],"character_chosen":"IRONCLAD","items_purchased":[],"campfire_rested":0,"item_purchase_floors":[],"current_hp_per_floor":[78,83,62,59,42,27,24,0,0],"gold":175,"neow_bonus":"BOSS_RELIC","is_daily":false,"chose_seed":false,"campfire_upgraded":0,"win_rate":0.0,"timestamp":1613987758,"path_taken":["M","?","?","?","?","E","M","E"],"items_purchased_type":[],"build_version":"2020-12-22","purchased_purges":0,"victory":false,"max_hp_per_floor":[80,85,85,85,85,85,85,85,85],"card_choices":[{"not_picked":["Feel No Pain","Reckless Charge","Headbutt"],"picked":"SKIP","floor":1.0},{"not_picked":["Clothesline","Headbutt","Second Wind"],"picked":"SKIP","floor":6},{"not_picked":["Clash","Rampage","Reckless Charge"],"picked":"SKIP","floor":7}],"player_experience":167887,"relics_obtained":[{"floor":6,"key":"War Paint"},{"floor":6,"key":"The Courier"}],"event_choices":[{"damage_healed":0.0,"max_hp_gain":5.0,"max_hp_loss":0.0,"gold_gain":0.0,"event_name":"Big Fish","player_choice":"Donut","floor":2.0,"gold_loss":0.0,"damage_taken":0.0},{"damage_healed":0.0,"max_hp_gain":0.0,"max_hp_loss":0.0,"gold_gain":0.0,"event_name":"Golden Idol","player_choice":"Take Damage","floor":3.0,"gold_loss":0.0,"damage_taken":21.0,"relics_obtained":["Golden Idol"]},{"damage_healed":0.0,"max_hp_gain":0.0,"max_hp_loss":0.0,"gold_gain":0.0,"event_name":"Scrap Ooze","player_choice":"Success","floor":4.0,"gold_loss":0.0,"damage_taken":3.0,"relics_obtained":["Orichalcum"]},{"damage_healed":0.0,"max_hp_gain":0.0,"max_hp_loss":0.0,"gold_gain":0.0,"event_name":"Shining Light","player_choice":"Entered Light","floor":5.0,"gold_loss":0.0,"damage_taken":17.0,"cards_upgraded":["Strike_R","Defend_R"]}],"is_beta":false,"boss_relics":[],"items_purged_floors":[],"is_endless":false,"potions_floor_spawned":[1,6],"killed_by":"Lagavulin","ascension_level":1}}