{"host":"fuszjwm6fqgjjp4d","time":1613972277,"event":{"mods":["BaseMod","Colored Map","Minty Spire (QoL Compilation)","Permanent Neow","Relic Sorter","Relic Stats","StSLib"],"gold_per_floor":[114,114,114,135,135,135,178,178,203,203,242,242,242,242],"floor_reached":13,"language":"ENG","playtime":425,"items_purged":[],"score":178,"play_id":"9206dcc5-1ac2-4da7-9768-f3cbc896c37a","local_time":"20210221233757","is_ascension_mode":true,"campfire_choices":[{"data":"Eruption","floor":6,"key":"SMITH"},{"data":"TalkToTheHand","floor":8,"key":"SMITH"},{"data":"SpiritShield","floor":10,"key":"SMITH"},{"floor":12,"key":"REST"}],"circlet_count":0,"master_deck":["AscendersBane","Strike_P","Strike_P","Strike_P","Defend_P","Defend_P","Defend_P","Defend_P","Eruption+1","Vigilance","SpiritShield+1","EmptyFist","Protect","TalkToTheHand+1","Wallop"],"relics":["PureWater","Golden Idol","Question Card","Nunchaku","Art of War"],"acts_visited":["Exordium"],"potions_floor_usage":[7,7,11],"damage_taken":[{"damage":0,"enemies":"Jaw Worm","floor":1,"turns":4},{"damage":1,"enemies":"Small Slimes","floor":4,"turns":6},{"damage":15,"enemies":"Lagavulin","floor":7,"turns":6},{"damage":33,"enemies":"3 Sentries","floor":11,"turns":22},{"damage":23,"enemies":"Lagavulin","floor":13,"turns":6}],"seed_played":"8970400762770461545","potions_obtained":[{"floor":4,"key":"SkillPotion"},{"floor":5,"key":"BlessingOfTheForge"},{"floor":7,"key":"Energy Potion"}],"is_trial":false,"path_per_floor":["M","?","?","M","?","R","E","R","T","R","E","R","E"],"character_chosen":"WATCHER","items_purchased":[],"campfire_rested":1,"item_purchase_floors":[],"current_hp_per_floor":[61,61,54,53,53,53,38,38,38,38,5,23,0,0],"gold":242,"neow_bonus":"ONE_RANDOM_RARE_CARD","is_daily":false,"chose_seed":false,"campfire_upgraded":3,"win_rate":0.0,"timestamp":1613972277,"path_taken":["M","?","?","M","?","R","E","R","T","R","E","R","E"],"items_purchased_type":[],"build_version":"2020-12-22","purchased_purges":0,"victory":false,"max_hp_per_floor":[68,62,62,62,62,62,62,62,62,62,62,62,62,62],"relic_stats":{"Nunchaku":[3],"counters":[5,44],"Golden Idol":21,"Art of War":[1],"Question Card":1,"obtain_stats":[{"Nunchaku":9,"Golden Idol":2,"Art of War":11,"PureWater":0,"Question Card":7},{"Nunchaku":3,"Golden Idol":1,"Art of War":4,"PureWater":0,"Question Card":3},{"Nunchaku":16,"Golden Idol":4,"Art of War":38,"PureWater":0,"Question Card":16}]},"card_choices":[{"not_picked":["LikeWater","DeceiveReality"],"picked":"EmptyFist","floor":1},{"not_picked":["Crescendo","JustLucky"],"picked":"Protect","floor":4},{"not_picked":["WindmillStrike","Indignation"],"picked":"TalkToTheHand","floor":7},{"not_picked":["ThirdEye","Nirvana","PathToVictory"],"picked":"Wallop","floor":11}],"player_experience":1515072,"relics_obtained":[{"floor":7,"key":"Question Card"},{"floor":9,"key":"Nunchaku"},{"floor":11,"key":"Art of War"}],"event_choices":[{"damage_healed":0,"gold_gain":0,"player_choice":"Lose Max HP","damage_taken":0,"relics_obtained":["Golden Idol"],"max_hp_gain":0,"max_hp_loss":6,"event_name":"Golden Idol","floor":2,"gold_loss":0},{"cards_removed":["Strike_P"],"damage_healed":0,"gold_gain":0,"player_choice":"Card Removal","damage_taken":7,"max_hp_gain":0,"max_hp_loss":0,"event_name":"Golden Wing","floor":3,"gold_loss":0},{"damage_healed":0,"gold_gain":0,"player_choice":"Got Potions","damage_taken":0,"max_hp_gain":0,"max_hp_loss":0,"event_name":"Lab","floor":5,"gold_loss":0}],"is_beta":false,"boss_relics":[],"items_purged_floors":[],"is_endless":false,"potions_floor_spawned":[4,7],"killed_by":"Lagavulin","ascension_level":20}}