{"host":"d8cz15m779bv9isj","time":1613991501,"event":{"mods":["Aspiration","Bard","BaseMod","Beaked The Cultist","Colored Map","Colored Powertips","Dark Map","DeckTracker","Hermit","Highlight Path","Infinite Spire","Minty Spire (QoL Compilation)","Quick Restart","Random Character Button","Relic Sorter","Reliquary","Replay The Spire","StSLib","SuperFastMode","Synergy Search","The Blue Laboratory","The Cursed","The Jungle","TheBandit","TheSurvivalist"],"gold_per_floor":[110,110,126,143,160,160,160],"floor_reached":6,"language":"ENG","playtime":159,"items_purged":[],"score":38,"play_id":"8df83db6-735a-4876-bd39-897e6dfd7e7c","local_time":"20210222115821","is_ascension_mode":false,"campfire_choices":[],"circlet_count":0,"master_deck":["beaked:Strike_Y","beaked:Strike_Y","beaked:Strike_Y","beaked:Strike_Y","beaked:Strike_Y","beaked:Strike_Y","beaked:Defend_Y","beaked:Defend_Y","beaked:Defend_Y","beaked:Defend_Y","beaked:Ceremony","beaked:Ceremony","beaked:Ceremony","beaked:FeelMyPain","beaked:WarriorEssence","beaked:VigorBurst","beaked:Brace"],"relics":["beaked:MendingPlumage","NeowsBlessing","ReplayFunnel"],"acts_visited":["Exordium"],"potions_floor_usage":[],"damage_taken":[{"damage":0,"enemies":"Small Slimes","floor":1,"turns":1},{"damage":0,"enemies":"Jaw Worm","floor":3,"turns":1},{"damage":21,"enemies":"Cultist","floor":4,"turns":1},{"damage":31,"enemies":"Large Slime","floor":5,"turns":5},{"damage":62,"enemies":"Gremlin Nob","floor":6,"turns":5}],"seed_played":"5093038693258026321","potions_obtained":[],"is_trial":false,"path_per_floor":["M","?","M","M","M","E"],"character_chosen":"BEAKED_THE_CULTIST","items_purchased":[],"campfire_rested":0,"item_purchase_floors":[],"current_hp_per_floor":[50,38,40,27,20,0,0],"gold":160,"neow_bonus":"THREE_ENEMY_KILL","is_daily":false,"chose_seed":false,"campfire_upgraded":0,"win_rate":0.0,"timestamp":1613991501,"path_taken":["M","?","M","M","M","E"],"items_purchased_type":[],"build_version":"2020-12-22","purchased_purges":0,"victory":false,"max_hp_per_floor":[50,50,50,55,55,55,55],"card_choices":[{"not_picked":["beaked:RuinSticks","beaked:SurvivalInstinct"],"picked":"beaked:FeelMyPain","floor":1},{"not_picked":["beaked:Mantra","beaked:DigDeep"],"picked":"beaked:WarriorEssence","floor":3},{"not_picked":["beaked:Flinch","beaked:Insight"],"picked":"beaked:VigorBurst","floor":4},{"not_picked":["beaked:Foresight","beaked:Flinch"],"picked":"beaked:Brace","floor":5}],"player_experience":253326,"relics_obtained":[],"event_choices":[{"damage_healed":0,"gold_gain":0,"player_choice":"Success","damage_taken":12,"relics_obtained":["ReplayFunnel"],"max_hp_gain":0,"max_hp_loss":0,"event_name":"Scrap Ooze","floor":2,"gold_loss":0}],"is_beta":false,"boss_relics":[],"items_purged_floors":[],"is_endless":false,"potions_floor_spawned":[],"killed_by":"Gremlin Nob","ascension_level":0}}