{"host":"dth8fvkfiulu86fi","time":1613989746,"event":{"mods":["2.2 Compatiblity","AchievementEnabler","BaseMod","Better Third Choice","Colored Map","Colored Powertips","Minty Spire (QoL Compilation)","Rare Cards Sparkle","StSLib","SuperFastMode","Synergy Search"],"gold_per_floor":[114,189,189,189,189,219,243,267,267,291,291,206,221,245,245,345,345,369,393,408,408,432,432,432,456,456,456,180,195,234,258,258,367,367,391,406,406,297,321,321,321,321],"floor_reached":41,"language":"ENG","playtime":2398,"items_purged":[],"score":492,"play_id":"5adca3c8-9988-4545-88e6-51c0a950c989","local_time":"20210222112906","daily_mods":["Shiny","Diverse","Binary"],"is_ascension_mode":false,"campfire_choices":[{"data":"Double Tap","floor":15.0,"key":"SMITH"},{"floor":23,"key":"REST"},{"floor":27,"key":"REST"},{"data":"Fiend Fire","floor":32,"key":"SMITH"},{"floor":40,"key":"REST"}],"circlet_count":0,"master_deck":["Judgement","ConjureBlade","MasterReality","Brilliance","Devotion","Ragnarok","LessonLearned","Scrawl","Vault","Alpha","Wish","Omniscience","Establishment","SpiritShield","DevaForm","DeusExMachina","Multi-Cast","Hyperbeam","Thunder Strike","Biased Cognition","Machine Learning","Electrodynamics","Buffer","Rainbow","Seek","Meteor Strike","Echo Form","All For One","Reboot","Amplify","Creative AI","Fission","Core Surge","Venomology","Corpse Explosion","Malaise","Phantasmal Killer","Die Die Die","Adrenaline","Envenom","Doppelganger","Burst","Wraith Form v2","Tools of the Trade","Night Terror","Unload","After Image","Bullet Time","Storm of Steel","Glass Knife","A Thousand Cuts+1","Grand Finale","Double Tap+1","Demon Form","Bludgeon","Feed","Limit Break","Corruption","Barricade","Fiend Fire+1","Berserk","Impervious","Juggernaut","Brutality","Reaper","Exhume","Offering","Immolate","Backflip","Crippling Poison","Go for the Eyes","Iron Wave","Trip","Flying Knee","Crescendo","PiercingWail+1","PiercingWail","FlyingSleeves+1","Swift Strike","Poisoned Stab","Leap","Flex","Wish","Headbutt+1","Swift Strike","Noxious Fumes","Twin Strike+1"],"relics":["Cracked Core","Bag of Preparation","CeramicFish","Bottled Tornado","Philosopher\u0027s Stone","Pen Nib","MutagenicStrength","Bird Faced Urn","Nunchaku","Orichalcum","Nuclear Battery"],"acts_visited":["Exordium","TheCity","TheBeyond"],"potions_floor_usage":[19,19,20,30,33,39,39,39,41,41,41,41],"damage_taken":[{"damage":13.0,"enemies":"2 Louse","floor":1.0,"turns":6.0},{"damage":33.0,"enemies":"Gremlin Nob","floor":6.0,"turns":5.0},{"damage":9.0,"enemies":"Small Slimes","floor":7.0,"turns":3.0},{"damage":5.0,"enemies":"Jaw Worm","floor":8.0,"turns":3.0},{"damage":0.0,"enemies":"2 Fungi Beasts","floor":10.0,"turns":2.0},{"damage":0.0,"enemies":"Gremlin Gang","floor":13.0,"turns":1.0},{"damage":10.0,"enemies":"Exordium Wildlife","floor":14.0,"turns":3.0},{"damage":16.0,"enemies":"Slime Boss","floor":16.0,"turns":6.0},{"damage":16.0,"enemies":"2 Thieves","floor":18.0,"turns":2.0},{"damage":9,"enemies":"Spheric Guardian","floor":19,"turns":3},{"damage":33,"enemies":"Centurion and Healer","floor":20,"turns":7},{"damage":0,"enemies":"Chosen and Byrds","floor":22,"turns":5},{"damage":17,"enemies":"Snake Plant","floor":25,"turns":3},{"damage":17,"enemies":"Shelled Parasite and Fungi","floor":29,"turns":4},{"damage":14,"enemies":"Gremlin Leader","floor":30,"turns":6},{"damage":8,"enemies":"Centurion and Healer","floor":31,"turns":5},{"damage":37,"enemies":"Automaton","floor":33,"turns":5},{"damage":42,"enemies":"3 Darklings","floor":35,"turns":3},{"damage":16,"enemies":"3 Shapes","floor":36,"turns":3},{"damage":25,"enemies":"Transient","floor":39,"turns":5},{"damage":98,"enemies":"Giant Head","floor":41,"turns":6}],"seed_played":"-9004314451342404475","potions_obtained":[{"floor":6.0,"key":"Dexterity Potion"},{"floor":10.0,"key":"Energy Potion"},{"floor":16.0,"key":"SteroidPotion"},{"floor":18.0,"key":"Weak Potion"},{"floor":22,"key":"GamblersBrew"},{"floor":35,"key":"PowerPotion"},{"floor":37,"key":"EntropicBrew"}],"is_trial":false,"path_per_floor":["M","?","?","?","$","E","M","M","T","M","?","$","M","M","R","B",null,"M","M","M","?","M","R","?","M","T","R","$","M","E","M","R","B",null,"M","M","?","$","M","R","E"],"character_chosen":"DEFECT","items_purchased":["Trip","Nunchaku","Swift Strike","Poisoned Stab","Swift Strike","Noxious Fumes"],"campfire_rested":3,"item_purchase_floors":[12,28,28,28,38,38],"current_hp_per_floor":[62,51,56,53,53,28,27,26,26,26,90,90,90,83,83,71,93,77,68,43,43,43,70,70,56,56,83,83,88,87,89,89,58,93,53,41,41,41,18,45,0,0],"gold":321,"neow_bonus":"","is_daily":true,"chose_seed":false,"campfire_upgraded":2,"win_rate":0.0,"timestamp":1613989746,"path_taken":["M","?","?","?","$","E","M","?","T","M","?","$","M","?","R","BOSS","M","M","M","?","M","R","?","M","T","R","$","M","E","M","R","BOSS","M","M","?","$","M","R","E"],"items_purchased_type":["Card","Relic","Card","Card","Card","Card"],"build_version":"2020-12-22","purchased_purges":0,"victory":false,"max_hp_per_floor":[75,75,80,80,80,80,80,80,80,80,90,90,90,93,93,93,93,93,93,93,93,93,93,93,93,93,93,93,93,93,93,93,93,93,93,93,93,93,93,93,93,93],"card_choices":[{"not_picked":["Underhanded Strike"],"picked":"Backflip","floor":1.0},{"not_picked":["Escape Plan","Flechettes"],"picked":"SKIP","floor":6.0},{"not_picked":["Wireheading"],"picked":"Crippling Poison","floor":7.0},{"not_picked":["CutThroughFate"],"picked":"Go for the Eyes","floor":8.0},{"not_picked":["Iron Wave","Redo"],"picked":"SKIP","floor":10.0},{"not_picked":["Redo"],"picked":"Iron Wave","floor":10.0},{"not_picked":["Halt","Distraction"],"picked":"SKIP","floor":13.0},{"not_picked":["Sever Soul"],"picked":"Flying Knee","floor":14.0},{"not_picked":["ReachHeaven+1"],"picked":"Crescendo","floor":18.0},{"not_picked":["Havoc"],"picked":"PiercingWail+1","floor":19},{"not_picked":["Streamline","Study"],"picked":"SKIP","floor":20},{"not_picked":["Bane"],"picked":"PiercingWail","floor":22},{"not_picked":["Hologram"],"picked":"FlyingSleeves+1","floor":25},{"not_picked":["Consume","Finisher"],"picked":"SKIP","floor":29},{"not_picked":["EmptyBody"],"picked":"Leap","floor":30},{"not_picked":["Brutality"],"picked":"Flex","floor":31},{"not_picked":["Devotion"],"picked":"Wish","floor":33},{"not_picked":["Conclude"],"picked":"Headbutt+1","floor":35},{"not_picked":["Sentinel+1","Accuracy"],"picked":"SKIP","floor":36},{"not_picked":["Compile Driver+1"],"picked":"Twin Strike+1","floor":39}],"player_experience":1189590,"relics_obtained":[{"floor":6.0,"key":"CeramicFish"},{"floor":9.0,"key":"Bottled Tornado"},{"floor":26,"key":"Bird Faced Urn"},{"floor":30,"key":"Orichalcum"}],"event_choices":[{"damage_healed":0.0,"max_hp_gain":0.0,"max_hp_loss":0.0,"gold_gain":75.0,"event_name":"betterThird:BetterGoop","player_choice":"Gold","floor":2.0,"gold_loss":0.0,"damage_taken":11.0},{"damage_healed":0.0,"max_hp_gain":5.0,"max_hp_loss":0.0,"gold_gain":0.0,"event_name":"Big Fish","player_choice":"Donut","floor":3.0,"gold_loss":0.0,"damage_taken":0.0},{"damage_healed":0.0,"max_hp_gain":0.0,"max_hp_loss":0.0,"gold_gain":1.0,"event_name":"betterThird:BetterScrap","player_choice":"Relic ","floor":4.0,"gold_loss":0.0,"damage_taken":3.0,"cards_obtained":["FearNoEvil"]},{"cards_removed":["Blasphemy"],"damage_healed":54.0,"max_hp_gain":10.0,"max_hp_loss":0.0,"gold_gain":0.0,"event_name":"Bonfire Elementals","player_choice":"Offered Rare","floor":11.0,"gold_loss":0.0,"damage_taken":0.0},{"damage_healed":0,"gold_gain":0,"player_choice":"Opened","damage_taken":0,"relics_obtained":["Pen Nib"],"max_hp_gain":0,"max_hp_loss":0,"event_name":"The Mausoleum","floor":21,"gold_loss":0},{"damage_healed":0,"gold_gain":0,"player_choice":"Inject Mutagens","damage_taken":0,"relics_obtained":["MutagenicStrength"],"max_hp_gain":0,"max_hp_loss":0,"event_name":"Drug Dealer","floor":24,"gold_loss":0},{"damage_healed":0,"gold_gain":0,"player_choice":"Got Potions","damage_taken":0,"max_hp_gain":0,"max_hp_loss":0,"event_name":"Lab","floor":37,"gold_loss":0}],"is_beta":false,"boss_relics":[{"not_picked":["Velvet Choker","SacredBark"],"picked":"Philosopher\u0027s Stone"},{"not_picked":["Sozu","Busted Crown"],"picked":"Nuclear Battery"}],"items_purged_floors":[],"is_endless":false,"potions_floor_spawned":[6,10,16,18,22,30,31,35],"killed_by":"Giant Head","ascension_level":0}}