{"host":"2vsfvi9pm0ilma55","time":1613961300,"event":{"mods":["BaseMod","Bestiary","Highlight Path","Minty Spire (QoL Compilation)","Relic Stats","StSLib","The Marked","The Warlock"],"gold_per_floor":[114,114,129,147,159,192,192,222,249,249,44,72,89,103,103,178,178,198,123,73,73,89,89,124,141,141,154,154,154],"floor_reached":28,"language":"ENG","playtime":2355,"items_purged":["Ritualist:StrikeMagenta"],"score":524,"play_id":"e98a0271-e9dc-44cc-b231-9651725a944c","local_time":"20210221183500","is_ascension_mode":true,"campfire_choices":[{"floor":7.0,"key":"REST"},{"floor":10.0,"key":"REST"},{"floor":15.0,"key":"REST"},{"floor":23,"key":"REST"}],"circlet_count":0,"master_deck":["AscendersBane","Ritualist:StrikeMagenta","Ritualist:StrikeMagenta","Ritualist:DefendMagenta","Ritualist:DefendMagenta+1","Ritualist:DefendMagenta","Ritualist:DefendMagenta+1","Ritualist:InitiationRite","Ritualist:SummonAgiel","Ritualist:SpreadingCurse","Ritualist:Hex","Ritualist:SmokeRises","Ritualist:ScoutAhead","Ritualist:Retreat","Ritualist:ThoughtfulArt","Ritualist:EmptyPalms","Ritualist:Celerity","Ritualist:CostlyPreparation","Ritualist:Hex","Ritualist:MassDrainLife","Ritualist:BurstParasite","Ritualist:DarkRitual","Ritualist:PrepareHost+1","Ritualist:Retreat+1","Ritualist:SoulParasite"],"relics":["Ritualist:StarterRelic","War Paint","Centennial Puzzle","Bag of Marbles","Art of War","Ritualist:MortalTether","Question Card","HornCleat"],"acts_visited":["Exordium","TheCity"],"potions_floor_usage":[22,24,27,28],"damage_taken":[{"damage":6.0,"enemies":"Small Slimes","floor":1.0,"turns":4.0},{"damage":1.0,"enemies":"Cultist","floor":3.0,"turns":3.0},{"damage":12.0,"enemies":"Jaw Worm","floor":4.0,"turns":4.0},{"damage":1.0,"enemies":"2 Fungi Beasts","floor":5.0,"turns":4.0},{"damage":35.0,"enemies":"3 Sentries","floor":6.0,"turns":8.0},{"damage":24.0,"enemies":"Lagavulin","floor":8.0,"turns":7.0},{"damage":14.0,"enemies":"Gremlin Nob","floor":12.0,"turns":4.0},{"damage":0.0,"enemies":"Lots of Slimes","floor":13.0,"turns":4.0},{"damage":11.0,"enemies":"Looter","floor":14.0,"turns":2.0},{"damage":33.0,"enemies":"The Guardian","floor":16.0,"turns":10.0},{"damage":35,"enemies":"Chosen","floor":18,"turns":5},{"damage":15,"enemies":"2 Thieves","floor":20,"turns":5},{"damage":42,"enemies":"Chosen and Byrds","floor":22,"turns":6},{"damage":16,"enemies":"Gremlin Leader","floor":24,"turns":6},{"damage":33,"enemies":"Snake Plant","floor":25,"turns":4},{"damage":0,"enemies":"Cultist and Chosen","floor":27,"turns":3},{"damage":18,"enemies":"Shelled Parasite and Fungi","floor":28,"turns":3}],"seed_played":"93707544027520376","potions_obtained":[{"floor":2.0,"key":"CultistPotion"},{"floor":2.0,"key":"Explosive Potion"},{"floor":3.0,"key":"FearPotion"},{"floor":4.0,"key":"PowerPotion"},{"floor":8.0,"key":"EntropicBrew"},{"floor":12.0,"key":"DistilledChaos"},{"floor":20,"key":"AttackPotion"},{"floor":22,"key":"Fire Potion"},{"floor":24,"key":"AttackPotion"},{"floor":25,"key":"Ancient Potion"}],"is_trial":false,"path_per_floor":["M","?","M","M","M","E","R","E","T","R","$","E","M","M","R","B",null,"M","?","M","?","M","R","E","M","T","M","M"],"character_chosen":"RITUALIST","items_purchased":["Ritualist:EmptyPalms","AttackPotion"],"campfire_rested":4,"item_purchase_floors":[11,11],"current_hp_per_floor":[68,68,67,55,54,19,43,19,19,43,43,32,32,21,45,12,64,33,33,26,42,15,39,45,16,16,16,0,0],"gold":154,"neow_bonus":"TEN_PERCENT_HP_BONUS","is_daily":false,"chose_seed":false,"campfire_upgraded":0,"win_rate":0.0,"timestamp":1613961300,"path_taken":["M","?","M","M","M","E","R","E","T","R","$","E","M","M","R","BOSS","M","?","M","?","M","R","E","M","T","M","M"],"items_purchased_type":["Card","Potion"],"build_version":"2020-12-22","purchased_purges":1,"victory":false,"max_hp_per_floor":[81,81,81,81,81,81,81,81,81,81,81,81,81,81,81,81,81,81,81,81,81,81,81,81,81,81,81,81,81],"relic_stats":{"Centennial Puzzle":[27],"counters":[17,82],"Art of War":[9],"War Paint":["Ritualist:DefendMagenta","Ritualist:DefendMagenta"],"Question Card":2,"obtain_stats":[{"Centennial Puzzle":8,"HornCleat":26,"Bag of Marbles":9,"Art of War":12,"War Paint":6,"Ritualist:MortalTether":17,"Ritualist:StarterRelic":0,"Question Card":24},{"Centennial Puzzle":6,"HornCleat":15,"Bag of Marbles":6,"Art of War":7,"War Paint":5,"Ritualist:MortalTether":10,"Ritualist:StarterRelic":0,"Question Card":14},{"Centennial Puzzle":30,"HornCleat":76,"Bag of Marbles":30,"Art of War":34,"War Paint":23,"Ritualist:MortalTether":50,"Ritualist:StarterRelic":0,"Question Card":72}]},"card_choices":[{"not_picked":["Ritualist:PrepareHost","Ritualist:SummonMaat"],"picked":"Ritualist:SpreadingCurse","floor":1.0},{"not_picked":["Ritualist:DeadlyVelocity","Ritualist:CostlyStrength"],"picked":"Ritualist:Hex","floor":3.0},{"not_picked":["Ritualist:IndKnifing","Ritualist:PullFromBeyond"],"picked":"Ritualist:SmokeRises","floor":4.0},{"not_picked":["Ritualist:Hex","Ritualist:PrepareHost"],"picked":"Ritualist:ScoutAhead","floor":5.0},{"not_picked":["Ritualist:Precognition","Ritualist:CleanseByBlood"],"picked":"Ritualist:Retreat","floor":6.0},{"not_picked":["Ritualist:Impale","Ritualist:SmokeRises"],"picked":"Ritualist:ThoughtfulArt","floor":8.0},{"not_picked":["Ritualist:Tenderize","Ritualist:WinningGambit"],"picked":"Ritualist:Celerity","floor":12.0},{"not_picked":["Ritualist:BookOfNames","Ritualist:Sabbath"],"picked":"Ritualist:CostlyPreparation","floor":13.0},{"not_picked":["Ritualist:EvilIntentions","Ritualist:BloodyVigor"],"picked":"Ritualist:Hex","floor":14.0},{"not_picked":["Ritualist:Symbiote","Ritualist:Peace"],"picked":"Ritualist:MassDrainLife","floor":16.0},{"not_picked":["Ritualist:Retreat","Ritualist:EarlyReturn"],"picked":"Ritualist:DarkRitual","floor":18},{"not_picked":["Ritualist:BranchingPaths","Ritualist:DeepReserves"],"picked":"Ritualist:PrepareHost+1","floor":20},{"not_picked":["Ritualist:CostlyStrength","Ritualist:Hex"],"picked":"Ritualist:Retreat+1","floor":22},{"not_picked":["Ritualist:DemonArm+1","Ritualist:SummonMaat+1"],"picked":"Ritualist:SoulParasite","floor":24},{"not_picked":["Ritualist:Hex+1","Ritualist:Arrival+1","Ritualist:Impale","Ritualist:ScaryShank"],"picked":"SKIP","floor":25},{"not_picked":["Ritualist:PrepareHost","Ritualist:IndKnifing","Ritualist:Ouroboros","Ritualist:Impale"],"picked":"SKIP","floor":27}],"player_experience":620412,"relics_obtained":[{"floor":6.0,"key":"War Paint"},{"floor":8.0,"key":"Centennial Puzzle"},{"floor":9.0,"key":"Bag of Marbles"},{"floor":12.0,"key":"Art of War"},{"floor":24,"key":"Question Card"},{"floor":26,"key":"HornCleat"}],"event_choices":[{"damage_healed":0.0,"max_hp_gain":0.0,"max_hp_loss":0.0,"gold_gain":0.0,"event_name":"Lab","player_choice":"Got Potions","floor":2.0,"gold_loss":0.0,"damage_taken":0.0},{"cards_removed":["Ritualist:StrikeMagenta"],"damage_healed":0,"gold_gain":0,"player_choice":"Gave Gold","damage_taken":0,"max_hp_gain":0,"max_hp_loss":0,"event_name":"Beggar","floor":19,"gold_loss":75},{"damage_healed":16,"gold_gain":0,"player_choice":"Heal","damage_taken":0,"max_hp_gain":0,"max_hp_loss":0,"event_name":"The Library","floor":21,"gold_loss":0}],"is_beta":false,"boss_relics":[{"not_picked":["Coffee Dripper","Runic Pyramid"],"picked":"Ritualist:MortalTether"}],"items_purged_floors":[11],"is_endless":false,"potions_floor_spawned":[3,4,8,12,20,22,24,25],"killed_by":"Shelled Parasite and Fungi","ascension_level":20}}