{"host":"u7lm8z2rvb4dg2oo","time":1613971941,"event":{"mods":["AchievementEnabler","BaseMod","Bestiary","Block Reminder","Colored Map","Colored Powertips","Curses Come First","DeckTracker","Googly Eyes","Highlight Path","Minty Spire (QoL Compilation)","Quick Restart","StSLib"],"gold_per_floor":[18,18,35,47,61,61,61,61,84,139,139,155,170,135,135,206,206,220,232,232,249,249,249,249],"floor_reached":23,"language":"ENG","playtime":850,"items_purged":[],"score":339,"play_id":"cbc577ac-9f74-4193-8b93-c003d8fe5f0d","local_time":"20210222003221","is_ascension_mode":true,"campfire_choices":[{"data":"Noxious Fumes","floor":6.0,"key":"SMITH"},{"data":"Bouncing Flask","floor":8.0,"key":"SMITH"},{"data":"Dash","floor":11.0,"key":"SMITH"},{"data":"Footwork","floor":15.0,"key":"SMITH"}],"circlet_count":0,"master_deck":["AscendersBane","Strike_G","Strike_G","Strike_G","Strike_G","Strike_G","Defend_G","Defend_G","Defend_G","Defend_G","Defend_G","Survivor","Neutralize","Deadly Poison","Noxious Fumes+1","Bouncing Flask+1","Dash+1","Noxious Fumes+1","Footwork+1","Wraith Form v2","After Image","Poisoned Stab","Blur+1","Catalyst"],"relics":["Ring of the Snake","Prayer Wheel","Juzu Bracelet","Philosopher\u0027s Stone"],"acts_visited":["Exordium","TheCity"],"potions_floor_usage":[],"damage_taken":[{"damage":0.0,"enemies":"2 Louse","floor":1.0,"turns":3.0},{"damage":3.0,"enemies":"Jaw Worm","floor":3.0,"turns":3.0},{"damage":1.0,"enemies":"Small Slimes","floor":4.0,"turns":3.0},{"damage":9.0,"enemies":"2 Fungi Beasts","floor":5.0,"turns":3.0},{"damage":1.0,"enemies":"Exordium Thugs","floor":12.0,"turns":4.0},{"damage":12.0,"enemies":"Gremlin Gang","floor":13.0,"turns":5.0},{"damage":23.0,"enemies":"The Guardian","floor":16.0,"turns":9.0},{"damage":0,"enemies":"Chosen","floor":18,"turns":5},{"damage":35,"enemies":"3 Byrds","floor":19,"turns":4},{"damage":33,"enemies":"Cultist and Chosen","floor":21,"turns":7},{"damage":6,"enemies":"Book of Stabbing","floor":23,"turns":1}],"seed_played":"5998807843573521906","potions_obtained":[{"floor":1.0,"key":"SkillPotion"},{"floor":3.0,"key":"AttackPotion"},{"floor":12.0,"key":"Poison Potion"},{"floor":13.0,"key":"BlessingOfTheForge"}],"is_trial":false,"path_per_floor":["M","?","M","M","M","R","$","R","T","?","R","M","M","?","R","B",null,"M","M","?","M","?","E"],"character_chosen":"THE_SILENT","items_purchased":[],"campfire_rested":0,"item_purchase_floors":[],"current_hp_per_floor":[59,59,56,55,46,46,46,46,46,46,46,45,33,49,49,26,56,56,21,34,1,1,0,0],"gold":249,"neow_bonus":"ONE_RARE_RELIC","is_daily":false,"chose_seed":false,"campfire_upgraded":4,"win_rate":0.0,"timestamp":1613971941,"path_taken":["M","?","M","M","M","R","$","R","T","?","R","M","M","?","R","BOSS","M","M","?","M","?","E"],"items_purchased_type":[],"build_version":"2020-12-22","purchased_purges":0,"victory":false,"max_hp_per_floor":[66,66,66,66,66,66,66,66,66,66,66,66,66,66,66,66,66,66,66,66,66,66,66,66],"card_choices":[{"not_picked":["Deflect","Prepared"],"picked":"Deadly Poison","floor":1.0},{"not_picked":["Slice","Finisher"],"picked":"Noxious Fumes","floor":1.0},{"not_picked":["Backflip","Sucker Punch"],"picked":"Bouncing Flask","floor":3.0},{"not_picked":["Blade Dance","Flechettes","Outmaneuver"],"picked":"SKIP","floor":3.0},{"not_picked":["Outmaneuver","Poisoned Stab"],"picked":"Dash","floor":4.0},{"not_picked":["Flying Knee","Infinite Blades","Choke"],"picked":"SKIP","floor":4.0},{"not_picked":["Finisher","Predator"],"picked":"Noxious Fumes","floor":5.0},{"not_picked":["Flechettes","Blade Dance","Predator"],"picked":"SKIP","floor":5.0},{"not_picked":["PiercingWail","Caltrops"],"picked":"Footwork","floor":12.0},{"not_picked":["Slice","Sucker Punch"],"picked":"Wraith Form v2","floor":12.0},{"not_picked":["Blade Dance","Deflect","Dagger Spray"],"picked":"SKIP","floor":13.0},{"not_picked":["Wraith Form v2","Setup","Acrobatics"],"picked":"SKIP","floor":13.0},{"not_picked":["Glass Knife","A Thousand Cuts"],"picked":"After Image","floor":16.0},{"not_picked":["Quick Slash","Deflect"],"picked":"Poisoned Stab","floor":18},{"not_picked":["Expertise","Deflect","Tactician"],"picked":"SKIP","floor":18},{"not_picked":["Acrobatics","Cloak And Dagger","Dagger Throw+1"],"picked":"SKIP","floor":19},{"not_picked":["Acrobatics","Escape Plan","Prepared"],"picked":"SKIP","floor":19},{"not_picked":["Bane","Deflect"],"picked":"Blur+1","floor":21},{"not_picked":["Dodge and Roll+1","All Out Attack"],"picked":"Catalyst","floor":21}],"player_experience":775237,"relics_obtained":[{"floor":9.0,"key":"Juzu Bracelet"}],"event_choices":[{"damage_healed":0.0,"max_hp_gain":0.0,"max_hp_loss":0.0,"gold_gain":0.0,"event_name":"Living Wall","player_choice":"Grow","floor":2.0,"gold_loss":0.0,"damage_taken":0.0,"cards_upgraded":["Noxious Fumes"]},{"damage_healed":0.0,"max_hp_gain":0.0,"max_hp_loss":0.0,"gold_gain":55.0,"event_name":"Golden Wing","player_choice":"Gained Gold","floor":10.0,"gold_loss":0.0,"damage_taken":0.0},{"damage_healed":16.0,"max_hp_gain":0.0,"max_hp_loss":0.0,"gold_gain":0.0,"event_name":"The Cleric","player_choice":"Healed","floor":14.0,"gold_loss":35.0,"damage_taken":0.0},{"damage_healed":13,"gold_gain":0,"player_choice":"Heal","damage_taken":0,"max_hp_gain":0,"max_hp_loss":0,"event_name":"The Library","floor":20,"gold_loss":0},{"damage_healed":0,"gold_gain":0,"player_choice":"Ignored","damage_taken":0,"max_hp_gain":0,"max_hp_loss":0,"event_name":"Cursed Tome","floor":22,"gold_loss":0}],"is_beta":false,"boss_relics":[{"not_picked":["SlaversCollar","Calling Bell"],"picked":"Philosopher\u0027s Stone"}],"items_purged_floors":[],"is_endless":false,"potions_floor_spawned":[1,3,12,13],"killed_by":"Book of Stabbing","ascension_level":17}}