{"host":"aaqofma31c3gm2hj","time":1613981466,"event":{"mods":["BaseMod","GungeonMod","Minty Spire (QoL Compilation)","Replay The Spire","Spicy Shops","StSLib"],"gold_per_floor":[114,114,114,114,39,39,68,68,82,105,105,119,149,166,166,91,91,91,91],"floor_reached":18,"language":"ZHS","playtime":402,"items_purged":["Strike_B"],"score":286,"play_id":"712b8a44-f147-48c2-a2a8-d8636c1858dc","local_time":"20210222161106","is_ascension_mode":true,"campfire_choices":[{"floor":6.0,"key":"RECALL"},{"data":"Dualcast","floor":8.0,"key":"SMITH"},{"data":"ReplayTheSpireMod:Calculation Training","floor":15,"key":"SMITH"},{"data":"Recycle","floor":17,"key":"SMITH"}],"circlet_count":0,"master_deck":["AscendersBane","Defend_B+1","Defend_B+1","Defend_B","Defend_B","Zap","Dualcast+1","Ball Lightning","Hyperbeam","Time Bomb+1","Consume","Recycle+1","ReplayTheSpireMod:Calculation Training+1","Coolheaded"],"relics":["Cracked Core","NeowsBlessing","Simple Rune","Happy Flower","Centennial Puzzle"],"acts_visited":["Exordium"],"potions_floor_usage":[],"damage_taken":[{"damage":0.0,"enemies":"2 Louse","floor":1.0,"turns":1.0},{"damage":0.0,"enemies":"Gremlin Nob","floor":7.0,"turns":1.0},{"damage":0.0,"enemies":"Jaw Worm","floor":9.0,"turns":1.0},{"damage":5,"enemies":"Small Slimes","floor":12,"turns":3},{"damage":14,"enemies":"Lagavulin","floor":13,"turns":6},{"damage":0,"enemies":"2 Fungi Beasts","floor":14,"turns":1},{"damage":32,"enemies":"Fading Forest","floor":18,"turns":10}],"seed_played":"3905205306257570615","potions_obtained":[{"floor":9.0,"key":"Energy Potion"},{"floor":13,"key":"Dexterity Potion"}],"is_trial":false,"path_per_floor":["M","?","?","?","$","R","E","R","M","T","T","M","E","M","R","?","R","B"],"character_chosen":"DEFECT","items_purchased":[],"campfire_rested":0,"item_purchase_floors":[],"current_hp_per_floor":[64,64,64,64,64,64,64,64,64,64,64,59,45,45,45,45,45,13,13],"gold":91,"neow_bonus":"THREE_ENEMY_KILL","is_daily":false,"chose_seed":false,"campfire_upgraded":3,"win_rate":0.0,"timestamp":1613981466,"path_taken":["M","?","?","?","$","R","E","R","?","T","T","M","E","M","R","?","R","BOSS"],"items_purchased_type":[],"build_version":"2020-12-22","purchased_purges":1,"victory":false,"max_hp_per_floor":[71,71,71,71,71,71,71,71,71,71,71,71,71,71,71,71,71,71,71],"card_choices":[{"not_picked":["Compile Driver","Leap"],"picked":"Ball Lightning","floor":1.0},{"not_picked":["Beam Cell","Streamline","Compile Driver"],"picked":"SKIP","floor":7.0},{"not_picked":["Hologram","Sunder"],"picked":"Consume","floor":9.0},{"not_picked":["Sweeping Beam","Blizzard"],"picked":"Recycle","floor":12},{"not_picked":["BootSequence","Lockon"],"picked":"ReplayTheSpireMod:Calculation Training","floor":13},{"not_picked":["Sweeping Beam","Gash"],"picked":"Coolheaded","floor":14}],"player_experience":690766,"relics_obtained":[{"floor":7.0,"key":"Simple Rune"},{"floor":10.0,"key":"Happy Flower"},{"floor":13,"key":"Centennial Puzzle"}],"event_choices":[{"damage_healed":0.0,"max_hp_gain":0.0,"max_hp_loss":0.0,"gold_gain":0.0,"cards_transformed":["Strike_B"],"event_name":"Living Wall","player_choice":"Change","floor":2.0,"gold_loss":0.0,"damage_taken":0.0,"cards_obtained":["Hyperbeam"]},{"damage_healed":0.0,"max_hp_gain":0.0,"max_hp_loss":0.0,"gold_gain":0.0,"event_name":"Shining Light","player_choice":"Ignored","floor":4.0,"gold_loss":0.0,"damage_taken":0.0},{"cards_removed":["Strike_B"],"damage_healed":0,"gold_gain":0,"player_choice":"Card Removal","damage_taken":0,"max_hp_gain":0,"max_hp_loss":0,"event_name":"The Cleric","floor":16,"gold_loss":75}],"is_beta":false,"boss_relics":[],"items_purged_floors":[5],"is_endless":false,"potions_floor_spawned":[9,13],"killed_by":"Fading Forest","ascension_level":20}}