{"host":"jsd6g3c2vo13e69c","time":1613972676,"event":{"mods":["2.2 Compatiblity","Act Like it!","BaseMod","Better Altar","Better Match","Better Note","Better Sensory Stone","Better Third Choice","BetterRewards","Colored Map","Colored Powertips","Curses Come First","Downfall","Friendly Minions","GifTheSpireLib","Googly Eyes","Gremlin Mod","Hermit","Hubris","Infinite Spire","Melee Mod","Minty Spire (QoL Compilation)","Permanent Neow","Quick Restart","Random Character Button","Replay The Spire","Shop Mod","Spire Arcade","StSLib","SuperFastMode","The Cursed","The Disciple","The Forsaken","The Jungle","The Spell Scribe","thorton"],"gold_per_floor":[119,138,138,154,154,154,172,172,221,221,221,146,170,181,181,188,188,188],"floor_reached":16,"language":"ENG","playtime":584,"items_purged":["Regret"],"score":92,"play_id":"fa0e631a-dfb0-46fc-be53-3157e30180cb","local_time":"20210222004436","is_ascension_mode":false,"campfire_choices":[{"data":"thethorton:GemGun","floor":6,"key":"SMITH"},{"data":"thethorton:PocketChange","floor":10,"key":"SMITH"},{"data":"thethorton:BusinessBoom","floor":15,"key":"SMITH"}],"circlet_count":0,"master_deck":["thethorton:Strike","thethorton:Strike","thethorton:Strike","thethorton:Strike","thethorton:Defend","thethorton:Defend","thethorton:Defend","thethorton:Defend","thethorton:Heckle+1","thethorton:CreditCard","Normality","thethorton:AngerMoment","thethorton:PocketChange+1","thethorton:BusinessBash","thethorton:GemGun+1","thethorton:BusinessBoom+1","thethorton:LongTermPayoff","thethorton:LongTermPayoff"],"relics":["thethorton:CouragePotion","infinitespire:Satchel","hubris:Icosahedron","Bag of Marbles"],"acts_visited":["Exordium"],"potions_floor_usage":[2,16],"damage_taken":[{"damage":8,"enemies":"2 Louse","floor":1,"turns":3},{"damage":7,"enemies":"Jaw Worm","floor":2,"turns":6},{"damage":1,"enemies":"Cultist","floor":4,"turns":4},{"damage":13,"enemies":"Blue Slaver","floor":7,"turns":3},{"damage":26,"enemies":"Large Slime","floor":13,"turns":4},{"damage":0,"enemies":"Exordium Wildlife","floor":14,"turns":2},{"damage":21,"enemies":"Hexaghost","floor":16,"turns":7}],"seed_played":"-3053745579659928923","potions_obtained":[{"floor":1,"key":"SpeedPotion"},{"floor":7,"key":"EssenceOfSteel"}],"is_trial":false,"path_per_floor":["M","M","?","M","?","R","M","?","T","R","?","$","M","M","R","B"],"character_chosen":"THE_THORT","items_purchased":[],"campfire_rested":0,"item_purchase_floors":[],"current_hp_per_floor":[66,59,59,58,58,58,45,45,45,45,45,45,19,19,19,0,0,0],"gold":188,"neow_bonus":"TEN_PERCENT_HP_BONUS","is_daily":false,"chose_seed":false,"campfire_upgraded":3,"win_rate":0.0,"timestamp":1613972676,"path_taken":["M","M","?","M","?","R","?","?","T","R","?","?","M","M","R","BOSS"],"items_purchased_type":[],"build_version":"2020-12-22","purchased_purges":1,"victory":false,"max_hp_per_floor":[74,74,74,74,74,74,74,74,74,74,74,74,74,74,74,74,74,74],"card_choices":[{"not_picked":["thethorton:CashBash","thethorton:Distance"],"picked":"thethorton:AngerMoment","floor":1},{"not_picked":["thethorton:SeeingDouble","thethorton:RunningFeint"],"picked":"thethorton:PocketChange","floor":2},{"not_picked":["thethorton:GemGun","thethorton:BusinessBurst"],"picked":"thethorton:BusinessBash","floor":4},{"not_picked":["thethorton:TakeAccounts","thethorton:ElbowSmash"],"picked":"thethorton:BusinessBoom","floor":7},{"not_picked":["thethorton:DualBap","thethorton:RunningKick"],"picked":"thethorton:LongTermPayoff","floor":13},{"not_picked":["thethorton:RunningFeint","thethorton:BusinessBoom"],"picked":"thethorton:LongTermPayoff","floor":14}],"player_experience":394887,"relics_obtained":[{"floor":9,"key":"Bag of Marbles"}],"event_choices":[{"damage_healed":0,"gold_gain":0,"player_choice":"Box","damage_taken":0,"relics_obtained":["infinitespire:Satchel"],"max_hp_gain":0,"max_hp_loss":0,"event_name":"Big Fish","floor":3,"gold_loss":0,"cards_obtained":["Regret"]}],"is_beta":false,"boss_relics":[],"items_purged_floors":[12],"is_endless":false,"potions_floor_spawned":[1,7],"killed_by":"Hexaghost","ascension_level":0}}