{"host":"w3q5ijqu8eoknil3","time":1613952750,"event":{"mods":["AchievementEnabler","BaseMod","Block Reminder","Colored Map","Colored Powertips","Curses Come First","Dark Map","Minty Spire (QoL Compilation)","Quick Restart","Relic Stats","StSLib","ojb\u0027s Better Paths Mod","ojb\u0027s Info Mod","slay the spire mod where everything is the same but ironclad has a cowboy hat"],"gold_per_floor":[20,40,56,72,37,37,62,62,85,85,85,111,140,150,150,150,150],"floor_reached":16,"language":"ENG","playtime":374,"items_purged":[],"score":215,"play_id":"5143b714-2a06-4f15-8f5a-cac3da9eee65","local_time":"20210222001230","is_ascension_mode":true,"campfire_choices":[{"data":"Blade Dance","floor":6,"key":"SMITH"},{"floor":15,"key":"REST"}],"circlet_count":0,"master_deck":["AscendersBane","Strike_G+1","Strike_G","Strike_G","Strike_G+1","Defend_G","Defend_G","Defend_G","Defend_G","Defend_G","Survivor","Neutralize","Corpse Explosion","Dagger Spray","Deadly Poison","Poisoned Stab","Blade Dance+1","PiercingWail","Crippling Poison","Sucker Punch"],"relics":["Ring of the Snake","PreservedInsect","Art of War","Orichalcum","Blood Vial","Blue Candle"],"acts_visited":["Exordium"],"potions_floor_usage":[4,7,16],"damage_taken":[{"damage":8,"enemies":"2 Louse","floor":1,"turns":2},{"damage":6,"enemies":"Jaw Worm","floor":2,"turns":5},{"damage":2,"enemies":"Cultist","floor":3,"turns":4},{"damage":18,"enemies":"Gremlin Gang","floor":4,"turns":2},{"damage":2,"enemies":"3 Sentries","floor":7,"turns":2},{"damage":11,"enemies":"Lagavulin","floor":13,"turns":6},{"damage":4,"enemies":"2 Fungi Beasts","floor":14,"turns":3},{"damage":23,"enemies":"Hexaghost","floor":16,"turns":9}],"seed_played":"-3066635586821504453","potions_obtained":[{"floor":1,"key":"GamblersBrew"},{"floor":4,"key":"Fire Potion"},{"floor":14,"key":"EssenceOfSteel"}],"is_trial":false,"path_per_floor":["M","M","M","M","?","R","E","T","T","?","?","T","E","M","R","B"],"character_chosen":"THE_SILENT","items_purchased":[],"campfire_rested":1,"item_purchase_floors":[],"current_hp_per_floor":[51,45,43,25,41,41,39,39,39,32,12,12,3,1,20,0,0],"gold":150,"neow_bonus":"THREE_RARE_CARDS","is_daily":false,"chose_seed":false,"campfire_upgraded":1,"win_rate":0.0,"timestamp":1613952750,"path_taken":["M","M","M","M","?","R","E","?","T","?","?","?","E","?","R","BOSS"],"items_purchased_type":[],"build_version":"2020-12-22","purchased_purges":0,"victory":false,"max_hp_per_floor":[66,66,66,66,66,66,66,66,66,66,66,66,66,66,66,66,66],"relic_stats":{"Blood Vial":6,"counters":[8,33],"Blue Candle":[0],"PreservedInsect":29,"Art of War":[2],"Orichalcum":[72],"obtain_stats":[{"Blood Vial":12,"Blue Candle":13,"PreservedInsect":7,"Art of War":8,"Orichalcum":9,"Ring of the Snake":0},{"Blood Vial":5,"Blue Candle":6,"PreservedInsect":5,"Art of War":5,"Orichalcum":5,"Ring of the Snake":0},{"Blood Vial":15,"Blue Candle":21,"PreservedInsect":15,"Art of War":15,"Orichalcum":15,"Ring of the Snake":0}],"Ring of the Snake":[16]},"card_choices":[{"not_picked":["Adrenaline","Glass Knife"],"picked":"Corpse Explosion","floor":0},{"not_picked":["Riddle With Holes","Backflip"],"picked":"Dagger Spray","floor":1},{"not_picked":["Sucker Punch","Acrobatics"],"picked":"Deadly Poison","floor":2},{"not_picked":["Calculated Gamble","Bane"],"picked":"Poisoned Stab","floor":3},{"not_picked":["Predator","Leg Sweep"],"picked":"Blade Dance","floor":4},{"not_picked":["Backflip","Grand Finale"],"picked":"PiercingWail","floor":7},{"not_picked":["Well Laid Plans","Setup"],"picked":"Crippling Poison","floor":13},{"not_picked":["Slice","Expertise"],"picked":"Sucker Punch","floor":14}],"player_experience":1060432,"relics_obtained":[{"floor":7,"key":"PreservedInsect"},{"floor":8,"key":"Art of War"},{"floor":9,"key":"Orichalcum"},{"floor":12,"key":"Blood Vial"},{"floor":13,"key":"Blue Candle"}],"event_choices":[{"damage_healed":16,"gold_gain":0,"player_choice":"Healed","damage_taken":0,"max_hp_gain":0,"max_hp_loss":0,"event_name":"The Cleric","floor":5,"gold_loss":35},{"cards_removed":["Strike_G"],"damage_healed":0,"gold_gain":0,"player_choice":"Card Removal","damage_taken":7,"max_hp_gain":0,"max_hp_loss":0,"event_name":"Golden Wing","floor":10,"gold_loss":0},{"damage_healed":0,"gold_gain":0,"player_choice":"Entered Light","damage_taken":20,"max_hp_gain":0,"max_hp_loss":0,"event_name":"Shining Light","floor":11,"gold_loss":0,"cards_upgraded":["Strike_G","Strike_G"]}],"is_beta":false,"boss_relics":[],"items_purged_floors":[],"is_endless":false,"potions_floor_spawned":[1,4,14],"killed_by":"Hexaghost","ascension_level":19}}