{"host":"d2gh6suihlstufn7","time":1613988093,"event":{"mods":["AchievementEnabler","BaseMod","Colored Map","Colored Powertips","Minty Spire (QoL Compilation)","Permanent Neow","Quick Restart"],"gold_per_floor":[111,125,125,139,159,159,159,9,91,106,106,106,71,71,71,190,190,205,205,226,251,272,272,288,288,342,365,383,383,10,23,23,23,23],"floor_reached":33,"language":"KOR","playtime":909,"items_purged":[],"score":241,"play_id":"f0bc4c18-4d43-4bb7-96b0-1113d3d83b3c","local_time":"20210222190133","is_ascension_mode":false,"campfire_choices":[{"data":"Battle Trance","floor":6,"key":"SMITH"},{"data":"Perfected Strike","floor":12,"key":"SMITH"},{"data":"Perfected Strike","floor":15,"key":"SMITH"},{"data":"Spot Weakness","floor":23,"key":"SMITH"},{"floor":25,"key":"REST"},{"floor":29,"key":"REST"},{"data":"Evolve","floor":32,"key":"SMITH"}],"circlet_count":0,"master_deck":["Strike_R","Strike_R","Strike_R","Strike_R","Strike_R","Defend_R","Defend_R","Defend_R","Bash","Fiend Fire","Perfected Strike+1","Ghostly Armor","Perfected Strike+1","Battle Trance+1","Flex","Injury","Feed+1","Twin Strike","Battle Trance","Spot Weakness+1","Dual Wield","Twin Strike","Evolve+1","Flame Barrier"],"relics":["Burning Blood","Bag of Preparation","Bronze Scales","Golden Idol","Black Star","Regal Pillow","Calipers"],"acts_visited":["Exordium","TheCity"],"potions_floor_usage":[22,28,31,33],"damage_taken":[{"damage":12,"enemies":"Small Slimes","floor":1,"turns":4},{"damage":1,"enemies":"Cultist","floor":2,"turns":3},{"damage":7,"enemies":"2 Louse","floor":4,"turns":3},{"damage":0,"enemies":"2 Fungi Beasts","floor":5,"turns":2},{"damage":6,"enemies":"Lots of Slimes","floor":10,"turns":5},{"damage":44,"enemies":"The Guardian","floor":16,"turns":11},{"damage":24,"enemies":"Shell Parasite","floor":18,"turns":6},{"damage":18,"enemies":"3 Byrds","floor":20,"turns":4},{"damage":8,"enemies":"Snecko","floor":21,"turns":3},{"damage":19,"enemies":"Centurion and Healer","floor":22,"turns":3},{"damage":36,"enemies":"Snake Plant","floor":24,"turns":4},{"damage":10,"enemies":"Cultist and Chosen","floor":27,"turns":4},{"damage":9,"enemies":"Sentry and Sphere","floor":28,"turns":3},{"damage":23,"enemies":"Shelled Parasite and Fungi","floor":31,"turns":5},{"damage":58,"enemies":"Champ","floor":33,"turns":10}],"seed_played":"1283727017758191780","potions_obtained":[{"floor":1,"key":"Dexterity Potion"},{"floor":5,"key":"Fire Potion"},{"floor":10,"key":"Ancient Potion"},{"floor":18,"key":"Weak Potion"},{"floor":24,"key":"DistilledChaos"},{"floor":27,"key":"EssenceOfSteel"},{"floor":31,"key":"BloodPotion"}],"is_trial":false,"path_per_floor":["M","M","?","M","M","R","?","$","T","M","?","R","?","?","R","B",null,"M","?","M","M","M","R","M","R","T","M","M","R","$","M","R","B"],"character_chosen":"IRONCLAD","items_purchased":["Bronze Scales","Evolve","Calipers"],"campfire_rested":2,"item_purchase_floors":[8,30,30],"current_hp_per_floor":[74,79,61,60,66,66,66,66,66,66,59,59,79,79,79,41,80,65,65,53,51,38,38,8,32,32,32,29,70,70,53,53,12,12],"gold":23,"neow_bonus":"ONE_RANDOM_RARE_CARD","is_daily":false,"chose_seed":false,"campfire_upgraded":5,"win_rate":0.0,"timestamp":1613988093,"path_taken":["M","M","?","M","M","R","?","$","T","?","?","R","?","?","R","BOSS","M","?","M","M","?","R","M","R","T","?","M","R","$","M","R","BOSS"],"items_purchased_type":["Relic","Card","Relic"],"build_version":"2020-12-22","purchased_purges":0,"victory":false,"max_hp_per_floor":[80,80,80,80,80,80,80,80,80,80,80,80,80,80,80,80,80,83,83,83,83,83,83,83,83,83,87,87,87,87,87,87,87,87],"card_choices":[{"not_picked":["Flame Barrier","Iron Wave"],"picked":"Perfected Strike","floor":1},{"not_picked":["Uppercut","True Grit"],"picked":"Ghostly Armor","floor":2},{"not_picked":["True Grit","Warcry"],"picked":"Perfected Strike","floor":4},{"not_picked":["Dark Embrace","Warcry"],"picked":"Battle Trance","floor":5},{"not_picked":["Clothesline","Cleave","Feel No Pain"],"picked":"SKIP","floor":10},{"not_picked":["Reaper","Barricade"],"picked":"Feed","floor":16},{"not_picked":["Body Slam","Searing Blow+1","Sever Soul"],"picked":"SKIP","floor":18},{"not_picked":["Disarm","Body Slam"],"picked":"Twin Strike","floor":20},{"not_picked":["Clothesline","Cleave"],"picked":"Battle Trance","floor":21},{"not_picked":["Dark Embrace","Carnage"],"picked":"Spot Weakness","floor":22},{"not_picked":["Exhume","Disarm+1"],"picked":"Dual Wield","floor":24},{"not_picked":["Whirlwind","True Grit","Shrug It Off"],"picked":"SKIP","floor":27},{"not_picked":["Clothesline","Cleave"],"picked":"Twin Strike","floor":28},{"not_picked":["Body Slam","Heavy Blade"],"picked":"Flame Barrier","floor":31}],"player_experience":188688,"relics_obtained":[{"floor":26,"key":"Regal Pillow"}],"event_choices":[{"damage_healed":0,"gold_gain":0,"player_choice":"Success","damage_taken":18,"relics_obtained":["Bag of Preparation"],"max_hp_gain":0,"max_hp_loss":0,"event_name":"Scrap Ooze","floor":3,"gold_loss":0},{"damage_healed":0,"gold_gain":0,"player_choice":"1 cards matched","damage_taken":0,"max_hp_gain":0,"max_hp_loss":0,"event_name":"Match and Keep!","floor":7,"gold_loss":0,"cards_obtained":["Flex"]},{"cards_removed":["Defend_R"],"damage_healed":0,"gold_gain":0,"player_choice":"Card Removal","damage_taken":7,"max_hp_gain":0,"max_hp_loss":0,"event_name":"Golden Wing","floor":11,"gold_loss":0},{"damage_healed":20,"gold_gain":0,"player_choice":"Healed","damage_taken":0,"max_hp_gain":0,"max_hp_loss":0,"event_name":"The Cleric","floor":13,"gold_loss":35},{"damage_healed":0,"gold_gain":0,"player_choice":"Take Wound","damage_taken":0,"relics_obtained":["Golden Idol"],"max_hp_gain":0,"max_hp_loss":0,"event_name":"Golden Idol","floor":14,"gold_loss":0,"cards_obtained":["Injury"]},{"damage_healed":0,"gold_gain":0,"player_choice":"Forge","damage_taken":0,"max_hp_gain":0,"max_hp_loss":0,"event_name":"Accursed Blacksmith","floor":19,"gold_loss":0,"cards_upgraded":["Feed"]}],"is_beta":false,"boss_relics":[{"not_picked":["Philosopher\u0027s Stone","SacredBark"],"picked":"Black Star"}],"items_purged_floors":[],"is_endless":false,"potions_floor_spawned":[1,5,10,18,24,27,31],"killed_by":"Champ","ascension_level":0}}