{"host":"5ddwedapke4fsx0r","time":1613991147,"event":{"mods":["BaseMod","Minty Spire (QoL Compilation)","StSLib"],"gold_per_floor":[111,128,138,158,158,158,83,110,110,110,122,122,152,165,165,269,269,284,304,315,334,28,57,68,93,93,123,143,155,155,181,181,283,283,298,17,35,55,75,102,15,30,30,56,56,87,87,87,87,87],"floor_reached":51,"language":"ENG","playtime":2657,"items_purged":["Regret"],"score":1289,"play_id":"d866a3e1-818b-4d13-adea-5d9af5aa5bdc","local_time":"20210222115227","is_ascension_mode":true,"campfire_choices":[{"data":"Cloak And Dagger","floor":6,"key":"SMITH"},{"data":"Blade Dance","floor":10,"key":"SMITH"},{"data":"Backstab","floor":15,"key":"SMITH"},{"floor":30,"key":"REST"},{"data":"Neutralize","floor":32,"key":"SMITH"},{"data":"A Thousand Cuts","floor":45,"key":"SMITH"},{"data":"Blade Dance","floor":47,"key":"SMITH"},{"data":"Adrenaline","floor":49,"key":"SMITH"}],"circlet_count":0,"master_deck":["Strike_G","Strike_G","Defend_G+1","Defend_G","Defend_G+1","Defend_G","Defend_G","Survivor","Neutralize+1","Blade Dance+1","Cloak And Dagger+1","Blade Dance+1","Adrenaline","Backstab+1","A Thousand Cuts+1","Blade Dance+1","Expertise","Impatience","Blade Dance+1","Escape Plan+1","Well Laid Plans+1","Adrenaline+1","Backflip+1","Accuracy+1","Dagger Spray+1","Backstab","Terror+1"],"relics":["WristBlade","Strawberry","Letter Opener","Bronze Scales","The Courier","TungstenRod","Empty Cage","Membership Card","Eternal Feather","Akabeko","Question Card","Shuriken","Bottled Flame","Toy Ornithopter","War Paint","Black Star","StoneCalendar","InkBottle","Bag of Preparation","Anchor","Ornamental Fan","Happy Flower","HornCleat","Meat on the Bone","PreservedInsect","Mercury Hourglass","Mummified Hand"],"acts_visited":["Exordium","TheCity","TheBeyond"],"potions_floor_usage":[8,13,20,27,31,31,50],"damage_taken":[{"damage":5,"enemies":"2 Louse","floor":1,"turns":3},{"damage":1,"enemies":"Jaw Worm","floor":2,"turns":6},{"damage":0,"enemies":"Cultist","floor":3,"turns":3},{"damage":10,"enemies":"Large Slime","floor":4,"turns":6},{"damage":0,"enemies":"Gremlin Nob","floor":8,"turns":2},{"damage":1,"enemies":"Red Slaver","floor":11,"turns":2},{"damage":0,"enemies":"Lagavulin","floor":13,"turns":3},{"damage":0,"enemies":"Looter","floor":14,"turns":2},{"damage":0,"enemies":"Slime Boss","floor":16,"turns":4},{"damage":0,"enemies":"Spheric Guardian","floor":18,"turns":2},{"damage":0,"enemies":"2 Thieves","floor":19,"turns":3},{"damage":0,"enemies":"Snecko","floor":20,"turns":2},{"damage":0,"enemies":"Centurion and Healer","floor":21,"turns":3},{"damage":5,"enemies":"Gremlin Leader","floor":23,"turns":3},{"damage":0,"enemies":"3 Cultists","floor":24,"turns":2},{"damage":8,"enemies":"Book of Stabbing","floor":25,"turns":2},{"damage":17,"enemies":"Slavers","floor":27,"turns":3},{"damage":2,"enemies":"Chosen and Byrds","floor":28,"turns":2},{"damage":0,"enemies":"Centurion and Healer","floor":29,"turns":2},{"damage":12,"enemies":"Gremlin Leader","floor":31,"turns":4},{"damage":32,"enemies":"Champ","floor":33,"turns":5},{"damage":2,"enemies":"Orb Walker","floor":35,"turns":2},{"damage":0,"enemies":"3 Darklings","floor":37,"turns":2},{"damage":4,"enemies":"Spire Growth","floor":38,"turns":2},{"damage":2,"enemies":"Maw","floor":39,"turns":3},{"damage":8,"enemies":"Reptomancer","floor":40,"turns":3},{"damage":6,"enemies":"Sphere and 2 Shapes","floor":42,"turns":3},{"damage":0,"enemies":"Giant Head","floor":44,"turns":5},{"damage":0,"enemies":"Reptomancer","floor":46,"turns":2},{"damage":39,"enemies":"Time Eater","floor":50,"turns":6}],"seed_played":"-9210064430194343840","potions_obtained":[{"floor":3,"key":"DuplicationPotion"},{"floor":4,"key":"SteroidPotion"},{"floor":16,"key":"CunningPotion"},{"floor":19,"key":"Regen Potion"},{"floor":21,"key":"GamblersBrew"},{"floor":23,"key":"Energy Potion"},{"floor":24,"key":"EssenceOfSteel"},{"floor":28,"key":"AttackPotion"},{"floor":33,"key":"SpeedPotion"},{"floor":35,"key":"EntropicBrew"},{"floor":39,"key":"EssenceOfSteel"},{"floor":40,"key":"Swift Potion"}],"is_trial":false,"path_per_floor":["M","M","M","M","?","R","$","E","T","R","M","T","E","M","R","B",null,"M","M","M","M","$","E","M","E","T","E","M","M","R","E","R","B",null,"M","$","M","M","M","E","$","M","T","E","R","E","R","?","R","B",null],"character_chosen":"THE_SILENT","items_purchased":["Membership Card","Impatience","Eternal Feather","Akabeko","StoneCalendar","InkBottle","Bag of Preparation","Happy Flower","Backstab"],"campfire_rested":1,"item_purchase_floors":[22,22,22,22,36,36,36,41,41],"current_hp_per_floor":[65,64,64,54,61,61,61,61,61,61,60,60,60,60,60,60,73,73,73,73,73,73,68,68,60,60,43,41,41,76,65,77,45,69,67,67,67,63,61,53,53,47,47,47,62,62,77,77,77,50],"gold":87,"neow_bonus":"BOSS_RELIC","is_daily":false,"chose_seed":false,"campfire_upgraded":7,"win_rate":0.0,"timestamp":1613991147,"path_taken":["M","M","M","M","?","R","$","E","T","R","M","?","E","M","R","BOSS","M","M","M","M","$","E","M","E","T","E","M","?","R","E","R","BOSS","M","$","M","M","M","E","$","M","T","E","R","E","R","?","R","BOSS"],"items_purchased_type":["Relic","Card","Relic","Relic","Relic","Relic","Relic","Relic","Card"],"build_version":"2020-12-22","purchased_purges":1,"victory":true,"max_hp_per_floor":[70,70,70,70,77,77,77,77,77,77,77,77,77,77,77,77,77,77,77,77,77,77,77,77,77,77,77,77,77,77,77,77,77,77,77,77,77,77,77,77,77,77,77,77,77,77,77,77,77,77],"card_choices":[{"not_picked":["PiercingWail","Eviscerate","Caltrops"],"picked":"SKIP","floor":1},{"not_picked":["Outmaneuver","Bane"],"picked":"Blade Dance","floor":2},{"not_picked":["Outmaneuver","Dagger Throw","Poisoned Stab"],"picked":"SKIP","floor":3},{"not_picked":["Poisoned Stab","Underhanded Strike"],"picked":"Cloak And Dagger","floor":4},{"not_picked":["Cloak And Dagger","Bane"],"picked":"Blade Dance","floor":8},{"not_picked":["Heel Hook","Concentrate"],"picked":"Adrenaline","floor":11},{"not_picked":["Dagger Throw","Riddle With Holes","Noxious Fumes"],"picked":"SKIP","floor":13},{"not_picked":["Footwork","Reflex"],"picked":"Backstab","floor":14},{"not_picked":["Grand Finale","Night Terror"],"picked":"A Thousand Cuts","floor":16},{"not_picked":["Backflip","Setup"],"picked":"Blade Dance+1","floor":18},{"not_picked":["Bouncing Flask","Sucker Punch","Slice"],"picked":"SKIP","floor":19},{"not_picked":["Bane","Deadly Poison","Eviscerate"],"picked":"SKIP","floor":20},{"not_picked":["Underhanded Strike","Bane"],"picked":"Expertise","floor":21},{"not_picked":["Skewer","Bullet Time"],"picked":"Blade Dance+1","floor":23},{"not_picked":["Prepared","Underhanded Strike","Sucker Punch+1"],"picked":"Escape Plan+1","floor":24},{"not_picked":["Distraction","Deflect","Underhanded Strike","PiercingWail"],"picked":"SKIP","floor":25},{"not_picked":["Dagger Spray","Terror","PiercingWail","Outmaneuver"],"picked":"SKIP","floor":27},{"not_picked":["Unload","Leg Sweep","Heel Hook"],"picked":"Well Laid Plans+1","floor":28},{"not_picked":["Noxious Fumes","Catalyst+1","Prepared","Well Laid Plans"],"picked":"SKIP","floor":29},{"not_picked":["Flying Knee","Heel Hook+1","Deflect","Slice+1"],"picked":"SKIP","floor":31},{"not_picked":["Doppelganger","A Thousand Cuts","Storm of Steel"],"picked":"Adrenaline","floor":33},{"not_picked":["Dodge and Roll","Outmaneuver+1","Deadly Poison"],"picked":"Backflip+1","floor":35},{"not_picked":["Bane","Deflect+1","Bouncing Flask"],"picked":"Accuracy+1","floor":37},{"not_picked":["Underhanded Strike+1","Well Laid Plans","Slice+1","Leg Sweep"],"picked":"SKIP","floor":38},{"not_picked":["Deflect","Bouncing Flask+1","Storm of Steel"],"picked":"Dagger Spray+1","floor":39},{"not_picked":["Deadly Poison+1","Bouncing Flask","Dodge and Roll","Masterful Stab"],"picked":"SKIP","floor":40},{"not_picked":["Bane+1","Flying Knee","Sucker Punch+1","Tactician+1"],"picked":"SKIP","floor":42},{"not_picked":["Poisoned Stab","Skewer","Deadly Poison+1","Masterful Stab"],"picked":"SKIP","floor":44},{"not_picked":["Bouncing Flask","Crippling Poison","Calculated Gamble"],"picked":"Terror+1","floor":46}],"player_experience":385858,"relics_obtained":[{"floor":8,"key":"Letter Opener"},{"floor":9,"key":"Bronze Scales"},{"floor":12,"key":"The Courier"},{"floor":13,"key":"TungstenRod"},{"floor":23,"key":"Question Card"},{"floor":25,"key":"Shuriken"},{"floor":26,"key":"Bottled Flame"},{"floor":27,"key":"Toy Ornithopter"},{"floor":31,"key":"War Paint"},{"floor":40,"key":"Anchor"},{"floor":40,"key":"Ornamental Fan"},{"floor":43,"key":"HornCleat"},{"floor":44,"key":"Meat on the Bone"},{"floor":44,"key":"PreservedInsect"},{"floor":46,"key":"Mercury Hourglass"},{"floor":46,"key":"Mummified Hand"}],"event_choices":[{"damage_healed":0,"gold_gain":0,"player_choice":"Box","damage_taken":0,"relics_obtained":["Strawberry"],"max_hp_gain":0,"max_hp_loss":0,"event_name":"Big Fish","floor":5,"gold_loss":0,"cards_obtained":["Regret"]},{"cards_removed":["Strike_G"],"damage_healed":0,"gold_gain":0,"player_choice":"Purged","damage_taken":0,"max_hp_gain":0,"max_hp_loss":0,"event_name":"Purifier","floor":48,"gold_loss":0}],"is_beta":false,"boss_relics":[{"not_picked":["Velvet Choker","SacredBark"],"picked":"Empty Cage"},{"not_picked":["Snecko Eye","Pandora\u0027s Box"],"picked":"Black Star"}],"items_purged_floors":[7],"is_endless":false,"potions_floor_spawned":[3,4,16,19,21,23,24,28,33,35,39,40],"ascension_level":5}}