{"host":"drl4gs3853zme1q6","time":1613967707,"event":{"mods":["BaseMod","Colored Map","Colored Powertips","Hermit","Hubris","Infinite Spire","Minty Spire (QoL Compilation)","Replay The Spire","StSLib","The Cursed"],"gold_per_floor":[117,133,152,171,185,185,213,213,285,285,460,479,490,490,490,587,587,597,597,597,610,610,610,620,620,620,637,637,666,676,687,687,836,836,906,906,906,978,978,978,978,978],"floor_reached":41,"language":"ENG","playtime":3682,"items_purged":[],"score":690,"play_id":"7dffdf09-aaa3-4e13-bc0c-54ba0355a79e","local_time":"20210221222147","daily_mods":["Heirloom","Time Dilation"],"is_ascension_mode":false,"campfire_choices":[{"data":"TheCursedMod:CursedBlade","floor":6.0,"key":"SMITH"},{"floor":8.0,"key":"REST"},{"data":"TheCursedMod:ReleasedStrength","floor":10.0,"key":"SMITH"},{"data":"TheCursedMod:FleshFromBone","floor":15.0,"key":"SMITH"},{"data":"TheCursedMod:VoidForm","floor":23,"key":"SMITH"},{"floor":25,"key":"REST"},{"data":"TheCursedMod:SurpriseAttack","floor":32,"key":"SMITH"},{"floor":40,"key":"REST"}],"circlet_count":0,"master_deck":["TheCursedMod:Strike_TheCursed","TheCursedMod:Strike_TheCursed","TheCursedMod:Strike_TheCursed","TheCursedMod:Strike_TheCursed","TheCursedMod:Defend_TheCursed","TheCursedMod:Defend_TheCursed","TheCursedMod:Defend_TheCursed","TheCursedMod:CursedWand","TheCursedMod:CleanUpWorkshop","TheCursedMod:SpitefulStrike","TheCursedMod:FleshFromBone+1","TheCursedMod:WearCloak","TheCursedMod:CursedBlade+1","TheCursedMod:SurpriseAttack+1","TheCursedMod:ReleasedStrength+1","TheCursedMod:CursedAmulet","TheCursedMod:CursedArmor","TheCursedMod:VoidForm+1","TheCursedMod:SpitefulStrike+1","Normality","TheCursedMod:CircleOfCorruption+1","TheCursedMod:CollectTribute","TheCursedMod:CursedShiv+1","TheCursedMod:CircleOfFlame+1"],"relics":["TheCursedMod:BlackMagic101","infinitespire:CursedDice","hubris:64BitClover","hubris:TinFlute","Turnip","Sozu","Ring of Misfortune","Ring of Peace","hubris:CrystalStatue","Regal Pillow","MutagenicStrength","MealTicket","infinitespire:EvilPickle","infinitespire:Lucky Rock","hubris:Backtick","BargainBundle"],"acts_visited":["Exordium","TheCity","TheBeyond"],"potions_floor_usage":[],"damage_taken":[{"damage":1.0,"enemies":"Cultist","floor":1.0,"turns":4.0},{"damage":0.0,"enemies":"2 Louse","floor":2.0,"turns":4.0},{"damage":0.0,"enemies":"Small Slimes","floor":3.0,"turns":4.0},{"damage":20.0,"enemies":"Exordium Thugs","floor":4.0,"turns":7.0},{"damage":11.0,"enemies":"Lots of Slimes","floor":5.0,"turns":5.0},{"damage":15.0,"enemies":"Lagavulin","floor":7.0,"turns":7.0},{"damage":0.0,"enemies":"Looter","floor":12.0,"turns":3.0},{"damage":0.0,"enemies":"3 Louse","floor":13.0,"turns":1.0},{"damage":17.0,"enemies":"Hexaghost","floor":16.0,"turns":12.0},{"damage":20,"enemies":"Shell Parasite","floor":18,"turns":5},{"damage":13,"enemies":"Chosen","floor":21,"turns":6},{"damage":0,"enemies":"Snake Plant","floor":24,"turns":5},{"damage":7,"enemies":"Centurion and Healer","floor":27,"turns":7},{"damage":0,"enemies":"Nightmare","floor":29,"turns":9},{"damage":0,"enemies":"Shelled Parasite and Fungi","floor":30,"turns":4},{"damage":0,"enemies":"Cultist and Chosen","floor":31,"turns":5},{"damage":0,"enemies":"Pondfish","floor":33,"turns":10},{"damage":1,"enemies":"Orb Walker","floor":35,"turns":4},{"damage":150,"enemies":"3 Shapes","floor":38,"turns":6},{"damage":64,"enemies":"Reptomancer","floor":41,"turns":4}],"seed_played":"4409470041983312728","potions_obtained":[{"floor":1.0,"key":"Elixir"},{"floor":3.0,"key":"Explosive Potion"},{"floor":4.0,"key":"TheCursedMod:DregsPotion"},{"floor":7.0,"key":"Death Potion"}],"is_trial":true,"path_per_floor":["M","M","M","M","M","R","E","R","T","R","?","M","M","?","R","B",null,"M","?","$","M","?","R","M","R","T","M","?","NM","M","M","R","B",null,"M","?","?","M","AVR","R","E"],"character_chosen":"THE_CURSED","items_purchased":[],"campfire_rested":3,"item_purchase_floors":[],"current_hp_per_floor":[74,74,74,54,43,43,28,50,50,50,50,50,50,50,50,33,75,55,55,55,42,42,42,42,64,64,57,57,57,57,57,57,57,75,74,74,74,27,27,64,0,0],"gold":978,"neow_bonus":"","is_daily":false,"chose_seed":false,"campfire_upgraded":5,"win_rate":0.0,"timestamp":1613967707,"path_taken":["M","M","M","?","M","R","E","R","T","R","?","M","M","?","R","BOSS","BOSS","M","?","?","M","?","R","M","R","T","M","?","NM","M","M","R","BOSS","M","?","?","M","AVR","R","E"],"items_purchased_type":[],"build_version":"2020-12-22","purchased_purges":0,"victory":false,"max_hp_per_floor":[75,75,75,75,75,75,75,75,75,75,75,75,75,75,75,75,75,75,75,75,75,75,75,75,75,75,75,75,75,75,75,75,75,75,75,75,75,75,75,75,75,75],"card_choices":[{"not_picked":["TheCursedMod:Wield","TheCursedMod:EmpowerCircles"],"picked":"TheCursedMod:SpitefulStrike","floor":1.0},{"not_picked":["TheCursedMod:CursedSpellbook","TheCursedMod:RavingStaff"],"picked":"TheCursedMod:FleshFromBone","floor":2.0},{"not_picked":["TheCursedMod:Mangle","TheCursedMod:FleshFromBone"],"picked":"TheCursedMod:WearCloak","floor":3.0},{"not_picked":["TheCursedMod:RapidMovement","TheCursedMod:Stretching"],"picked":"TheCursedMod:CursedBlade","floor":4.0},{"not_picked":["TheCursedMod:Stigma","TheCursedMod:CircleOfCorruption"],"picked":"TheCursedMod:SurpriseAttack","floor":5.0},{"not_picked":["TheCursedMod:WearCloak","TheCursedMod:LuckyCharm"],"picked":"TheCursedMod:ReleasedStrength","floor":7.0},{"not_picked":["TheCursedMod:HellfireBreathing","TheCursedMod:ManaBullet"],"picked":"TheCursedMod:CursedAmulet","floor":12.0},{"not_picked":["TheCursedMod:Evocation","TheCursedMod:PrepareRite"],"picked":"TheCursedMod:CursedArmor","floor":13.0},{"not_picked":["TheCursedMod:NeowsMight","TheCursedMod:DemonSword"],"picked":"TheCursedMod:VoidForm","floor":16},{"not_picked":["TheCursedMod:Torture","TheCursedMod:SoulCrush"],"picked":"TheCursedMod:SpitefulStrike+1","floor":18},{"not_picked":["TheCursedMod:FleshFromBone","TheCursedMod:ReleasedKnowledge","TheCursedMod:CircleOfCorruption"],"picked":"SKIP","floor":21},{"not_picked":["TheCursedMod:CursedBlade","TheCursedMod:EmpowerCircles","TheCursedMod:SoulCrush"],"picked":"SKIP","floor":24},{"not_picked":["TheCursedMod:WearCloak","TheCursedMod:CursedArmor","TheCursedMod:SpitefulStrike"],"picked":"SKIP","floor":27},{"not_picked":["TheCursedMod:CursedSpellbook","TheCursedMod:FuryStrike","TheCursedMod:Wield"],"picked":"SKIP","floor":29},{"not_picked":["TheCursedMod:VitalStrike","TheCursedMod:Torture+1"],"picked":"TheCursedMod:CircleOfCorruption+1","floor":30},{"not_picked":["TheCursedMod:TroublousMinions+1","TheCursedMod:Stigma","TheCursedMod:CursedAmulet"],"picked":"SKIP","floor":31},{"not_picked":["TheCursedMod:StunningStrike","TheCursedMod:ManaCirculation"],"picked":"TheCursedMod:CollectTribute","floor":33},{"not_picked":["TheCursedMod:CircleOfCorruption","TheCursedMod:CursedBlade+1"],"picked":"TheCursedMod:CursedShiv+1","floor":35},{"not_picked":["TheCursedMod:RapidMovement+1","TheCursedMod:BlessingInDisguise+1"],"picked":"TheCursedMod:CircleOfFlame+1","floor":38}],"player_experience":387224,"relics_obtained":[{"floor":7.0,"key":"hubris:64BitClover"},{"floor":9.0,"key":"hubris:TinFlute"},{"floor":22,"key":"Ring of Misfortune"},{"floor":22,"key":"Ring of Peace"},{"floor":26,"key":"hubris:CrystalStatue"},{"floor":27,"key":"Regal Pillow"},{"floor":29,"key":"MealTicket"}],"event_choices":[{"damage_healed":0.0,"max_hp_gain":0.0,"max_hp_loss":0.0,"gold_gain":175.0,"event_name":"Liars Game","player_choice":"AGREE","floor":11.0,"gold_loss":0.0,"damage_taken":0.0,"cards_obtained":["Doubt"]},{"damage_healed":0.0,"max_hp_gain":0.0,"max_hp_loss":0.0,"gold_gain":0.0,"event_name":"Big Fish","player_choice":"Box","floor":14.0,"gold_loss":0.0,"damage_taken":0.0,"relics_obtained":["Turnip"],"cards_obtained":["Regret"]},{"cards_removed":["Regret","Doubt","TheCursedMod:Dregs"],"damage_healed":0,"gold_gain":0,"player_choice":"Removed Curses","damage_taken":0,"max_hp_gain":0,"max_hp_loss":0,"event_name":"Fountain of Cleansing","floor":19,"gold_loss":0},{"damage_healed":0,"gold_gain":0,"player_choice":"Inject Mutagens","damage_taken":0,"relics_obtained":["MutagenicStrength"],"max_hp_gain":0,"max_hp_loss":0,"event_name":"Drug Dealer","floor":28,"gold_loss":0},{"cards_removed":["TheCursedMod:Defend_TheCursed"],"damage_healed":0,"gold_gain":0,"player_choice":"Removed Skill","damage_taken":0,"max_hp_gain":0,"max_hp_loss":0,"event_name":"Falling","floor":37,"gold_loss":0}],"is_beta":false,"boss_relics":[{"not_picked":["Empty Cage","hubris:GrandSneckoEye"],"picked":"Sozu"},{"not_picked":["Replay:Grab Bag","hubris:HollowSoul","Runic Dome"]}],"items_purged_floors":[],"is_endless":true,"potions_floor_spawned":[1,3,4,7,18,27,29,33],"killed_by":"Reptomancer","ascension_level":0}}