{"host":"kvh5342rl0c7vxi5","time":1613964307,"event":{"mods":["Act Like it!","BaseMod","Bestiary","Better Third Choice","Challenge The Spire","Downfall","Duelist Mod","GifTheSpireLib","Gremlin Mod","Hermit","Hubris","Ironclad Rager","Jorbs\u0027s Wanderer Trilogy","Melee Mod","Minty Spire (QoL Compilation)","Potionbrewer","Quick Restart","Relic Stats","Replay The Spire","Spicy Shops","Spire Arcade","StSLib","SuperFastMode","The Forsaken","The Judge","The Mystic","The Poker Player","The Sage","slay the spire mod where everything is the same but ironclad has a cowboy hat"],"gold_per_floor":[303,65,97,97],"floor_reached":3,"language":"ENG","playtime":97,"items_purged":["Strike_B"],"score":25,"play_id":"38dbe8f4-cc1b-49d4-a945-5d9a672228c0","local_time":"20210221222507","daily_mods":["challengethespire:Bronze Difficulty","challengethespire:Elite Rush","Uncertain Future"],"is_ascension_mode":true,"campfire_choices":[],"circlet_count":0,"master_deck":["Strike_B","Strike_B","Strike_B","Defend_B","Defend_B","Defend_B","Defend_B","Zap","Dualcast","hubris:Ukulele","Master of Strategy","Gash","ReplayRNGCard+1"],"relics":["Cracked Core","Black Star","Sling","PreservedInsect","Replay:Antivirus Software","Chemical X","ReplayFunnel","Potion Belt"],"acts_visited":["Exordium"],"potions_floor_usage":[],"damage_taken":[{"damage":3,"enemies":"Gremlin Nob","floor":3,"turns":3}],"seed_played":"-7901968290329124713","potions_obtained":[{"floor":3,"key":"potionbrewer:BlacksmithPotion"}],"is_trial":true,"path_per_floor":["$","$","E"],"character_chosen":"DEFECT","items_purchased":["hubris:Ukulele","Replay:Antivirus Software","Chemical X","Master of Strategy","Gash","ReplayRNGCard+1"],"campfire_rested":0,"item_purchase_floors":[1,1,1,1,2,2],"current_hp_per_floor":[75,75,72,72],"gold":97,"neow_bonus":"","is_daily":false,"chose_seed":false,"campfire_upgraded":0,"win_rate":0.0,"timestamp":1613964307,"path_taken":["$","$","E"],"items_purchased_type":["Card","Relic","Relic","Card","Card","Card"],"build_version":"2020-12-22","purchased_purges":1,"victory":false,"max_hp_per_floor":[75,75,75,75],"relic_stats":{"counters":[1,3],"PreservedInsect":21,"Black Star":1,"Chemical X":[3],"obtain_stats":[{"ReplayFunnel":3,"Potion Belt":3,"PreservedInsect":0,"Black Star":0,"Chemical X":1,"Replay:Antivirus Software":1,"Cracked Core":0,"Sling":0},{"ReplayFunnel":1,"Potion Belt":1,"PreservedInsect":0,"Black Star":0,"Chemical X":0,"Replay:Antivirus Software":0,"Cracked Core":0,"Sling":0},{"ReplayFunnel":3,"Potion Belt":3,"PreservedInsect":0,"Black Star":0,"Chemical X":0,"Replay:Antivirus Software":0,"Cracked Core":0,"Sling":0}]},"card_choices":[],"player_experience":592821,"relics_obtained":[{"floor":3,"key":"ReplayFunnel"},{"floor":3,"key":"Potion Belt"}],"event_choices":[],"is_beta":false,"boss_relics":[],"items_purged_floors":[1],"is_endless":false,"potions_floor_spawned":[3],"killed_by":"Gremlin Nob","ascension_level":0}}