{"host":"cijwx898anu8dehj","time":1613963363,"event":{"mods":["AchievementEnabler","AlwaysNeverKeys","BaseMod","Colored Map","Colored Powertips","Highlight Path","Minty Spire (QoL Compilation)","Rare Cards Sparkle","Relic Stats","Slay-I"],"gold_per_floor":[114,189,204,204,204,234,234,264,264,279,294,324,324,324,324,433,433,448,463,478,518,518,548,548,563,563,563,113,137,167,191,191,300,300,315,330,330,155,170,170,209,145,145,145,175,0,0,15,15,15],"floor_reached":51,"language":"ENG","playtime":3843,"items_purged":[],"score":890,"play_id":"9e328a8f-27ca-402a-8ad6-5087881e2274","local_time":"20210222000923","daily_mods":["Shiny","Diverse","Binary"],"is_ascension_mode":false,"campfire_choices":[{"data":"After Image","floor":7.0,"key":"SMITH"},{"floor":13.0,"key":"REST"},{"data":"Adrenaline","floor":15.0,"key":"SMITH"},{"data":"Vault","floor":27.0,"key":"SMITH"},{"data":"Ragnarok","floor":32.0,"key":"SMITH"},{"data":"Envenom","floor":40,"key":"SMITH"},{"data":"1","floor":47,"key":"LIFT"},{"data":"2","floor":49,"key":"LIFT"}],"circlet_count":0,"master_deck":["Judgement","ConjureBlade","MasterReality","Brilliance","Devotion+1","Blasphemy","Ragnarok+1","LessonLearned","Scrawl","Vault+1","Wish","Omniscience","Establishment","SpiritShield","DevaForm","DeusExMachina","Multi-Cast","Hyperbeam","Thunder Strike","Biased Cognition","Machine Learning","Electrodynamics","Buffer","Rainbow","Seek","Meteor Strike","Echo Form","All For One","Reboot","Amplify","Creative AI","Fission","Core Surge","Venomology+1","Corpse Explosion","Malaise","Phantasmal Killer","Die Die Die","Adrenaline+1","Envenom+1","Doppelganger","Burst","Wraith Form v2","Tools of the Trade","Night Terror","Unload","After Image+1","Bullet Time","Storm of Steel","Glass Knife","A Thousand Cuts","Grand Finale","Double Tap","Demon Form","Bludgeon","Feed","Limit Break","Corruption","Barricade","Fiend Fire","Berserk","Impervious","Juggernaut","Brutality","Reaper","Exhume","Offering","Immolate","Backflip","Venomology","Leap","Cloak And Dagger+1","Venomology","Noxious Fumes","Steam","Footwork"],"relics":["Cracked Core","Singing Bowl","Bag of Preparation","CeramicFish","Mummified Hand","Pen Nib","Philosopher\u0027s Stone","Orichalcum","MutagenicStrength","Bird Faced Urn","Oddly Smooth Stone","DataDisk","Lee\u0027s Waffle","Eternal Feather","Nuclear Battery","Potion Belt","Girya","Ancient Tea Set","Letter Opener","Red Mask"],"acts_visited":["Exordium","TheCity","TheBeyond"],"potions_floor_usage":[35,41,41,45,45,50,50,50,50,50,50],"damage_taken":[{"damage":0.0,"enemies":"2 Louse","floor":1.0,"turns":4.0},{"damage":0.0,"enemies":"Small Slimes","floor":3.0,"turns":3.0},{"damage":4.0,"enemies":"Gremlin Nob","floor":6.0,"turns":5.0},{"damage":10.0,"enemies":"Lagavulin","floor":8.0,"turns":8.0},{"damage":6.0,"enemies":"Jaw Worm","floor":10.0,"turns":1.0},{"damage":10.0,"enemies":"2 Fungi Beasts","floor":11.0,"turns":3.0},{"damage":13.0,"enemies":"3 Sentries","floor":12.0,"turns":4.0},{"damage":0.0,"enemies":"Slime Boss","floor":16.0,"turns":3.0},{"damage":5.0,"enemies":"2 Thieves","floor":18.0,"turns":2.0},{"damage":0.0,"enemies":"Spheric Guardian","floor":19.0,"turns":2.0},{"damage":11.0,"enemies":"Centurion and Healer","floor":20.0,"turns":3.0},{"damage":0.0,"enemies":"Chosen and Byrds","floor":21.0,"turns":3.0},{"damage":12.0,"enemies":"Gremlin Leader","floor":23.0,"turns":5.0},{"damage":0.0,"enemies":"Snake Plant","floor":25.0,"turns":4.0},{"damage":28.0,"enemies":"Shelled Parasite and Fungi","floor":29.0,"turns":4.0},{"damage":7.0,"enemies":"Book of Stabbing","floor":30.0,"turns":2.0},{"damage":2.0,"enemies":"Centurion and Healer","floor":31.0,"turns":3.0},{"damage":42.0,"enemies":"Automaton","floor":33.0,"turns":6.0},{"damage":5,"enemies":"3 Darklings","floor":35,"turns":3},{"damage":15,"enemies":"3 Shapes","floor":36,"turns":3},{"damage":0,"enemies":"Transient","floor":39,"turns":6},{"damage":9,"enemies":"Giant Head","floor":41,"turns":8},{"damage":16,"enemies":"Reptomancer","floor":45,"turns":6},{"damage":0,"enemies":"Sphere and 2 Shapes","floor":48,"turns":2},{"damage":59,"enemies":"Time Eater","floor":50,"turns":9}],"seed_played":"-9004314451342404475","potions_obtained":[{"floor":10.0,"key":"Dexterity Potion"},{"floor":11.0,"key":"SmokeBomb"},{"floor":12.0,"key":"FocusPotion"},{"floor":19.0,"key":"Energy Potion"},{"floor":30.0,"key":"Energy Potion"},{"floor":36,"key":"SkillPotion"},{"floor":37,"key":"PowerPotion"},{"floor":37,"key":"ColorlessPotion"},{"floor":45,"key":"PotionOfCapacity"}],"is_trial":false,"path_per_floor":["M","?","M","?","?","E","R","E","T","M","M","E","R","?","R","B",null,"M","M","M","M","?","E","?","M","T","R","$","M","E","M","R","B",null,"M","M","?","$","M","R","E","$","T","$","E","?","R","M","R","B",null],"character_chosen":"DEFECT","items_purchased":["Oddly Smooth Stone","DataDisk","Lee\u0027s Waffle","Potion Belt","Noxious Fumes","Footwork"],"campfire_rested":1,"item_purchase_floors":[28,28,28,38,38,42],"current_hp_per_floor":[75,64,70,75,72,70,70,62,62,58,50,39,66,100,100,100,100,97,99,90,92,92,82,82,84,84,84,119,99,100,102,121,97,121,123,112,112,112,127,127,127,127,127,127,129,129,129,131,131,82],"gold":15,"neow_bonus":"","is_daily":true,"chose_seed":false,"campfire_upgraded":5,"win_rate":0.0,"timestamp":1613963363,"path_taken":["M","?","M","?","?","E","R","E","T","M","?","E","R","?","R","BOSS","M","M","?","M","?","E","?","M","T","R","$","M","E","M","R","BOSS","M","M","?","$","M","R","E","$","T","?","E","?","R","M","R","BOSS"],"items_purchased_type":["Relic","Relic","Relic","Relic","Card","Card"],"build_version":"2020-12-22","purchased_purges":0,"victory":true,"max_hp_per_floor":[75,75,75,80,80,82,82,84,84,86,88,90,90,100,100,100,100,102,104,106,108,108,110,110,112,112,112,119,119,121,121,121,121,121,123,125,125,125,127,127,127,127,127,127,129,129,129,131,131,131],"relic_stats":{"Lee\u0027s Waffle":35,"Singing Bowl":34,"counters":[25,102],"Mummified Hand":[255],"CeramicFish":63,"Bird Faced Urn":[91],"Eternal Feather":19,"Pen Nib":[9],"Bag of Preparation":[44],"Letter Opener":[50],"Orichalcum":[6],"obtain_stats":[{"Potion Belt":38,"Girya":41,"Lee\u0027s Waffle":28,"Singing Bowl":5,"CeramicFish":8,"Oddly Smooth Stone":28,"Eternal Feather":30,"Pen Nib":12,"Bag of Preparation":6,"Letter Opener":45,"Orichalcum":23,"Ancient Tea Set":43,"Nuclear Battery":34,"DataDisk":28,"Mummified Hand":9,"MutagenicStrength":24,"Bird Faced Urn":26,"Philosopher\u0027s Stone":17,"Red Mask":46,"Cracked Core":0},{"Potion Belt":20,"Girya":22,"Lee\u0027s Waffle":14,"Singing Bowl":2,"CeramicFish":4,"Oddly Smooth Stone":14,"Eternal Feather":16,"Pen Nib":7,"Bag of Preparation":3,"Letter Opener":23,"Orichalcum":13,"Ancient Tea Set":22,"Nuclear Battery":18,"DataDisk":14,"Mummified Hand":4,"MutagenicStrength":13,"Bird Faced Urn":14,"Philosopher\u0027s Stone":8,"Red Mask":23,"Cracked Core":0},{"Potion Belt":71,"Girya":85,"Lee\u0027s Waffle":50,"Singing Bowl":7,"CeramicFish":20,"Oddly Smooth Stone":50,"Eternal Feather":56,"Pen Nib":28,"Bag of Preparation":12,"Letter Opener":91,"Orichalcum":46,"Ancient Tea Set":85,"Nuclear Battery":65,"DataDisk":50,"Mummified Hand":20,"MutagenicStrength":46,"Bird Faced Urn":50,"Philosopher\u0027s Stone":31,"Red Mask":91,"Cracked Core":0}]},"card_choices":[{"not_picked":["Underhanded Strike"],"picked":"Backflip","floor":1.0},{"not_picked":["Masterful Stab","Pommel Strike"],"picked":"SKIP","floor":3.0},{"not_picked":["Poisoned Stab","Entrench"],"picked":"Singing Bowl","floor":6.0},{"not_picked":["Escape Plan","Flechettes"],"picked":"Singing Bowl","floor":8.0},{"not_picked":["Crippling Poison","Wireheading"],"picked":"Singing Bowl","floor":10.0},{"not_picked":["CutThroughFate","Go for the Eyes"],"picked":"Singing Bowl","floor":11.0},{"not_picked":["Iron Wave","Redo"],"picked":"Singing Bowl","floor":12.0},{"not_picked":["Tools of the Trade"],"picked":"Venomology","floor":16.0},{"not_picked":["Crescendo","ReachHeaven+1"],"picked":"Singing Bowl","floor":18.0},{"not_picked":["Havoc","PiercingWail+1"],"picked":"Singing Bowl","floor":19.0},{"not_picked":["Streamline","Study"],"picked":"Singing Bowl","floor":20.0},{"not_picked":["Bane","PiercingWail"],"picked":"Singing Bowl","floor":21.0},{"not_picked":["Hologram","FlyingSleeves+1"],"picked":"Singing Bowl","floor":23.0},{"not_picked":["Headbutt","Finisher"],"picked":"Singing Bowl","floor":25.0},{"not_picked":["EmptyBody"],"picked":"Leap","floor":29.0},{"not_picked":["Brutality","Flex"],"picked":"Singing Bowl","floor":30.0},{"not_picked":["Cold Snap"],"picked":"Cloak And Dagger+1","floor":31.0},{"not_picked":["Seek"],"picked":"Venomology","floor":33.0},{"not_picked":["Headbutt+1","Conclude"],"picked":"Singing Bowl","floor":35},{"not_picked":["Sentinel+1","Accuracy"],"picked":"Singing Bowl","floor":36},{"not_picked":["Twin Strike+1","Compile Driver+1"],"picked":"Singing Bowl","floor":39},{"not_picked":["JustLucky+1"],"picked":"Steam","floor":41},{"not_picked":["FollowUp","Distraction"],"picked":"Singing Bowl","floor":45},{"not_picked":["Skim","EmptyBody"],"picked":"Singing Bowl","floor":48}],"player_experience":1185462,"relics_obtained":[{"floor":6.0,"key":"Bag of Preparation"},{"floor":8.0,"key":"CeramicFish"},{"floor":9.0,"key":"Mummified Hand"},{"floor":12.0,"key":"Pen Nib"},{"floor":23.0,"key":"Orichalcum"},{"floor":26.0,"key":"Bird Faced Urn"},{"floor":30.0,"key":"Eternal Feather"},{"floor":41,"key":"Girya"},{"floor":43,"key":"Ancient Tea Set"},{"floor":45,"key":"Letter Opener"}],"event_choices":[{"damage_healed":0.0,"max_hp_gain":0.0,"max_hp_loss":0.0,"gold_gain":75.0,"event_name":"World of Goop","player_choice":"Gather Gold","floor":2.0,"gold_loss":0.0,"damage_taken":11.0},{"damage_healed":0.0,"max_hp_gain":5.0,"max_hp_loss":0.0,"gold_gain":0.0,"event_name":"Big Fish","player_choice":"Donut","floor":4.0,"gold_loss":0.0,"damage_taken":0.0},{"damage_healed":0.0,"max_hp_gain":0.0,"max_hp_loss":0.0,"gold_gain":0.0,"event_name":"Scrap Ooze","player_choice":"Success","floor":5.0,"gold_loss":0.0,"damage_taken":3.0,"relics_obtained":["Singing Bowl"]},{"cards_removed":["Alpha"],"damage_healed":24.0,"max_hp_gain":10.0,"max_hp_loss":0.0,"gold_gain":0.0,"event_name":"Bonfire Elementals","player_choice":"Offered Rare","floor":14.0,"gold_loss":0.0,"damage_taken":0.0},{"damage_healed":0.0,"max_hp_gain":0.0,"max_hp_loss":0.0,"gold_gain":0.0,"event_name":"The Mausoleum","player_choice":"Ignored","floor":22.0,"gold_loss":0.0,"damage_taken":0.0},{"damage_healed":0.0,"max_hp_gain":0.0,"max_hp_loss":0.0,"gold_gain":0.0,"event_name":"Drug Dealer","player_choice":"Inject Mutagens","floor":24.0,"gold_loss":0.0,"damage_taken":0.0,"relics_obtained":["MutagenicStrength"]},{"damage_healed":0,"gold_gain":0,"player_choice":"Got Potions","damage_taken":0,"max_hp_gain":0,"max_hp_loss":0,"event_name":"Lab","floor":37,"gold_loss":0},{"damage_healed":0,"gold_gain":0,"player_choice":"Paid","damage_taken":0,"relics_obtained":["Red Mask"],"max_hp_gain":0,"max_hp_loss":0,"event_name":"Tomb of Lord Red Mask","floor":46,"gold_loss":175}],"is_beta":false,"boss_relics":[{"not_picked":["Velvet Choker","SacredBark"],"picked":"Philosopher\u0027s Stone"},{"not_picked":["Sozu","Busted Crown"],"picked":"Nuclear Battery"}],"items_purged_floors":[],"is_endless":false,"potions_floor_spawned":[10,11,12,16,19,21,25,30,36,39,45],"ascension_level":0}}