{"host":"b1dzdo8uo7e6jx8g","time":1613993812,"event":{"mods":["AchievementEnabler","BaseMod","BetterRewards","Colored Map","Downfall","Highlight Path","Minty Spire (QoL Compilation)","StSLib"],"gold_per_floor":[118,129,129,207,225,258,338,338,363,392,392,412,412,441,441,536,536,555,555,555,36,54,80,80,113,136,136,136],"floor_reached":27,"language":"ENG","playtime":935,"items_purged":[],"score":280,"play_id":"b94a976d-f480-44fb-a0fc-7f61e40c6b91","local_time":"20210222123652","is_ascension_mode":true,"campfire_choices":[{"floor":8,"key":"REST"},{"floor":11,"key":"REST"},{"floor":15,"key":"REST"},{"floor":24,"key":"REST"}],"circlet_count":0,"master_deck":["Defend_P","Defend_P+1","Defend_P","Defend_P","Eruption","Vigilance","FollowUp","BattleHymn","WindmillStrike","Adaptation","Conclude","Prostrate+1","CrushJoints","Wish","Slimebound:Tackle+1","Slimebound:Tackle+1","Slimebound:Tackle+1","Halt+1","Consecrate","Consecrate"],"relics":["PureWater","Turnip","Tiny Chest","InkBottle","Regal Pillow","Ornamental Fan","Damaru","Dream Catcher","Mango","Sozu","Bottled Lightning","Kunai","Toy Ornithopter","Happy Flower","Lantern"],"acts_visited":["Exordium","TheCity"],"potions_floor_usage":[18],"damage_taken":[{"damage":0,"enemies":"Cultist","floor":1,"turns":2},{"damage":8,"enemies":"Jaw Worm","floor":2,"turns":3},{"damage":0,"enemies":"2 Louse","floor":5,"turns":3},{"damage":32,"enemies":"Gremlin Nob","floor":6,"turns":3},{"damage":36,"enemies":"Lagavulin","floor":10,"turns":5},{"damage":6,"enemies":"Large Slime","floor":12,"turns":3},{"damage":12,"enemies":"Gremlin Nob","floor":14,"turns":3},{"damage":43,"enemies":"The Guardian","floor":16,"turns":6},{"damage":13,"enemies":"Shell Parasite","floor":18,"turns":4},{"damage":16,"enemies":"3 Byrds","floor":22,"turns":4},{"damage":32,"enemies":"Gremlin Leader","floor":23,"turns":4},{"damage":39,"enemies":"Book of Stabbing","floor":25,"turns":4},{"damage":40,"enemies":"Slavers","floor":27,"turns":3}],"seed_played":"5327881135669678144","potions_obtained":[{"floor":1,"key":"SpeedPotion"},{"floor":5,"key":"SteroidPotion"},{"floor":6,"key":"Ancient Potion"}],"is_trial":false,"path_per_floor":["M","M","$","T","M","E","T","R","T","E","R","M","?","E","R","B",null,"M","?","T","$","M","E","R","E","T","E"],"character_chosen":"WATCHER","items_purchased":["FollowUp","Tiny Chest","Bottled Lightning","Kunai"],"campfire_rested":4,"item_purchase_floors":[0,0,21,21],"current_hp_per_floor":[52,44,44,44,44,12,12,48,48,12,48,42,28,30,70,27,86,73,73,73,73,57,25,65,26,26,0,0],"gold":136,"neow_bonus":"","is_daily":false,"chose_seed":false,"campfire_upgraded":0,"win_rate":0.0,"timestamp":1613993812,"path_taken":["M","M","?","?","?","E","?","R","T","E","R","M","?","E","R","BOSS","M","?","?","$","M","E","R","E","T","E"],"items_purchased_type":["Card","Relic","Relic","Relic"],"build_version":"2020-12-22","purchased_purges":0,"victory":false,"max_hp_per_floor":[72,72,72,72,72,72,72,72,72,72,72,72,72,86,86,86,86,86,86,86,86,86,86,86,86,86,86,86],"card_choices":[{"not_picked":["WindmillStrike","MentalFortress"],"picked":"BattleHymn","floor":1},{"not_picked":["DeceiveReality","FearNoEvil"],"picked":"WindmillStrike","floor":2},{"not_picked":["BowlingBash","Protect","ThirdEye"],"picked":"SKIP","floor":5},{"not_picked":["Fasting2","MasterReality"],"picked":"Adaptation","floor":6},{"not_picked":["Crescendo","Adaptation"],"picked":"Conclude","floor":10},{"not_picked":["DeceiveReality","Protect"],"picked":"Prostrate","floor":12},{"not_picked":["Meditate","Crescendo","ForeignInfluence"],"picked":"SKIP","floor":14},{"not_picked":["CutThroughFate","FlyingSleeves"],"picked":"CrushJoints","floor":15},{"not_picked":["LessonLearned","Alpha"],"picked":"Wish","floor":16},{"not_picked":["ClearTheMind+1","EmptyBody","SashWhip"],"picked":"SKIP","floor":18},{"not_picked":["ClearTheMind+1","EmptyFist"],"picked":"Halt+1","floor":22},{"not_picked":["Crescendo","Swivel"],"picked":"Consecrate","floor":23},{"not_picked":["MentalFortress","FlyingSleeves"],"picked":"Consecrate","floor":24},{"not_picked":["CrushJoints","PathToVictory+1","BowlingBash+1"],"picked":"SKIP","floor":25}],"player_experience":262640,"relics_obtained":[{"floor":4,"key":"InkBottle"},{"floor":6,"key":"Regal Pillow"},{"floor":7,"key":"Ornamental Fan"},{"floor":9,"key":"Damaru"},{"floor":10,"key":"Dream Catcher"},{"floor":14,"key":"Mango"},{"floor":23,"key":"Toy Ornithopter"},{"floor":25,"key":"Happy Flower"},{"floor":26,"key":"Lantern"}],"event_choices":[{"damage_healed":0,"gold_gain":0,"player_choice":"Entered Light","damage_taken":14,"max_hp_gain":0,"max_hp_loss":0,"event_name":"Shining Light","floor":13,"gold_loss":0,"cards_upgraded":["Defend_P","Prostrate"]}],"is_beta":false,"boss_relics":[{"not_picked":["Fusion Hammer","Black Star"],"picked":"Sozu"}],"items_purged_floors":[],"is_endless":false,"potions_floor_spawned":[1,5,6,16,18,23],"killed_by":"Slavers","ascension_level":1}}