{"host":"6nn4wuhmber0v4i4","time":1613992863,"event":{"mods":["BaseMod","Downfall","Hermit","Lobotomy","Minty Spire (QoL Compilation)","Quick Restart","Relic Stats","Replay The Spire","Spicy Shops","StSLib","The Cursed","The Poker Player"],"gold_per_floor":[111,128,128,141,316,316,370,370,370,370,370,370],"floor_reached":11,"language":"ZHS","playtime":554,"items_purged":[],"score":61,"play_id":"ce0b1766-1170-46c9-8742-69cc30f4baf4","local_time":"20210222192103","is_ascension_mode":false,"campfire_choices":[{"floor":6.0,"key":"RECALL"},{"data":"hermit:Snapshot","floor":8.0,"key":"SMITH"}],"circlet_count":0,"master_deck":["hermit:Strike_Hermit","hermit:Strike_Hermit","hermit:Strike_Hermit","hermit:Strike_Hermit","hermit:Defend_Hermit","hermit:Defend_Hermit","hermit:Defend_Hermit","hermit:Defend_Hermit","hermit:Snapshot+1","hermit:Covet","WallGazer","hermit:TakeAim+1","Injury","NothingThere","hermit:Cheat","Doubt"],"relics":["hermit:Momento","CogitoBucket","Golden Idol","Iron Hammer"],"acts_visited":["Exordium"],"potions_floor_usage":[11,11],"damage_taken":[{"damage":9.0,"enemies":"Jaw Worm","floor":1.0,"turns":4.0},{"damage":0.0,"enemies":"2 Louse","floor":2.0,"turns":2.0},{"damage":10.0,"enemies":"Small Slimes","floor":4.0,"turns":3.0},{"damage":58,"enemies":"Lagavulin","floor":11,"turns":6}],"seed_played":"-2259626205469856234","potions_obtained":[{"floor":1.0,"key":"ColorlessPotion"},{"floor":2.0,"key":"LifebloodPotion"}],"is_trial":false,"path_per_floor":["M","M","?","M","?","R","?","R","T","?","E"],"character_chosen":"HERMIT","items_purchased":[],"campfire_rested":0,"item_purchase_floors":[],"current_hp_per_floor":[66,66,66,56,56,56,56,56,56,56,6,6],"gold":370,"neow_bonus":"","is_daily":false,"chose_seed":false,"campfire_upgraded":1,"win_rate":0.0,"timestamp":1613992863,"path_taken":["M","M","?","M","?","R","?","R","T","?","E"],"items_purchased_type":[],"build_version":"2020-12-22","purchased_purges":0,"victory":false,"max_hp_per_floor":[75,75,75,75,75,75,75,75,75,75,75,75],"relic_stats":{"counters":[4,15],"Golden Idol":3,"obtain_stats":[{"CogitoBucket":0,"Golden Idol":3,"Iron Hammer":9,"hermit:Momento":0},{"CogitoBucket":0,"Golden Idol":2,"Iron Hammer":3,"hermit:Momento":0},{"CogitoBucket":0,"Golden Idol":6,"Iron Hammer":9,"hermit:Momento":0}]},"card_choices":[{"not_picked":["hermit:PistolWhip","hermit:Roulette","hermit:Coalescence"],"picked":"SKIP","floor":1.0},{"not_picked":["MeatLantern","OldLady"],"picked":"WallGazer","floor":2.0},{"not_picked":["hermit:Vantage","hermit:HighCaliber"],"picked":"hermit:TakeAim","floor":2.0},{"not_picked":["OldLady","HeroicMonk"],"picked":"NothingThere","floor":4.0},{"not_picked":["hermit:Ricochet","hermit:Coalescence"],"picked":"hermit:Cheat","floor":4.0}],"player_experience":284820,"relics_obtained":[{"floor":9.0,"key":"Iron Hammer"}],"event_choices":[{"damage_healed":0.0,"max_hp_gain":0.0,"max_hp_loss":0.0,"gold_gain":0.0,"event_name":"Golden Idol","player_choice":"Take Wound","floor":3.0,"gold_loss":0.0,"damage_taken":0.0,"relics_obtained":["Golden Idol"],"cards_obtained":["Injury"]},{"damage_healed":0.0,"max_hp_gain":0.0,"max_hp_loss":0.0,"gold_gain":175.0,"event_name":"Liars Game","player_choice":"AGREE","floor":5.0,"gold_loss":0.0,"damage_taken":0.0,"cards_obtained":["Doubt"]},{"damage_healed":0.0,"max_hp_gain":0.0,"max_hp_loss":0.0,"gold_gain":54.0,"event_name":"Golden Wing","player_choice":"Gained Gold","floor":7.0,"gold_loss":0.0,"damage_taken":0.0}],"is_beta":false,"boss_relics":[],"items_purged_floors":[],"is_endless":false,"potions_floor_spawned":[1,2],"killed_by":"Lagavulin","ascension_level":0}}