{"host":"rl3s470f8onwqc1s","time":1613964797,"event":{"mods":["ATMod(°¢èªMod)","Act Like it!","BaseMod","Gensokyo","Gold Saver","Minty Spire (QoL Compilation)","Shop Mod","Spicy Shops","StSLib","TestMod","[IsaacMod]ÒÔÈö¼âËþ"],"gold_per_floor":[119,119,119,139,158,184,44,64,91,91,91],"floor_reached":10,"language":"ZHS","playtime":300,"items_purged":[],"score":276,"play_id":"1fc4c35f-a1fa-4558-abb3-d24d5fbf46bb","local_time":"20210222113317","is_ascension_mode":true,"campfire_choices":[],"circlet_count":0,"master_deck":["AscendersBane","Strike_R","Strike_R","Strike_R","Strike_R","Strike_R","Defend_R","Defend_R","Defend_R","Defend_R","Bash","AT_ShrugMaster","Pride","testmod-Lust","testmod-Wrath","testmod-Sloth","testmod-Envy","testmod-Greed","testmod-Gluttony","testmod-Gluttony","Evolve","Body Slam","Second Wind","Seeing Red","AT_IchimonjiDouble"],"relics":["Burning Blood","testmod-TestBox","HushsDoor","AT_ATBox","DeathBook","testmod-SevenDeadlySins","Du-Vu Doll","Darkstone Periapt","Blue Candle","NeowsBlessing","AT_EbonyIvory","Gensokyo:Justice","Regal Pillow","TungstenRod","AT_BladeRuinedKing"],"acts_visited":["Exordium"],"potions_floor_usage":[10],"damage_taken":[{"damage":0.0,"enemies":"Gensokyo:Python","floor":1.0,"turns":1.0},{"damage":1.0,"enemies":"Gensokyo:2_Kodama","floor":4.0,"turns":1.0},{"damage":15.0,"enemies":"Gensokyo:3_Fairies","floor":5.0,"turns":2.0},{"damage":64.0,"enemies":"Gensokyo:Aya","floor":6.0,"turns":6.0},{"damage":12.0,"enemies":"Gensokyo:Kitsune","floor":8.0,"turns":3.0},{"damage":32,"enemies":"Gensokyo:Cirno","floor":10,"turns":4}],"seed_played":"-1992401842024051150","potions_obtained":[{"floor":1.0,"key":"Fire Potion"},{"floor":5.0,"key":"Energy Potion"}],"is_trial":false,"path_per_floor":["M","?","?","M","M","E","?","M","T","E"],"character_chosen":"IRONCLAD","items_purchased":[],"campfire_rested":0,"item_purchase_floors":[],"current_hp_per_floor":[122,107,107,112,103,45,45,39,39,7,7],"gold":91,"neow_bonus":"THREE_ENEMY_KILL","is_daily":false,"chose_seed":false,"campfire_upgraded":0,"win_rate":0.0,"timestamp":1613964797,"path_taken":["M","?","?","M","M","E","?","M","T","E"],"items_purchased_type":[],"build_version":"2020-12-22","purchased_purges":0,"victory":false,"max_hp_per_floor":[123,123,123,123,123,123,123,123,123,123,123],"card_choices":[{"not_picked":[],"picked":"Bomb","floor":0.0},{"not_picked":["Headbutt","Cleave"],"picked":"Evolve","floor":1.0},{"not_picked":["Sword Boomerang","Iron Wave"],"picked":"Body Slam","floor":4.0},{"not_picked":["Searing Blow","Dark Embrace"],"picked":"Second Wind","floor":5.0},{"not_picked":["Brutality","Infernal Blade"],"picked":"Seeing Red","floor":6.0},{"not_picked":["Heavy Blade","Flex"],"picked":"AT_IchimonjiDouble","floor":8.0}],"player_experience":1367364,"relics_obtained":[{"floor":6.0,"key":"Regal Pillow"},{"floor":9.0,"key":"AT_BladeRuinedKing"}],"event_choices":[],"is_beta":false,"boss_relics":[],"items_purged_floors":[],"is_endless":false,"potions_floor_spawned":[1,5],"killed_by":"Gensokyo:Cirno","ascension_level":20}}