{"host":"pifa3o3uv2a0m12r","time":1613977645,"event":{"mods":["AchievementEnabler","BaseMod","Colored Map","Minty Spire (QoL Compilation)","StSLib","SuperFastMode"],"gold_per_floor":[111,121,139,139,15,48,62,93,93,93,127,127,127,141,141,246,246,263,263,273,292,207,207,207],"floor_reached":23,"language":"FRA","playtime":550,"items_purged":["Strike_R"],"score":211,"play_id":"307337cc-0960-4e8b-ba53-ea88cd19ded4","local_time":"20210221210725","is_ascension_mode":false,"campfire_choices":[{"floor":10,"key":"REST"},{"data":"Demon Form","floor":12,"key":"SMITH"},{"floor":15,"key":"REST"}],"circlet_count":0,"master_deck":["Strike_R","Strike_R","Defend_R","Defend_R","Defend_R","Defend_R","Bash","Cleave","Rampage","Demon Form+1","Heavy Blade","Ghostly Armor","Carnage","Immolate"],"relics":["Burning Blood","NeowsBlessing","Du-Vu Doll","Shuriken","Bottled Tornado","Ornamental Fan","Empty Cage","Bronze Scales"],"acts_visited":["Exordium","TheCity"],"potions_floor_usage":[16,16,23,23],"damage_taken":[{"damage":0,"enemies":"Cultist","floor":1,"turns":1},{"damage":0,"enemies":"Small Slimes","floor":2,"turns":1},{"damage":0,"enemies":"2 Louse","floor":3,"turns":1},{"damage":25,"enemies":"3 Sentries","floor":6,"turns":6},{"damage":18,"enemies":"2 Fungi Beasts","floor":7,"turns":4},{"damage":21,"enemies":"Lagavulin","floor":8,"turns":6},{"damage":17,"enemies":"Gremlin Nob","floor":11,"turns":4},{"damage":11,"enemies":"Blue Slaver","floor":14,"turns":4},{"damage":53,"enemies":"Slime Boss","floor":16,"turns":10},{"damage":22,"enemies":"Shell Parasite","floor":18,"turns":7},{"damage":14,"enemies":"Spheric Guardian","floor":20,"turns":4},{"damage":35,"enemies":"Snake Plant","floor":21,"turns":4},{"damage":44,"enemies":"Slavers","floor":23,"turns":3}],"seed_played":"3326629665662151219","potions_obtained":[{"floor":2,"key":"Explosive Potion"},{"floor":7,"key":"LiquidBronze"},{"floor":21,"key":"Explosive Potion"}],"is_trial":false,"path_per_floor":["M","M","M","?","$","E","M","E","T","R","E","R","?","M","R","B",null,"M","?","M","M","?","E"],"character_chosen":"IRONCLAD","items_purchased":["BloodPotion"],"campfire_rested":2,"item_purchase_floors":[5],"current_hp_per_floor":[80,80,80,80,80,61,49,34,34,58,47,47,47,42,66,19,80,64,64,56,27,27,0,0],"gold":207,"neow_bonus":"THREE_ENEMY_KILL","is_daily":false,"chose_seed":false,"campfire_upgraded":1,"win_rate":0.0,"timestamp":1613977645,"path_taken":["M","M","?","?","?","E","M","E","T","R","E","R","?","M","R","BOSS","M","?","M","M","?","E"],"items_purchased_type":["Potion"],"build_version":"2020-12-22","purchased_purges":1,"victory":false,"max_hp_per_floor":[80,80,80,80,80,80,80,80,80,80,80,80,80,80,80,80,80,80,80,80,80,80,80,80],"card_choices":[{"not_picked":["Intimidate","Clash"],"picked":"Cleave","floor":1},{"not_picked":["Anger","Havoc"],"picked":"Rampage","floor":2},{"not_picked":["Wild Strike","Headbutt","Sever Soul"],"picked":"SKIP","floor":3},{"not_picked":["Intimidate","Warcry"],"picked":"Heavy Blade","floor":6},{"not_picked":["Battle Trance","Thunderclap"],"picked":"Ghostly Armor","floor":7},{"not_picked":["Battle Trance","Combust","Warcry"],"picked":"SKIP","floor":8},{"not_picked":["Twin Strike","Juggernaut","Thunderclap"],"picked":"SKIP","floor":11},{"not_picked":["Battle Trance","Headbutt"],"picked":"Carnage","floor":14},{"not_picked":["Bludgeon","Feed"],"picked":"Immolate","floor":16},{"not_picked":["Bloodletting","Anger+1","Armaments"],"picked":"SKIP","floor":18},{"not_picked":["Disarm+1","Pommel Strike","Body Slam"],"picked":"SKIP","floor":20},{"not_picked":["Clothesline","Warcry","Dark Embrace"],"picked":"SKIP","floor":21}],"player_experience":147371,"relics_obtained":[{"floor":6,"key":"Du-Vu Doll"},{"floor":8,"key":"Shuriken"},{"floor":9,"key":"Bottled Tornado"},{"floor":11,"key":"Ornamental Fan"}],"event_choices":[{"damage_healed":0,"gold_gain":0,"player_choice":"1 cards matched","damage_taken":0,"max_hp_gain":0,"max_hp_loss":0,"event_name":"Match and Keep!","floor":4,"gold_loss":0,"cards_obtained":["Demon Form"]},{"damage_healed":0,"gold_gain":0,"player_choice":"Ignored","damage_taken":0,"max_hp_gain":0,"max_hp_loss":0,"event_name":"Liars Game","floor":13,"gold_loss":0},{"damage_healed":0,"gold_gain":0,"player_choice":"Ignored","damage_taken":0,"max_hp_gain":0,"max_hp_loss":0,"event_name":"Cursed Tome","floor":19,"gold_loss":0},{"damage_healed":0,"gold_gain":0,"player_choice":"Obtained Relic","damage_taken":0,"relics_obtained":["Bronze Scales"],"max_hp_gain":0,"max_hp_loss":0,"event_name":"Addict","floor":22,"gold_loss":85}],"is_beta":false,"boss_relics":[{"not_picked":["Coffee Dripper","Busted Crown"],"picked":"Empty Cage"}],"items_purged_floors":[5],"is_endless":false,"potions_floor_spawned":[2,7,11,14,21],"killed_by":"Slavers","ascension_level":0}}