{"host":"l1pzlbpva2o8t11s","time":1613984265,"event":{"mods":["AchievementEnabler","BaseMod","Block Reminder","Colored Map","Minty Spire (QoL Compilation)","Random Character Button","Relic Stats","StSLib","The Jungle"],"gold_per_floor":[112,112,187,187,112,112,145,145,216,235,252,265,291,28,28,126,126,139,71,71,71,89,89,89,89,161,16,16,35,35,35,35,132,132,148,158,58,70,70,100,150,176,199,225,239,239,268,281,281,281,281,281,6,41,41],"floor_reached":56,"language":"ENG","playtime":2667,"items_purged":["Regret","Strike_G+1","Strike_G+1"],"score":1457,"play_id":"25f4eddb-89d2-4bf2-a8d3-eff292659654","local_time":"20210222095745","is_ascension_mode":true,"campfire_choices":[{"data":"Poisoned Stab","floor":6.0,"key":"SMITH"},{"floor":8.0,"key":"REST"},{"data":"Noxious Fumes","floor":15.0,"key":"SMITH"},{"data":"Poisoned Stab","floor":23.0,"key":"SMITH"},{"data":"Catalyst","floor":25.0,"key":"SMITH"},{"data":"Neutralize","floor":28.0,"key":"SMITH"},{"data":"Survivor","floor":32.0,"key":"SMITH"},{"floor":46,"key":"RECALL"},{"floor":49,"key":"REST"},{"floor":52,"key":"REST"}],"circlet_count":0,"master_deck":["Strike_G+1","Defend_G+1","Defend_G+1","Defend_G+1","Defend_G+1","Survivor+1","Neutralize+1","Poisoned Stab+1","Catalyst+1","Poisoned Stab+1","Noxious Fumes+1","Catalyst+1","Burst+1","Noxious Fumes+1","Madness+1"],"relics":["Ring of the Snake","Centennial Puzzle","Gambling Chip","CaptainsWheel","Pear","Pantograph","TwistedFunnel","Runic Pyramid","Strange Spoon","White Beast Statue","Empty Cage","Snake Skull","Ice Cream","War Paint","Potion Belt","Toy Ornithopter","The Specimen","TheAbacus","Akabeko"],"acts_visited":["Exordium","TheCity","TheBeyond","TheEnding"],"potions_floor_usage":[55,55,55,55,55,55,55],"damage_taken":[{"damage":0.0,"enemies":"Jaw Worm","floor":1.0,"turns":5.0},{"damage":36.0,"enemies":"Gremlin Nob","floor":7.0,"turns":5.0},{"damage":1.0,"enemies":"Small Slimes","floor":10.0,"turns":3.0},{"damage":0.0,"enemies":"2 Louse","floor":11.0,"turns":2.0},{"damage":5.0,"enemies":"Exordium Thugs","floor":12.0,"turns":6.0},{"damage":13.0,"enemies":"Lagavulin","floor":13.0,"turns":6.0},{"damage":27.0,"enemies":"Hexaghost","floor":16.0,"turns":7.0},{"damage":17.0,"enemies":"2 Thieves","floor":18.0,"turns":4.0},{"damage":0.0,"enemies":"3 Byrds","floor":22.0,"turns":3.0},{"damage":0.0,"enemies":"3 Cultists","floor":29.0,"turns":3.0},{"damage":10.0,"enemies":"Collector","floor":33.0,"turns":4.0},{"damage":9.0,"enemies":"3 Shapes","floor":35.0,"turns":4.0},{"damage":6.0,"enemies":"3 Darklings","floor":36.0,"turns":4.0},{"damage":0.0,"enemies":"Spire Growth","floor":38.0,"turns":3.0},{"damage":20.0,"enemies":"Nemesis","floor":40.0,"turns":5.0},{"damage":0.0,"enemies":"Mind Bloom Boss Battle","floor":41.0,"turns":2.0},{"damage":7,"enemies":"Reptomancer","floor":42,"turns":2},{"damage":0,"enemies":"Maw","floor":45,"turns":3},{"damage":0,"enemies":"Giant Head","floor":47,"turns":3},{"damage":30,"enemies":"3 Darklings","floor":48,"turns":3},{"damage":12,"enemies":"Time Eater","floor":50,"turns":4},{"damage":6,"enemies":"Shield and Spear","floor":54,"turns":4},{"damage":80,"enemies":"The Heart","floor":55,"turns":6}],"seed_played":"6577886351925540675","potions_obtained":[{"floor":11.0,"key":"BlessingOfTheForge"},{"floor":12.0,"key":"Explosive Potion"},{"floor":16.0,"key":"DuplicationPotion"},{"floor":18.0,"key":"Block Potion"},{"floor":22.0,"key":"EntropicBrew"},{"floor":33.0,"key":"GamblersBrew"},{"floor":36.0,"key":"Poison Potion"},{"floor":40.0,"key":"FairyPotion"},{"floor":45,"key":"FearPotion"},{"floor":47,"key":"ColorlessPotion"},{"floor":48,"key":"PowerPotion"}],"is_trial":false,"path_per_floor":["M","?","?","?","$","R","E","R","T","M","M","M","E","$","R","B",null,"M","$","?","$","M","R","$","R","T","$","R","M","?","T","R","B",null,"M","M","$","M","?","E","?","E","T","T","M","R","E","M","R","B",null,"R","$","E","B",null],"character_chosen":"THE_SILENT","items_purchased":["TwistedFunnel","Poisoned Stab","Noxious Fumes","Catalyst","Strange Spoon","TheAbacus"],"campfire_rested":3,"item_purchase_floors":[14,14,14,19,27,53],"current_hp_per_floor":[70,70,59,47,47,47,11,32,42,41,41,36,23,23,23,21,80,63,63,63,63,63,63,63,63,63,63,63,63,63,63,63,70,80,71,65,65,65,65,45,70,63,63,63,63,63,63,33,57,68,80,80,80,74,40],"gold":41,"neow_bonus":"REMOVE_CARD","is_daily":false,"chose_seed":false,"campfire_upgraded":6,"win_rate":0.0,"timestamp":1613984265,"path_taken":["M","?","?","?","$","R","E","R","T","M","M","M","E","$","R","BOSS","M","$","?","$","M","R","?","R","T","$","R","M","?","?","R","BOSS","M","M","$","M","?","E","?","E","T","?","M","R","E","?","R","BOSS","R","$","E","BOSS"],"items_purchased_type":["Relic","Card","Card","Card","Relic","Relic"],"build_version":"2020-12-22","purchased_purges":3,"victory":true,"max_hp_per_floor":[70,70,70,70,70,70,70,70,80,80,80,80,80,80,80,80,80,80,80,80,80,80,80,80,80,80,80,80,80,80,80,80,80,80,80,80,80,80,80,80,80,80,80,80,80,80,80,80,80,80,80,80,80,80,80],"relic_stats":{"Strange Spoon":[15],"Centennial Puzzle":[45],"TheAbacus":[24],"counters":[23,91],"Gambling Chip":[76],"Pantograph":96,"Snake Skull":[76],"War Paint":["Madness","Burst"],"obtain_stats":[{"TwistedFunnel":14,"Ice Cream":41,"Potion Belt":43,"Pear":9,"The Specimen":47,"Snake Skull":40,"War Paint":42,"Empty Cage":34,"White Beast Statue":31,"Akabeko":54,"Strange Spoon":27,"Centennial Puzzle":2,"CaptainsWheel":7,"TheAbacus":53,"Gambling Chip":4,"Pantograph":13,"Toy Ornithopter":44,"Ring of the Snake":0,"Runic Pyramid":17},{"TwistedFunnel":6,"Ice Cream":16,"Potion Belt":17,"Pear":2,"The Specimen":19,"Snake Skull":15,"War Paint":17,"Empty Cage":11,"White Beast Statue":10,"Akabeko":22,"Strange Spoon":9,"Centennial Puzzle":1,"CaptainsWheel":2,"TheAbacus":21,"Gambling Chip":1,"Pantograph":6,"Toy Ornithopter":17,"Ring of the Snake":0,"Runic Pyramid":7},{"TwistedFunnel":27,"Ice Cream":66,"Potion Belt":68,"Pear":10,"The Specimen":74,"Snake Skull":64,"War Paint":68,"Empty Cage":48,"White Beast Statue":44,"Akabeko":85,"Strange Spoon":41,"Centennial Puzzle":5,"CaptainsWheel":10,"TheAbacus":81,"Gambling Chip":5,"Pantograph":27,"Toy Ornithopter":68,"Ring of the Snake":0,"Runic Pyramid":34}],"Toy Ornithopter":26,"Ring of the Snake":[46]},"card_choices":[{"not_picked":["Sucker Punch","Dodge and Roll"],"picked":"Poisoned Stab","floor":1.0},{"not_picked":["Heel Hook","Finisher","Phantasmal Killer"],"picked":"SKIP","floor":7.0},{"not_picked":["Dagger Spray","Skewer","Flying Knee"],"picked":"SKIP","floor":10.0},{"not_picked":["Slice","Skewer","Quick Slash"],"picked":"SKIP","floor":11.0},{"not_picked":["Blade Dance","Blur"],"picked":"Catalyst","floor":12.0},{"not_picked":["Predator","Quick Slash","All Out Attack"],"picked":"SKIP","floor":13.0},{"not_picked":["Finisher","Well Laid Plans","Skewer"],"picked":"SKIP","floor":18.0},{"not_picked":["Bane","Sucker Punch","Caltrops"],"picked":"SKIP","floor":22.0},{"not_picked":["Blade Dance","Cloak And Dagger+1","Slice+1"],"picked":"SKIP","floor":29.0},{"not_picked":["Phantasmal Killer","After Image"],"picked":"Burst","floor":33.0},{"not_picked":["Blade Dance+1","Endless Agony","PiercingWail+1"],"picked":"SKIP","floor":35.0},{"not_picked":["Skewer","PiercingWail","Underhanded Strike"],"picked":"SKIP","floor":36.0},{"not_picked":["Backstab","PiercingWail+1"],"picked":"Noxious Fumes+1","floor":38.0},{"not_picked":["Good Instincts","PanicButton"],"picked":"Madness","floor":39.0},{"not_picked":["Leg Sweep+1","Backflip","Distraction"],"picked":"SKIP","floor":40.0},{"not_picked":["Underhanded Strike","Dagger Throw","Flechettes+1"],"picked":"SKIP","floor":42},{"not_picked":["Dagger Spray","Masterful Stab+1","Poisoned Stab"],"picked":"SKIP","floor":45},{"not_picked":["Acrobatics+1","Bane+1","Sucker Punch"],"picked":"SKIP","floor":47},{"not_picked":["Terror+1","Blur+1","All Out Attack"],"picked":"SKIP","floor":48},{"not_picked":["Endless Agony+1","Quick Slash+1","Outmaneuver"],"picked":"SKIP","floor":54}],"player_experience":182662,"relics_obtained":[{"floor":7.0,"key":"CaptainsWheel"},{"floor":9.0,"key":"Pear"},{"floor":13.0,"key":"Pantograph"},{"floor":31.0,"key":"White Beast Statue"},{"floor":40.0,"key":"Snake Skull"},{"floor":41.0,"key":"Ice Cream"},{"floor":42,"key":"War Paint"},{"floor":43,"key":"Potion Belt"},{"floor":44,"key":"Toy Ornithopter"},{"floor":47,"key":"The Specimen"},{"floor":54,"key":"Akabeko"}],"event_choices":[{"damage_healed":0.0,"max_hp_gain":0.0,"max_hp_loss":0.0,"gold_gain":0.0,"event_name":"Big Fish","player_choice":"Box","floor":2.0,"gold_loss":0.0,"damage_taken":0.0,"relics_obtained":["Centennial Puzzle"],"cards_obtained":["Regret"]},{"damage_healed":0.0,"max_hp_gain":0.0,"max_hp_loss":0.0,"gold_gain":75.0,"event_name":"World of Goop","player_choice":"Gather Gold","floor":3.0,"gold_loss":0.0,"damage_taken":11.0},{"damage_healed":0.0,"max_hp_gain":0.0,"max_hp_loss":0.0,"gold_gain":0.0,"event_name":"Scrap Ooze","player_choice":"Success","floor":4.0,"gold_loss":0.0,"damage_taken":12.0,"relics_obtained":["Gambling Chip"]},{"damage_healed":0.0,"max_hp_gain":0.0,"max_hp_loss":0.0,"gold_gain":0.0,"event_name":"Accursed Blacksmith","player_choice":"Forge","floor":20.0,"gold_loss":0.0,"damage_taken":0.0,"cards_upgraded":["Catalyst"]},{"damage_healed":0.0,"max_hp_gain":0.0,"max_hp_loss":0.0,"gold_gain":0.0,"event_name":"Back to Basics","player_choice":"Simplicity","floor":30.0,"gold_loss":0.0,"damage_taken":0.0,"cards_upgraded":["Strike_G","Strike_G","Strike_G","Strike_G","Strike_G","Defend_G","Defend_G","Defend_G","Defend_G"]},{"damage_healed":0.0,"max_hp_gain":0.0,"max_hp_loss":0.0,"gold_gain":0.0,"event_name":"SensoryStone","player_choice":"Memory 1","floor":39.0,"gold_loss":0.0,"damage_taken":0.0},{"damage_healed":0.0,"max_hp_gain":0.0,"max_hp_loss":0.0,"gold_gain":0.0,"event_name":"MindBloom","player_choice":"Fight","floor":41.0,"gold_loss":0.0,"damage_taken":0.0}],"is_beta":false,"boss_relics":[{"not_picked":["Cursed Key","Runic Dome"],"picked":"Runic Pyramid"},{"not_picked":["Pandora\u0027s Box","Snecko Eye"],"picked":"Empty Cage"}],"items_purged_floors":[5,37,53],"is_endless":false,"potions_floor_spawned":[11,12,16,18,22,33,35,36,38,40,41,42,45,47,48,54],"ascension_level":4}}