{"host":"15dd7v8o90xso62x","time":1613967926,"event":{"mods":["BaseMod","Minty Spire (QoL Compilation)","Quick Restart","StSLib","SuperFastMode"],"gold_per_floor":[117,135,145,165,90,118,118,143,143,163,189,31,41,61,61,135,135,155,13,41,60,60,93,110,68,92,92,122,122,141,154,154,228,228,244,466,466,330,345,345,357,357,384,399,399,434,456,303,303,303,303,303,303,77,110,110],"floor_reached":57,"language":"KOR","playtime":3370,"items_purged":["Sever Soul","Bash","Carnage"],"score":2868,"play_id":"dd4dd0bf-9fb7-483e-abee-cbfccc0a4f96","local_time":"20210222132526","is_ascension_mode":true,"campfire_choices":[{"data":"Carnage","floor":7.0,"key":"SMITH"},{"data":"Fire Breathing","floor":15.0,"key":"SMITH"},{"data":"Feed","floor":27.0,"key":"SMITH"},{"data":"Dark Embrace","floor":32.0,"key":"SMITH"},{"data":"Double Tap","floor":40.0,"key":"SMITH"},{"data":"Feel No Pain","floor":45.0,"key":"SMITH"},{"floor":49.0,"key":"RECALL"},{"data":"Evolve","floor":53,"key":"SMITH"}],"circlet_count":0,"master_deck":["AscendersBane","Shockwave+1","Battle Trance","Evolve+1","Carnage+1","Disarm","Fire Breathing+1","Impervious","Feed+1","Inflame","Carnage","Thunderclap","Rage","Second Wind","Dropkick","Feel No Pain+1","Dropkick","Dark Embrace+1","Double Tap+1"],"relics":["Burning Blood","NeowsBlessing","Bag of Preparation","Regal Pillow","White Beast Statue","Orichalcum","Membership Card","Pandora\u0027s Box","TheAbacus","Red Mask","InkBottle","Anchor","PreservedInsect","SlaversCollar","Ancient Tea Set","Pear","MawBank","Sling","Centennial Puzzle","Bronze Scales","Lee\u0027s Waffle","Happy Flower"],"acts_visited":["Exordium","TheCity","TheBeyond","TheEnding"],"potions_floor_usage":[56],"damage_taken":[{"damage":0.0,"enemies":"Small Slimes","floor":1.0,"turns":1.0},{"damage":0.0,"enemies":"Jaw Worm","floor":2.0,"turns":2.0},{"damage":0.0,"enemies":"Cultist","floor":3.0,"turns":1.0},{"damage":14.0,"enemies":"Looter","floor":4.0,"turns":4.0},{"damage":18.0,"enemies":"Lagavulin","floor":6.0,"turns":7.0},{"damage":1.0,"enemies":"2 Fungi Beasts","floor":10.0,"turns":3.0},{"damage":8.0,"enemies":"Gremlin Nob","floor":11.0,"turns":3.0},{"damage":0.0,"enemies":"Exordium Thugs","floor":13.0,"turns":4.0},{"damage":2.0,"enemies":"Blue Slaver","floor":14.0,"turns":3.0},{"damage":32.0,"enemies":"Slime Boss","floor":16.0,"turns":7.0},{"damage":24.0,"enemies":"Spheric Guardian","floor":18.0,"turns":6.0},{"damage":18.0,"enemies":"Masked Bandits","floor":20.0,"turns":6.0},{"damage":0.0,"enemies":"Chosen","floor":21.0,"turns":4.0},{"damage":21.0,"enemies":"Slavers","floor":23.0,"turns":4.0},{"damage":0.0,"enemies":"Sentry and Sphere","floor":24.0,"turns":4.0},{"damage":21.0,"enemies":"Book of Stabbing","floor":28.0,"turns":7.0},{"damage":2.0,"enemies":"3 Cultists","floor":30.0,"turns":4.0},{"damage":13.0,"enemies":"Shelled Parasite and Fungi","floor":31.0,"turns":6.0},{"damage":0.0,"enemies":"Champ","floor":33.0,"turns":5.0},{"damage":30.0,"enemies":"3 Shapes","floor":35.0,"turns":4.0},{"damage":9.0,"enemies":"Orb Walker","floor":39.0,"turns":5.0},{"damage":0.0,"enemies":"Sphere and 2 Shapes","floor":41.0,"turns":5.0},{"damage":12.0,"enemies":"Jaw Worm Horde","floor":44.0,"turns":5.0},{"damage":28.0,"enemies":"Reptomancer","floor":46.0,"turns":5.0},{"damage":7.0,"enemies":"Spire Growth","floor":47.0,"turns":4.0},{"damage":60.0,"enemies":"Time Eater","floor":50.0,"turns":11.0},{"damage":16,"enemies":"Donu and Deca","floor":51,"turns":4},{"damage":0,"enemies":"Shield and Spear","floor":55,"turns":3},{"damage":4,"enemies":"The Heart","floor":56,"turns":6}],"seed_played":"2337877756361151256","potions_obtained":[{"floor":3.0,"key":"EssenceOfSteel"},{"floor":4.0,"key":"Swift Potion"},{"floor":6.0,"key":"Energy Potion"},{"floor":10.0,"key":"Energy Potion"},{"floor":14.0,"key":"ElixirPotion"},{"floor":18.0,"key":"SpeedPotion"},{"floor":20.0,"key":"BloodPotion"},{"floor":21.0,"key":"CultistPotion"},{"floor":23.0,"key":"BloodPotion"},{"floor":24.0,"key":"ColorlessPotion"},{"floor":28.0,"key":"Fire Potion"},{"floor":29.0,"key":"PowerPotion"},{"floor":30.0,"key":"AttackPotion"},{"floor":33.0,"key":"PowerPotion"},{"floor":35.0,"key":"SmokeBomb"},{"floor":39.0,"key":"Fruit Juice"},{"floor":41.0,"key":"Weak Potion"},{"floor":44.0,"key":"FairyPotion"}],"is_trial":false,"path_per_floor":["M","M","M","M","?","E","R","T","T","M","E","$","M","M","R","B",null,"M","$","?","M","?","E","M","$","T","R","E","?","M","M","R","B",null,"M","?","?","$","M","R","M","?","T","M","R","E","M","$","R","B","B",null,"R","$","E","B",null],"character_chosen":"IRONCLAD","items_purchased":["Membership Card","Feel No Pain","TheAbacus","Dropkick","Ancient Tea Set","Sling","Centennial Puzzle","Bronze Scales","Lee\u0027s Waffle"],"campfire_rested":0,"item_purchase_floors":[12,19,19,25,38,48,48,54,54],"current_hp_per_floor":[74,75,75,67,67,55,55,55,55,60,58,58,64,68,68,42,67,52,52,43,52,52,53,78,78,78,78,67,67,75,72,72,78,94,74,74,74,74,80,80,90,100,100,98,98,80,83,83,83,33,27,116,116,153,157,157],"gold":110,"neow_bonus":"THREE_ENEMY_KILL","is_daily":false,"chose_seed":false,"campfire_upgraded":7,"win_rate":0.0,"timestamp":1613967926,"path_taken":["M","M","M","M","?","E","R","?","T","M","E","$","?","M","R","BOSS","M","?","?","M","?","E","?","$","T","R","E","?","M","M","R","BOSS","M","?","?","$","M","R","M","?","T","?","R","E","?","$","R","BOSS","BOSS","R","$","E","BOSS"],"items_purchased_type":["Relic","Card","Relic","Card","Relic","Relic","Relic","Relic","Relic"],"build_version":"2020-12-22","purchased_purges":3,"victory":true,"max_hp_per_floor":[75,75,75,75,75,75,75,75,75,75,75,75,75,75,75,75,75,78,78,81,84,84,84,87,87,87,87,91,91,95,99,99,99,99,103,103,103,103,112,112,116,126,126,130,130,134,138,138,138,142,146,146,146,153,157,157],"card_choices":[{"not_picked":["Headbutt","Clothesline"],"picked":"Shockwave","floor":1.0},{"not_picked":["Perfected Strike","Combust"],"picked":"Battle Trance","floor":2.0},{"not_picked":["Ghostly Armor","Sword Boomerang"],"picked":"Evolve","floor":3.0},{"not_picked":["Twin Strike","True Grit"],"picked":"Carnage","floor":4.0},{"not_picked":["Warcry","Clothesline","Shockwave"],"picked":"SKIP","floor":6.0},{"not_picked":["Iron Wave","Perfected Strike","Warcry"],"picked":"SKIP","floor":10.0},{"not_picked":["Headbutt","Rampage"],"picked":"Disarm","floor":11.0},{"not_picked":["Hemokinesis","Entrench"],"picked":"Fire Breathing","floor":13.0},{"not_picked":["Reckless Charge","Flex"],"picked":"Impervious","floor":14.0},{"not_picked":["Offering","Brutality"],"picked":"Feed","floor":16.0},{"not_picked":["Headbutt","Clash","Havoc"],"picked":"SKIP","floor":18.0},{"not_picked":["Flex","Clash","True Grit"],"picked":"SKIP","floor":21.0},{"not_picked":["Flex","Clash","True Grit"],"picked":"SKIP","floor":21.0},{"not_picked":["Blood for Blood","Juggernaut","Spot Weakness"],"picked":"SKIP","floor":23.0},{"not_picked":["Armaments","Shrug It Off","Inflame"],"picked":"SKIP","floor":24.0},{"not_picked":["Rage","True Grit+1"],"picked":"Dark Embrace","floor":28.0},{"not_picked":["Cleave","Fire Breathing","Sever Soul"],"picked":"SKIP","floor":30.0},{"not_picked":["Cleave","Armaments","Flex"],"picked":"SKIP","floor":31.0},{"not_picked":["Feed","Corruption"],"picked":"Double Tap","floor":33.0},{"not_picked":["Infernal Blade","Shockwave","Pummel+1"],"picked":"SKIP","floor":35.0},{"not_picked":["Clothesline+1","Shrug It Off","Iron Wave+1"],"picked":"SKIP","floor":39.0},{"not_picked":["Thunderclap","Heavy Blade","Armaments"],"picked":"SKIP","floor":41.0},{"not_picked":["Body Slam","True Grit","Flex"],"picked":"SKIP","floor":44.0},{"not_picked":["Wild Strike","Anger","Bludgeon"],"picked":"SKIP","floor":46.0},{"not_picked":["Cleave+1","Dropkick+1","Clothesline+1"],"picked":"SKIP","floor":47.0},{"not_picked":["Cleave","Evolve","Iron Wave"],"picked":"SKIP","floor":55}],"player_experience":962484,"relics_obtained":[{"floor":6.0,"key":"Bag of Preparation"},{"floor":8.0,"key":"Regal Pillow"},{"floor":9.0,"key":"White Beast Statue"},{"floor":11.0,"key":"Orichalcum"},{"floor":20.0,"key":"Red Mask"},{"floor":23.0,"key":"InkBottle"},{"floor":26.0,"key":"Anchor"},{"floor":28.0,"key":"PreservedInsect"},{"floor":42.0,"key":"Pear"},{"floor":46.0,"key":"MawBank"},{"floor":55,"key":"Happy Flower"}],"event_choices":[{"cards_removed":["Strike_R"],"damage_healed":0.0,"max_hp_gain":0.0,"max_hp_loss":0.0,"gold_gain":0.0,"event_name":"The Cleric","player_choice":"Card Removal","floor":5.0,"gold_loss":75.0,"damage_taken":0.0},{"damage_healed":0.0,"max_hp_gain":0.0,"max_hp_loss":0.0,"gold_gain":0.0,"event_name":"Masked Bandits","player_choice":"Fought Bandits","floor":20.0,"gold_loss":0.0,"damage_taken":0.0},{"damage_healed":0.0,"max_hp_gain":0.0,"max_hp_loss":0.0,"gold_gain":0.0,"event_name":"Accursed Blacksmith","player_choice":"Forge","floor":22.0,"gold_loss":0.0,"damage_taken":0.0,"cards_upgraded":["Shockwave"]},{"damage_healed":0.0,"max_hp_gain":0.0,"max_hp_loss":0.0,"gold_gain":0.0,"event_name":"Lab","player_choice":"Got Potions","floor":29.0,"gold_loss":0.0,"damage_taken":0.0},{"damage_healed":0.0,"max_hp_gain":0.0,"max_hp_loss":0.0,"gold_gain":222.0,"event_name":"Tomb of Lord Red Mask","player_choice":"Wore Mask","floor":36.0,"gold_loss":0.0,"damage_taken":0.0},{"damage_healed":0.0,"max_hp_gain":0.0,"max_hp_loss":0.0,"gold_gain":0.0,"event_name":"SensoryStone","player_choice":"Memory 1","floor":37.0,"gold_loss":0.0,"damage_taken":0.0},{"damage_healed":0.0,"max_hp_gain":0.0,"max_hp_loss":0.0,"gold_gain":0.0,"event_name":"Wheel of Change","player_choice":"Relic","floor":42.0,"gold_loss":0.0,"damage_taken":0.0}],"is_beta":false,"boss_relics":[{"not_picked":["Mark of Pain","Ectoplasm"],"picked":"Pandora\u0027s Box"},{"not_picked":["Astrolabe","Black Blood"],"picked":"SlaversCollar"}],"items_purged_floors":[19,38,54],"is_endless":false,"potions_floor_spawned":[3,4,6,10,11,13,14,16,18,20,21,23,24,28,30,31,33,35,39,41,44,46,47,55],"ascension_level":20}}