{"host":"72n3jwtrlpjobydj","time":1613974531,"event":{"mods":["AchievementEnabler","Act Like it!","Arknights","BaseMod","CapriCore","DeckTracker","Hermit","Koishi","Lobotomy","Marisa£¨Ùöéë¡¡Øª×âÞÞ£©","Minty Spire (QoL Compilation)","Permanent Neow","StSLib","SuperFastMode","The Cursed","The Gatherer","The Hierophant","The Immortal"],"gold_per_floor":[218,119,194,207,207,207,217,244,268,268,295,308,273,273,273,273,273],"floor_reached":16,"language":"KOR","playtime":412,"items_purged":[],"score":108,"play_id":"8c66a1ff-4f82-4364-ae3f-4d10b9ddf6c2","local_time":"20210222151531","is_ascension_mode":false,"campfire_choices":[{"data":"Koishi:StingingMind","floor":6,"key":"SMITH"},{"floor":10,"key":"REST"},{"floor":15,"key":"RECALL"}],"circlet_count":0,"master_deck":["Koishi:BasicStrike","Koishi:BasicStrike","Koishi:BasicStrike","Koishi:BasicStrike","Koishi:BasicDefend","Koishi:BasicDefend","Koishi:BasicDefend","Koishi:BasicDefend","Koishi:Provoke","Koishi:HauntingSlash","Koishi:RacingHeart","Koishi:StingingMind+1","Koishi:RacingHeart","Koishi:StingingMind","Koishi:ParalyzingFear","Koishi:EmbersOfLove","Koishi:ParalyzingFear"],"relics":["Koishi:ImaginaryFriend","Dream Catcher","Blue Candle"],"acts_visited":["Exordium"],"potions_floor_usage":[12,16,16],"damage_taken":[{"damage":2,"enemies":"Small Slimes","floor":1,"turns":4},{"damage":6,"enemies":"Cultist","floor":4,"turns":3},{"damage":3,"enemies":"Jaw Worm","floor":7,"turns":2},{"damage":23,"enemies":"3 Sentries","floor":8,"turns":8},{"damage":26,"enemies":"Lagavulin","floor":11,"turns":6},{"damage":5,"enemies":"Blue Slaver","floor":12,"turns":2},{"damage":65,"enemies":"Hexaghost","floor":16,"turns":9}],"seed_played":"5263874282792855370","potions_obtained":[{"floor":1,"key":"FearPotion"},{"floor":11,"key":"DistilledChaos"},{"floor":12,"key":"Fruit Juice"}],"is_trial":false,"path_per_floor":["M","$","?","M","?","R","M","E","T","R","E","M","?","?","R","B"],"character_chosen":"KOISHI","items_purchased":["Koishi:StingingMind","Koishi:RacingHeart"],"campfire_rested":1,"item_purchase_floors":[2,2],"current_hp_per_floor":[59,59,53,56,56,56,58,48,48,60,50,54,65,65,65,0,0],"gold":273,"neow_bonus":"HUNDRED_GOLD","is_daily":false,"chose_seed":false,"campfire_upgraded":1,"win_rate":0.0,"timestamp":1613974531,"path_taken":["M","$","?","?","?","R","M","E","T","R","E","M","?","?","R","BOSS"],"items_purchased_type":["Card","Card"],"build_version":"2020-12-22","purchased_purges":0,"victory":false,"max_hp_per_floor":[60,60,60,60,60,60,60,60,60,60,60,65,65,65,65,65,65],"card_choices":[{"not_picked":["Koishi:DanmakuParanoia","Koishi:RorschachInDanmaku"],"picked":"Koishi:RacingHeart","floor":1},{"not_picked":["Koishi:YoukaiPolygraph","Koishi:ReflexRadar"],"picked":"Koishi:StingingMind","floor":4},{"not_picked":["Koishi:SubconsciousSweep","Koishi:SpiritedAway"],"picked":"Koishi:ParalyzingFear","floor":7},{"not_picked":["Koishi:FadingMemory","Koishi:IdleWhim"],"picked":"Koishi:EmbersOfLove","floor":8},{"not_picked":["Koishi:StingingMind","Koishi:SubconsciousSweep"],"picked":"Koishi:ParalyzingFear","floor":10},{"not_picked":["Koishi:ReflexRadar","Koishi:ConditionedTeleport","Koishi:EmbryosDream"],"picked":"SKIP","floor":11},{"not_picked":["Koishi:ReleaseOfTheId","Koishi:DNAsFlaw","Koishi:FleetingPhantom"],"picked":"SKIP","floor":12}],"player_experience":120140,"relics_obtained":[{"floor":8,"key":"Dream Catcher"},{"floor":11,"key":"Blue Candle"}],"event_choices":[{"damage_healed":0,"gold_gain":75,"player_choice":"Touch","damage_taken":6,"max_hp_gain":0,"max_hp_loss":0,"event_name":"FaceTrader","floor":3,"gold_loss":0},{"damage_healed":0,"gold_gain":0,"player_choice":"Ignored","damage_taken":0,"max_hp_gain":0,"max_hp_loss":0,"event_name":"Liars Game","floor":5,"gold_loss":0},{"damage_healed":16,"gold_gain":0,"player_choice":"Healed","damage_taken":0,"max_hp_gain":0,"max_hp_loss":0,"event_name":"The Cleric","floor":13,"gold_loss":35},{"damage_healed":0,"gold_gain":0,"player_choice":"Ignored","damage_taken":0,"max_hp_gain":0,"max_hp_loss":0,"event_name":"Transmorgrifier","floor":14,"gold_loss":0}],"is_beta":false,"boss_relics":[],"items_purged_floors":[],"is_endless":false,"potions_floor_spawned":[1,11,12],"killed_by":"Hexaghost","ascension_level":0}}