{"host":"nptej036rrbiurf5","time":1613976957,"event":{"mods":["BaseMod","Colored Map","Colored Powertips","DeckTracker","Minty Spire (QoL Compilation)","StSLib","SuperFastMode"],"gold_per_floor":[109,129,39,39,39,73,73,87,87,87,87,120,152,197,209,221,221],"floor_reached":16,"language":"KOR","playtime":251,"items_purged":[],"score":286,"play_id":"12df6f1c-bc49-45cc-a2f0-ece275da9522","local_time":"20210222155557","is_ascension_mode":true,"campfire_choices":[{"data":"Armaments","floor":7,"key":"SMITH"},{"data":"Sword Boomerang","floor":11,"key":"SMITH"},{"data":"Corruption","floor":15,"key":"SMITH"}],"circlet_count":0,"master_deck":["AscendersBane","Strike_R","Strike_R","Strike_R","Strike_R+1","Strike_R","Defend_R+1","Defend_R","Defend_R","Defend_R","Bash","Pommel Strike","Sword Boomerang+1","Hemokinesis","Armaments+1","Hemokinesis","Corruption+1"],"relics":["Burning Blood","NeowsBlessing","WingedGreaves","Shuriken","Akabeko","MawBank","Frozen Egg 2"],"acts_visited":["Exordium"],"potions_floor_usage":[12],"damage_taken":[{"damage":0,"enemies":"Cultist","floor":1,"turns":1},{"damage":0,"enemies":"2 Louse","floor":2,"turns":1},{"damage":0,"enemies":"Gremlin Nob","floor":6,"turns":1},{"damage":9,"enemies":"Jaw Worm","floor":8,"turns":3},{"damage":16,"enemies":"3 Sentries","floor":12,"turns":7},{"damage":0,"enemies":"Red Slaver","floor":13,"turns":1},{"damage":26,"enemies":"Lagavulin","floor":14,"turns":4},{"damage":49,"enemies":"Hexaghost","floor":16,"turns":8}],"seed_played":"559429665639920327","potions_obtained":[{"floor":2,"key":"DuplicationPotion"},{"floor":6,"key":"EssenceOfSteel"},{"floor":12,"key":"DuplicationPotion"},{"floor":14,"key":"FairyPotion"}],"is_trial":false,"path_per_floor":["M","M","$","?","$","E","R","M","T","?","R","E","M","E","R","B"],"character_chosen":"IRONCLAD","items_purchased":["Hemokinesis","Armaments"],"campfire_rested":0,"item_purchase_floors":[3,3],"current_hp_per_floor":[74,75,75,52,52,58,58,55,55,50,50,40,46,26,26,0,0],"gold":221,"neow_bonus":"THREE_ENEMY_KILL","is_daily":false,"chose_seed":false,"campfire_upgraded":3,"win_rate":0.0,"timestamp":1613976957,"path_taken":["M","M","$","?","$","E","R","M","T","?","R","E","M","E","R","BOSS"],"items_purchased_type":["Card","Card"],"build_version":"2020-12-22","purchased_purges":0,"victory":false,"max_hp_per_floor":[75,75,75,75,75,75,75,75,75,75,75,75,75,75,75,75,75],"card_choices":[{"not_picked":["Sword Boomerang","Bloodletting"],"picked":"Pommel Strike","floor":1},{"not_picked":["Iron Wave","Clash"],"picked":"Sword Boomerang","floor":2},{"not_picked":["True Grit","Metallicize","Flex"],"picked":"SKIP","floor":6},{"not_picked":["Armaments","Whirlwind"],"picked":"Hemokinesis","floor":8},{"not_picked":["Pommel Strike","Clash","Warcry"],"picked":"SKIP","floor":12},{"not_picked":["Wild Strike","Sword Boomerang"],"picked":"Corruption","floor":13},{"not_picked":["Flex","Wild Strike","Iron Wave"],"picked":"SKIP","floor":14}],"player_experience":1008255,"relics_obtained":[{"floor":6,"key":"WingedGreaves"},{"floor":9,"key":"Shuriken"},{"floor":12,"key":"MawBank"},{"floor":14,"key":"Frozen Egg 2"}],"event_choices":[{"damage_healed":0,"gold_gain":0,"player_choice":"Entered Light","damage_taken":23,"max_hp_gain":0,"max_hp_loss":0,"event_name":"Shining Light","floor":4,"gold_loss":0,"cards_upgraded":["Strike_R","Defend_R"]},{"damage_healed":0,"gold_gain":0,"player_choice":"Success","damage_taken":5,"relics_obtained":["Akabeko"],"max_hp_gain":0,"max_hp_loss":0,"event_name":"Scrap Ooze","floor":10,"gold_loss":0}],"is_beta":false,"boss_relics":[],"items_purged_floors":[],"is_endless":false,"potions_floor_spawned":[2,6,12,14],"killed_by":"Hexaghost","ascension_level":20}}