{"host":"ilhhjx796p2x2wmd","time":1613954609,"event":{"mods":["AchievementEnabler","BaseMod","BetterRewards","Colored Map","Colored Powertips","DeckTracker","Highlight Path","Minty Spire (QoL Compilation)","Permanent Neow","Rare Cards Sparkle","Shop Mod"],"gold_per_floor":[11,111,124,135,153,153,183,183,257,273,273,273],"floor_reached":11,"language":"KOR","playtime":309,"items_purged":[],"score":113,"play_id":"df61f6a4-8a7f-4e4a-9511-4d6e8cfb413e","local_time":"20210222094329","is_ascension_mode":true,"campfire_choices":[{"data":"Secret Weapon","floor":6,"key":"SMITH"},{"data":"Wild Strike","floor":8,"key":"SMITH"}],"circlet_count":0,"master_deck":["AscendersBane","Strike_R","Strike_R","Strike_R","Strike_R","Strike_R","Defend_R","Defend_R","Defend_R","Defend_R","Bash","Secret Weapon+1","Armaments","Wild Strike+1","Clothesline","Infernal Blade","Shrug It Off"],"relics":["Burning Blood","StoneCalendar","Singing Bowl"],"acts_visited":["Exordium"],"potions_floor_usage":[7,7],"damage_taken":[{"damage":9,"enemies":"2 Louse","floor":1,"turns":4},{"damage":1,"enemies":"Cultist","floor":3,"turns":3},{"damage":10,"enemies":"Small Slimes","floor":4,"turns":3},{"damage":16,"enemies":"Blue Slaver","floor":5,"turns":4},{"damage":49,"enemies":"Lagavulin","floor":7,"turns":8},{"damage":10,"enemies":"Gremlin Gang","floor":10,"turns":7},{"damage":20,"enemies":"Gremlin Nob","floor":11,"turns":3}],"seed_played":"-2997712947048033292","potions_obtained":[{"floor":3,"key":"SteroidPotion"},{"floor":5,"key":"Weak Potion"}],"is_trial":false,"path_per_floor":["M","?","M","M","M","R","E","R","T","M","E"],"character_chosen":"IRONCLAD","items_purchased":[],"campfire_rested":0,"item_purchase_floors":[],"current_hp_per_floor":[69,69,74,70,60,60,17,17,17,13,0,0],"gold":273,"neow_bonus":"RANDOM_COLORLESS_2","is_daily":false,"chose_seed":false,"campfire_upgraded":2,"win_rate":0.0,"timestamp":1613954609,"path_taken":["M","?","M","M","M","R","E","R","T","?","E"],"items_purchased_type":[],"build_version":"2020-12-22","purchased_purges":0,"victory":false,"max_hp_per_floor":[80,80,80,80,80,80,80,80,80,80,80,80],"card_choices":[{"not_picked":["Chrysalis","Mayhem"],"picked":"Secret Weapon","floor":0},{"not_picked":["Headbutt","Uppercut"],"picked":"Armaments","floor":1},{"not_picked":["Twin Strike","Clash"],"picked":"Wild Strike","floor":3},{"not_picked":["Infernal Blade","Intimidate"],"picked":"Clothesline","floor":4},{"not_picked":["Infernal Blade","Thunderclap","Hemokinesis"],"picked":"SKIP","floor":5},{"not_picked":["Juggernaut","Dark Embrace"],"picked":"Infernal Blade","floor":7},{"not_picked":["Armaments","Clothesline"],"picked":"Shrug It Off","floor":10}],"player_experience":353587,"relics_obtained":[{"floor":7,"key":"StoneCalendar"},{"floor":9,"key":"Singing Bowl"}],"event_choices":[{"damage_healed":0,"gold_gain":100,"player_choice":"Pray","damage_taken":0,"max_hp_gain":0,"max_hp_loss":0,"event_name":"Golden Shrine","floor":2,"gold_loss":0}],"is_beta":false,"boss_relics":[],"items_purged_floors":[],"is_endless":false,"potions_floor_spawned":[3,5],"killed_by":"Gremlin Nob","ascension_level":10}}