{"host":"yqw1zpryoutrnocq","time":1613964998,"event":{"mods":["2.2 Compatiblity","AchievementEnabler","BaseMod","Colored Map","Custom Start","DeckTracker","Minty Spire (QoL Compilation)","StSLib","SuperFastMode"],"gold_per_floor":[110,21,39,56,69,69,97,108,108,124,124,124,21,38,38,114,114,130,130,130,130,145,173,173,202,247,247,258,173,190,190,190,190,264,264,283,301,301,301,315,342,342,342],"floor_reached":42,"language":"KOR","playtime":1242,"items_purged":[],"score":880,"play_id":"771e95f8-4158-493e-9140-6291757846fb","local_time":"20210221213638","is_ascension_mode":true,"campfire_choices":[{"data":"A Thousand Cuts","floor":6.0,"key":"SMITH"},{"data":"Noxious Fumes","floor":12.0,"key":"SMITH"},{"floor":15.0,"key":"REST"},{"data":"Envenom","floor":24.0,"key":"SMITH"},{"floor":27.0,"key":"REST"},{"data":"Catalyst","floor":33.0,"key":"SMITH"}],"circlet_count":1,"master_deck":["AscendersBane","Strike_G","Defend_G","Defend_G","Defend_G","Defend_G","Defend_G","Survivor","Neutralize+1","A Thousand Cuts+1","Backstab+1","Infinite Blades+1","Backflip","Slice","Terror","Cloak And Dagger","Finisher","Backflip","Noxious Fumes+1","Acrobatics","Blade Dance","Dagger Spray","Storm of Steel","Tactician","Storm of Steel","Blade Dance","Envenom+1","Prepared","Masterful Stab","Catalyst+1","Envenom","CurseOfTheBell","Dodge and Roll","Slice+1","The Bomb","Apotheosis","Finesse","Reflex","Quick Slash"],"relics":["Ring of the Snake","Ice Cream","Anchor","Empty Cage","Whetstone","White Beast Statue","Akabeko","Orichalcum","Pear","Calling Bell","Happy Flower","Letter Opener","Pocketwatch","Circlet","WingedGreaves","Kunai","Sundial","Shuriken","HandDrill","Mummified Hand","Blue Candle","Bottled Flame","Bottled Lightning"],"acts_visited":["Exordium","TheCity","TheBeyond"],"potions_floor_usage":[34,34,36],"damage_taken":[{"damage":15.0,"enemies":"2 Louse","floor":1.0,"turns":3.0},{"damage":4.0,"enemies":"Small Slimes","floor":3.0,"turns":3.0},{"damage":4.0,"enemies":"Cultist","floor":4.0,"turns":3.0},{"damage":0.0,"enemies":"3 Louse","floor":5.0,"turns":2.0},{"damage":10.0,"enemies":"3 Sentries","floor":7.0,"turns":4.0},{"damage":7.0,"enemies":"Exordium Wildlife","floor":8.0,"turns":5.0},{"damage":0.0,"enemies":"Gremlin Gang","floor":10.0,"turns":5.0},{"damage":3.0,"enemies":"Blue Slaver","floor":14.0,"turns":3.0},{"damage":0.0,"enemies":"Slime Boss","floor":16.0,"turns":6.0},{"damage":0.0,"enemies":"Chosen","floor":18.0,"turns":3.0},{"damage":12.0,"enemies":"2 Thieves","floor":22.0,"turns":3.0},{"damage":14.0,"enemies":"Slavers","floor":23.0,"turns":4.0},{"damage":30.0,"enemies":"Gremlin Leader","floor":25.0,"turns":5.0},{"damage":0.0,"enemies":"Centurion and Healer","floor":28.0,"turns":5.0},{"damage":0.0,"enemies":"Snecko","floor":30.0,"turns":3.0},{"damage":27,"enemies":"Champ","floor":34,"turns":11},{"damage":12,"enemies":"3 Darklings","floor":36,"turns":5},{"damage":9,"enemies":"3 Shapes","floor":37,"turns":3},{"damage":19,"enemies":"Maw","floor":40,"turns":5},{"damage":7,"enemies":"Giant Head","floor":41,"turns":6},{"damage":7,"enemies":"Jaw Worm Horde","floor":42,"turns":1}],"seed_played":"3187590135233886802","potions_obtained":[{"floor":3.0,"key":"Fire Potion"},{"floor":4.0,"key":"SteroidPotion"},{"floor":7.0,"key":"Block Potion"},{"floor":10.0,"key":"ColorlessPotion"},{"floor":18.0,"key":"CunningPotion"},{"floor":21.0,"key":"Fire Potion"},{"floor":22.0,"key":"LiquidMemories"},{"floor":23.0,"key":"Dexterity Potion"},{"floor":28.0,"key":"SteroidPotion"},{"floor":30.0,"key":"DuplicationPotion"},{"floor":34,"key":"PowerPotion"},{"floor":36,"key":"ColorlessPotion"},{"floor":37,"key":"BlessingOfTheForge"},{"floor":40,"key":"ColorlessPotion"},{"floor":41,"key":"Ancient Potion"}],"is_trial":false,"path_per_floor":["M","$","M","M","M","R","E","M","T","M","?","R","$","M","R","B",null,"M","?","$","?","M","E","R","E","T","R","M","?","M","M","T","R","B",null,"M","M","?","$","M","E","M"],"character_chosen":"THE_SILENT","items_purchased":["Infinite Blades","Backflip","Acrobatics","Blade Dance"],"campfire_rested":2,"item_purchase_floors":[2,2,13,13],"current_hp_per_floor":[30,30,26,22,22,22,12,5,5,5,5,5,5,2,23,23,58,58,58,58,58,46,32,32,2,2,23,23,23,23,23,33,33,6,62,50,41,31,31,12,5,0,0],"gold":342,"neow_bonus":"THREE_RARE_CARDS","is_daily":false,"chose_seed":false,"campfire_upgraded":4,"win_rate":0.0,"timestamp":1613964998,"path_taken":["M","$","M","M","M","R","E","M","T","M","?","R","$","M","R","BOSS","M","?","$","?","M","E","R","E","T","R","?","?","M","M","?","R","BOSS","M","?","?","$","M","E","M"],"items_purchased_type":["Card","Card","Card","Card"],"build_version":"2020-12-22","purchased_purges":0,"victory":false,"max_hp_per_floor":[70,70,70,70,70,70,70,70,70,70,70,70,70,70,70,70,70,70,70,70,70,70,70,70,70,70,70,70,70,70,70,80,80,80,80,80,80,80,80,80,80,80,80],"card_choices":[{"not_picked":["Venomology","Doppelganger"],"picked":"A Thousand Cuts","floor":0.0},{"not_picked":["Poisoned Stab","Concentrate"],"picked":"Backstab","floor":1.0},{"not_picked":["Flying Knee","Bane"],"picked":"Slice","floor":3.0},{"not_picked":["Quick Slash","Outmaneuver"],"picked":"Terror","floor":4.0},{"not_picked":["Backstab","Well Laid Plans"],"picked":"Cloak And Dagger","floor":5.0},{"not_picked":["Underhanded Strike","Grand Finale"],"picked":"Finisher","floor":7.0},{"not_picked":["Flying Knee","Deadly Poison"],"picked":"Backflip","floor":8.0},{"not_picked":["Expertise","Distraction"],"picked":"Noxious Fumes","floor":10.0},{"not_picked":["PiercingWail","Backflip"],"picked":"Dagger Spray","floor":14.0},{"not_picked":["Tools of the Trade","Night Terror"],"picked":"Storm of Steel","floor":16.0},{"not_picked":["Acrobatics","Bane","Reflex"],"picked":"SKIP","floor":18.0},{"not_picked":["Outmaneuver","Acrobatics"],"picked":"Blade Dance","floor":22.0},{"not_picked":["Poisoned Stab","Catalyst"],"picked":"Envenom","floor":23.0},{"not_picked":["Underhanded Strike","Distraction"],"picked":"Prepared","floor":25.0},{"not_picked":["Underhanded Strike+1","Outmaneuver"],"picked":"Masterful Stab","floor":28.0},{"not_picked":["Sucker Punch","Prepared"],"picked":"Catalyst","floor":30.0},{"not_picked":["Glass Knife","Venomology"],"picked":"Envenom","floor":34},{"not_picked":["Acrobatics","Blade Dance"],"picked":"Dodge and Roll","floor":36},{"not_picked":["Underhanded Strike","Blade Dance"],"picked":"Slice+1","floor":37},{"not_picked":["Dark Shackles","Dramatic Entrance"],"picked":"The Bomb","floor":38},{"not_picked":["Mind Blast","Metamorphosis"],"picked":"Apotheosis","floor":38},{"not_picked":["PanicButton","Jack Of All Trades"],"picked":"Finesse","floor":38},{"not_picked":["Dagger Spray","Acrobatics"],"picked":"Reflex","floor":40},{"not_picked":["Night Terror","Riddle With Holes"],"picked":"Quick Slash","floor":41}],"player_experience":358627,"relics_obtained":[{"floor":7.0,"key":"Ice Cream"},{"floor":9.0,"key":"Anchor"},{"floor":23.0,"key":"Whetstone"},{"floor":25.0,"key":"White Beast Statue"},{"floor":26.0,"key":"Akabeko"},{"floor":32.0,"key":"Pear"},{"floor":35,"key":"Happy Flower"},{"floor":35,"key":"Letter Opener"},{"floor":35,"key":"Pocketwatch"},{"floor":41,"key":"Blue Candle"}],"event_choices":[{"damage_healed":0.0,"max_hp_gain":0.0,"max_hp_loss":0.0,"gold_gain":0.0,"event_name":"Living Wall","player_choice":"Grow","floor":11.0,"gold_loss":0.0,"damage_taken":0.0,"cards_upgraded":["Infinite Blades"]},{"damage_healed":0.0,"max_hp_gain":0.0,"max_hp_loss":0.0,"gold_gain":0.0,"cards_transformed":["Strike_G","Strike_G"],"event_name":"Drug Dealer","player_choice":"Became Test Subject","floor":19.0,"gold_loss":0.0,"damage_taken":0.0,"cards_obtained":["Tactician","Storm of Steel"]},{"damage_healed":0.0,"max_hp_gain":0.0,"max_hp_loss":0.0,"gold_gain":0.0,"event_name":"Lab","player_choice":"Got Potions","floor":21.0,"gold_loss":0.0,"damage_taken":0.0},{"damage_healed":0.0,"max_hp_gain":0.0,"max_hp_loss":0.0,"gold_gain":0.0,"event_name":"Addict","player_choice":"Obtained Relic","floor":29.0,"gold_loss":85.0,"damage_taken":0.0,"relics_obtained":["Orichalcum"]},{"damage_healed":0,"gold_gain":0,"player_choice":"Memory 3","damage_taken":10,"max_hp_gain":0,"max_hp_loss":0,"event_name":"SensoryStone","floor":38,"gold_loss":0}],"is_beta":false,"boss_relics":[{"not_picked":["Fusion Hammer","Busted Crown"],"picked":"Empty Cage"},{"not_picked":["Runic Pyramid","Pandora\u0027s Box"],"picked":"Calling Bell"}],"items_purged_floors":[],"is_endless":false,"potions_floor_spawned":[3,4,7,10,18,22,23,28,30,34,36,37,40,41],"killed_by":"Jaw Worm Horde","ascension_level":13}}