{"host":"h3ogdo6no3ehk88q","time":1613954474,"event":{"mods":["AchievementEnabler","BaseMod","Downfall","Minty Spire (QoL Compilation)","StSLib","SuperFastMode"],"gold_per_floor":[113,129,147,147,22,197,167,194,194,194,194],"floor_reached":10,"language":"ENG","playtime":363,"items_purged":["Strike_G"],"score":106,"play_id":"a5ba40f3-2b84-4f3c-af0b-d5bafbf8d0cc","local_time":"20210221194114","is_ascension_mode":true,"campfire_choices":[{"floor":9,"key":"REST"}],"circlet_count":0,"master_deck":["AscendersBane","Strike_G","Strike_G","Strike_G","Strike_G","Defend_G","Defend_G","Defend_G","Defend_G","Defend_G","Survivor","Neutralize","Burst","Flechettes","Dagger Spray","PiercingWail","Doubt","Catalyst+1"],"relics":["Ring of the Snake","Toxic Egg 2"],"acts_visited":["Exordium"],"potions_floor_usage":[8,10],"damage_taken":[{"damage":0,"enemies":"Cultist","floor":1,"turns":5},{"damage":6,"enemies":"Small Slimes","floor":2,"turns":6},{"damage":1,"enemies":"2 Louse","floor":3,"turns":3},{"damage":1,"enemies":"Looter","floor":7,"turns":4},{"damage":59,"enemies":"Gremlin Nob","floor":8,"turns":7},{"damage":25,"enemies":"3 Sentries","floor":10,"turns":3}],"seed_played":"6159309451038447208","potions_obtained":[{"floor":3,"key":"Swift Potion"},{"floor":8,"key":"Swift Potion"}],"is_trial":false,"path_per_floor":["M","M","M","?","$","?","M","E","R","E"],"character_chosen":"THE_SILENT","items_purchased":["PiercingWail"],"campfire_rested":1,"item_purchase_floors":[5],"current_hp_per_floor":[45,39,38,61,61,61,60,1,22,0,0],"gold":194,"neow_bonus":"THREE_RARE_CARDS","is_daily":false,"chose_seed":false,"campfire_upgraded":0,"win_rate":0.0,"timestamp":1613954474,"path_taken":["M","M","M","?","$","?","M","E","R","E"],"items_purchased_type":["Card"],"build_version":"2020-12-22","purchased_purges":1,"victory":false,"max_hp_per_floor":[70,70,70,70,70,70,70,70,70,70,70],"card_choices":[{"not_picked":["Bullet Time","A Thousand Cuts"],"picked":"Burst","floor":0},{"not_picked":["Dagger Throw","Tactician","Slice"],"picked":"SKIP","floor":1},{"not_picked":["Acrobatics","Caltrops"],"picked":"Flechettes","floor":2},{"not_picked":["Flying Knee","Dodge and Roll"],"picked":"Dagger Spray","floor":3},{"not_picked":["Riddle With Holes","Endless Agony","Heel Hook"],"picked":"SKIP","floor":7},{"not_picked":["Bullet Time+1","Acrobatics+1"],"picked":"Catalyst+1","floor":8}],"player_experience":954283,"relics_obtained":[{"floor":8,"key":"Toxic Egg 2"}],"event_choices":[{"damage_healed":23,"gold_gain":0,"player_choice":"Banana","damage_taken":0,"max_hp_gain":0,"max_hp_loss":0,"event_name":"Big Fish","floor":4,"gold_loss":0},{"damage_healed":0,"gold_gain":175,"player_choice":"AGREE","damage_taken":0,"max_hp_gain":0,"max_hp_loss":0,"event_name":"Liars Game","floor":6,"gold_loss":0,"cards_obtained":["Doubt"]}],"is_beta":false,"boss_relics":[],"items_purged_floors":[5],"is_endless":false,"potions_floor_spawned":[3,8],"killed_by":"3 Sentries","ascension_level":12}}