{"host":"a9gsz7kv8aebwp1f","time":1613999898,"event":{"mods":["AchievementEnabler","BaseMod","Minty Spire (QoL Compilation)"],"gold_per_floor":[109,109,109,160,174,208,208,208,259,259,274,288,302,322,322,418,718,737,7,23,43,63,63,96,96,167,167,167,186,198,215,215,313,313,330,330,330],"floor_reached":38,"language":"KOR","playtime":1376,"items_purged":[],"score":988,"play_id":"ecdb3662-c191-423a-a76d-927ab8181080","local_time":"20210222221818","is_ascension_mode":true,"campfire_choices":[{"floor":7,"key":"REST"},{"floor":15,"key":"REST"},{"floor":23,"key":"REST"},{"floor":25,"key":"REST"},{"floor":27,"key":"REST"},{"floor":32,"key":"REST"}],"circlet_count":0,"master_deck":["AscendersBane","Strike_R","Strike_R","Strike_R","Strike_R","Strike_R+1","Defend_R+1","Defend_R","Defend_R","Defend_R","Bash","Cleave+1","Headbutt","Demon Form","Shrug It Off","Perfected Strike","Dropkick","Cleave","Demon Form","CurseOfTheBell","Flame Barrier","Shrug It Off","Flex","Pummel+1","Cleave+1","Heavy Blade+1","Heavy Blade+1","Armaments","Clash+1","Bludgeon+1","Clothesline+1"],"relics":["Burning Blood","Strawberry","Orichalcum","Self Forming Clay","Juzu Bracelet","TungstenRod","Calling Bell","Vajra","The Courier","Old Coin","Anchor","Potion Belt","Molten Egg 2","Pocketwatch","Mango","Pantograph","Cursed Key"],"acts_visited":["Exordium","TheCity","TheBeyond"],"potions_floor_usage":[21,24,33,33,37,37],"damage_taken":[{"damage":12,"enemies":"Small Slimes","floor":1,"turns":5},{"damage":0,"enemies":"2 Louse","floor":5,"turns":2},{"damage":60,"enemies":"Lagavulin","floor":6,"turns":7},{"damage":0,"enemies":"Cultist","floor":11,"turns":3},{"damage":8,"enemies":"Looter","floor":12,"turns":4},{"damage":10,"enemies":"Red Slaver","floor":13,"turns":4},{"damage":0,"enemies":"2 Fungi Beasts","floor":14,"turns":2},{"damage":57,"enemies":"The Guardian","floor":16,"turns":11},{"damage":32,"enemies":"Shell Parasite","floor":18,"turns":5},{"damage":10,"enemies":"2 Thieves","floor":20,"turns":4},{"damage":31,"enemies":"3 Cultists","floor":21,"turns":4},{"damage":9,"enemies":"Snecko","floor":22,"turns":5},{"damage":31,"enemies":"Gremlin Leader","floor":24,"turns":8},{"damage":9,"enemies":"Colosseum Slavers","floor":28,"turns":4},{"damage":19,"enemies":"Chosen and Byrds","floor":29,"turns":5},{"damage":20,"enemies":"Snake Plant","floor":30,"turns":4},{"damage":12,"enemies":"Snecko","floor":31,"turns":5},{"damage":77,"enemies":"Champ","floor":33,"turns":9},{"damage":0,"enemies":"Orb Walker","floor":35,"turns":2},{"damage":67,"enemies":"Donu and Deca","floor":37,"turns":6}],"seed_played":"3519458003803257417","potions_obtained":[{"floor":11,"key":"Fire Potion"},{"floor":16,"key":"Strength Potion"},{"floor":20,"key":"SkillPotion"},{"floor":31,"key":"PowerPotion"},{"floor":33,"key":"Energy Potion"},{"floor":35,"key":"ColorlessPotion"}],"is_trial":false,"path_per_floor":["M","?","?","?","M","E","R","?","T","?","M","M","M","M","R","B",null,"M","$","M","M","M","R","E","R","T","R","?","M","M","M","R","B",null,"M","?","B",null],"character_chosen":"IRONCLAD","items_purchased":["Shrug It Off","Anchor","Potion Belt","Molten Egg 2","Pocketwatch"],"campfire_rested":6,"item_purchase_floors":[19,19,19,19,19],"current_hp_per_floor":[73,56,56,56,62,8,34,27,27,27,33,31,27,33,59,8,67,41,41,37,12,9,35,24,54,54,84,81,68,54,48,78,30,83,89,89,40],"gold":330,"neow_bonus":"RANDOM_COMMON_RELIC","is_daily":false,"chose_seed":false,"campfire_upgraded":0,"win_rate":0.0,"timestamp":1613999898,"path_taken":["M","?","?","?","M","E","R","?","T","?","M","M","M","M","R","BOSS","M","$","M","M","M","R","E","R","T","R","?","M","M","M","R","BOSS","M","?","BOSS"],"items_purchased_type":["Card","Relic","Relic","Relic","Relic"],"build_version":"2020-12-22","purchased_purges":0,"victory":true,"max_hp_per_floor":[87,87,87,87,87,87,87,87,87,87,87,87,87,87,87,87,87,87,87,87,87,87,87,101,101,101,101,101,101,101,101,101,101,101,101,101,101],"card_choices":[{"not_picked":["Pommel Strike","Intimidate"],"picked":"Cleave","floor":1},{"not_picked":["Wild Strike","Burning Pact"],"picked":"Headbutt","floor":5},{"not_picked":["Seeing Red","Sentinel"],"picked":"Demon Form","floor":6},{"not_picked":["Dark Embrace","Blood for Blood"],"picked":"Shrug It Off","floor":11},{"not_picked":["True Grit","Sword Boomerang"],"picked":"Perfected Strike","floor":12},{"not_picked":["Power Through","Second Wind"],"picked":"Dropkick","floor":13},{"not_picked":["Headbutt","Bloodletting"],"picked":"Cleave","floor":14},{"not_picked":["Brutality","Juggernaut"],"picked":"Demon Form","floor":16},{"not_picked":["Sever Soul+1","Cleave"],"picked":"Flame Barrier","floor":18},{"not_picked":["Pommel Strike+1","Clash+1"],"picked":"Flex","floor":20},{"not_picked":["Twin Strike+1","Infernal Blade"],"picked":"Pummel+1","floor":21},{"not_picked":["Shrug It Off","Carnage+1"],"picked":"Cleave+1","floor":22},{"not_picked":["Cleave+1","Twin Strike+1"],"picked":"Heavy Blade+1","floor":24},{"not_picked":["Carnage+1","Body Slam+1"],"picked":"Heavy Blade+1","floor":29},{"not_picked":["Juggernaut","Cleave+1"],"picked":"Armaments","floor":30},{"not_picked":["Body Slam+1","Flex"],"picked":"Clash+1","floor":31},{"not_picked":["Juggernaut","Exhume"],"picked":"Bludgeon+1","floor":33},{"not_picked":["Hemokinesis+1","Power Through"],"picked":"Clothesline+1","floor":35}],"player_experience":477804,"relics_obtained":[{"floor":6,"key":"Orichalcum"},{"floor":9,"key":"Juzu Bracelet"},{"floor":17,"key":"Vajra"},{"floor":17,"key":"The Courier"},{"floor":17,"key":"Old Coin"},{"floor":24,"key":"Mango"},{"floor":26,"key":"Pantograph"}],"event_choices":[{"damage_healed":0,"gold_gain":0,"player_choice":"Entered Light","damage_taken":17,"max_hp_gain":0,"max_hp_loss":0,"event_name":"Shining Light","floor":2,"gold_loss":0,"cards_upgraded":["Defend_R","Strike_R"]},{"damage_healed":0,"gold_gain":0,"player_choice":"Grow","damage_taken":0,"max_hp_gain":0,"max_hp_loss":0,"event_name":"Living Wall","floor":3,"gold_loss":0,"cards_upgraded":["Cleave"]},{"damage_healed":0,"gold_gain":51,"player_choice":"Gained Gold","damage_taken":0,"max_hp_gain":0,"max_hp_loss":0,"event_name":"Golden Wing","floor":4,"gold_loss":0},{"damage_healed":0,"gold_gain":0,"player_choice":"Success","damage_taken":7,"relics_obtained":["Self Forming Clay"],"max_hp_gain":0,"max_hp_loss":0,"event_name":"Scrap Ooze","floor":8,"gold_loss":0},{"damage_healed":0,"gold_gain":0,"player_choice":"Searched \u00271\u0027 times","damage_taken":0,"relics_obtained":["TungstenRod"],"max_hp_gain":0,"max_hp_loss":0,"event_name":"Dead Adventurer","floor":10,"gold_loss":0},{"damage_healed":0,"gold_gain":0,"player_choice":"Fight","damage_taken":0,"max_hp_gain":0,"max_hp_loss":0,"event_name":"Colosseum","floor":28,"gold_loss":0},{"damage_healed":0,"gold_gain":0,"player_choice":"Fled From Nobs","damage_taken":0,"max_hp_gain":0,"max_hp_loss":0,"event_name":"Colosseum","floor":28,"gold_loss":0},{"damage_healed":0,"gold_gain":0,"player_choice":"Took Portal","damage_taken":0,"max_hp_gain":0,"max_hp_loss":0,"event_name":"SecretPortal","floor":36,"gold_loss":0}],"is_beta":false,"boss_relics":[{"not_picked":["Snecko Eye","SlaversCollar"],"picked":"Calling Bell"},{"not_picked":["Empty Cage","Philosopher\u0027s Stone"],"picked":"Cursed Key"}],"items_purged_floors":[],"is_endless":false,"potions_floor_spawned":[11,16,18,20,31,33,35],"ascension_level":11}}