{"host":"v4tuy5ykrbdcm9o9","time":1613964260,"event":{"mods":["BaseMod","Duelist Mod","Minty Spire (QoL Compilation)","Replay The Spire","StSLib"],"gold_per_floor":[117,117,13,88,88,88,123,123,198,224,237,250,279,279,279,384,384,394,394,38,137,11,11,31,57,57,84,94,105,120,1,1,100,100,119,119,133,133,133],"floor_reached":38,"language":"ENG","playtime":8038,"items_purged":[],"score":670,"play_id":"b5f7419c-b511-464a-9444-ad3c3a63754f","local_time":"20210221222420","is_ascension_mode":true,"campfire_choices":[{"floor":6,"key":"RECALL"},{"floor":8,"key":"REST"},{"floor":15,"key":"REST"},{"floor":23,"key":"REST"},{"floor":32,"key":"REST"}],"circlet_count":0,"master_deck":["AscendersBane","Strike_P+1","Strike_P","Strike_P","Defend_P","Defend_P","Defend_P","Eruption","Vigilance","CrushJoints","FollowUp","EmptyBody","ForeignInfluence","Steam","FlurryOfBlows","Prostrate","SashWhip","Consecrate","Indignation","Alpha","Replay:Cycle","Crow Ritual","Protect","Protect","EmptyMind","Replay:ManipulateFuture","CutThroughFate+1","Pray+1","Worship+1","FollowUp","ThirdEye","Vengeance","Scrawl","Blasphemy","Conclude","EmptyMind","Blasphemy","Protect"],"relics":["PureWater","Darkstone Periapt","Strawberry","Regal Pillow","SlaversCollar","Ring of Hypnosis","Sling","Vajra","ReplayTheSpireMod:Shallot","Centennial Puzzle","Busted Crown"],"acts_visited":["Exordium","TheCity","TheBeyond"],"potions_floor_usage":[10,13,13,27,28,29,33],"damage_taken":[{"damage":0,"enemies":"Jaw Worm","floor":1,"turns":3},{"damage":35,"enemies":"Lagavulin","floor":7,"turns":6},{"damage":37,"enemies":"3 Sentries","floor":10,"turns":12},{"damage":0,"enemies":"Small Slimes","floor":11,"turns":2},{"damage":1,"enemies":"2 Louse","floor":12,"turns":2},{"damage":15,"enemies":"Lagavulin","floor":13,"turns":5},{"damage":42,"enemies":"The Guardian","floor":16,"turns":12},{"damage":45,"enemies":"3 Byrds","floor":18,"turns":8},{"damage":18,"enemies":"Chosen","floor":24,"turns":5},{"damage":3,"enemies":"theDuelist:KaibaA2","floor":25,"turns":3},{"damage":31,"enemies":"Book of Stabbing","floor":27,"turns":6},{"damage":0,"enemies":"3 Cultists","floor":28,"turns":4},{"damage":7,"enemies":"Snake Plant","floor":29,"turns":3},{"damage":0,"enemies":"Sentry and Sphere","floor":30,"turns":4},{"damage":24,"enemies":"Pondfish","floor":33,"turns":7},{"damage":3,"enemies":"Orb Walker","floor":35,"turns":4},{"damage":14,"enemies":"3 Shapes","floor":37,"turns":4},{"damage":56,"enemies":"Writhing Mass","floor":38,"turns":4}],"seed_played":"-241619554762147913","potions_obtained":[{"floor":7,"key":"Weak Potion"},{"floor":10,"key":"Strength Potion"},{"floor":11,"key":"Reflective Coating"},{"floor":25,"key":"DistilledChaos"},{"floor":27,"key":"Adrenaline Potion"},{"floor":28,"key":"FearPotion"}],"is_trial":false,"path_per_floor":["M","?","$","?","?","R","E","R","T","E","M","M","E","?","R","B",null,"M","?","$","?","$","R","M","E","T","E","M","M","M","$","R","B",null,"M","?","M","M"],"character_chosen":"WATCHER","items_purchased":["FollowUp","EmptyBody","Crow Ritual","Sling","Protect","EmptyMind","Replay:ManipulateFuture","Scrawl","BottledMiracle"],"campfire_rested":4,"item_purchase_floors":[3,3,20,20,20,22,22,31,31],"current_hp_per_floor":[72,72,72,61,61,61,26,49,49,19,19,18,3,3,43,1,65,20,20,20,20,20,60,42,39,39,8,8,1,1,1,41,17,69,66,66,52,0,0],"gold":133,"neow_bonus":"TEN_PERCENT_HP_BONUS","is_daily":false,"chose_seed":false,"campfire_upgraded":0,"win_rate":0.0,"timestamp":1613964260,"path_taken":["M","?","$","?","?","R","E","R","T","E","M","M","E","?","R","BOSS","M","?","$","?","?","R","M","E","T","E","M","?","?","$","R","BOSS","M","?","M","M"],"items_purchased_type":["Card","Card","Card","Relic","Card","Card","Card","Card","Potion"],"build_version":"2020-12-22","purchased_purges":0,"victory":false,"max_hp_per_floor":[79,79,79,79,79,79,79,79,79,86,86,86,86,86,86,86,86,86,86,86,86,86,86,86,86,86,86,86,86,86,86,86,86,86,86,86,86,86,86],"card_choices":[{"not_picked":["CutThroughFate","JustLucky"],"picked":"CrushJoints","floor":1},{"not_picked":["ClearTheMind","Omniscience"],"picked":"FlurryOfBlows","floor":7},{"not_picked":["Replay:BluntJabs","FlurryOfBlows"],"picked":"Prostrate","floor":10},{"not_picked":["Adaptation","ThirdEye"],"picked":"SashWhip","floor":11},{"not_picked":["CrushJoints","EmptyFist"],"picked":"Consecrate","floor":12},{"not_picked":["JustLucky","SashWhip"],"picked":"Indignation","floor":13},{"not_picked":["SpiritShield","Blasphemy"],"picked":"Alpha","floor":16},{"not_picked":["FollowUp","ThirdEye"],"picked":"Replay:Cycle","floor":18},{"not_picked":["Adaptation","FlurryOfBlows+1"],"picked":"CutThroughFate+1","floor":24},{"not_picked":["BowlingBash","MasterReality"],"picked":"Pray+1","floor":25},{"not_picked":["Fasting2","PathToVictory+1"],"picked":"Worship+1","floor":27},{"not_picked":["BattleHymn","Crescendo"],"picked":"FollowUp","floor":28},{"not_picked":["Replay:DivineShield","Consecrate"],"picked":"ThirdEye","floor":29},{"not_picked":["Replay:Anticipation","Replay:AtTheReady+1"],"picked":"Vengeance","floor":30},{"not_picked":["Replay:LoomingThreat","ConjureBlade"],"picked":"Blasphemy","floor":33},{"not_picked":[],"picked":"Conclude","floor":35},{"not_picked":["Consecrate"],"picked":"SKIP","floor":37}],"player_experience":956184,"relics_obtained":[{"floor":7,"key":"Darkstone Periapt"},{"floor":10,"key":"Strawberry"},{"floor":13,"key":"Regal Pillow"},{"floor":19,"key":"Ring of Hypnosis"},{"floor":25,"key":"Vajra"},{"floor":26,"key":"ReplayTheSpireMod:Shallot"},{"floor":27,"key":"Centennial Puzzle"}],"event_choices":[{"damage_healed":0,"gold_gain":75,"player_choice":"Gather Gold","damage_taken":11,"max_hp_gain":0,"max_hp_loss":0,"event_name":"World of Goop","floor":4,"gold_loss":0},{"damage_healed":0,"gold_gain":0,"player_choice":"Fled","damage_taken":0,"max_hp_gain":0,"max_hp_loss":0,"event_name":"Scrap Ooze","floor":14,"gold_loss":0},{"damage_healed":0,"gold_gain":99,"player_choice":"Stole From Cult","damage_taken":0,"max_hp_gain":0,"max_hp_loss":0,"event_name":"Nest","floor":21,"gold_loss":0},{"damage_healed":0,"gold_gain":0,"player_choice":"3 cards matched","damage_taken":0,"max_hp_gain":0,"max_hp_loss":0,"event_name":"Match and Keep!","floor":36,"gold_loss":0,"cards_obtained":["EmptyMind","Blasphemy","Protect"]}],"is_beta":false,"boss_relics":[{"not_picked":["Astrolabe","Painkiller Herb"],"picked":"SlaversCollar"},{"not_picked":["Kintsugi","Replay:Wanted Poster"],"picked":"Busted Crown"}],"items_purged_floors":[],"is_endless":false,"potions_floor_spawned":[7,10,11,25,27,28],"killed_by":"Writhing Mass","ascension_level":10}}