{"host":"kvh5342rl0c7vxi5","time":1613966958,"event":{"mods":["Act Like it!","BaseMod","Bestiary","Better Third Choice","Challenge The Spire","Downfall","Duelist Mod","GifTheSpireLib","Gremlin Mod","Hermit","Hubris","Ironclad Rager","Jorbs\u0027s Wanderer Trilogy","Melee Mod","Minty Spire (QoL Compilation)","Potionbrewer","Quick Restart","Relic Stats","Replay The Spire","Spicy Shops","Spire Arcade","StSLib","SuperFastMode","The Forsaken","The Judge","The Mystic","The Poker Player","The Sage","slay the spire mod where everything is the same but ironclad has a cowboy hat"],"gold_per_floor":[382,5,36,61,87,87,87,87,117,151,185,185,185,185,213,241,269,300],"floor_reached":19,"language":"ENG","playtime":816,"items_purged":["Strike_B","Strike_B"],"score":665,"play_id":"1835e3c3-ff1a-485b-9b42-61c51ad4a6b9","local_time":"20210221230918","daily_mods":["challengethespire:Platinum Difficulty","challengethespire:Elite Rush","Uncertain Future"],"is_ascension_mode":true,"campfire_choices":[{"data":"ICR:FrostFall","floor":7,"key":"SMITH"},{"data":"Zap","floor":8,"key":"SMITH"},{"floor":13,"key":"REST"},{"floor":14,"key":"REST"}],"circlet_count":0,"master_deck":["AscendersBane","Strike_B","Strike_B","Defend_B","Defend_B+1","Defend_B","Defend_B+1","Zap+1","Dualcast","Gash+1","Gash","Ball Lightning","ICR:FrostFall+1","Cold Snap","Steam","Biased Cognition","Fission","Gash","hubris:PowerSurge","Gash"],"relics":["Cracked Core","Black Star","Sling","PreservedInsect","Lantern","ClockworkSouvenir","Mirror","Unceasing Top","Anchor","Akabeko","Bag of Preparation","Simple Rune","hubris:CrackedHourglass","Bronze Scales","StrikeDummy","hubris:BundleOfHerbs","sagemod:Singing_Vial","MealTicket","Blood Vial","Replay:Bottled Snecko","theForsaken:Lifeblossom","Potion Belt","Ginger","hexamod:BolsterEngine","Blue Candle"],"acts_visited":["Exordium"],"potions_floor_usage":[16],"damage_taken":[{"damage":15,"enemies":"3 Sentries","floor":3,"turns":5},{"damage":8,"enemies":"Gremlin Nob","floor":4,"turns":3},{"damage":8,"enemies":"Lagavulin","floor":5,"turns":3},{"damage":0,"enemies":"Slavers","floor":9,"turns":5},{"damage":24,"enemies":"Book of Stabbing","floor":10,"turns":4},{"damage":0,"enemies":"Gremlin Leader","floor":11,"turns":7},{"damage":37,"enemies":"Giant Head","floor":15,"turns":8},{"damage":17,"enemies":"Reptomancer","floor":16,"turns":10},{"damage":10,"enemies":"Nemesis","floor":17,"turns":7},{"damage":0,"enemies":"Shield and Spear","floor":18,"turns":14}],"seed_played":"2126090845953150758","potions_obtained":[{"floor":4,"key":"AttackPotion"},{"floor":16,"key":"Dexterity Potion"}],"is_trial":true,"path_per_floor":["$","$","E","E","E","T","R","R","E","E","E","T","R","R","E","E","E","E",null],"character_chosen":"DEFECT","items_purchased":["Gash+1","Lantern","ClockworkSouvenir","Gash","Ball Lightning","SteroidPotion"],"campfire_rested":2,"item_purchase_floors":[1,1,1,2,2,2],"current_hp_per_floor":[64,64,49,41,33,33,33,33,33,9,9,9,30,51,14,44,57,65],"gold":300,"neow_bonus":"","is_daily":false,"chose_seed":false,"campfire_upgraded":2,"win_rate":0.0,"timestamp":1613966958,"path_taken":["$","$","E","E","E","T","R","R","E","E","E","T","R","R","E","E","E","E"],"items_purchased_type":["Card","Relic","Relic","Card","Card","Potion"],"build_version":"2020-12-22","purchased_purges":2,"victory":true,"max_hp_per_floor":[71,71,71,71,71,71,71,71,71,71,71,71,71,71,71,71,71,71],"relic_stats":{"Blood Vial":6,"counters":[10,65],"Bronze Scales":[209],"Blue Candle":[0],"MealTicket":0,"PreservedInsect":573,"Black Star":10,"Bag of Preparation":[14],"Ginger":[0],"obtain_stats":[{"Lantern":1,"theForsaken:Lifeblossom":16,"Bag of Preparation":5,"Ginger":17,"Sling":0,"ClockworkSouvenir":1,"Blood Vial":15,"MealTicket":11,"Replay:Bottled Snecko":15,"Cracked Core":0,"Potion Belt":17,"Blue Candle":18,"PreservedInsect":0,"Akabeko":4,"Anchor":4,"Bronze Scales":9,"Simple Rune":5,"sagemod:Singing_Vial":11,"hubris:BundleOfHerbs":10,"Black Star":0,"hubris:CrackedHourglass":6,"hexamod:BolsterEngine":18,"Mirror":3,"StrikeDummy":10,"Unceasing Top":3},{"Lantern":0,"theForsaken:Lifeblossom":8,"Bag of Preparation":3,"Ginger":9,"Sling":0,"ClockworkSouvenir":0,"Blood Vial":7,"MealTicket":6,"Replay:Bottled Snecko":7,"Cracked Core":0,"Potion Belt":9,"Blue Candle":10,"PreservedInsect":0,"Akabeko":2,"Anchor":2,"Bronze Scales":4,"Simple Rune":3,"sagemod:Singing_Vial":6,"hubris:BundleOfHerbs":5,"Black Star":0,"hubris:CrackedHourglass":3,"hexamod:BolsterEngine":10,"Mirror":1,"StrikeDummy":5,"Unceasing Top":1},{"Lantern":0,"theForsaken:Lifeblossom":44,"Bag of Preparation":11,"Ginger":51,"Sling":0,"ClockworkSouvenir":0,"Blood Vial":34,"MealTicket":26,"Replay:Bottled Snecko":34,"Cracked Core":0,"Potion Belt":51,"Blue Candle":65,"PreservedInsect":0,"Akabeko":8,"Anchor":8,"Bronze Scales":16,"Simple Rune":11,"sagemod:Singing_Vial":26,"hubris:BundleOfHerbs":19,"Black Star":0,"hubris:CrackedHourglass":11,"hexamod:BolsterEngine":65,"Mirror":5,"StrikeDummy":19,"Unceasing Top":5}],"Unceasing Top":[11]},"card_choices":[],"player_experience":592921,"relics_obtained":[{"floor":3,"key":"Mirror"},{"floor":3,"key":"Unceasing Top"},{"floor":4,"key":"Anchor"},{"floor":4,"key":"Akabeko"},{"floor":5,"key":"Bag of Preparation"},{"floor":5,"key":"Simple Rune"},{"floor":9,"key":"Bronze Scales"},{"floor":10,"key":"StrikeDummy"},{"floor":10,"key":"hubris:BundleOfHerbs"},{"floor":11,"key":"sagemod:Singing_Vial"},{"floor":11,"key":"MealTicket"},{"floor":15,"key":"Blood Vial"},{"floor":15,"key":"Replay:Bottled Snecko"},{"floor":16,"key":"theForsaken:Lifeblossom"},{"floor":17,"key":"Potion Belt"},{"floor":17,"key":"Ginger"},{"floor":18,"key":"hexamod:BolsterEngine"},{"floor":18,"key":"Blue Candle"}],"event_choices":[],"is_beta":false,"boss_relics":[{"not_picked":["sneckomod:SneckoTalon","ChewingGum"],"picked":"hubris:CrackedHourglass"}],"items_purged_floors":[1,2],"is_endless":false,"potions_floor_spawned":[4,5,10,16],"ascension_level":20}}