{"host":"eutfwpehtd75iaf6","time":1613969615,"event":{"mods":["BaseMod","Colored Map","Hermit","Marisa????????","Minty Spire (QoL Compilation)","Remilia??????","StSLib","The Senshi","The Servant 0.9.4"],"gold_per_floor":[111,36,111,126,301,331,331,341,365,365,365,391,391,436,448,565,577,606,180,199,111,124,124,152,152,152,178,188,200,200,228,228,323,323,333,344,359,359,96,96,122,122,145,161,25,25,35,51,51,51,51,51,51,81,81,81],"floor_reached":55,"language":"ENG","playtime":4251,"items_purged":["hermit:Strike_Hermit","hermit:Strike_Hermit","hermit:Defend_Hermit","hermit:Strike_Hermit"],"score":838,"play_id":"40f05264-59e5-44b8-b04c-c9ee081c9615","local_time":"20210221235335","is_ascension_mode":true,"campfire_choices":[{"floor":7.0,"key":"REST"},{"floor":10.0,"key":"REST"},{"floor":15,"key":"REST"},{"data":"Apotheosis","floor":23,"key":"SMITH"},{"floor":25,"key":"REST"},{"floor":30,"key":"RECALL"},{"floor":32,"key":"REST"},{"floor":40,"key":"REST"},{"floor":42,"key":"REST"},{"data":"hermit:Determination","floor":49,"key":"SMITH"},{"data":"hermit:Dissolve","floor":52,"key":"SMITH"}],"circlet_count":0,"master_deck":["hermit:Defend_Hermit","hermit:Defend_Hermit","hermit:Snapshot","hermit:Covet","Apotheosis+1","hermit:Grudge","hermit:Vantage","Doubt","hermit:Coalescence","hermit:Determination+1","hermit:HeroicBravado","hermit:Gambit","hermit:ShadowCloak","hermit:Dissolve+1","hermit:TrackingShot","hermit:Quickdraw","hermit:SprayPray","hermit:PistolWhip","hermit:HoleUp","hermit:FromBeyond","hermit:ShadowCloak","hermit:Desperado","hermit:SprayPray+1","hermit:FatalDesire+1"],"relics":["hermit:ClaspedLocket","Centennial Puzzle","Vajra","TungstenRod","MawBank","Ancient Tea Set","Sozu","Membership Card","InkBottle","Bag of Preparation","hermit:Spyglass","The Courier","ScarletDevilRocket","Omamori","Oddly Smooth Stone","Lantern","Blood Vial","Question Card","Orichalcum","Frozen Egg 2","Anchor"],"acts_visited":["Exordium","TheCity","TheBeyond","TheEnding"],"potions_floor_usage":[16],"damage_taken":[{"damage":1.0,"enemies":"Cultist","floor":1.0,"turns":3.0},{"damage":0.0,"enemies":"Small Slimes","floor":4.0,"turns":3.0},{"damage":14.0,"enemies":"Lagavulin","floor":6.0,"turns":7.0},{"damage":3.0,"enemies":"2 Louse","floor":8.0,"turns":2.0},{"damage":26.0,"enemies":"Gremlin Nob","floor":12.0,"turns":5.0},{"damage":11,"enemies":"Lagavulin","floor":14,"turns":7},{"damage":0,"enemies":"Slime Boss","floor":16,"turns":7},{"damage":9,"enemies":"Shell Parasite","floor":18,"turns":5},{"damage":1,"enemies":"Chosen","floor":20,"turns":5},{"damage":10,"enemies":"Centurion and Healer","floor":22,"turns":5},{"damage":11,"enemies":"Gremlin Leader","floor":24,"turns":7},{"damage":9,"enemies":"Book of Stabbing","floor":27,"turns":4},{"damage":13,"enemies":"3 Cultists","floor":28,"turns":4},{"damage":0,"enemies":"Sentry and Sphere","floor":29,"turns":3},{"damage":9,"enemies":"Slavers","floor":31,"turns":5},{"damage":20,"enemies":"Collector","floor":33,"turns":10},{"damage":24,"enemies":"3 Darklings","floor":35,"turns":5},{"damage":15,"enemies":"Orb Walker","floor":36,"turns":4},{"damage":9,"enemies":"Writhing Mass","floor":37,"turns":7},{"damage":0,"enemies":"Giant Head","floor":41,"turns":9},{"damage":12,"enemies":"Jaw Worm Horde","floor":44,"turns":4},{"damage":19,"enemies":"Maw","floor":47,"turns":8},{"damage":0,"enemies":"Sphere and 2 Shapes","floor":48,"turns":4},{"damage":25,"enemies":"Awakened One","floor":50,"turns":15},{"damage":96,"enemies":"Shield and Spear","floor":54,"turns":9},{"damage":14,"enemies":"The Heart","floor":55,"turns":2}],"seed_played":"1412771573074177163","potions_obtained":[{"floor":1.0,"key":"PowerPotion"},{"floor":4.0,"key":"EssenceOfSteel"},{"floor":8.0,"key":"FairyPotion"},{"floor":14,"key":"PowerPotion"}],"is_trial":false,"path_per_floor":["M","$","?","M","?","E","R","M","T","R","?","E","T","E","R","B",null,"M","$","M","?","M","R","E","R","T","E","M","M","R","E","R","B",null,"M","M","M","?","$","R","E","R","T","M","$","T","M","M","R","B",null,"R","$","E","B"],"character_chosen":"HERMIT","items_purchased":["Membership Card","InkBottle","hermit:ShadowCloak","hermit:Dissolve","hermit:TrackingShot","Oddly Smooth Stone","Lantern","hermit:Desperado","Blood Vial","Orichalcum"],"campfire_rested":7,"item_purchase_floors":[19,19,19,19,19,39,39,39,39,45],"current_hp_per_floor":[53,53,42,42,42,28,50,47,47,69,62,36,36,25,47,47,75,66,66,65,65,55,55,44,66,66,57,44,44,44,35,57,37,75,51,36,28,28,28,50,53,75,75,63,63,63,47,49,49,32,75,75,75,11,0,0],"gold":81,"neow_bonus":"RANDOM_COLORLESS_2","is_daily":false,"chose_seed":false,"campfire_upgraded":3,"win_rate":0.0,"timestamp":1613969615,"path_taken":["M","$","?","M","?","E","R","M","T","R","?","E","?","E","R","BOSS","M","$","M","?","M","R","E","R","T","E","M","M","R","E","R","BOSS","M","M","?","?","$","R","E","R","T","M","$","?","M","M","R","BOSS","R","$","E","BOSS"],"items_purchased_type":["Relic","Relic","Card","Card","Card","Relic","Relic","Card","Relic","Relic"],"build_version":"2020-12-22","purchased_purges":4,"victory":false,"max_hp_per_floor":[75,75,75,75,75,75,75,75,75,75,75,75,75,75,75,75,75,75,75,75,75,75,75,75,75,75,75,75,75,75,75,75,75,75,75,75,75,75,75,75,75,75,75,75,75,75,75,75,75,75,75,75,75,75,75,75],"card_choices":[{"not_picked":["Sadistic Nature","Secret Weapon"],"picked":"Apotheosis","floor":0.0},{"not_picked":["hermit:Ricochet","hermit:Combo"],"picked":"hermit:Grudge","floor":1.0},{"not_picked":["hermit:Headshot","hermit:Shortfuse"],"picked":"hermit:Vantage","floor":4.0},{"not_picked":["hermit:TrackingShot","hermit:Feint","hermit:Manifest"],"picked":"SKIP","floor":6.0},{"not_picked":["hermit:TakeAim","hermit:BodyArmor"],"picked":"hermit:Coalescence","floor":8.0},{"not_picked":["hermit:Quickdraw","hermit:DeadMansHand"],"picked":"hermit:Determination","floor":12},{"not_picked":["hermit:Feint","hermit:OverwhelmingPower"],"picked":"hermit:HeroicBravado","floor":14},{"not_picked":["hermit:EternalForm","hermit:HighNoon"],"picked":"hermit:Gambit","floor":16},{"not_picked":["hermit:Misfire","hermit:HighCaliber+1","hermit:LowProfile"],"picked":"SKIP","floor":18},{"not_picked":["hermit:Ricochet","hermit:Midnight"],"picked":"hermit:Quickdraw","floor":20},{"not_picked":["hermit:ShadowCloak+1","hermit:TrackingShot"],"picked":"hermit:SprayPray","floor":22},{"not_picked":["hermit:Feint","hermit:Manifest","hermit:FullyLoaded+1"],"picked":"SKIP","floor":24},{"not_picked":["hermit:FinalCanter","hermit:Misfire"],"picked":"hermit:PistolWhip","floor":27},{"not_picked":["hermit:Ricochet","hermit:Headshot+1","hermit:Feint"],"picked":"SKIP","floor":28},{"not_picked":["hermit:Malice","hermit:Quickdraw","hermit:Feint"],"picked":"SKIP","floor":29},{"not_picked":["hermit:Virtue+1","hermit:Midnight"],"picked":"hermit:HoleUp","floor":31},{"not_picked":["hermit:HeroicBravado","hermit:Magnum"],"picked":"hermit:FromBeyond","floor":33},{"not_picked":["hermit:Roulette+1","hermit:Showdown","hermit:TakeAim+1"],"picked":"SKIP","floor":35},{"not_picked":["hermit:Midnight","hermit:Virtue+1","hermit:Roulette+1"],"picked":"SKIP","floor":36},{"not_picked":["hermit:PistolWhip+1","hermit:BodyArmor","hermit:HoleUp+1"],"picked":"SKIP","floor":37},{"not_picked":["hermit:Combo+1","hermit:Coalescence","hermit:Midnight+1"],"picked":"SKIP","floor":41},{"not_picked":["hermit:Cheat","hermit:PistolWhip","hermit:ItchyTrigger+1","hermit:HighCaliber"],"picked":"SKIP","floor":44},{"not_picked":["hermit:DeadMansHand","hermit:FullyLoaded+1","hermit:Misfire+1","hermit:OverwhelmingPower+1"],"picked":"SKIP","floor":47},{"not_picked":["hermit:Malice","hermit:ItchyTrigger+1","hermit:Feint"],"picked":"hermit:SprayPray+1","floor":48},{"not_picked":["hermit:TrackingShot","hermit:WideOpen+1","hermit:HighCaliber+1"],"picked":"hermit:FatalDesire+1","floor":54}],"player_experience":149809,"relics_obtained":[{"floor":6.0,"key":"Centennial Puzzle"},{"floor":9.0,"key":"Vajra"},{"floor":12,"key":"TungstenRod"},{"floor":13,"key":"MawBank"},{"floor":14,"key":"Ancient Tea Set"},{"floor":24,"key":"hermit:Spyglass"},{"floor":26,"key":"The Courier"},{"floor":27,"key":"ScarletDevilRocket"},{"floor":31,"key":"Omamori"},{"floor":41,"key":"Question Card"},{"floor":46,"key":"Frozen Egg 2"},{"floor":54,"key":"Anchor"}],"event_choices":[{"damage_healed":0.0,"max_hp_gain":0.0,"max_hp_loss":0.0,"gold_gain":75.0,"event_name":"World of Goop","player_choice":"Gather Gold","floor":3.0,"gold_loss":0.0,"damage_taken":11.0},{"damage_healed":0.0,"max_hp_gain":0.0,"max_hp_loss":0.0,"gold_gain":175.0,"event_name":"Liars Game","player_choice":"AGREE","floor":5.0,"gold_loss":0.0,"damage_taken":0.0,"cards_obtained":["Doubt"]},{"cards_removed":["hermit:Defend_Hermit"],"damage_healed":0.0,"max_hp_gain":0.0,"max_hp_loss":0.0,"gold_gain":0.0,"event_name":"Golden Wing","player_choice":"Card Removal","floor":11.0,"gold_loss":0.0,"damage_taken":7.0},{"damage_healed":0,"gold_gain":0,"player_choice":"Paid Gold","damage_taken":0,"relics_obtained":["Bag of Preparation"],"max_hp_gain":0,"max_hp_loss":0,"event_name":"WeMeetAgain","floor":21,"gold_loss":88},{"damage_healed":0,"gold_gain":0,"cards_transformed":["hermit:Strike_Hermit"],"player_choice":"Transformed","damage_taken":0,"max_hp_gain":0,"max_hp_loss":0,"event_name":"Transmorgrifier","floor":38,"gold_loss":0,"cards_obtained":["hermit:ShadowCloak"]}],"is_beta":false,"boss_relics":[{"not_picked":["Fusion Hammer","Empty Cage"],"picked":"Sozu"},{"not_picked":["Runic Dome","Snecko Eye"],"picked":"hermit:ClaspedLocket"}],"items_purged_floors":[2,19,39,45],"is_endless":false,"potions_floor_spawned":[1,4,8,14,20,24,29,33,35,37,47,48],"killed_by":"The Heart","ascension_level":1}}