{"host":"yy1cu9q9bsxhflzi","time":1613991601,"event":{"mods":["BaseMod","DeckTracker","Minty Spire (QoL Compilation)","Quick Restart","StSLib","SuperFastMode","everything is the same but u backflip on backflip"],"gold_per_floor":[110,120,120,135,135,135,170,188,188,188,200,231,231,259,259,333,333,347,357,27,27,27,27,37,37,37,70,80,111,111,131,131,207,207,223,242,242,242],"floor_reached":37,"language":"KOR","playtime":914,"items_purged":["Strike_G"],"score":1008,"play_id":"409fec63-04d5-4b66-9075-31adba58e929","local_time":"20210222200001","is_ascension_mode":true,"campfire_choices":[{"data":"Juggernaut","floor":6,"key":"SMITH"},{"data":"After Image","floor":10,"key":"SMITH"},{"data":"Terror","floor":13,"key":"SMITH"},{"data":"Concentrate","floor":15,"key":"SMITH"},{"data":"Tactician","floor":23,"key":"SMITH"},{"data":"Bullet Time","floor":30,"key":"SMITH"},{"data":"Noxious Fumes","floor":32,"key":"SMITH"}],"circlet_count":0,"master_deck":["AscendersBane","Strike_G","Defend_G","Defend_G","Defend_G","Defend_G","Survivor","Neutralize+1","After Image+1","Juggernaut+1","PiercingWail","Deflect","Terror+1","Reflex","Dodge and Roll","Acrobatics","Concentrate+1","Bullet Time+1","Leg Sweep+1","Concentrate+1","Dodge and Roll+1","Backflip","Noxious Fumes+1","Tactician+1","Caltrops+1","After Image+1","Footwork","Escape Plan","Adrenaline","Footwork","After Image","Masterful Stab"],"relics":["Ring of the Snake","Mummified Hand","Anchor","Ornamental Fan","Question Card","Astrolabe","OrangePellets","Mercury Hourglass","Bronze Scales","Bag of Preparation","HoveringKite"],"acts_visited":["Exordium","TheCity","TheBeyond"],"potions_floor_usage":[33,33],"damage_taken":[{"damage":4,"enemies":"Jaw Worm","floor":1,"turns":3},{"damage":7,"enemies":"Small Slimes","floor":2,"turns":3},{"damage":3,"enemies":"2 Louse","floor":4,"turns":3},{"damage":0,"enemies":"Gremlin Nob","floor":7,"turns":2},{"damage":0,"enemies":"2 Fungi Beasts","floor":8,"turns":2},{"damage":0,"enemies":"Gremlin Gang","floor":11,"turns":2},{"damage":7,"enemies":"Lagavulin","floor":12,"turns":6},{"damage":6,"enemies":"3 Sentries","floor":14,"turns":5},{"damage":9,"enemies":"Slime Boss","floor":16,"turns":5},{"damage":0,"enemies":"2 Thieves","floor":18,"turns":5},{"damage":4,"enemies":"Shell Parasite","floor":19,"turns":6},{"damage":7,"enemies":"Cultist and Chosen","floor":24,"turns":5},{"damage":0,"enemies":"Gremlin Leader","floor":27,"turns":3},{"damage":3,"enemies":"Snake Plant","floor":28,"turns":6},{"damage":0,"enemies":"Book of Stabbing","floor":29,"turns":4},{"damage":19,"enemies":"Chosen and Byrds","floor":31,"turns":7},{"damage":10,"enemies":"Automaton","floor":33,"turns":9},{"damage":0,"enemies":"Orb Walker","floor":35,"turns":2},{"damage":0,"enemies":"3 Shapes","floor":36,"turns":2}],"seed_played":"2358389392083275239","potions_obtained":[{"floor":8,"key":"Explosive Potion"},{"floor":11,"key":"FearPotion"},{"floor":18,"key":"Block Potion"},{"floor":24,"key":"ColorlessPotion"},{"floor":36,"key":"Block Potion"}],"is_trial":true,"path_per_floor":["M","M","?","M","?","R","E","M","T","R","M","E","R","E","R","B",null,"M","M","$","?","?","R","M","?","T","E","M","E","R","M","R","B",null,"M","M","$"],"character_chosen":"THE_SILENT","items_purchased":["OrangePellets","Noxious Fumes"],"campfire_rested":0,"item_purchase_floors":[20,20],"current_hp_per_floor":[55,48,53,50,50,50,50,50,50,50,50,43,43,37,37,28,60,60,56,56,56,56,56,49,49,49,49,46,46,46,27,27,17,58,58,58,58,58],"gold":242,"neow_bonus":"","is_daily":false,"chose_seed":false,"campfire_upgraded":7,"win_rate":0.0,"timestamp":1613991601,"path_taken":["M","M","?","M","?","R","E","M","T","R","M","E","R","E","R","BOSS","M","M","$","?","?","R","M","?","T","E","?","E","R","M","R","BOSS","M","M","$"],"items_purchased_type":["Relic","Card"],"build_version":"2020-12-22","purchased_purges":1,"victory":false,"max_hp_per_floor":[66,66,71,71,71,71,71,71,71,71,71,71,71,71,71,71,71,71,71,71,71,71,71,71,71,71,71,71,71,71,71,71,71,71,71,71,71,71],"card_choices":[{"not_picked":["Deadly Poison","Dodge and Roll"],"picked":"PiercingWail","floor":1},{"not_picked":["Skewer","Expertise"],"picked":"Deflect","floor":2},{"not_picked":["All Out Attack","Backstab"],"picked":"Terror","floor":4},{"not_picked":["Deflect","Cloak And Dagger"],"picked":"Reflex","floor":7},{"not_picked":["PiercingWail","Dash"],"picked":"Dodge and Roll","floor":8},{"not_picked":["PiercingWail","Endless Agony","Bullet Time"],"picked":"SKIP","floor":11},{"not_picked":["Flechettes","Dodge and Roll"],"picked":"Acrobatics","floor":12},{"not_picked":["Dodge and Roll","Underhanded Strike"],"picked":"Concentrate","floor":14},{"not_picked":["Glass Knife","Malaise","Phantasmal Killer"],"picked":"Bullet Time","floor":16},{"not_picked":["Acrobatics","PiercingWail","Deadly Poison"],"picked":"Backflip","floor":18},{"not_picked":["Dash+1","Reflex","Flying Knee","Skewer"],"picked":"SKIP","floor":19},{"not_picked":["Setup","Eviscerate","Choke"],"picked":"Caltrops+1","floor":24},{"not_picked":["Dagger Throw","Setup","Deadly Poison"],"picked":"Footwork","floor":27},{"not_picked":["Outmaneuver","Blade Dance","Predator"],"picked":"Escape Plan","floor":28},{"not_picked":["Eviscerate+1","Accuracy","Tactician"],"picked":"Adrenaline","floor":29},{"not_picked":["Expertise","Riddle With Holes","Slice"],"picked":"Footwork","floor":31},{"not_picked":["Phantasmal Killer","Grand Finale","Corpse Explosion"],"picked":"After Image","floor":33},{"not_picked":["Deflect","Dodge and Roll+1","Acrobatics","Outmaneuver"],"picked":"SKIP","floor":35},{"not_picked":["Dagger Spray","Blade Dance","Outmaneuver"],"picked":"Masterful Stab","floor":36}],"player_experience":3932747,"relics_obtained":[{"floor":7,"key":"Anchor"},{"floor":12,"key":"Ornamental Fan"},{"floor":14,"key":"Question Card"},{"floor":26,"key":"Mercury Hourglass"},{"floor":27,"key":"Bronze Scales"},{"floor":29,"key":"Bag of Preparation"}],"event_choices":[{"damage_healed":0,"gold_gain":0,"player_choice":"Donut","damage_taken":0,"max_hp_gain":5,"max_hp_loss":0,"event_name":"Big Fish","floor":3,"gold_loss":0},{"damage_healed":0,"gold_gain":0,"player_choice":"Grow","damage_taken":0,"max_hp_gain":0,"max_hp_loss":0,"event_name":"Living Wall","floor":5,"gold_loss":0,"cards_upgraded":["Neutralize"]},{"damage_healed":0,"gold_gain":0,"player_choice":"Read","damage_taken":0,"max_hp_gain":0,"max_hp_loss":0,"event_name":"The Library","floor":21,"gold_loss":0,"cards_obtained":["Tactician"]},{"cards_removed":["Defend_G"],"damage_healed":0,"gold_gain":0,"player_choice":"Elegance","damage_taken":0,"max_hp_gain":0,"max_hp_loss":0,"event_name":"Back to Basics","floor":22,"gold_loss":0},{"damage_healed":0,"gold_gain":0,"player_choice":"Copied","damage_taken":0,"max_hp_gain":0,"max_hp_loss":0,"event_name":"Duplicator","floor":25,"gold_loss":0,"cards_obtained":["After Image"]}],"is_beta":false,"boss_relics":[{"not_picked":["Philosopher\u0027s Stone","Runic Dome"],"picked":"Astrolabe"},{"not_picked":["Calling Bell","Tiny House"],"picked":"HoveringKite"}],"items_purged_floors":[20],"is_endless":false,"potions_floor_spawned":[8,11,12,14,18,24,29,36],"ascension_level":20}}