{"host":"hrvs05np4ys7itky","time":1613957499,"event":{"mods":["BaseMod","Colored Map","Colored Powertips","Downfall","Emptier Cage","Hermit","Highlight Path","Minty Spire (QoL Compilation)","Permanent Neow","Rare Cards Sparkle","Relic Stats","StSLib","everything is the same but u backflip on backflip"],"gold_per_floor":[116,136,136,13,29,29,40,40,40,40,40,65,106,127,127,127,127],"floor_reached":16,"language":"ENG","playtime":879,"items_purged":["Doubt"],"score":179,"play_id":"e5e99b16-a3db-4dfa-87d0-e237a4028a63","local_time":"20210221203139","is_ascension_mode":true,"campfire_choices":[{"data":"Shrug It Off","floor":6,"key":"SMITH"},{"floor":11,"key":"REST"},{"data":"True Grit","floor":15,"key":"SMITH"}],"circlet_count":0,"master_deck":["AscendersBane","Strike_R","Strike_R","Strike_R","Defend_R","Defend_R","Defend_R","Defend_R","Bash+1","Thunderclap","Sentinel","Body Slam+1","Shrug It Off+1","Ghostly Armor","Shrug It Off","Seeing Red","True Grit+1"],"relics":["Burning Blood","Slimebound:PreparedRelic","Golden Idol","Art of War"],"acts_visited":["Exordium"],"potions_floor_usage":[12,13],"damage_taken":[{"damage":28,"enemies":"Jaw Worm","floor":1,"turns":9},{"damage":10,"enemies":"Cultist","floor":2,"turns":4},{"damage":4,"enemies":"2 Louse","floor":5,"turns":2},{"damage":2,"enemies":"2 Fungi Beasts","floor":7,"turns":4},{"damage":0,"enemies":"Large Slime","floor":12,"turns":6},{"damage":39,"enemies":"Lagavulin","floor":13,"turns":11},{"damage":0,"enemies":"3 Louse","floor":14,"turns":4},{"damage":21,"enemies":"Hexaghost","floor":16,"turns":14}],"seed_played":"-3854931480217251174","potions_obtained":[{"floor":2,"key":"Slimebound:ThreeZeroPotion"},{"floor":12,"key":"BlessingOfTheForge"},{"floor":14,"key":"Strength Potion"}],"is_trial":false,"path_per_floor":["M","M","?","$","M","R","M","?","T","?","R","M","E","M","R","B"],"character_chosen":"IRONCLAD","items_purchased":["Shrug It Off"],"campfire_rested":1,"item_purchase_floors":[4],"current_hp_per_floor":[46,42,19,19,21,21,25,25,25,25,45,51,18,24,24,3,3],"gold":127,"neow_bonus":"TRANSFORM_TWO_CARDS","is_daily":false,"chose_seed":false,"campfire_upgraded":2,"win_rate":0.0,"timestamp":1613957499,"path_taken":["M","M","?","$","M","R","M","?","T","?","R","M","E","M","R","BOSS"],"items_purchased_type":["Card"],"build_version":"2020-12-22","purchased_purges":1,"victory":false,"max_hp_per_floor":[75,75,75,75,75,75,75,75,75,68,68,68,68,68,68,68,68],"relic_stats":{"counters":[8,54],"Golden Idol":17,"Art of War":[4],"obtain_stats":[{"Golden Idol":10,"Slimebound:PreparedRelic":9,"Art of War":13,"Burning Blood":0},{"Golden Idol":4,"Slimebound:PreparedRelic":4,"Art of War":6,"Burning Blood":0},{"Golden Idol":19,"Slimebound:PreparedRelic":19,"Art of War":36,"Burning Blood":0}],"Burning Blood":42},"card_choices":[{"not_picked":["Pummel","Havoc"],"picked":"Body Slam","floor":1},{"not_picked":["Rupture","Flex","Twin Strike"],"picked":"SKIP","floor":2},{"not_picked":["Clothesline","Dark Embrace"],"picked":"Ghostly Armor","floor":5},{"not_picked":["Anger","Warcry","Dual Wield"],"picked":"SKIP","floor":7},{"not_picked":["Pommel Strike","Twin Strike"],"picked":"Shrug It Off","floor":12},{"not_picked":["Clothesline","Uppercut"],"picked":"Seeing Red","floor":13},{"not_picked":["Battle Trance","Dark Embrace"],"picked":"True Grit","floor":14}],"player_experience":1126296,"relics_obtained":[{"floor":9,"key":"Slimebound:PreparedRelic"},{"floor":13,"key":"Art of War"}],"event_choices":[{"damage_healed":0,"gold_gain":0,"player_choice":"Entered Light","damage_taken":23,"max_hp_gain":0,"max_hp_loss":0,"event_name":"Shining Light","floor":3,"gold_loss":0,"cards_upgraded":["Bash","Body Slam"]},{"damage_healed":0,"gold_gain":0,"player_choice":"Ignored","damage_taken":0,"max_hp_gain":0,"max_hp_loss":0,"event_name":"Liars Game","floor":8,"gold_loss":0},{"damage_healed":0,"gold_gain":0,"player_choice":"Lose Max HP","damage_taken":0,"relics_obtained":["Golden Idol"],"max_hp_gain":0,"max_hp_loss":7,"event_name":"Golden Idol","floor":10,"gold_loss":0}],"is_beta":false,"boss_relics":[],"items_purged_floors":[4],"is_endless":false,"potions_floor_spawned":[2,12,14],"killed_by":"Hexaghost","ascension_level":15}}