{"host":"1e3ivg30op4goso1","time":1613959366,"event":{"mods":["AchievementEnabler","Ascension Unlocker","BaseMod","Colored Map","Minty Spire (QoL Compilation)","Permanent Neow","Quick Restart","Relic Filter","StSLib","SuperFastMode"],"gold_per_floor":[115,390,279,279,279,234,234,269,269,292,306,154,154,167,167,296,296,316,340,340,340],"floor_reached":20,"language":"ENG","playtime":787,"items_purged":["Regret"],"score":330,"play_id":"679abbee-7133-43a9-a193-0eb7cac6b65a","local_time":"20210221210246","is_ascension_mode":true,"campfire_choices":[{"data":"PathToVictory","floor":7.0,"key":"SMITH"},{"data":"Sanctity","floor":15,"key":"SMITH"}],"circlet_count":0,"master_deck":["AscendersBane","Strike_P","Strike_P","Strike_P","Defend_P","Defend_P","Eruption","Vigilance","Prostrate","Sanctity+1","PathToVictory+1","Prostrate","Devotion","Pray","FearNoEvil","Brilliance","PathToVictory+1"],"relics":["Empty Cage","Golden Idol","Juzu Bracelet","FossilizedHelix","Happy Flower","Sozu"],"acts_visited":["Exordium","TheCity"],"potions_floor_usage":[16,16],"damage_taken":[{"damage":0.0,"enemies":"Small Slimes","floor":1.0,"turns":3.0},{"damage":61.0,"enemies":"3 Sentries","floor":8.0,"turns":12.0},{"damage":0.0,"enemies":"Cultist","floor":11.0,"turns":4.0},{"damage":0,"enemies":"Jaw Worm","floor":14,"turns":2},{"damage":0,"enemies":"The Guardian","floor":16,"turns":7},{"damage":18,"enemies":"2 Thieves","floor":18,"turns":3},{"damage":18,"enemies":"Chosen","floor":19,"turns":5},{"damage":21,"enemies":"Shelled Parasite and Fungi","floor":20,"turns":2}],"seed_played":"-5834933082410340588","potions_obtained":[{"floor":11.0,"key":"Energy Potion"},{"floor":14,"key":"PowerPotion"}],"is_trial":false,"path_per_floor":["M","?","$","?","?","$","R","E","T","T","M","$","?","M","R","B",null,"M","M","M"],"character_chosen":"WATCHER","items_purchased":["Sanctity","PathToVictory","Devotion"],"campfire_rested":0,"item_purchase_floors":[3,6,12],"current_hp_per_floor":[65,65,65,65,65,65,65,4,4,4,4,4,4,4,4,4,51,33,15,0,0],"gold":340,"neow_bonus":"BOSS_RELIC","is_daily":false,"chose_seed":false,"campfire_upgraded":2,"win_rate":0.0,"timestamp":1613959366,"path_taken":["M","?","?","?","?","$","R","E","T","?","M","$","?","M","R","BOSS","M","M","M"],"items_purchased_type":["Card","Card","Card"],"build_version":"2020-12-22","purchased_purges":1,"victory":false,"max_hp_per_floor":[72,72,72,67,67,67,67,67,67,67,67,67,67,67,67,67,67,67,67,67,67],"card_choices":[{"not_picked":["EmptyFist","DeceiveReality"],"picked":"Prostrate","floor":1.0},{"not_picked":["Worship","CrushJoints"],"picked":"Prostrate","floor":8.0},{"not_picked":["EmptyFist","SignatureMove","FollowUp"],"picked":"SKIP","floor":11.0},{"not_picked":["BowlingBash","Weave"],"picked":"FearNoEvil","floor":14},{"not_picked":["DevaForm","ConjureBlade"],"picked":"Brilliance","floor":16},{"not_picked":["Prostrate","SashWhip"],"picked":"PathToVictory+1","floor":18},{"not_picked":["WreathOfFlame","EmptyFist","FlurryOfBlows"],"picked":"SKIP","floor":19}],"player_experience":17955,"relics_obtained":[{"floor":8.0,"key":"Juzu Bracelet"},{"floor":9.0,"key":"FossilizedHelix"},{"floor":10.0,"key":"Happy Flower"}],"event_choices":[{"damage_healed":0.0,"max_hp_gain":0.0,"max_hp_loss":0.0,"gold_gain":275.0,"event_name":"Golden Shrine","player_choice":"Desecrate","floor":2.0,"gold_loss":0.0,"damage_taken":0.0,"cards_obtained":["Regret"]},{"damage_healed":0.0,"max_hp_gain":0.0,"max_hp_loss":5.0,"gold_gain":0.0,"event_name":"Golden Idol","player_choice":"Lose Max HP","floor":4.0,"gold_loss":0.0,"damage_taken":0.0,"relics_obtained":["Golden Idol"]},{"damage_healed":0.0,"max_hp_gain":0.0,"max_hp_loss":0.0,"gold_gain":0.0,"event_name":"Shining Light","player_choice":"Ignored","floor":5.0,"gold_loss":0.0,"damage_taken":0.0},{"damage_healed":0.0,"max_hp_gain":0.0,"max_hp_loss":0.0,"gold_gain":0.0,"cards_transformed":["Strike_P"],"event_name":"Transmorgrifier","player_choice":"Transformed","floor":13.0,"gold_loss":0.0,"damage_taken":0.0,"cards_obtained":["Pray"]}],"is_beta":false,"boss_relics":[{"not_picked":["Snecko Eye","SacredBark"],"picked":"Sozu"}],"items_purged_floors":[3],"is_endless":false,"potions_floor_spawned":[11,14,19],"killed_by":"Shelled Parasite and Fungi","ascension_level":10}}