{"host":"38p8qnzhmsyj15s2","time":1613992589,"event":{"mods":["AchievementEnabler","Act Like it!","Aspiration","Bard","BaseMod","Better Note","Better Third Choice","BetterRewards","Challenge The Spire","Colored Powertips","Conspire","DeckTracker","Defuse TimeMaze Blight","Downfall","Energized Spire","GifTheSpireLib","GungeonMod","Halation","Hermit","Hubris","Infinite Spire","Jorbs\u0027s Wanderer Trilogy","Minty Spire (QoL Compilation)","Quick Restart","Random Character Button","Rare Cards Sparkle","Relic Sorter","Replay The Spire","Robot Space Explorer","StSLib","The Cursed","The Disciple","The Hayseed","The Hierophant","The Jungle","The Marked","The Mystic","The Poker Player","The Servant 0.9.4","TheBandit","TheFirefly","Wandering Minibosses","everything is the same but u backflip on backflip"],"gold_per_floor":[114,114,114,124,138,120,131,131,131,156,156,175,175,201,201,296,296,312,327,133,158,158,186,200,210,210,43,54,86,86,105,105,208,208,227,242,142,156,170,201,201,201,225,225,275,275,304,304,304,304],"floor_reached":51,"language":"ENG","playtime":3691,"items_purged":["TheSimpletonMod:Strike_TheSimpleton","TheSimpletonMod:Defend_TheSimpleton","TheSimpletonMod:FlashPasteurize"],"score":740,"play_id":"54273c8f-075e-4f68-92d5-57b4f08fac64","local_time":"20210222111629","is_ascension_mode":false,"campfire_choices":[{"data":"TheSimpletonMod:ReapAndSow","floor":8.0,"key":"SMITH"},{"data":"TheSimpletonMod:CropRotation","floor":11.0,"key":"SMITH"},{"data":"TheSimpletonMod:SoilSample","floor":13.0,"key":"SMITH"},{"data":"TheSimpletonMod:Potatoes","floor":15.0,"key":"SMITH"},{"data":"Slimebound:CheckThePlaybook","floor":41,"key":"SMITH"},{"data":"TheSimpletonMod:Corn","floor":44,"key":"SMITH"},{"data":"TheSimpletonMod:Photosynthesis","floor":46,"key":"SMITH"},{"data":"hubris:Fate","floor":46,"key":"SMITH"},{"data":"TheSimpletonMod:Defend_TheSimpleton","floor":49,"key":"SMITH"},{"data":"TheSimpletonMod:BumperCrop","floor":49,"key":"SMITH"}],"circlet_count":1,"master_deck":["TheSimpletonMod:Strike_TheSimpleton","TheSimpletonMod:Strike_TheSimpleton","TheSimpletonMod:Strike_TheSimpleton","TheSimpletonMod:Defend_TheSimpleton+1","TheSimpletonMod:Defend_TheSimpleton","TheSimpletonMod:Defend_TheSimpleton","TheSimpletonMod:Haymaker","TheSimpletonMod:ReapAndSow+1","TheSimpletonMod:RootDown","TheSimpletonMod:VineRipen","TheSimpletonMod:BumperCrop+1","TheSimpletonMod:BumperCrop","TheSimpletonMod:CropRotation+1","TheSimpletonMod:SoilSample+1","TheSimpletonMod:Photosynthesis+1","TheSimpletonMod:Sunseed","TheSimpletonMod:DigIn","TheSimpletonMod:Rototilling","TheSimpletonMod:Aerate","TheSimpletonMod:CloseScrape","hubris:Fate+1","TheSimpletonMod:Sunseed","TheSimpletonMod:Corn+1","TheSimpletonMod:Pruning","TheSimpletonMod:Germinate","Slimebound:CheckThePlaybook+1","downfall:Icky","TheSimpletonMod:SaladShooter","TheSimpletonMod:CloseScrape+1","TheSimpletonMod:KeenEdge+1"],"relics":["TheSimpletonMod:SpudOfTheInnocent","TheSimpletonMod:NightSoil","TheSimpletonMod:TheHarvester","halation:TrafficLight","hubris:Icosahedron","halation:PromiseList","ReplayTheSpireMod:Shallot","StoneCalendar","hubris:OldNail","Vajra","Coffee Dripper","BargainBundle","Red Mask","ReplayTheSpireMod:Ninjato","Gremlin Food","aspiration:AnachronicSnailShell","Circlet","DemoMod:GlassGuonStoneRelic","ReplayTheSpireMod:Lightbulb","Replay:Bronze Core","Orichalcum","halation:PenCase","Pet Ghost"],"acts_visited":["Exordium","TheCity","TheBeyond"],"potions_floor_usage":[33,40],"damage_taken":[{"damage":0.0,"enemies":"Small Slimes","floor":1.0,"turns":2.0},{"damage":0.0,"enemies":"conspire:RoseBush","floor":4.0,"turns":5.0},{"damage":6.0,"enemies":"Jaw Worm","floor":5.0,"turns":4.0},{"damage":36.0,"enemies":"Replay:BlueRogue","floor":6.0,"turns":10.0},{"damage":0.0,"enemies":"3 Louse","floor":7.0,"turns":2.0},{"damage":17.0,"enemies":"Gremlin Nob","floor":10.0,"turns":5.0},{"damage":0.0,"enemies":"Blue Slaver","floor":12.0,"turns":3.0},{"damage":18.0,"enemies":"Lagavulin","floor":14.0,"turns":7.0},{"damage":0.0,"enemies":"The Guardian","floor":16.0,"turns":1.0},{"damage":5.0,"enemies":"3 Byrds","floor":18.0,"turns":4.0},{"damage":0.0,"enemies":"Chosen","floor":19.0,"turns":3.0},{"damage":0.0,"enemies":"Masked Bandits","floor":21.0,"turns":4.0},{"damage":0.0,"enemies":"Book of Stabbing","floor":23.0,"turns":4.0},{"damage":3.0,"enemies":"conspire:HollyBat","floor":24.0,"turns":6.0},{"damage":0,"enemies":"Centurion and Healer","floor":25,"turns":2},{"damage":0,"enemies":"Shelled Parasite and Fungi","floor":28,"turns":1},{"damage":0,"enemies":"Slavers","floor":29,"turns":1},{"damage":0,"enemies":"Snecko","floor":31,"turns":2},{"damage":26,"enemies":"hubris:MusketHawk","floor":33,"turns":6},{"damage":0,"enemies":"Orb Walker","floor":35,"turns":2},{"damage":4,"enemies":"3 Darklings","floor":36,"turns":2},{"damage":0,"enemies":"Jaw Worm Horde","floor":38,"turns":1},{"damage":2,"enemies":"Writhing Mass","floor":39,"turns":2},{"damage":12,"enemies":"Reptomancer","floor":40,"turns":1},{"damage":0,"enemies":"Mind Bloom Boss Battle","floor":45,"turns":1},{"damage":0,"enemies":"Nemesis","floor":47,"turns":1},{"damage":0,"enemies":"infinitespire:MassOfShapes","floor":50,"turns":3}],"seed_played":"1971698101807284478","potions_obtained":[{"floor":1.0,"key":"Block Potion"},{"floor":4.0,"key":"Adrenaline Potion"},{"floor":10.0,"key":"Adrenaline Potion"},{"floor":12.0,"key":"ColorlessPotion"},{"floor":21.0,"key":"Reflective Coating"},{"floor":24.0,"key":"champ:CounterPotion"},{"floor":29,"key":"DuplicationPotion"},{"floor":33,"key":"CultistPotion"},{"floor":36,"key":"SteroidPotion"},{"floor":40,"key":"Regen Potion"},{"floor":45,"key":"Adrenaline Potion"}],"is_trial":false,"path_per_floor":["M","?","?","M","M","E","M","R","T","E","R","M","R","E","R","B",null,"M","M","$","?","?","E","M","M","T","$","M","E","?","M","R","B",null,"M","M","NS","M","M","E","R","AVR","T","R","?","R","E","?","R","B",null],"character_chosen":"THE_SIMPLETON","items_purchased":["BargainBundle","TheSimpletonMod:Rototilling","TheSimpletonMod:Aerate","Fire Potion","LiquidBronze","Block Potion","TheSimpletonMod:Potatoes","TheSimpletonMod:Corn"],"campfire_rested":0,"item_purchase_floors":[20,20,20,20,20,20,20,27],"current_hp_per_floor":[82,64,64,68,66,34,82,82,82,65,65,65,65,53,53,53,82,77,81,81,82,61,65,66,66,66,66,66,66,66,66,66,44,82,82,78,78,78,76,64,64,64,64,64,64,64,64,64,64,64],"gold":304,"neow_bonus":"TEN_PERCENT_HP_BONUS","is_daily":false,"chose_seed":false,"campfire_upgraded":10,"win_rate":0.0,"timestamp":1613992589,"path_taken":["M","?","?","M","M","E","M","R","T","E","R","M","R","E","R","BOSS","M","M","$","?","?","E","M","M","T","$","M","E","?","M","R","BOSS","M","M","NS","M","M","E","R","AVR","T","R","?","R","E","?","R","BOSS"],"items_purchased_type":["Relic","Card","Card","Potion","Potion","Potion","Card","Card"],"build_version":"2020-12-22","purchased_purges":3,"victory":true,"max_hp_per_floor":[82,82,82,82,82,82,82,82,82,82,82,82,82,82,82,82,82,82,82,82,82,82,82,82,82,82,82,82,82,82,82,82,82,82,82,82,82,82,82,82,82,82,82,82,82,82,82,82,82,82],"card_choices":[{"not_picked":["TheSimpletonMod:SpiceUp","TheSimpletonMod:Pruning"],"picked":"TheSimpletonMod:RootDown","floor":1.0},{"not_picked":["TheSimpletonMod:GoToMarket","TheSimpletonMod:CullingStrike"],"picked":"TheSimpletonMod:VineRipen","floor":4.0},{"not_picked":["TheSimpletonMod:KeenEdge","TheSimpletonMod:Innovate"],"picked":"TheSimpletonMod:BumperCrop","floor":5.0},{"not_picked":["TheSimpletonMod:Rake","TheSimpletonMod:SaladShooter"],"picked":"TheSimpletonMod:BumperCrop","floor":6.0},{"not_picked":["TheSimpletonMod:Swelter","TheSimpletonMod:CullingStrike"],"picked":"TheSimpletonMod:CropRotation","floor":7.0},{"not_picked":["TheSimpletonMod:SeedCoat","TheSimpletonMod:Sunchoke","TheSimpletonMod:CropRotation"],"picked":"SKIP","floor":10.0},{"not_picked":["TheSimpletonMod:Rototilling","TheSimpletonMod:SeedCoat"],"picked":"TheSimpletonMod:SoilSample","floor":12.0},{"not_picked":["TheSimpletonMod:DesperatePlunge","TheSimpletonMod:SpiceUp"],"picked":"TheSimpletonMod:Potatoes","floor":14.0},{"not_picked":["TheSimpletonMod:DesperatePlunge","TheSimpletonMod:ResearchGrant"],"picked":"TheSimpletonMod:Photosynthesis","floor":16.0},{"not_picked":["TheSimpletonMod:RootDown+1","TheSimpletonMod:SlashAndBurn"],"picked":"TheSimpletonMod:Sunseed","floor":18.0},{"not_picked":["TheSimpletonMod:PestManagement","TheSimpletonMod:Mulch"],"picked":"TheSimpletonMod:DigIn","floor":19.0},{"not_picked":["TheSimpletonMod:DoubleBarrel","TheSimpletonMod:Thresh"],"picked":"TheSimpletonMod:CloseScrape","floor":21.0},{"not_picked":["infinitespire:TheBestDefense","infinitespire:UltimateForm"],"picked":"hubris:Fate","floor":22.0},{"not_picked":["TheSimpletonMod:Thresh+1","TheSimpletonMod:ControlledBurn","TheSimpletonMod:Sunchoke"],"picked":"SKIP","floor":23.0},{"not_picked":["TheSimpletonMod:KeenEdge","TheSimpletonMod:SeedCoat","TheSimpletonMod:Sunchoke"],"picked":"SKIP","floor":24.0},{"not_picked":["TheSimpletonMod:SaladShooter","TheSimpletonMod:Potatoes"],"picked":"TheSimpletonMod:Sunseed","floor":25},{"not_picked":["TheSimpletonMod:VineRipen","TheSimpletonMod:Swelter+1"],"picked":"TheSimpletonMod:Pruning","floor":28},{"not_picked":["TheSimpletonMod:PestManagement","TheSimpletonMod:Rake","TheSimpletonMod:CullingStrike"],"picked":"SKIP","floor":29},{"not_picked":["TheSimpletonMod:CullingStrike+1","TheSimpletonMod:Fertilaser"],"picked":"TheSimpletonMod:Germinate","floor":31},{"not_picked":["TheSimpletonMod:VolatileFumes","TheSimpletonMod:DesperatePlunge"],"picked":"TheSimpletonMod:FlashPasteurize","floor":33},{"not_picked":["TheSimpletonMod:ToughenUp","TheSimpletonMod:SpiceUp"],"picked":"TheSimpletonMod:SaladShooter","floor":35},{"not_picked":["TheSimpletonMod:StockTheCellar","TheSimpletonMod:Sunchoke","TheSimpletonMod:ErosionControl"],"picked":"SKIP","floor":36},{"not_picked":["TheSimpletonMod:Potatoes","TheSimpletonMod:OnionBloom+1"],"picked":"TheSimpletonMod:CloseScrape+1","floor":38},{"not_picked":["TheSimpletonMod:Aerate+1","TheSimpletonMod:VineRipen+1","TheSimpletonMod:SpiceUp"],"picked":"SKIP","floor":39},{"not_picked":["TheSimpletonMod:FlashPasteurize","TheSimpletonMod:BumperCrop"],"picked":"TheSimpletonMod:KeenEdge+1","floor":40},{"not_picked":["TheSimpletonMod:ResearchGrant","TheSimpletonMod:SpiceUp","TheSimpletonMod:Rake"],"picked":"SKIP","floor":47}],"player_experience":42263,"relics_obtained":[{"floor":6.0,"key":"ReplayTheSpireMod:Shallot"},{"floor":9.0,"key":"StoneCalendar"},{"floor":10.0,"key":"hubris:OldNail"},{"floor":14.0,"key":"Vajra"},{"floor":21.0,"key":"Red Mask"},{"floor":23.0,"key":"ReplayTheSpireMod:Ninjato"},{"floor":26,"key":"Gremlin Food"},{"floor":29,"key":"aspiration:AnachronicSnailShell"},{"floor":40,"key":"ReplayTheSpireMod:Lightbulb"},{"floor":43,"key":"Orichalcum"},{"floor":45,"key":"halation:PenCase"},{"floor":47,"key":"Pet Ghost"}],"event_choices":[{"damage_healed":0.0,"max_hp_gain":0.0,"max_hp_loss":0.0,"gold_gain":0.0,"event_name":"Scrap Ooze","player_choice":"Success","floor":2.0,"gold_loss":0.0,"damage_taken":18.0,"relics_obtained":["halation:PromiseList"]},{"damage_healed":0.0,"max_hp_gain":0.0,"max_hp_loss":0.0,"gold_gain":0.0,"event_name":"Masked Bandits","player_choice":"Fought Bandits","floor":21.0,"gold_loss":0.0,"damage_taken":0.0},{"damage_healed":0,"gold_gain":0,"player_choice":"Upgraded","damage_taken":0,"max_hp_gain":0,"max_hp_loss":0,"event_name":"Upgrade Shrine","floor":30,"gold_loss":0,"cards_upgraded":["TheSimpletonMod:Potatoes"]},{"damage_healed":0,"gold_gain":0,"player_choice":"Fight","damage_taken":0,"max_hp_gain":0,"max_hp_loss":0,"event_name":"MindBloom","floor":45,"gold_loss":0}],"is_beta":false,"boss_relics":[{"not_picked":["hubris:ScarierMask","energizedSpire:HugeHouse"],"picked":"Coffee Dripper"},{"not_picked":["aspiration:SilentSkillbook","conspire:SlowCooker"],"picked":"Circlet"}],"items_purged_floors":[20,27,42],"is_endless":false,"potions_floor_spawned":[1,4,10,12,21,24,29,33,36,40,45,47],"ascension_level":0}}