{"host":"pifa3o3uv2a0m12r","time":1613954682,"event":{"mods":["AchievementEnabler","BaseMod","Colored Map","Minty Spire (QoL Compilation)","StSLib","SuperFastMode"],"gold_per_floor":[209,284,84,94,114,145,145,145,145,145,171,184,184,218,218,318,318,331,331,331,313,332,332,332],"floor_reached":23,"language":"FRA","playtime":751,"items_purged":[],"score":234,"play_id":"a685cb49-425b-4ffc-9cc7-020b78a6ca86","local_time":"20210221144442","is_ascension_mode":false,"campfire_choices":[{"floor":7,"key":"REST"},{"floor":10,"key":"REST"},{"data":"Armaments","floor":15,"key":"SMITH"}],"circlet_count":0,"master_deck":["Defend_R","Defend_R","Defend_R","Defend_R","Bash","Armaments+1","Heavy Blade","Anger","Iron Wave","Fiend Fire","Flame Barrier+1","Flex+1","Impervious+1","Entrench+1","Bite","Bite","Bite","Bite","Bite","Battle Trance+1","Rage+1"],"relics":["Black Blood","PreservedInsect","Toxic Egg 2","White Beast Statue","Happy Flower","Pantograph","Tiny Chest","CultistMask"],"acts_visited":["Exordium","TheCity"],"potions_floor_usage":[23,23],"damage_taken":[{"damage":15,"enemies":"Jaw Worm","floor":1,"turns":4},{"damage":5,"enemies":"Small Slimes","floor":4,"turns":4},{"damage":13,"enemies":"2 Louse","floor":5,"turns":3},{"damage":32,"enemies":"Lagavulin","floor":6,"turns":6},{"damage":20,"enemies":"3 Sentries","floor":11,"turns":9},{"damage":9,"enemies":"Gremlin Gang","floor":12,"turns":7},{"damage":6,"enemies":"Gremlin Nob","floor":14,"turns":4},{"damage":57,"enemies":"Hexaghost","floor":16,"turns":10},{"damage":20,"enemies":"3 Byrds","floor":18,"turns":8},{"damage":15,"enemies":"2 Thieves","floor":21,"turns":4},{"damage":13,"enemies":"Snake Plant","floor":22,"turns":4},{"damage":65,"enemies":"Gremlin Leader","floor":23,"turns":6}],"seed_played":"-237970704502615382","potions_obtained":[{"floor":5,"key":"Weak Potion"},{"floor":11,"key":"Energy Potion"},{"floor":12,"key":"Dexterity Potion"},{"floor":21,"key":"DuplicationPotion"}],"is_trial":false,"path_per_floor":["M","?","$","M","M","E","R","?","T","R","E","M","?","E","R","B",null,"M","?","?","M","M","E"],"character_chosen":"IRONCLAD","items_purchased":["PreservedInsect","Heavy Blade"],"campfire_rested":2,"item_purchase_floors":[3,3],"current_hp_per_floor":[71,60,60,61,54,28,52,52,52,76,62,59,47,47,47,21,80,72,56,56,56,56,0,0],"gold":332,"neow_bonus":"HUNDRED_GOLD","is_daily":false,"chose_seed":false,"campfire_upgraded":1,"win_rate":0.0,"timestamp":1613954682,"path_taken":["M","?","$","M","M","E","R","?","T","R","E","M","?","E","R","BOSS","M","?","?","M","?","E"],"items_purchased_type":["Relic","Card"],"build_version":"2020-12-22","purchased_purges":0,"victory":false,"max_hp_per_floor":[80,80,80,80,80,80,80,80,80,80,80,80,80,80,80,80,80,80,56,56,56,56,56,56],"card_choices":[{"not_picked":["Thunderclap","Flex"],"picked":"Armaments","floor":1},{"not_picked":["Perfected Strike","Sever Soul","Clash"],"picked":"SKIP","floor":4},{"not_picked":["Warcry","Pommel Strike"],"picked":"Anger","floor":5},{"not_picked":["Cleave","Anger"],"picked":"Iron Wave","floor":6},{"not_picked":["Dropkick","Perfected Strike"],"picked":"Fiend Fire","floor":11},{"not_picked":["Carnage","Perfected Strike"],"picked":"Flame Barrier+1","floor":12},{"not_picked":["Battle Trance+1","Rampage"],"picked":"Flex+1","floor":14},{"not_picked":["Bludgeon","Offering+1"],"picked":"Impervious+1","floor":16},{"not_picked":["Heavy Blade","Dropkick"],"picked":"Entrench+1","floor":18},{"not_picked":["Clash+1","Clothesline+1"],"picked":"Battle Trance+1","floor":21},{"not_picked":["Dropkick+1","Shrug It Off+1"],"picked":"Rage+1","floor":22}],"player_experience":141310,"relics_obtained":[{"floor":6,"key":"Toxic Egg 2"},{"floor":9,"key":"White Beast Statue"},{"floor":11,"key":"Happy Flower"},{"floor":14,"key":"Tiny Chest"}],"event_choices":[{"damage_healed":0,"gold_gain":75,"player_choice":"Gather Gold","damage_taken":11,"max_hp_gain":0,"max_hp_loss":0,"event_name":"World of Goop","floor":2,"gold_loss":0},{"damage_healed":0,"gold_gain":0,"player_choice":"Ignored","damage_taken":0,"max_hp_gain":0,"max_hp_loss":0,"event_name":"Golden Idol","floor":8,"gold_loss":0},{"damage_healed":0,"gold_gain":0,"player_choice":"Success","damage_taken":12,"relics_obtained":["Pantograph"],"max_hp_gain":0,"max_hp_loss":0,"event_name":"Scrap Ooze","floor":13,"gold_loss":0},{"damage_healed":0,"gold_gain":0,"player_choice":"Became a vampire","damage_taken":0,"max_hp_gain":0,"max_hp_loss":24,"event_name":"Vampires","floor":19,"gold_loss":0,"cards_obtained":["Bite","Bite","Bite","Bite","Bite"]},{"damage_healed":0,"gold_gain":0,"player_choice":"Trade","damage_taken":0,"relics_obtained":["CultistMask"],"max_hp_gain":0,"max_hp_loss":0,"event_name":"FaceTrader","floor":20,"gold_loss":0}],"is_beta":false,"boss_relics":[{"not_picked":["Runic Dome","Empty Cage"],"picked":"Black Blood"}],"items_purged_floors":[],"is_endless":false,"potions_floor_spawned":[5,11,12,14,16,18,21,22],"killed_by":"Gremlin Leader","ascension_level":0}}