{"host":"saki","time":1613995729,"event":{"mods":["ATMod(°¢èªMod)","BaseMod","Energized Spire","Koishi","Marisa£¨ìFÓê¡¡Ä§ÀíÉ³£©","Minty Spire (QoL Compilation)","Nova Terra(ÅµÍÞ¡¤Ì©À­)","Quick Restart","Reimu£¨²©ÀöÁéÃÎ£©","StSLib","TestMod","The Runesmith","Waifu the Spire","Youmu£¨»êÆÇÑýÃÎ£©","Yuyuko","[GremlinLeader]The Maniac","¡¾ÒÅÎï¿¨ÅÆ¡¿REMEMod"],"gold_per_floor":[114,389,246,265,265,296,296,41,41,41,91,91,116,159,159,328,328,381,381,452,501,246,317,317,426,426,537,582,582,661,1060,1060,1216,1216,1258,623,773,961,1007,1077,1167,1234,1234,1234,1234,1566,1623,1308,1308,1433],"floor_reached":51,"language":"ZHS","playtime":2491,"items_purged":["Regret","Defend_Lin:ReiMu","Defend_Lin:ReiMu"],"score":1437,"play_id":"eaa8351b-b9cb-4bc6-9c99-fca6f6b7e3f0","local_time":"20210222200849","is_ascension_mode":true,"campfire_choices":[{"data":"REME_BattleFury","floor":10.0,"key":"SMITH"},{"data":"FantasyMoon:ReiMu","floor":12.0,"key":"SMITH"},{"data":"NB:ReiMu","floor":15.0,"key":"SMITH"},{"data":"KyokaiOfKami:ReiMu","floor":24.0,"key":"SMITH"},{"data":"DependentForm:ReiMu","floor":32.0,"key":"SMITH"},{"data":"Determination:ReiMu","floor":44,"key":"SMITH"},{"data":"Dreaming:ReiMu","floor":49,"key":"SMITH"}],"circlet_count":0,"master_deck":["Strike_Lin:ReiMu","Strike_Lin:ReiMu","Strike_Lin:ReiMu+1","Strike_Lin:ReiMu","Defend_Lin:ReiMu","Defend_Lin:ReiMu","NB:ReiMu+1","AT_RealColorLess","REME_BattleFury+1","SpreadBorder2:ReiMu","Dreaming2:ReiMu+1","FantasyMoon:ReiMu+1","YinYangSange:ReiMu","Conquer:ReiMu","KyokaiOfKami:ReiMu+1","REME_BattleFury+1","Crusade:ReiMu+1","DependentForm:ReiMu+1","SubcavityFantasy:ReiMu","REME_BodyOfCthun","FineLineFantasy:ReiMu","YinYangSange:ReiMu+1","ManaGlint:ReiMu+1","Determination:ReiMu+1","MikOfLucky:ReiMu","Dreaming:ReiMu+1"],"relics":["FlyPower:ReiMu","AT_ATBox","REME_ComplimentaryCards","testmod-DeterminationOfClimber","NeowsBlessing","Kunai","testmod-Justice","testmod-Hope","AT_ImmortalShieldbow","AT_MibuBalloonWealth","testmod-NegativeEmotionEnhancer","testmod-Charity","Nunchaku","Dead Branch","Sundial","Whetstone","testmod-OneHitWonder","Mummified Hand","CatCart","testmod-LifeArmor","REME_LimitBreaker","Centennial Puzzle","testmod-RandomTest"],"acts_visited":["Exordium","TheCity","TheBeyond"],"potions_floor_usage":[50,50,50],"damage_taken":[{"damage":0.0,"enemies":"Cultist","floor":1.0,"turns":1.0},{"damage":0.0,"enemies":"Jaw Worm","floor":4.0,"turns":2.0},{"damage":0.0,"enemies":"Gremlin Nob","floor":6.0,"turns":1.0},{"damage":0.0,"enemies":"3 Sentries","floor":11.0,"turns":2.0},{"damage":0.0,"enemies":"2 Louse","floor":13.0,"turns":2.0},{"damage":0.0,"enemies":"Lagavulin","floor":14.0,"turns":4.0},{"damage":0.0,"enemies":"Slime Boss","floor":16.0,"turns":3.0},{"damage":0.0,"enemies":"Shell Parasite","floor":18.0,"turns":1.0},{"damage":5.0,"enemies":"2 Thieves","floor":20.0,"turns":2.0},{"damage":0.0,"enemies":"Snecko","floor":21.0,"turns":2.0},{"damage":0.0,"enemies":"REME_1_Revenger","floor":23.0,"turns":2.0},{"damage":5.0,"enemies":"Slavers","floor":25.0,"turns":2.0},{"damage":0.0,"enemies":"Gremlin Leader","floor":27.0,"turns":3.0},{"damage":2.0,"enemies":"Snake Plant","floor":28.0,"turns":2.0},{"damage":6.0,"enemies":"Chosen and Byrds","floor":30.0,"turns":2.0},{"damage":0.0,"enemies":"Champ","floor":33.0,"turns":3.0},{"damage":14,"enemies":"Orb Walker","floor":35,"turns":3},{"damage":0,"enemies":"3 Darklings","floor":37,"turns":1},{"damage":0,"enemies":"Orin","floor":38,"turns":2},{"damage":0,"enemies":"Maw","floor":39,"turns":1},{"damage":0,"enemies":"Giant Head","floor":40,"turns":1},{"damage":5,"enemies":"Sphere and 2 Shapes","floor":41,"turns":2},{"damage":0,"enemies":"Nemesis","floor":42,"turns":1},{"damage":0,"enemies":"Transient","floor":47,"turns":1},{"damage":10,"enemies":"Awakened One","floor":50,"turns":3}],"seed_played":"-503461344250366520","potions_obtained":[{"floor":11.0,"key":"FearPotion"},{"floor":13.0,"key":"AttackPotion"},{"floor":14.0,"key":"REME_GoldPotion"},{"floor":16.0,"key":"DistilledChaos"},{"floor":28.0,"key":"FearPotion"},{"floor":30.0,"key":"EssenceOfSteel"},{"floor":40,"key":"SteroidPotion"}],"is_trial":false,"path_per_floor":["M","?","$","M","?","E","?","$","T","R","E","R","M","E","R","B",null,"M","?","M","M","$","E","R","E","T","E","M","T","M","?","R","B",null,"M","$","M","?","M","E","M","E","T","R","?","?","M","$","R","B",null],"character_chosen":"REIMU","items_purchased":["Dreaming2:ReiMu","testmod-Justice","testmod-Charity","Mummified Hand","REME_BodyOfCthun","FineLineFantasy:ReiMu","testmod-RandomTest","DistilledChaos"],"campfire_rested":0,"item_purchase_floors":[3,8,22,36,36,36,48,48],"current_hp_per_floor":[65,65,65,65,65,65,60,60,60,60,60,60,60,60,60,60,60,61,61,62,63,63,76,76,86,86,104,112,112,123,124,124,144,144,147,147,167,190,208,219,228,240,240,240,240,241,267,267,267,287],"gold":1433,"neow_bonus":"THREE_ENEMY_KILL","is_daily":false,"chose_seed":false,"campfire_upgraded":7,"win_rate":0.0,"timestamp":1613995729,"path_taken":["M","?","$","?","?","E","?","?","T","R","E","R","M","E","R","BOSS","M","?","M","M","?","E","R","E","T","E","?","?","M","?","R","BOSS","M","$","M","?","M","E","M","E","T","R","?","?","?","?","R","BOSS"],"items_purchased_type":["Card","Relic","Relic","Relic","Card","Card","Relic","Potion"],"build_version":"2020-12-18","purchased_purges":3,"victory":true,"max_hp_per_floor":[65,65,65,65,65,65,60,60,60,60,60,60,60,60,60,60,60,61,61,62,63,63,76,76,86,86,104,112,112,123,124,124,144,144,152,152,167,190,208,219,228,240,240,240,240,241,267,267,267,287],"card_choices":[{"not_picked":["OrbThrow:ReiMu","Meditation:ReiMu"],"picked":"SpreadBorder2:ReiMu","floor":1.0},{"not_picked":["SpringWay:ReiMu","SubAcupoint:ReiMu"],"picked":"FantasyMoon:ReiMu","floor":4.0},{"not_picked":["TightArray:ReiMu","AlertArray:ReiMu","AirStrike:ReiMu"],"picked":"SKIP","floor":6.0},{"not_picked":["SpringWay:ReiMu","UpKicking:ReiMu"],"picked":"Conquer:ReiMu","floor":11.0},{"not_picked":["KamiSacrifice:ReiMu","Amulet:ReiMu","Dreaming2:ReiMu"],"picked":"SKIP","floor":13.0},{"not_picked":["FineLineFantasy:ReiMu","OrbThrow:ReiMu","Gathering:ReiMu"],"picked":"SKIP","floor":14.0},{"not_picked":["Free:ReiMu","PrayRite:ReiMu"],"picked":"KyokaiOfKami:ReiMu","floor":16.0},{"not_picked":["AlertArray:ReiMu","OrbThrow:ReiMu+1","EmergencyTakeOff:ReiMu+1"],"picked":"SKIP","floor":18.0},{"not_picked":["PayForSelf:ReiMu","EmergencyTakeOff:ReiMu"],"picked":"Crusade:ReiMu+1","floor":20.0},{"not_picked":["MikOfLucky:ReiMu","Conquer:ReiMu","FantasyBorder:ReiMu+1"],"picked":"SKIP","floor":21.0},{"not_picked":["Meditation:ReiMu+1","SubcavityInstant:ReiMu","Amulet:ReiMu+1"],"picked":"SKIP","floor":23.0},{"not_picked":["Conquer:ReiMu+1","OctopathBindingBorder2:ReiMu+1","TightArray:ReiMu+1"],"picked":"SKIP","floor":25.0},{"not_picked":["Enchanting:ReiMu","CareerPray:ReiMu"],"picked":"DependentForm:ReiMu","floor":27.0},{"not_picked":["CareerPray:ReiMu","SpreadBorder2:ReiMu","AirStrike:ReiMu"],"picked":"SKIP","floor":28.0},{"not_picked":["SubAcupoint:ReiMu","InherentArray:ReiMu","OrbThrow:ReiMu+1"],"picked":"SKIP","floor":30.0},{"not_picked":["PrayRite:ReiMu","KyokaiOfKami:ReiMu"],"picked":"SubcavityFantasy:ReiMu","floor":33.0},{"not_picked":["ShadowOfCrow2:ReiMu+1","Conquer:ReiMu+1","EmergencyTakeOff:ReiMu+1"],"picked":"SKIP","floor":35},{"not_picked":["Intuition:ReiMu+1","TakeOff:ReiMu+1"],"picked":"YinYangSange:ReiMu+1","floor":37},{"not_picked":["SafetyPray:ReiMu","LovePray:ReiMu"],"picked":"ManaGlint:ReiMu+1","floor":38},{"not_picked":["AlertArray:ReiMu","SpreadBorder2:ReiMu+1","SealNeedle:ReiMu+1"],"picked":"SKIP","floor":39},{"not_picked":["Crusade:ReiMu","EmergencyTakeOff:ReiMu"],"picked":"Determination:ReiMu","floor":40},{"not_picked":["SubcavityInstant:ReiMu","WonderfulDomain:ReiMu+1","SafetyPray:ReiMu+1"],"picked":"SKIP","floor":41},{"not_picked":["UniversalSpiritual:ReiMu+1","Meditation:ReiMu+1"],"picked":"MikOfLucky:ReiMu","floor":42},{"not_picked":["NineCharacters:ReiMu","CollectionFlower2:ReiMu+1"],"picked":"Dreaming:ReiMu","floor":47}],"player_experience":324776,"relics_obtained":[{"floor":6.0,"key":"Kunai"},{"floor":9.0,"key":"testmod-Hope"},{"floor":11.0,"key":"AT_ImmortalShieldbow"},{"floor":14.0,"key":"AT_MibuBalloonWealth"},{"floor":23.0,"key":"Nunchaku"},{"floor":25.0,"key":"Dead Branch"},{"floor":26.0,"key":"Sundial"},{"floor":27.0,"key":"Whetstone"},{"floor":29.0,"key":"testmod-OneHitWonder"},{"floor":38,"key":"CatCart"},{"floor":40,"key":"testmod-LifeArmor"},{"floor":42,"key":"REME_LimitBreaker"},{"floor":43,"key":"Centennial Puzzle"}],"event_choices":[{"damage_healed":0.0,"max_hp_gain":0.0,"max_hp_loss":0.0,"gold_gain":275.0,"event_name":"Golden Shrine","player_choice":"Desecrate","floor":2.0,"gold_loss":0.0,"damage_taken":0.0,"cards_obtained":["Regret"]},{"damage_healed":0.0,"max_hp_gain":0.0,"max_hp_loss":0.0,"gold_gain":0.0,"cards_transformed":["Stagnation:ReiMu"],"event_name":"Living Wall","player_choice":"Change","floor":5.0,"gold_loss":0.0,"damage_taken":0.0,"cards_obtained":["YinYangSange:ReiMu"]},{"damage_healed":0.0,"max_hp_gain":0.0,"max_hp_loss":5.0,"gold_gain":0.0,"event_name":"Golden Idol","player_choice":"Lose Max HP","floor":7.0,"gold_loss":0.0,"damage_taken":0.0,"relics_obtained":["Golden Idol"]},{"damage_healed":0.0,"max_hp_gain":0.0,"max_hp_loss":0.0,"gold_gain":0.0,"event_name":"Duplicator","player_choice":"Copied","floor":19.0,"gold_loss":0.0,"damage_taken":0.0,"cards_obtained":["REME_BattleFury"]},{"damage_healed":0.0,"max_hp_gain":0.0,"max_hp_loss":0.0,"gold_gain":400.0,"event_name":"¶÷ÂåË¹µÄÅÌ×Ó","player_choice":"Sell","floor":31.0,"relics_lost":["testmod-TestBox"],"gold_loss":0.0,"damage_taken":0.0},{"damage_healed":0,"gold_gain":0,"player_choice":"Fight","damage_taken":0,"max_hp_gain":0,"max_hp_loss":0,"event_name":"OrinTheCat","floor":38,"gold_loss":0},{"damage_healed":0,"gold_gain":0,"player_choice":"Ignored","damage_taken":0,"max_hp_gain":0,"max_hp_loss":0,"event_name":"Tomb of Lord Red Mask","floor":45,"gold_loss":0},{"damage_healed":0,"gold_gain":333,"player_choice":"Gave Idol","damage_taken":0,"max_hp_gain":0,"max_hp_loss":0,"event_name":"The Moai Head","floor":46,"relics_lost":["Golden Idol"],"gold_loss":0}],"is_beta":true,"boss_relics":[{"not_picked":["Cursed Key","ShineYinYang:ReiMu"],"picked":"testmod-NegativeEmotionEnhancer"},{"not_picked":["Runic Pyramid","Fusion Hammer","REME_ChargedStone"]}],"items_purged_floors":[3,22,36],"is_endless":false,"potions_floor_spawned":[11,13,14,16,18,23,28,30,35,40,42],"ascension_level":4}}