{"host":"2lo6hma6kymb0g9i","time":1613974886,"event":{"mods":["BaseMod","Colored Map","DeckTracker","Minty Spire (QoL Compilation)"],"gold_per_floor":[113,113,113,132,17,52,52,93,93,112,127,127,165,179,179,179,179],"floor_reached":16,"language":"JPN","playtime":997,"items_purged":["Strike_G"],"score":290,"play_id":"db8d1e77-8f1e-4773-a62f-5a745cc06be1","local_time":"20210222152126","is_ascension_mode":true,"campfire_choices":[{"data":"Dagger Spray","floor":7.0,"key":"SMITH"},{"data":"Blade Dance","floor":12.0,"key":"SMITH"},{"floor":15.0,"key":"REST"}],"circlet_count":0,"master_deck":["AscendersBane","Strike_G","Strike_G","Strike_G","Defend_G","Defend_G","Defend_G","Defend_G","Defend_G","Survivor","Neutralize","Blade Dance+1","Caltrops","Dagger Spray+1","Backflip","Dodge and Roll","Die Die Die+1","Backstab+1"],"relics":["Ring of the Snake","NeowsBlessing","Golden Idol","StrikeDummy","Lantern","Molten Egg 2","Dream Catcher"],"acts_visited":["Exordium"],"potions_floor_usage":[16],"damage_taken":[{"damage":0.0,"enemies":"Small Slimes","floor":1.0,"turns":1.0},{"damage":0.0,"enemies":"Jaw Worm","floor":4.0,"turns":1.0},{"damage":0.0,"enemies":"Gremlin Nob","floor":6.0,"turns":1.0},{"damage":35.0,"enemies":"Lagavulin","floor":8.0,"turns":8.0},{"damage":0.0,"enemies":"Cultist","floor":10.0,"turns":2.0},{"damage":0.0,"enemies":"Lots of Slimes","floor":11.0,"turns":3.0},{"damage":8.0,"enemies":"3 Sentries","floor":13.0,"turns":9.0},{"damage":0.0,"enemies":"Blue Slaver","floor":14.0,"turns":4.0},{"damage":39,"enemies":"Slime Boss","floor":16,"turns":7}],"seed_played":"-4933131621488723054","potions_obtained":[{"floor":4.0,"key":"Energy Potion"},{"floor":10.0,"key":"SkillPotion"},{"floor":14.0,"key":"Weak Potion"}],"is_trial":false,"path_per_floor":["M","?","?","M","$","E","R","E","T","M","M","R","E","M","R","B"],"character_chosen":"THE_SILENT","items_purchased":["Caltrops"],"campfire_rested":1,"item_purchase_floors":[5],"current_hp_per_floor":[59,59,59,59,59,59,59,24,24,24,24,24,16,16,34,0,0],"gold":179,"neow_bonus":"THREE_ENEMY_KILL","is_daily":false,"chose_seed":false,"campfire_upgraded":2,"win_rate":0.0,"timestamp":1613974886,"path_taken":["M","?","?","M","$","E","R","E","T","M","M","R","E","M","R","BOSS"],"items_purchased_type":["Card"],"build_version":"2020-12-22","purchased_purges":1,"victory":false,"max_hp_per_floor":[66,60,60,60,60,60,60,60,60,60,60,60,60,60,60,60,60],"card_choices":[{"not_picked":["Sucker Punch","Dagger Spray"],"picked":"Blade Dance","floor":1.0},{"not_picked":["Concentrate","Bane","Backflip"],"picked":"SKIP","floor":4.0},{"not_picked":["Crippling Poison","Poisoned Stab"],"picked":"Dagger Spray","floor":6.0},{"not_picked":["Escape Plan","Crippling Poison"],"picked":"Backflip","floor":8.0},{"not_picked":["Concentrate","Setup","Bane+1"],"picked":"SKIP","floor":10.0},{"not_picked":["Backflip","Poisoned Stab+1"],"picked":"Dodge and Roll","floor":11.0},{"not_picked":["Bane+1","Slice+1"],"picked":"Die Die Die+1","floor":13.0},{"not_picked":["Bane+1","Poisoned Stab+1","Infinite Blades"],"picked":"SKIP","floor":14.0},{"not_picked":["Tactician","PiercingWail"],"picked":"Backstab+1","floor":15.0}],"player_experience":1243256,"relics_obtained":[{"floor":6.0,"key":"StrikeDummy"},{"floor":8.0,"key":"Lantern"},{"floor":9.0,"key":"Molten Egg 2"},{"floor":13.0,"key":"Dream Catcher"}],"event_choices":[{"damage_healed":0.0,"max_hp_gain":0.0,"max_hp_loss":6.0,"gold_gain":0.0,"event_name":"Golden Idol","player_choice":"Lose Max HP","floor":2.0,"gold_loss":0.0,"damage_taken":0.0,"relics_obtained":["Golden Idol"]},{"cards_removed":["Strike_G"],"damage_healed":0.0,"max_hp_gain":0.0,"max_hp_loss":0.0,"gold_gain":0.0,"event_name":"Bonfire Elementals","player_choice":"Offered Basic","floor":3.0,"gold_loss":0.0,"damage_taken":0.0}],"is_beta":false,"boss_relics":[],"items_purged_floors":[5],"is_endless":false,"potions_floor_spawned":[4,10,14],"killed_by":"Slime Boss","ascension_level":20}}