{"host":"Christian","time":1613957620,"event":{"mods":["BaseMod","Minty Spire (QoL Compilation)","Relic Stats","StSLib"],"gold_per_floor":[119,131,141,141,41,76,95,95,95,136,136,5,29,42,42,133,133,158,172,197,197,212,212,212],"floor_reached":23,"language":"ENG","playtime":3254,"items_purged":["Strike_B"],"score":410,"play_id":"55d6d602-48ed-4320-957f-ab02a8410846","local_time":"20210221193340","is_ascension_mode":true,"campfire_choices":[{"floor":8,"key":"REST"},{"floor":11,"key":"REST"},{"data":"Barrage","floor":15,"key":"SMITH"}],"circlet_count":0,"master_deck":["AscendersBane","Strike_B","Strike_B","Strike_B","Defend_B","Defend_B","Defend_B","Defend_B","Zap","Dualcast","Ball Lightning","Sweeping Beam","Capacitor","Ball Lightning","Doom and Gloom","Barrage+1","Redo","Genetic Algorithm","Self Repair","Cold Snap","Tempest","Seek","Consume","Capacitor","Coolheaded+1"],"relics":["Cracked Core","Orichalcum","Bloody Idol","Pantograph","TungstenRod","Thread and Needle","Runic Pyramid"],"acts_visited":["Exordium","TheCity"],"potions_floor_usage":[16,20,22],"damage_taken":[{"damage":1,"enemies":"Small Slimes","floor":1,"turns":4},{"damage":6,"enemies":"Jaw Worm","floor":2,"turns":3},{"damage":0,"enemies":"Cultist","floor":3,"turns":3},{"damage":25,"enemies":"Lagavulin","floor":6,"turns":6},{"damage":15,"enemies":"Exordium Wildlife","floor":7,"turns":4},{"damage":18,"enemies":"3 Sentries","floor":10,"turns":5},{"damage":0,"enemies":"Large Slime","floor":13,"turns":4},{"damage":0,"enemies":"Looter","floor":14,"turns":3},{"damage":31,"enemies":"Hexaghost","floor":16,"turns":9},{"damage":14,"enemies":"Shell Parasite","floor":18,"turns":8},{"damage":15,"enemies":"3 Byrds","floor":19,"turns":5},{"damage":11,"enemies":"Cultist and Chosen","floor":20,"turns":6},{"damage":8,"enemies":"Chosen and Byrds","floor":22,"turns":5},{"damage":41,"enemies":"Book of Stabbing","floor":23,"turns":5}],"seed_played":"-5627637284004441699","potions_obtained":[{"floor":7,"key":"Dexterity Potion"},{"floor":10,"key":"Energy Potion"},{"floor":16,"key":"FearPotion"}],"is_trial":false,"path_per_floor":["M","M","M","?","$","E","M","R","T","E","R","$","M","M","R","B",null,"M","M","M","?","M","E"],"character_chosen":"DEFECT","items_purchased":["Ball Lightning","Genetic Algorithm","Self Repair"],"campfire_rested":2,"item_purchase_floors":[5,12,12],"current_hp_per_floor":[63,57,57,57,57,32,17,36,36,18,37,37,44,51,51,40,58,51,43,39,39,36,0,0],"gold":212,"neow_bonus":"RANDOM_COMMON_RELIC","is_daily":false,"chose_seed":false,"campfire_upgraded":1,"win_rate":0.0,"timestamp":1613957620,"path_taken":["M","M","M","?","?","E","M","R","T","E","R","$","M","M","R","BOSS","M","M","M","?","M","E"],"items_purchased_type":["Card","Card","Card"],"build_version":"2020-12-18","purchased_purges":1,"victory":false,"max_hp_per_floor":[71,71,71,64,64,64,64,64,64,64,64,64,64,64,64,64,64,64,64,64,64,64,64,64],"relic_stats":{"counters":[14,70],"Bloody Idol":5,"Pantograph":13,"Orichalcum":[222],"obtain_stats":[{"Golden Idol":4,"Pantograph":6,"Bloody Idol":21,"Thread and Needle":10,"Orichalcum":0,"Cracked Core":0,"TungstenRod":9,"Runic Pyramid":17},{"Golden Idol":3,"Pantograph":4,"Bloody Idol":12,"Thread and Needle":6,"Orichalcum":0,"Cracked Core":0,"TungstenRod":5,"Runic Pyramid":9},{"Golden Idol":10,"Pantograph":16,"Bloody Idol":60,"Thread and Needle":25,"Orichalcum":0,"Cracked Core":0,"TungstenRod":20,"Runic Pyramid":41}],"TungstenRod":36},"card_choices":[{"not_picked":["Rebound","Chaos"],"picked":"Ball Lightning","floor":1},{"not_picked":["Hologram","Storm"],"picked":"Sweeping Beam","floor":2},{"not_picked":["Beam Cell","Sweeping Beam"],"picked":"Capacitor","floor":3},{"not_picked":["Redo","Double Energy"],"picked":"Doom and Gloom","floor":6},{"not_picked":["Ball Lightning","Glacier"],"picked":"Barrage","floor":7},{"not_picked":["Recycle","Double Energy"],"picked":"Redo","floor":10},{"not_picked":["Hello World","Redo"],"picked":"Cold Snap","floor":13},{"not_picked":["Ball Lightning","Leap"],"picked":"Tempest","floor":14},{"not_picked":["Rainbow","Meteor Strike"],"picked":"Seek","floor":16},{"not_picked":["Coolheaded","Turbo"],"picked":"Consume","floor":18},{"not_picked":["Compile Driver","Redo","Gash"],"picked":"SKIP","floor":19},{"not_picked":["Gash","Fusion"],"picked":"Capacitor","floor":20},{"not_picked":["Conserve Battery","Scrape"],"picked":"Coolheaded+1","floor":22}],"player_experience":113314,"relics_obtained":[{"floor":6,"key":"Pantograph"},{"floor":9,"key":"TungstenRod"},{"floor":10,"key":"Thread and Needle"}],"event_choices":[{"damage_healed":0,"gold_gain":0,"player_choice":"Lose Max HP","damage_taken":0,"relics_obtained":["Golden Idol"],"max_hp_gain":0,"max_hp_loss":7,"event_name":"Golden Idol","floor":4,"gold_loss":0},{"damage_healed":0,"gold_gain":0,"player_choice":"Gave Idol","damage_taken":0,"relics_obtained":["Bloody Idol"],"max_hp_gain":0,"max_hp_loss":0,"event_name":"Forgotten Altar","floor":21,"relics_lost":["Golden Idol"],"gold_loss":0}],"is_beta":true,"boss_relics":[{"not_picked":["Coffee Dripper","Velvet Choker"],"picked":"Runic Pyramid"}],"items_purged_floors":[5],"is_endless":false,"potions_floor_spawned":[7,10,13,16,18],"killed_by":"Book of Stabbing","ascension_level":20}}