{"host":"9oqmaaz8siap8kj6","time":1613955134,"event":{"mods":["BaseMod","Colored Map","Downfall","Hermit","Marisa????????","Minty Spire (QoL Compilation)","Replay The Spire","StSLib","The Bug Knight","The Cursed","The Runesmith","The Servant 0.9.4"],"gold_per_floor":[115,115,115,125,144,171,187,211,211,228,228,241,295,325,325,427,427,444,455,184,202,202,202,233,233,233,233,268,79,91,107,107,107,107],"floor_reached":33,"language":"ENG","playtime":2618,"items_purged":["Injury"],"score":312,"play_id":"de6cb71b-c0d4-44fe-bb3c-74c4337f5b75","local_time":"20210222015214","is_ascension_mode":true,"campfire_choices":[{"data":"Barricade","floor":11.0,"key":"SMITH"},{"floor":23,"key":"REST"},{"floor":25,"key":"REST"},{"floor":27,"key":"REST"},{"floor":32,"key":"REST"}],"circlet_count":0,"master_deck":["Strike_R+1","Strike_R+2","Strike_R+1","Strike_R+2","Strike_R+1","Defend_R","Defend_R","Defend_R","Bash+1","Perfected Strike+1","ReplayTheSpireMod:Muscle Training","Clash+1","Barricade+1","Twin Strike","Cleave","ReplayTheSpireMod:LeadingStrike","Infernal Blade","Demon Form","Pommel Strike+1","Iron Wave","Pommel Strike","Pommel Strike","Perfected Strike+1","Shrug It Off","Shrug It Off","ReplayTheSpireMod:Strike From Hell","Armaments+1"],"relics":["Burning Blood","Potion Belt","Whetstone","Runesmith:Nanobots","Replay:Mystery Machine","Replay:Ancient Bell","Omamori","Replay:Bottled Eggs","Incense Burner","Simple Rune","Bag of Marbles","Ornamental Fan","Happy Flower","King of Hearts"],"acts_visited":["Exordium","TheCity"],"potions_floor_usage":[16,16,24,31],"damage_taken":[{"damage":7.0,"enemies":"Small Slimes","floor":1.0,"turns":5.0},{"damage":6.0,"enemies":"Jaw Worm","floor":4.0,"turns":2.0},{"damage":3.0,"enemies":"Cultist","floor":5.0,"turns":3.0},{"damage":15.0,"enemies":"Gremlin Nob","floor":6.0,"turns":3.0},{"damage":3.0,"enemies":"2 Fungi Beasts","floor":7.0,"turns":3.0},{"damage":14.0,"enemies":"Red Slaver","floor":10.0,"turns":3.0},{"damage":2.0,"enemies":"Lots of Slimes","floor":12.0,"turns":3.0},{"damage":7.0,"enemies":"3 Sentries","floor":14.0,"turns":3.0},{"damage":65,"enemies":"Fading Forest","floor":16,"turns":11},{"damage":3,"enemies":"Chosen","floor":18,"turns":3},{"damage":44,"enemies":"Shelled Parasite and Fungi","floor":19,"turns":6},{"damage":17,"enemies":"3 Cultists","floor":21,"turns":5},{"damage":35,"enemies":"Book of Stabbing","floor":24,"turns":5},{"damage":75,"enemies":"Slavers","floor":28,"turns":7},{"damage":13,"enemies":"Cultist and Chosen","floor":30,"turns":6},{"damage":10,"enemies":"Chosen and Byrds","floor":31,"turns":5},{"damage":46,"enemies":"Collector","floor":33,"turns":13}],"seed_played":"-3716850362735478075","potions_obtained":[{"floor":1.0,"key":"Explosive Potion"},{"floor":5.0,"key":"Energy Potion"},{"floor":6.0,"key":"Energy Potion"},{"floor":10.0,"key":"ColorlessPotion"},{"floor":19,"key":"ColorlessPotion"},{"floor":24,"key":"Fire Potion"},{"floor":31,"key":"Elixir"}],"is_trial":false,"path_per_floor":["M","?","?","M","M","E","M","T","T","M","R","M","?","E","R_BF","B",null,"M","M","$","M","?","R","E","R","T","R","E","$","M","M","R","B"],"character_chosen":"IRONCLAD","items_purchased":["Simple Rune","Pommel Strike","King of Hearts","Shrug It Off"],"campfire_rested":4,"item_purchase_floors":[20,20,29,29],"current_hp_per_floor":[87,87,87,87,88,79,82,82,82,74,74,78,78,77,88,37,88,88,50,50,39,39,65,36,62,62,88,19,19,12,8,34,0,0],"gold":107,"neow_bonus":"TEN_PERCENT_HP_BONUS","is_daily":false,"chose_seed":false,"campfire_upgraded":1,"win_rate":0.0,"timestamp":1613955134,"path_taken":["M","?","?","M","M","E","M","?","T","M","R","M","?","E","R_BF","BOSS","M","M","$","M","?","R","E","R","T","R","E","$","M","M","R","BOSS"],"items_purchased_type":["Relic","Card","Relic","Card"],"build_version":"2020-12-22","purchased_purges":1,"victory":false,"max_hp_per_floor":[88,88,88,88,88,88,88,88,88,88,88,88,88,88,88,88,88,88,88,88,88,88,88,88,88,88,88,88,88,88,88,88,88,88],"card_choices":[{"not_picked":["Spot Weakness","Havoc"],"picked":"Perfected Strike","floor":1.0},{"not_picked":["True Grit","Carnage"],"picked":"ReplayTheSpireMod:Muscle Training","floor":4.0},{"not_picked":["Sword Boomerang","Run Through"],"picked":"Clash","floor":5.0},{"not_picked":["Whirlwind","Clothesline"],"picked":"Barricade","floor":6.0},{"not_picked":["Intimidate","ReplayTheSpireMod:Strike From Hell"],"picked":"Twin Strike","floor":7.0},{"not_picked":["Clash","Warcry"],"picked":"Cleave","floor":10.0},{"not_picked":["Dropkick","Rupture"],"picked":"ReplayTheSpireMod:LeadingStrike","floor":12.0},{"not_picked":["Iron Wave","Offering"],"picked":"Infernal Blade","floor":14.0},{"not_picked":["Bludgeon","Hemogenesis"],"picked":"Demon Form","floor":16},{"not_picked":["downfall:Aged","downfall:Icky"],"picked":"ReplayTheSpireMod:Faulty Equipment","floor":17},{"not_picked":["Shame","ReplayTheSpireMod:Restless Dread"],"picked":"Wraith","floor":17},{"not_picked":["Decay","Overencumbered"],"picked":"Injury","floor":17},{"not_picked":["Bloodletting","ReplayTheSpireMod:Limb From Limb+1"],"picked":"Pommel Strike+1","floor":18},{"not_picked":["Replay:Undeath\u0027s Touch","Reaper"],"picked":"Iron Wave","floor":19},{"not_picked":["Run Through","Dropkick"],"picked":"Pommel Strike","floor":21},{"not_picked":["Entrench+1","Evolve","Replay:Many Hands"],"picked":"SKIP","floor":24},{"not_picked":["Twin Strike","Massacre+1"],"picked":"Shrug It Off","floor":28},{"not_picked":["Body Slam+1","Battle Trance+1"],"picked":"ReplayTheSpireMod:Strike From Hell","floor":30},{"not_picked":["Wild Strike","Thunderclap"],"picked":"Armaments+1","floor":31}],"player_experience":234812,"relics_obtained":[{"floor":6.0,"key":"Potion Belt"},{"floor":8.0,"key":"Whetstone"},{"floor":9.0,"key":"Runesmith:Nanobots"},{"floor":14.0,"key":"Replay:Mystery Machine"},{"floor":24,"key":"Bag of Marbles"},{"floor":26,"key":"Ornamental Fan"},{"floor":28,"key":"Happy Flower"}],"event_choices":[{"damage_healed":0.0,"max_hp_gain":0.0,"max_hp_loss":0.0,"gold_gain":0.0,"event_name":"Living Wall","player_choice":"Grow","floor":2.0,"gold_loss":0.0,"damage_taken":0.0,"cards_upgraded":["Perfected Strike"]},{"damage_healed":0.0,"max_hp_gain":0.0,"max_hp_loss":0.0,"gold_gain":54.0,"event_name":"Golden Wing","player_choice":"Gained Gold","floor":13.0,"gold_loss":0.0,"damage_taken":0.0},{"damage_healed":0,"gold_gain":0,"player_choice":"Copied","damage_taken":0,"max_hp_gain":0,"max_hp_loss":0,"event_name":"Duplicator","floor":22,"gold_loss":0,"cards_obtained":["Perfected Strike"]}],"is_beta":false,"boss_relics":[{"not_picked":["Runesmith:UraniumAnvil","Honey Jar"],"picked":"Replay:Ancient Bell"},{"not_picked":["MawBank","Replay:Rubber Ducky"],"picked":"Omamori"},{"not_picked":["Chameleon Ring","Replay:Accelerometer"],"picked":"Replay:Bottled Eggs"},{"not_picked":["Replay:Kaleidoscope","Ginger"],"picked":"Incense Burner"}],"items_purged_floors":[20],"is_endless":false,"potions_floor_spawned":[1,5,6,10,19,24,31],"killed_by":"Collector","ascension_level":1}}