{"host":"879u177vr8bnqwsn","time":1613954026,"event":{"mods":["BaseMod","Hubris","Minty Spire (QoL Compilation)","Reliquary","StSLib"],"gold_per_floor":[10,10,10,20,30,30,30,205,230,299,299,310,310,324,324,427,427,440,144,130,143,155,155,155,155,155,179,191,203,235,257,269,376,388,419,446,221,241,34,34,48,48,48,9,24,24,24,24,24,24,24],"floor_reached":50,"language":"ENG","playtime":2583,"items_purged":[],"score":484,"play_id":"757cee6c-2e1d-42d9-a5eb-12ca0b74e09d","local_time":"20210221213346","is_ascension_mode":false,"campfire_choices":[{"data":"After Image","floor":6,"key":"SMITH"},{"data":"Neutralize","floor":11,"key":"SMITH"},{"data":"PiercingWail","floor":15,"key":"SMITH"},{"data":"Bouncing Flask","floor":23,"key":"SMITH"},{"data":"Malaise","floor":25,"key":"SMITH"},{"floor":29,"key":"REST"},{"data":"Survivor","floor":32,"key":"SMITH"},{"floor":40,"key":"REST"},{"data":"Corpse Explosion","floor":42,"key":"SMITH"},{"floor":47,"key":"REST"},{"data":"Catalyst","floor":49,"key":"SMITH"}],"circlet_count":0,"master_deck":["Strike_G","Strike_G","Strike_G","Strike_G","Strike_G","Defend_G","Defend_G","Defend_G","Defend_G","Defend_G","Survivor+1","Neutralize+1","Well Laid Plans","Slice+1","hubris:DuctTapeCard","Deflect","PiercingWail+1","Malaise+1","PiercingWail","Dagger Spray+1","Infinite Blades","Deadly Poison","Bouncing Flask+1","Backflip+1","Crippling Poison+1","Corpse Explosion+1","Catalyst+1","Acrobatics+1","Accuracy","Cloak And Dagger","Backflip","Noxious Fumes","Dodge and Roll","hubris:Counter","Neutralize"],"relics":["Ring of the Snake","reliquary:RosewoodLute","reliquary:Boomerang","hubris:DuctTape","Philosopher\u0027s Stone","Matryoshka","MawBank","Bottled Flame","Nloth\u0027s Gift","hubris:GrandSneckoEye","Medical Kit","reliquary:Knoch","PreservedInsect","Ornamental Fan"],"acts_visited":["Exordium","TheCity","TheBeyond"],"potions_floor_usage":[12,16,16,33,33,45,50],"damage_taken":[{"damage":1,"enemies":"Jaw Worm","floor":1,"turns":7},{"damage":0,"enemies":"Small Slimes","floor":4,"turns":4},{"damage":0,"enemies":"Cultist","floor":5,"turns":4},{"damage":1,"enemies":"3 Louse","floor":12,"turns":2},{"damage":1,"enemies":"2 Fungi Beasts","floor":14,"turns":4},{"damage":1,"enemies":"Slime Boss","floor":16,"turns":12},{"damage":13,"enemies":"3 Byrds","floor":18,"turns":6},{"damage":4,"enemies":"2 Thieves","floor":20,"turns":4},{"damage":0,"enemies":"Centurion and Healer","floor":21,"turns":9},{"damage":19,"enemies":"Snake Plant","floor":22,"turns":7},{"damage":7,"enemies":"Shelled Parasite and Fungi","floor":27,"turns":8},{"damage":1,"enemies":"Snecko","floor":30,"turns":6},{"damage":7,"enemies":"Cultist and Chosen","floor":31,"turns":6},{"damage":34,"enemies":"Automaton","floor":33,"turns":13},{"damage":0,"enemies":"Orb Walker","floor":35,"turns":3},{"damage":3,"enemies":"3 Shapes","floor":36,"turns":5},{"damage":45,"enemies":"Spire Growth","floor":38,"turns":5},{"damage":3,"enemies":"3 Darklings","floor":41,"turns":4},{"damage":6,"enemies":"Transient","floor":45,"turns":5},{"damage":53,"enemies":"Time Eater","floor":50,"turns":11}],"seed_played":"5410659937918101134","potions_obtained":[{"floor":4,"key":"Explosive Potion"},{"floor":5,"key":"SteroidPotion"},{"floor":14,"key":"PowerPotion"},{"floor":27,"key":"SpeedPotion"},{"floor":31,"key":"Weak Potion"},{"floor":33,"key":"FearPotion"},{"floor":38,"key":"Fire Potion"},{"floor":45,"key":"Strength Potion"}],"is_trial":false,"path_per_floor":["M","?","?","M","M","R","?","?","T","T","R","M","?","M","R","B",null,"M","$","M","M","M","R","?","R","T","M","?","R","M","M","R","B",null,"M","M","$","M","$","R","M","R","T","$","M","?","R","?","R","B"],"character_chosen":"THE_SILENT","items_purchased":["Dagger Spray+1","Matryoshka","Accuracy","Medical Kit","reliquary:Knoch","PowerPotion","Noxious Fumes"],"campfire_rested":3,"item_purchase_floors":[19,19,37,37,39,39,44],"current_hp_per_floor":[69,69,69,69,69,69,62,62,62,62,62,61,54,53,53,52,70,57,57,53,53,34,34,34,34,34,27,27,48,47,40,40,6,70,70,67,67,22,22,43,40,40,40,40,34,34,55,55,55,2,2],"gold":24,"neow_bonus":"THREE_RARE_CARDS","is_daily":false,"chose_seed":false,"campfire_upgraded":8,"win_rate":0.0,"timestamp":1613954026,"path_taken":["M","?","?","M","?","R","?","?","T","?","R","M","?","M","R","BOSS","M","$","M","M","M","R","?","R","T","?","?","R","?","?","R","BOSS","M","M","$","?","?","R","M","R","T","$","?","?","R","?","R","BOSS"],"items_purchased_type":["Card","Relic","Card","Relic","Relic","Potion","Card"],"build_version":"2020-12-22","purchased_purges":0,"victory":false,"max_hp_per_floor":[70,70,70,70,70,70,70,70,70,70,70,70,70,70,70,70,70,70,70,70,70,70,70,70,70,70,70,70,70,70,70,70,70,70,70,70,70,70,70,70,70,70,70,70,70,70,70,70,70,70,70],"card_choices":[{"not_picked":["Venomology","Doppelganger"],"picked":"After Image","floor":0},{"not_picked":["Outmaneuver","Dodge and Roll"],"picked":"Well Laid Plans","floor":1},{"not_picked":["Underhanded Strike+1","Quick Slash+1"],"picked":"Infinite Blades","floor":4},{"not_picked":["Deadly Poison","Sucker Punch+1"],"picked":"Slice+1","floor":5},{"not_picked":["Poisoned Stab+1","Noxious Fumes"],"picked":"Deflect","floor":12},{"not_picked":["Predator+1","Dagger Spray+1"],"picked":"PiercingWail","floor":14},{"not_picked":["Tools of the Trade","Phantasmal Killer"],"picked":"Malaise","floor":16},{"not_picked":["Outmaneuver","Deflect"],"picked":"PiercingWail","floor":18},{"not_picked":["hubris:TrickCloak","Dodge and Roll"],"picked":"Infinite Blades","floor":20},{"not_picked":["Predator+1","PiercingWail"],"picked":"Deadly Poison","floor":21},{"not_picked":["Dash+1","Cloak And Dagger"],"picked":"Bouncing Flask","floor":22},{"not_picked":["Slice+1","A Thousand Cuts"],"picked":"Backflip+1","floor":27},{"not_picked":["Flying Knee","Poisoned Stab+1","Choke"],"picked":"SKIP","floor":30},{"not_picked":["Flying Knee+1","hubris:Sniper"],"picked":"Crippling Poison+1","floor":31},{"not_picked":["Tools of the Trade","Malaise"],"picked":"Corpse Explosion","floor":33},{"not_picked":["Flying Knee","Predator"],"picked":"Catalyst","floor":35},{"not_picked":["Endless Agony","Calculated Gamble"],"picked":"Acrobatics+1","floor":36},{"not_picked":["Skewer+1","Outmaneuver+1"],"picked":"Cloak And Dagger","floor":38},{"not_picked":["Poisoned Stab+1","Venomology"],"picked":"Backflip","floor":41},{"not_picked":["Flying Knee+1","Acrobatics"],"picked":"Dodge and Roll","floor":45}],"player_experience":741430,"relics_obtained":[{"floor":9,"key":"reliquary:Boomerang"},{"floor":10,"key":"hubris:DuctTape"},{"floor":26,"key":"MawBank"},{"floor":26,"key":"Bottled Flame"},{"floor":43,"key":"PreservedInsect"},{"floor":43,"key":"Ornamental Fan"}],"event_choices":[{"damage_healed":0,"gold_gain":0,"player_choice":"Box","damage_taken":0,"relics_obtained":["Molten Egg 2"],"max_hp_gain":0,"max_hp_loss":0,"event_name":"Big Fish","floor":2,"gold_loss":0,"cards_obtained":["Regret"]},{"cards_removed":["Regret"],"damage_healed":0,"gold_gain":0,"player_choice":"Removed Curses","damage_taken":0,"max_hp_gain":0,"max_hp_loss":0,"event_name":"Fountain of Cleansing","floor":3,"gold_loss":0},{"damage_healed":0,"gold_gain":0,"player_choice":"Success","damage_taken":7,"relics_obtained":["reliquary:RosewoodLute"],"max_hp_gain":0,"max_hp_loss":0,"event_name":"Scrap Ooze","floor":7,"gold_loss":0},{"damage_healed":0,"gold_gain":175,"player_choice":"AGREE","damage_taken":0,"max_hp_gain":0,"max_hp_loss":0,"event_name":"Liars Game","floor":8,"gold_loss":0,"cards_obtained":["Doubt"]},{"cards_removed":["Doubt"],"damage_healed":0,"gold_gain":0,"player_choice":"Card Removal","damage_taken":7,"max_hp_gain":0,"max_hp_loss":0,"event_name":"Golden Wing","floor":13,"gold_loss":0},{"damage_healed":0,"gold_gain":0,"player_choice":"Ignored","damage_taken":0,"max_hp_gain":0,"max_hp_loss":0,"event_name":"NoteForYourself","floor":24,"gold_loss":0},{"damage_healed":0,"gold_gain":0,"player_choice":"Traded Relic","damage_taken":0,"relics_obtained":["Nloth\u0027s Gift"],"max_hp_gain":0,"max_hp_loss":0,"event_name":"N\u0027loth","floor":28,"relics_lost":["Molten Egg 2"],"gold_loss":0},{"damage_healed":0,"gold_gain":0,"player_choice":"1 cards matched","damage_taken":0,"max_hp_gain":0,"max_hp_loss":0,"event_name":"Match and Keep!","floor":48,"gold_loss":0,"cards_obtained":["Neutralize"]}],"is_beta":false,"boss_relics":[{"not_picked":["Snecko Eye","hubris:BlackHole"],"picked":"Philosopher\u0027s Stone"},{"not_picked":["reliquary:Ember","Cursed Key"],"picked":"hubris:GrandSneckoEye"}],"items_purged_floors":[],"is_endless":false,"potions_floor_spawned":[4,5,14,27,31,33,38,41,45],"killed_by":"Time Eater","ascension_level":0}}