{"host":"ymrxmazrubg7ht5t","time":1613964039,"event":{"mods":["2.2 Compatiblity","Act Like it!","Arknights","Bartender","BaseMod","Better Match","Better Note","Colored Powertips","Conspire","Evolution","Gensokyo","HololiveMod","Infinite Spire","Jorbs\u0027s Wanderer Trilogy","Lobotomy","LobotomyExtend","Marisa????????","Minty Spire (QoL Compilation)","Relic Stats","Replay The Spire","Ruina","StSLib","The Cursed","The Marked"],"gold_per_floor":[145,145,245,39,54,54,82,82,82,96,130,130,130,144,144,246,246,263,263,283,208,218,218,218,218],"floor_reached":24,"language":"ENG","playtime":2017,"items_purged":[],"score":222,"play_id":"31e0db0b-2e69-47ae-8961-4c6418880810","local_time":"20210221232039","is_ascension_mode":true,"campfire_choices":[{"data":"theMarked:EmpowerWeapon","floor":6,"key":"SMITH"},{"floor":8,"key":"REST"},{"floor":13,"key":"REST"},{"data":"theMarked:ThrowWeapon","floor":15,"key":"SMITH"},{"floor":23,"key":"REST"}],"circlet_count":0,"master_deck":["theMarked:Strike","theMarked:Strike","theMarked:Strike","theMarked:Strike","theMarked:Defend","theMarked:Defend","theMarked:Defend","theMarked:Defend","theMarked:SoldierOfQuellstein","theMarked:EmpowerWeapon+1","theMarked:SwordAndMagic","Gensokyo:LittleGreenMen","theMarked:Determination","theMarked:ThrowWeapon+1","theMarked:MuscleMemory","theMarked:Aftermath","theMarked:BanishingStrike","theMarked:MagusForm","CurseOfTheBell","theMarked:Electrify+1","theMarked:FavorableWinds+1","theMarked:RogueSparks","theMarked:BiggerThanFate+1","theMarked:Static+1","theMarked:Maelstrom+1"],"relics":["theMarked:ArtifactOfAir","EVO:Axolotl","infinitespire:CheckeredPen","Matryoshka","Smiling Mask","Ornamental Fan","Kunai","theMarked:DemonDagger","Potion Belt","Calling Bell","Cleaning_Rag","Power_Wrist","Bird Faced Urn"],"acts_visited":["Gensokyo:Gensokyo","ruina:Briah"],"potions_floor_usage":[16,16,20],"damage_taken":[{"damage":9,"enemies":"conspire:MimicChest","floor":0,"turns":5},{"damage":9,"enemies":"Gensokyo:Gryphon","floor":1,"turns":3},{"damage":0,"enemies":"Gensokyo:3_Fairies","floor":5,"turns":3},{"damage":16,"enemies":"Gensokyo:Aya","floor":7,"turns":4},{"damage":0,"enemies":"Gensokyo:Python","floor":10,"turns":2},{"damage":13,"enemies":"Gensokyo:Mamizou","floor":11,"turns":7},{"damage":5,"enemies":"Gensokyo:2_Rabbits","floor":14,"turns":4},{"damage":18,"enemies":"Gensokyo:Reimu","floor":16,"turns":7},{"damage":17,"enemies":"ruina:2_Scarecrows","floor":18,"turns":3},{"damage":12,"enemies":"ruina:Nosferatu","floor":20,"turns":3},{"damage":23,"enemies":"ruina:QueenOfHate","floor":22,"turns":4},{"damage":37,"enemies":"Nightmare","floor":24,"turns":5}],"seed_played":"-1733604412942961394","potions_obtained":[{"floor":0,"key":"Toxic Potion"},{"floor":7,"key":"Weak Potion"},{"floor":11,"key":"Toxic Potion"},{"floor":14,"key":"Milkshake"}],"is_trial":false,"path_per_floor":["M","?","?","COS","M","R","E","R","T","M","E","T","R","M","R","B",null,"M","?","M","?","M","R","NM"],"character_chosen":"THE_DEFAULT","items_purchased":[],"campfire_rested":3,"item_purchase_floors":[],"current_hp_per_floor":[52,70,70,70,70,70,54,70,70,70,57,57,70,65,65,47,70,55,48,36,36,13,34,0,0],"gold":218,"neow_bonus":"RANDOM_EVENT","is_daily":false,"chose_seed":false,"campfire_upgraded":2,"win_rate":0.0,"timestamp":1613964039,"path_taken":["M","?","?","COS","M","R","E","R","T","M","E","?","R","?","R","BOSS","M","?","M","?","?","R","NM"],"items_purchased_type":[],"build_version":"2020-12-22","purchased_purges":0,"victory":false,"max_hp_per_floor":[70,70,70,70,70,70,70,70,70,70,70,70,70,70,70,70,70,70,70,70,70,70,70,70,70],"relic_stats":{"counters":[12,50],"Ornamental Fan":[28],"Bird Faced Urn":[2],"Kunai":[5],"Smiling Mask":0,"obtain_stats":[{"Potion Belt":12,"theMarked:DemonDagger":12,"EVO:Axolotl":0,"infinitespire:CheckeredPen":0,"Smiling Mask":9,"Power_Wrist":17,"Cleaning_Rag":17,"Calling Bell":17,"theMarked:ArtifactOfAir":0,"Frozen Eye":18,"Matryoshka":7,"Ornamental Fan":9,"Bird Faced Urn":17,"Kunai":11},{"Potion Belt":6,"theMarked:DemonDagger":6,"EVO:Axolotl":0,"infinitespire:CheckeredPen":1,"Smiling Mask":4,"Power_Wrist":8,"Cleaning_Rag":8,"Calling Bell":8,"theMarked:ArtifactOfAir":0,"Frozen Eye":8,"Matryoshka":4,"Ornamental Fan":4,"Bird Faced Urn":8,"Kunai":6},{"Potion Belt":24,"theMarked:DemonDagger":24,"EVO:Axolotl":0,"infinitespire:CheckeredPen":5,"Smiling Mask":15,"Power_Wrist":35,"Cleaning_Rag":35,"Calling Bell":35,"theMarked:ArtifactOfAir":0,"Frozen Eye":35,"Matryoshka":15,"Ornamental Fan":15,"Bird Faced Urn":35,"Kunai":24}]},"card_choices":[{"not_picked":["theMarked:SwordAndMagic","theMarked:ChainLightning"],"picked":"theMarked:EmpowerWeapon","floor":0},{"not_picked":["theMarked:TwofoldDefense","theMarked:ElectricStrings"],"picked":"theMarked:SwordAndMagic","floor":1},{"not_picked":["theMarked:Parkour","theMarked:Frustration"],"picked":"theMarked:Determination","floor":5},{"not_picked":["theMarked:Electrify","theMarked:Friction"],"picked":"theMarked:ThrowWeapon","floor":7},{"not_picked":["theMarked:ResourceFulStrike","theMarked:Electrocute"],"picked":"theMarked:MuscleMemory","floor":10},{"not_picked":["theMarked:ChainLightning","theMarked:WardOff"],"picked":"theMarked:Aftermath","floor":11},{"not_picked":["theMarked:WastefulAttack","theMarked:ChainLightning"],"picked":"theMarked:BanishingStrike","floor":14},{"not_picked":["theMarked:ThrowWeapon","theMarked:Defy"],"picked":"theMarked:MagusForm","floor":16},{"not_picked":["theMarked:EmpowerWeapon","theMarked:TakeCover"],"picked":"theMarked:Electrify+1","floor":18},{"not_picked":["theMarked:TakeCover","theMarked:HeightenedSenses"],"picked":"theMarked:RogueSparks","floor":20},{"not_picked":["theMarked:ThrowWeapon+1","theMarked:UnarmedFury+1"],"picked":"theMarked:BiggerThanFate+1","floor":21},{"not_picked":["theMarked:TheMission+1","theMarked:SelfDefenseTraining+1"],"picked":"theMarked:Static+1","floor":21},{"not_picked":["theMarked:HeightenedSenses+1","theMarked:WardOff"],"picked":"theMarked:Maelstrom+1","floor":22}],"player_experience":478012,"relics_obtained":[{"floor":0,"key":"infinitespire:CheckeredPen"},{"floor":7,"key":"Matryoshka"},{"floor":9,"key":"Smiling Mask"},{"floor":9,"key":"Ornamental Fan"},{"floor":11,"key":"Kunai"},{"floor":12,"key":"theMarked:DemonDagger"},{"floor":12,"key":"Potion Belt"},{"floor":17,"key":"Cleaning_Rag"},{"floor":17,"key":"Power_Wrist"},{"floor":17,"key":"Bird Faced Urn"}],"event_choices":[{"damage_healed":0,"gold_gain":0,"player_choice":"2","damage_taken":0,"max_hp_gain":0,"max_hp_loss":0,"event_name":"betterMatch:BetterMatch","floor":21,"gold_loss":0,"cards_obtained":["betterMatch:RareCard","betterMatch:UncommonCard"]}],"is_beta":false,"boss_relics":[{"not_picked":["Pandora\u0027s Box","Sozu"],"picked":"Calling Bell"}],"items_purged_floors":[],"is_endless":false,"potions_floor_spawned":[0,7,11,14],"killed_by":"Nightmare","ascension_level":2}}