{"host":"19r1ww88x2tc73i0","time":1613988926,"event":{"mods":["BaseMod","BetterRewards","Colored Map","Minty Spire (QoL Compilation)","Relic Stats","StSLib","SuperFastMode","slay the spire mod where everything is the same but ironclad has a cowboy hat"],"gold_per_floor":[113,113,126,126,143,170,170,499,499,526,676,676,242,256,256,256,256],"floor_reached":16,"language":"ENG","playtime":666,"items_purged":["Defend_P","Defend_P"],"score":257,"play_id":"fdd682cf-8c37-40c6-b546-b9e0522c4557","local_time":"25640222171526","is_ascension_mode":true,"campfire_choices":[{"data":"CrushJoints","floor":7.0,"key":"SMITH"},{"data":"TalkToTheHand","floor":12,"key":"SMITH"},{"data":"Eruption","floor":15,"key":"SMITH"}],"circlet_count":0,"master_deck":["AscendersBane","Strike_P","Strike_P","Strike_P","Strike_P","Defend_P","Defend_P","Eruption+1","Vigilance","Prostrate+1","Prostrate+1","CutThroughFate","Sanctity+1","CrushJoints+1","Collect+1","BowlingBash","TalkToTheHand+1","Doubt","ThirdEye+1"],"relics":["PureWater","Toxic Egg 2","PreservedInsect","Dream Catcher","Gremlin Horn","Old Coin","Question Card","Lee\u0027s Waffle","Juzu Bracelet"],"acts_visited":["Exordium"],"potions_floor_usage":[8],"damage_taken":[{"damage":4.0,"enemies":"Jaw Worm","floor":1.0,"turns":5.0},{"damage":0.0,"enemies":"2 Louse","floor":3.0,"turns":4.0},{"damage":0.0,"enemies":"Cultist","floor":5.0,"turns":4.0},{"damage":9.0,"enemies":"Lagavulin","floor":6.0,"turns":7.0},{"damage":0,"enemies":"Gremlin Nob","floor":8,"turns":3},{"damage":11,"enemies":"3 Sentries","floor":10,"turns":6},{"damage":0,"enemies":"Exordium Wildlife","floor":14,"turns":3},{"damage":77,"enemies":"Hexaghost","floor":16,"turns":11}],"seed_played":"8250088589011807682","potions_obtained":[{"floor":3.0,"key":"Strength Potion"},{"floor":4.0,"key":"PowerPotion"},{"floor":4.0,"key":"Strength Potion"},{"floor":8,"key":"Strength Potion"}],"is_trial":false,"path_per_floor":["M","?","M","?","M","E","R","E","T","E","?","R","$","M","R","B"],"character_chosen":"WATCHER","items_purchased":["Toxic Egg 2","Prostrate+1","PreservedInsect","Prostrate+1","Lee\u0027s Waffle","Juzu Bracelet"],"campfire_rested":0,"item_purchase_floors":[0,0,0,0,13,13],"current_hp_per_floor":[57,46,46,46,46,37,37,37,37,26,26,26,75,75,75,0,0],"gold":256,"neow_bonus":"","is_daily":false,"chose_seed":false,"campfire_upgraded":3,"win_rate":0.0,"timestamp":1613988926,"path_taken":["M","?","M","?","?","E","R","E","T","E","?","R","$","M","R","BOSS"],"items_purchased_type":["Relic","Card","Relic","Card","Relic","Relic"],"build_version":"2020-12-22","purchased_purges":2,"victory":false,"max_hp_per_floor":[68,68,68,68,68,68,68,68,68,68,68,68,75,75,75,75,75],"relic_stats":{"Dream Catcher":0,"Lee\u0027s Waffle":49,"Gremlin Horn":[3,3],"counters":[85,315],"PreservedInsect":84,"Juzu Bracelet":0,"Question Card":1,"obtain_stats":[{"Ice Cream":5,"Gremlin Horn":6,"CeramicFish":0,"Vajra":9,"Whetstone":6,"Ginger":0,"Boot":29,"Old Coin":8,"Centennial Puzzle":10,"HornCleat":9,"DollysMirror":53,"Philosopher\u0027s Stone":17,"MealTicket":10,"Fusion Hammer":17,"Toxic Egg 2":0,"Girya":8,"Happy Flower":23,"Astrolabe":0,"Blue Candle":45,"Oddly Smooth Stone":25,"Pen Nib":0,"Letter Opener":7,"War Paint":9,"Question Card":10,"Du-Vu Doll":9,"MutagenicStrength":19,"Bronze Scales":25,"Molten Egg 2":0,"Pandora\u0027s Box":34,"StrikeDummy":24,"Regal Pillow":41,"Lantern":11,"Torii":46,"CloakClasp":40,"Juzu Bracelet":13,"ClockworkSouvenir":0,"Nunchaku":29,"Dream Catcher":2,"TheAbacus":46,"Tiny Chest":0,"InkBottle":26,"Potion Belt":26,"Lee\u0027s Waffle":13,"Damaru":36,"Thread and Needle":12,"PreservedInsect":0,"The Courier":10,"Omamori":0,"Orichalcum":14,"Frozen Egg 2":8,"Medical Kit":22,"GoldenEye":0,"Busted Crown":34,"Orrery":14,"Art of War":54,"Bag of Marbles":0,"Membership Card":0,"Bottled Lightning":46,"PureWater":0,"FossilizedHelix":6,"TungstenRod":0},{"Ice Cream":45,"Gremlin Horn":81,"CeramicFish":29,"Vajra":75,"Whetstone":33,"Ginger":70,"Boot":17,"Old Coin":82,"Centennial Puzzle":6,"HornCleat":48,"DollysMirror":27,"Philosopher\u0027s Stone":10,"MealTicket":76,"Fusion Hammer":51,"Toxic Egg 2":77,"Girya":5,"Happy Flower":15,"Astrolabe":0,"Blue Candle":24,"Oddly Smooth Stone":16,"Pen Nib":29,"Letter Opener":74,"War Paint":34,"Question Card":83,"Du-Vu Doll":5,"MutagenicStrength":38,"Bronze Scales":41,"Molten Egg 2":42,"Pandora\u0027s Box":61,"StrikeDummy":41,"Regal Pillow":23,"Lantern":35,"Torii":67,"CloakClasp":65,"Juzu Bracelet":83,"ClockworkSouvenir":29,"Nunchaku":58,"Dream Catcher":78,"TheAbacus":67,"Tiny Chest":29,"InkBottle":16,"Potion Belt":41,"Lee\u0027s Waffle":83,"Damaru":21,"Thread and Needle":35,"PreservedInsect":29,"The Courier":49,"Omamori":29,"Orichalcum":36,"Frozen Egg 2":48,"Medical Kit":14,"GoldenEye":42,"Busted Crown":20,"Orrery":76,"Art of War":28,"Bag of Marbles":29,"Membership Card":29,"Bottled Lightning":67,"PureWater":0,"FossilizedHelix":4,"TungstenRod":77},{"Ice Cream":149,"Gremlin Horn":292,"CeramicFish":104,"Vajra":255,"Whetstone":115,"Ginger":240,"Boot":64,"Old Coin":295,"Centennial Puzzle":23,"HornCleat":160,"DollysMirror":95,"Philosopher\u0027s Stone":41,"MealTicket":262,"Fusion Hammer":168,"Toxic Egg 2":272,"Girya":18,"Happy Flower":59,"Astrolabe":0,"Blue Candle":87,"Oddly Smooth Stone":62,"Pen Nib":104,"Letter Opener":253,"War Paint":117,"Question Card":301,"Du-Vu Doll":18,"MutagenicStrength":131,"Bronze Scales":139,"Molten Egg 2":141,"Pandora\u0027s Box":205,"StrikeDummy":139,"Regal Pillow":85,"Lantern":120,"Torii":228,"CloakClasp":220,"Juzu Bracelet":301,"ClockworkSouvenir":104,"Nunchaku":191,"Dream Catcher":277,"TheAbacus":228,"Tiny Chest":104,"InkBottle":62,"Potion Belt":139,"Lee\u0027s Waffle":301,"Damaru":76,"Thread and Needle":120,"PreservedInsect":104,"The Courier":163,"Omamori":104,"Orichalcum":123,"Frozen Egg 2":160,"Medical Kit":56,"GoldenEye":141,"Busted Crown":74,"Orrery":262,"Art of War":98,"Bag of Marbles":104,"Membership Card":104,"Bottled Lightning":228,"PureWater":0,"FossilizedHelix":15,"TungstenRod":272}]},"card_choices":[{"not_picked":["EmptyBody+1","BattleHymn"],"picked":"CutThroughFate","floor":1.0},{"not_picked":["SandsOfTime","DeceiveReality+1"],"picked":"Sanctity+1","floor":3.0},{"not_picked":["Fasting2","FearNoEvil"],"picked":"CrushJoints","floor":5.0},{"not_picked":["WreathOfFlame+1","Establishment"],"picked":"Collect+1","floor":6.0},{"not_picked":["Meditate+1","ThirdEye+1"],"picked":"BowlingBash","floor":8},{"not_picked":["Crescendo+1","Protect+1"],"picked":"TalkToTheHand","floor":10},{"not_picked":["ForeignInfluence+1","CrushJoints","Crescendo+1"],"picked":"ThirdEye+1","floor":14}],"player_experience":1152466,"relics_obtained":[{"floor":6.0,"key":"Gremlin Horn"},{"floor":8,"key":"Old Coin"},{"floor":10,"key":"Question Card"}],"event_choices":[{"damage_healed":0.0,"max_hp_gain":0.0,"max_hp_loss":0.0,"gold_gain":0.0,"event_name":"Scrap Ooze","player_choice":"Success","floor":2.0,"gold_loss":0.0,"damage_taken":11.0,"relics_obtained":["Dream Catcher"]},{"damage_healed":0.0,"max_hp_gain":0.0,"max_hp_loss":0.0,"gold_gain":0.0,"event_name":"Lab","player_choice":"Got Potions","floor":4.0,"gold_loss":0.0,"damage_taken":0.0},{"damage_healed":0,"gold_gain":150,"player_choice":"AGREE","damage_taken":0,"max_hp_gain":0,"max_hp_loss":0,"event_name":"Liars Game","floor":11,"gold_loss":0,"cards_obtained":["Doubt"]}],"is_beta":false,"boss_relics":[],"items_purged_floors":[0,13],"is_endless":false,"potions_floor_spawned":[3,5,8,10,14],"killed_by":"Hexaghost","ascension_level":16}}