{"host":"6406jj8da6015sxr","time":1613999489,"event":{"mods":["AchievementEnabler","BaseMod","Colored Map","DeckTracker","Keyboard Shortcuts","Minty Spire (QoL Compilation)","Permanent Neow","Relic Stats","SuperFastMode","everything is the same but u backflip on backflip"],"gold_per_floor":[118,118,141,166,229,229,229,253,332,345,30,66,66,81,81,174,174,193,193,193,213,138,138,168,182,205,240,240,257,357,374,374,448,448,464,364,376,376,39,52,52,102,102,102,115,31,56,75,75,75],"floor_reached":51,"language":"KOR","playtime":2539,"items_purged":["Setup","Doppelganger","Slice"],"score":1594,"play_id":"6af6ce43-fd6e-4507-b0ac-5dfb1a2c0d41","local_time":"20210222221129","is_ascension_mode":true,"campfire_choices":[{"data":"Masterful Stab","floor":6.0,"key":"SMITH"},{"floor":15.0,"key":"REST"},{"data":"Envenom","floor":23.0,"key":"SMITH"},{"data":"Concentrate","floor":28.0,"key":"SMITH"},{"data":"Expertise","floor":32.0,"key":"SMITH"},{"floor":44,"key":"REST"},{"floor":49,"key":"REST"}],"circlet_count":0,"master_deck":["AscendersBane","Survivor","Neutralize+1","Masterful Stab+1","Acrobatics","Terror","Slice+1","Blade Dance+1","Phantasmal Killer","Envenom+1","Cloak And Dagger","Reflex","Reflex","Expertise+1","Malaise","Bane","Heel Hook","Concentrate+1","Blade Dance+1","Blade Dance","Adrenaline","Distraction+1","Adrenaline","Tools of the Trade+1","Tactician","Wraith Form v2+1","Dark Shackles","Wraith Form v2+1","PiercingWail"],"relics":["Ring of the Snake","Bloody Idol","InkBottle","FossilizedHelix","Whetstone","Anchor","Pandora\u0027s Box","Toy Ornithopter","Dream Catcher","Pantograph","Turnip","Frozen Egg 2","Fusion Hammer","Membership Card","Bottled Tornado","DollysMirror","War Paint"],"acts_visited":["Exordium","TheCity","TheBeyond"],"potions_floor_usage":[50],"damage_taken":[{"damage":3.0,"enemies":"Small Slimes","floor":1.0,"turns":8.0},{"damage":4.0,"enemies":"Jaw Worm","floor":3.0,"turns":6.0},{"damage":2.0,"enemies":"2 Louse","floor":4.0,"turns":2.0},{"damage":0.0,"enemies":"Exordium Wildlife","floor":8.0,"turns":5.0},{"damage":12.0,"enemies":"2 Fungi Beasts","floor":10.0,"turns":3.0},{"damage":32.0,"enemies":"3 Sentries","floor":12.0,"turns":13.0},{"damage":8.0,"enemies":"3 Louse","floor":14.0,"turns":3.0},{"damage":0.0,"enemies":"Slime Boss","floor":16.0,"turns":5.0},{"damage":0.0,"enemies":"Spheric Guardian","floor":18.0,"turns":3.0},{"damage":9.0,"enemies":"2 Thieves","floor":21.0,"turns":4.0},{"damage":8.0,"enemies":"Slavers","floor":24.0,"turns":4.0},{"damage":12.0,"enemies":"Shelled Parasite and Fungi","floor":25.0,"turns":3.0},{"damage":6.0,"enemies":"Book of Stabbing","floor":27.0,"turns":3.0},{"damage":0.0,"enemies":"Centurion and Healer","floor":29.0,"turns":3.0},{"damage":10.0,"enemies":"Colosseum Slavers","floor":30.0,"turns":4.0},{"damage":0.0,"enemies":"Colosseum Nobs","floor":30.0,"turns":2.0},{"damage":0.0,"enemies":"Sentry and Sphere","floor":31.0,"turns":2.0},{"damage":0.0,"enemies":"Collector","floor":33.0,"turns":3.0},{"damage":0.0,"enemies":"Orb Walker","floor":35.0,"turns":2.0},{"damage":0.0,"enemies":"3 Darklings","floor":37.0,"turns":3.0},{"damage":0,"enemies":"Writhing Mass","floor":40,"turns":4},{"damage":1,"enemies":"Sphere and 2 Shapes","floor":45,"turns":4},{"damage":2,"enemies":"Nemesis","floor":47,"turns":5},{"damage":9,"enemies":"3 Darklings","floor":48,"turns":4},{"damage":68,"enemies":"Time Eater","floor":50,"turns":11}],"seed_played":"-6430932618780714296","potions_obtained":[{"floor":4.0,"key":"Poison Potion"},{"floor":8.0,"key":"Dexterity Potion"},{"floor":10.0,"key":"CultistPotion"},{"floor":18.0,"key":"PowerPotion"},{"floor":25.0,"key":"FairyPotion"},{"floor":27.0,"key":"Energy Potion"},{"floor":30.0,"key":"Swift Potion"}],"is_trial":false,"path_per_floor":["M","?","M","M","?","R","?","M","T","M","$","E","?","M","R","B",null,"M","?","?","M","$","R","E","M","T","E","R","M","?","M","R","B",null,"M","$","M","?","$","M","?","?","T","R","M","$","E","M","R","B",null],"character_chosen":"THE_SILENT","items_purchased":["FossilizedHelix","Membership Card","Wraith Form v2+1","FearPotion","DollysMirror"],"campfire_rested":3,"item_purchase_floors":[11,39,39,39,46],"current_hp_per_floor":[56,56,52,50,50,50,55,55,55,43,43,11,11,3,22,22,54,54,54,54,55,55,55,52,45,50,49,49,54,54,59,59,65,65,65,65,65,65,65,65,55,60,60,65,65,65,65,61,65,21],"gold":75,"neow_bonus":"ONE_RANDOM_RARE_CARD","is_daily":false,"chose_seed":false,"campfire_upgraded":4,"win_rate":0.0,"timestamp":1613999489,"path_taken":["M","?","M","M","?","R","?","M","T","?","$","E","?","M","R","BOSS","M","?","?","M","$","R","E","M","T","E","R","M","?","M","R","BOSS","M","$","M","?","$","M","?","?","T","R","?","?","E","M","R","BOSS"],"items_purchased_type":["Relic","Relic","Card","Potion","Relic"],"build_version":"2020-12-22","purchased_purges":3,"victory":true,"max_hp_per_floor":[66,60,60,60,60,60,65,65,65,65,65,65,65,65,65,65,65,65,65,65,65,65,65,65,65,65,65,65,65,65,65,65,65,65,65,65,65,65,65,65,65,65,65,65,65,65,65,65,65,65],"relic_stats":{"Dream Catcher":2,"counters":[25,109],"Bloody Idol":58,"Pantograph":6,"Pandora\u0027s Box":["Envenom","Cloak And Dagger","Reflex","Reflex","Doppelganger","Expertise","Malaise","Bane","Setup","Heel Hook"],"Turnip":[6],"Whetstone":["Neutralize","Slice"],"War Paint":["Blade Dance","Blade Dance"],"obtain_stats":[{"Golden Idol":2,"Whetstone":12,"Frozen Egg 2":30,"Bottled Tornado":43,"War Paint":47,"Anchor":13,"Dream Catcher":26,"DollysMirror":46,"Bloody Idol":20,"Pantograph":27,"Pandora\u0027s Box":17,"Turnip":30,"Fusion Hammer":34,"Membership Card":39,"InkBottle":9,"FossilizedHelix":11,"Toy Ornithopter":24,"Ring of the Snake":0},{"Golden Idol":1,"Whetstone":6,"Frozen Egg 2":16,"Bottled Tornado":21,"War Paint":23,"Anchor":6,"Dream Catcher":12,"DollysMirror":22,"Bloody Idol":9,"Pantograph":13,"Pandora\u0027s Box":8,"Turnip":16,"Fusion Hammer":18,"Membership Card":20,"InkBottle":4,"FossilizedHelix":5,"Toy Ornithopter":11,"Ring of the Snake":0},{"Golden Idol":8,"Whetstone":37,"Frozen Egg 2":71,"Bottled Tornado":85,"War Paint":94,"Anchor":37,"Dream Catcher":59,"DollysMirror":89,"Bloody Idol":48,"Pantograph":62,"Pandora\u0027s Box":45,"Turnip":71,"Fusion Hammer":76,"Membership Card":81,"InkBottle":21,"FossilizedHelix":24,"Toy Ornithopter":56,"Ring of the Snake":0}],"InkBottle":[68],"Toy Ornithopter":10,"Ring of the Snake":[50]},"card_choices":[{"not_picked":["Prepared","Deflect"],"picked":"Slice","floor":1.0},{"not_picked":["Flechettes","Caltrops"],"picked":"Masterful Stab","floor":3.0},{"not_picked":["Concentrate","Slice"],"picked":"Acrobatics","floor":4.0},{"not_picked":["Leg Sweep","Escape Plan"],"picked":"Terror","floor":8.0},{"not_picked":["Acrobatics","Concentrate"],"picked":"Slice","floor":10.0},{"not_picked":["Prepared","Catalyst","Dodge and Roll"],"picked":"SKIP","floor":12.0},{"not_picked":["Dagger Spray","Crippling Poison"],"picked":"Blade Dance","floor":14.0},{"not_picked":["Unload","Storm of Steel"],"picked":"Phantasmal Killer","floor":16.0},{"not_picked":["Underhanded Strike","All Out Attack","Riddle With Holes"],"picked":"SKIP","floor":18.0},{"not_picked":["Dodge and Roll","Poisoned Stab"],"picked":"Concentrate","floor":21.0},{"not_picked":["Blur","Burst"],"picked":"Blade Dance","floor":24.0},{"not_picked":["Underhanded Strike","Cloak And Dagger"],"picked":"Blade Dance","floor":25.0},{"not_picked":["Sucker Punch","Catalyst"],"picked":"Adrenaline","floor":27.0},{"not_picked":["PiercingWail","Acrobatics"],"picked":"Distraction+1","floor":29.0},{"not_picked":["Poisoned Stab","Dagger Spray+1"],"picked":"Adrenaline","floor":30.0},{"not_picked":["Deadly Poison","Dagger Throw"],"picked":"Heel Hook","floor":31.0},{"not_picked":["Unload","Wraith Form v2+1"],"picked":"Tools of the Trade+1","floor":33.0},{"not_picked":["Cloak And Dagger","Prepared","Deadly Poison+1"],"picked":"SKIP","floor":35.0},{"not_picked":["Acrobatics+1","Deflect"],"picked":"Tactician","floor":37.0},{"not_picked":["Backflip","Sucker Punch","Expertise"],"picked":"SKIP","floor":40},{"not_picked":["Trip","Deep Breath"],"picked":"Dark Shackles","floor":41},{"not_picked":["Deadly Poison","Quick Slash","Flying Knee"],"picked":"SKIP","floor":45},{"not_picked":["All Out Attack","Endless Agony+1","Setup"],"picked":"SKIP","floor":47},{"not_picked":["Predator+1","Dodge and Roll"],"picked":"PiercingWail","floor":48}],"player_experience":76468,"relics_obtained":[{"floor":9.0,"key":"InkBottle"},{"floor":12.0,"key":"Whetstone"},{"floor":24.0,"key":"Toy Ornithopter"},{"floor":26.0,"key":"Dream Catcher"},{"floor":27.0,"key":"Pantograph"},{"floor":30.0,"key":"Turnip"},{"floor":30.0,"key":"Frozen Egg 2"},{"floor":43,"key":"Bottled Tornado"},{"floor":47,"key":"War Paint"}],"event_choices":[{"damage_healed":0.0,"max_hp_gain":0.0,"max_hp_loss":6.0,"gold_gain":0.0,"event_name":"Golden Idol","player_choice":"Lose Max HP","floor":2.0,"gold_loss":0.0,"damage_taken":0.0,"relics_obtained":["Golden Idol"]},{"damage_healed":0.0,"max_hp_gain":0.0,"max_hp_loss":0.0,"gold_gain":63.0,"event_name":"Golden Wing","player_choice":"Gained Gold","floor":5.0,"gold_loss":0.0,"damage_taken":0.0},{"damage_healed":0.0,"max_hp_gain":5.0,"max_hp_loss":0.0,"gold_gain":0.0,"event_name":"Big Fish","player_choice":"Donut","floor":7.0,"gold_loss":0.0,"damage_taken":0.0},{"damage_healed":0.0,"max_hp_gain":0.0,"max_hp_loss":0.0,"gold_gain":0.0,"event_name":"Dead Adventurer","player_choice":"Searched \u00271\u0027 times","floor":13.0,"gold_loss":0.0,"damage_taken":0.0,"relics_obtained":["Anchor"]},{"cards_removed":["Doppelganger"],"damage_healed":0.0,"max_hp_gain":0.0,"max_hp_loss":0.0,"gold_gain":0.0,"event_name":"Back to Basics","player_choice":"Elegance","floor":19.0,"gold_loss":0.0,"damage_taken":0.0},{"damage_healed":0.0,"max_hp_gain":0.0,"max_hp_loss":0.0,"gold_gain":0.0,"event_name":"Forgotten Altar","player_choice":"Gave Idol","floor":20.0,"relics_lost":["Golden Idol"],"gold_loss":0.0,"damage_taken":0.0,"relics_obtained":["Bloody Idol"]},{"damage_healed":0.0,"max_hp_gain":0.0,"max_hp_loss":0.0,"gold_gain":0.0,"event_name":"Colosseum","player_choice":"Fight","floor":30.0,"gold_loss":0.0,"damage_taken":0.0},{"damage_healed":0.0,"max_hp_gain":0.0,"max_hp_loss":0.0,"gold_gain":0.0,"event_name":"Colosseum","player_choice":"Fought Nobs","floor":30.0,"gold_loss":0.0,"damage_taken":0.0},{"cards_removed":["Heel Hook"],"damage_healed":0.0,"max_hp_gain":0.0,"max_hp_loss":0.0,"gold_gain":0.0,"event_name":"Falling","player_choice":"Removed Attack","floor":38.0,"gold_loss":0.0,"damage_taken":0.0},{"damage_healed":0,"gold_gain":0,"player_choice":"Memory 3","damage_taken":10,"max_hp_gain":0,"max_hp_loss":0,"event_name":"SensoryStone","floor":41,"gold_loss":0},{"damage_healed":0,"gold_gain":50,"player_choice":"Pray","damage_taken":0,"max_hp_gain":0,"max_hp_loss":0,"event_name":"Golden Shrine","floor":42,"gold_loss":0}],"is_beta":false,"boss_relics":[{"not_picked":["Astrolabe","Velvet Choker"],"picked":"Pandora\u0027s Box"},{"not_picked":["Sozu","Calling Bell"],"picked":"Fusion Hammer"}],"items_purged_floors":[22,36,39],"is_endless":false,"potions_floor_spawned":[4,8,10,18,25,27,30,48],"ascension_level":19}}