{"host":"9kesdg97wkrx2bva","time":1613982844,"event":{"mods":["AchievementEnabler","BaseMod","Colored Map","GifTheSpireLib","Infinite Spire","Minty Spire (QoL Compilation)","Replay The Spire","StSLib"],"gold_per_floor":[119,44,55,65,65,65,65,65,88,105,131,156,156,156,156,179,179,263,313,335,335,335,27,45,87,87,97,97,97,14,14,14],"floor_reached":31,"language":"ENG","playtime":678,"items_purged":["Strike_B","Strike_B+1"],"score":576,"play_id":"534a7c99-344f-46fc-907d-1bd9fadb845f","local_time":"20210222023404","is_ascension_mode":true,"campfire_choices":[{"data":"Zap","floor":6,"key":"SMITH"},{"data":"Dualcast","floor":8,"key":"SMITH"},{"floor":17,"key":"DIG"},{"floor":29,"key":"REST"}],"circlet_count":0,"master_deck":["AscendersBane","Defend_B","Defend_B+1","Defend_B+1","Defend_B","Zap+1","Dualcast+1","Streamline","Leap","All For One+1","Go for the Eyes","Buffer","Melter","Self Repair","BootSequence+1","Crystallizer","ReplayTheSpireMod:Calculation Training"],"relics":["Replay:Multitool","Pen Nib","Replay:M_StaffOfTheSnake","infinitespire:Golems Mask","ReplayTheSpireMod:Ring of Collecting","Mark of Pain","DataDisk","Bird Faced Urn","infinitespire:Chaos","Pondfish Scales","Ring of Hypnosis"],"acts_visited":["Exordium","TheCity"],"potions_floor_usage":[11,18,25,25,27],"damage_taken":[{"damage":0,"enemies":"2 Louse","floor":1,"turns":1},{"damage":0,"enemies":"Small Slimes","floor":3,"turns":1},{"damage":0,"enemies":"Jaw Worm","floor":4,"turns":1},{"damage":0,"enemies":"Blue Slaver","floor":10,"turns":3},{"damage":8,"enemies":"Gremlin Nob","floor":11,"turns":3},{"damage":7,"enemies":"Lots of Slimes","floor":12,"turns":4},{"damage":14,"enemies":"Gremlin Gang","floor":16,"turns":4},{"damage":0,"enemies":"Slime Boss","floor":18,"turns":6},{"damage":7,"enemies":"Chosen","floor":20,"turns":6},{"damage":14,"enemies":"Shell Parasite","floor":24,"turns":6},{"damage":45,"enemies":"Gremlin Leader","floor":25,"turns":6},{"damage":35,"enemies":"Centurion and Healer","floor":27,"turns":9},{"damage":54,"enemies":"Snecko","floor":31,"turns":7}],"seed_played":"-9130922264733846993","potions_obtained":[{"floor":10,"key":"CultistPotion"},{"floor":12,"key":"AttackPotion"},{"floor":16,"key":"FearPotion"},{"floor":19,"key":"CultistPotion"},{"floor":25,"key":"Regen Potion"},{"floor":27,"key":"ColorlessPotion"}],"is_trial":false,"path_per_floor":["M","$","M","M","?","R","$","R","T","M","E","M","?","PTL","PTL","M","R_BF","B",null,"M","?","?","$","M","E","AVR","M","T","R","$","M"],"character_chosen":"DEFECT","items_purchased":["Gremlin Food","Melter","ReplayTheSpireMod:Calculation Training"],"campfire_rested":1,"item_purchase_floors":[23,23,30],"current_hp_per_floor":[64,64,64,64,64,64,64,64,64,64,56,49,42,42,42,28,28,28,65,58,58,76,76,62,29,29,14,14,38,38,0,0],"gold":14,"neow_bonus":"THREE_ENEMY_KILL","is_daily":false,"chose_seed":false,"campfire_upgraded":2,"win_rate":0.0,"timestamp":1613982844,"path_taken":["M","$","M","M","?","R","$","R","T","M","E","M","?","PTL","PTL","M","R_BF","BOSS","M","?","?","$","M","E","AVR","M","T","R","$","?"],"items_purchased_type":["Relic","Card","Card"],"build_version":"2020-12-22","purchased_purges":2,"victory":false,"max_hp_per_floor":[71,71,71,71,71,71,71,71,71,71,71,71,71,71,71,71,71,71,76,76,76,76,76,76,81,81,81,81,81,81,81,81],"card_choices":[{"not_picked":["Lockon","Rip and Tear"],"picked":"Streamline","floor":1},{"not_picked":["Auto Shields","Undo"],"picked":"Leap","floor":3},{"not_picked":["Tempest","BootSequence"],"picked":"Gash","floor":4},{"not_picked":["Conserve Battery","Compile Driver","BasicCrystalCard"],"picked":"SKIP","floor":10},{"not_picked":["FTL","Reprogram"],"picked":"Go for the Eyes","floor":11},{"not_picked":["Redo","Steam","Chaos"],"picked":"SKIP","floor":12},{"not_picked":["Reinforced Body","ReplayTheSpireMod:System Scan","Multi-Cast"],"picked":"SKIP","floor":16},{"not_picked":["ReplayRNGCard","Mirror Shield"],"picked":"Buffer","floor":18},{"not_picked":["Barrage+1","Cold Snap"],"picked":"ReplayTheSpireMod:System Scan","floor":20},{"not_picked":["BasicCrystalCard","Steam"],"picked":"Self Repair","floor":24},{"not_picked":["Double Energy","Ball Lightning"],"picked":"BootSequence+1","floor":25},{"not_picked":["Leap","JustLucky"],"picked":"Crystallizer","floor":27}],"player_experience":1040409,"relics_obtained":[{"floor":9,"key":"War Paint"},{"floor":11,"key":"Replay:Bandana"},{"floor":17,"key":"Dream Catcher"},{"floor":25,"key":"Durian"},{"floor":28,"key":"Pondfish Scales"},{"floor":28,"key":"Ring of Hypnosis"}],"event_choices":[{"cards_removed":["Strike_B"],"damage_healed":0,"gold_gain":0,"player_choice":"Card Removal","damage_taken":7,"max_hp_gain":0,"max_hp_loss":0,"event_name":"Golden Wing","floor":13,"gold_loss":0},{"cards_removed":["Strike_B"],"damage_healed":0,"gold_gain":0,"player_choice":"Elegance","damage_taken":0,"max_hp_gain":0,"max_hp_loss":0,"event_name":"Back to Basics","floor":21,"gold_loss":0},{"cards_removed":["ReplayTheSpireMod:System Scan"],"damage_healed":18,"gold_gain":0,"player_choice":"Offered Uncommon","damage_taken":0,"max_hp_gain":0,"max_hp_loss":0,"event_name":"Bonfire Elementals","floor":22,"gold_loss":0}],"is_beta":false,"boss_relics":[{"not_picked":["Coffee Dripper","Runic Dome"],"picked":"Tiny House"}],"items_purged_floors":[2,23],"is_endless":false,"potions_floor_spawned":[10,12,16,20,25,27],"killed_by":"Snecko","ascension_level":18}}