{"host":"f5gffvlv6a66yqkd","time":1613977308,"event":{"mods":["2.2 Compatiblity","BaseMod","Colored Map","Custom Start","DeckTracker","Keyboard Shortcuts","Minty Spire (QoL Compilation)","Permanent Neow","Quick Restart","Relic Stats","StSLib","SuperFastMode"],"gold_per_floor":[114,114,189,200,210,210,224,236,236,252,268,298,298,20,20,94,94,108,108,33,51,71,71,84,84,110,122,122,136,61,72,72,146,146,157,177,227,7,7,7,36,36,36,56,69,69,69,84,84,84,84,84],"floor_reached":51,"language":"KOR","playtime":2167,"items_purged":["Strike_B"],"score":1346,"play_id":"06abbf60-d2c9-480b-9b36-f809098476ce","local_time":"20210222160148","is_ascension_mode":true,"campfire_choices":[{"data":"Defragment","floor":6.0,"key":"SMITH"},{"floor":13.0,"key":"REST"},{"data":"Defragment","floor":15.0,"key":"SMITH"},{"data":"Heatsinks","floor":23.0,"key":"SMITH"},{"data":"Coolheaded","floor":25.0,"key":"SMITH"},{"floor":28.0,"key":"REST"},{"data":"Zap","floor":32.0,"key":"SMITH"},{"floor":40.0,"key":"REST"},{"data":"Biased Cognition","floor":42.0,"key":"SMITH"},{"data":"Capacitor","floor":46,"key":"SMITH"},{"floor":49,"key":"RECALL"}],"circlet_count":0,"master_deck":["AscendersBane","Defend_B","Defend_B","Defend_B","Defend_B+1","Zap+1","Dualcast+1","Defragment+1","Beam Cell","Leap","Streamline","Defragment+1","Ball Lightning","Cold Snap","Electrodynamics","Coolheaded+1","Defragment+1","Heatsinks+1","Coolheaded","Self Repair","Biased Cognition+1","Machine Learning","CurseOfTheBell","Capacitor+1","Force Field","Parasite","Undo+1"],"relics":["Cracked Core","Pear","Letter Opener","Mummified Hand","Empty Cage","Calling Bell","Blood Vial","HornCleat","Girya","Ginger","OrangePellets","Kunai","Pantograph"],"acts_visited":["Exordium","TheCity","TheBeyond"],"potions_floor_usage":[],"damage_taken":[{"damage":0.0,"enemies":"2 Louse","floor":1.0,"turns":2.0},{"damage":4.0,"enemies":"Small Slimes","floor":4.0,"turns":3.0},{"damage":0.0,"enemies":"Cultist","floor":5.0,"turns":4.0},{"damage":11.0,"enemies":"Gremlin Gang","floor":7.0,"turns":6.0},{"damage":12.0,"enemies":"Looter","floor":8.0,"turns":3.0},{"damage":0.0,"enemies":"Large Slime","floor":10.0,"turns":3.0},{"damage":0.0,"enemies":"2 Fungi Beasts","floor":11.0,"turns":2.0},{"damage":24.0,"enemies":"Hexaghost","floor":16.0,"turns":8.0},{"damage":0.0,"enemies":"3 Byrds","floor":18.0,"turns":2.0},{"damage":23.0,"enemies":"2 Thieves","floor":21.0,"turns":3.0},{"damage":15.0,"enemies":"Snake Plant","floor":22.0,"turns":4.0},{"damage":0.0,"enemies":"Centurion and Healer","floor":24.0,"turns":3.0},{"damage":18.0,"enemies":"Shelled Parasite and Fungi","floor":27.0,"turns":6.0},{"damage":3.0,"enemies":"Sentry and Sphere","floor":29.0,"turns":5.0},{"damage":0.0,"enemies":"Centurion and Healer","floor":31.0,"turns":1.0},{"damage":0.0,"enemies":"Champ","floor":33.0,"turns":10.0},{"damage":7.0,"enemies":"3 Darklings","floor":35.0,"turns":2.0},{"damage":14.0,"enemies":"Orb Walker","floor":36.0,"turns":3.0},{"damage":81.0,"enemies":"2 Orb Walkers","floor":37.0,"turns":5.0},{"damage":6.0,"enemies":"Nemesis","floor":41.0,"turns":9.0},{"damage":9,"enemies":"Writhing Mass","floor":44,"turns":5},{"damage":13,"enemies":"Transient","floor":45,"turns":6},{"damage":18,"enemies":"3 Darklings","floor":48,"turns":5},{"damage":48,"enemies":"Time Eater","floor":50,"turns":35},{"damage":62,"enemies":"Awakened One","floor":51,"turns":3}],"seed_played":"-2123709371959906380","potions_obtained":[{"floor":1.0,"key":"FearPotion"},{"floor":8.0,"key":"PowerPotion"},{"floor":10.0,"key":"PowerPotion"},{"floor":11.0,"key":"AttackPotion"},{"floor":16.0,"key":"PowerPotion"},{"floor":31.0,"key":"FairyPotion"},{"floor":33.0,"key":"GamblersBrew"},{"floor":39.0,"key":"SkillPotion"}],"is_trial":false,"path_per_floor":["M","?","?","M","M","R","M","M","T","M","M","?","R","$","R","B",null,"M","?","$","M","M","R","M","R","T","M","R","M","?","M","R","B",null,"M","M","?","$","?","R","E","R","T","M","M","R","?","M","R","B","B"],"character_chosen":"DEFECT","items_purchased":["Mummified Hand","OrangePellets","PowerPotion"],"campfire_rested":3,"item_purchase_floors":[14,38,38],"current_hp_per_floor":[64,43,32,28,28,28,17,5,15,15,15,15,39,39,39,15,65,65,65,65,42,27,27,27,27,27,9,33,30,30,37,37,44,72,74,62,31,31,31,55,58,58,58,58,54,54,54,45,45,31,0,0],"gold":84,"neow_bonus":"THREE_CARDS","is_daily":false,"chose_seed":false,"campfire_upgraded":7,"win_rate":0.0,"timestamp":1613977308,"path_taken":["M","?","?","M","M","R","M","M","T","M","M","?","R","$","R","BOSS","M","?","$","M","M","R","M","R","T","?","R","?","?","M","R","BOSS","M","M","?","$","?","R","E","R","T","M","?","R","?","M","R","BOSS","BOSS"],"items_purchased_type":["Relic","Relic","Potion"],"build_version":"2020-12-22","purchased_purges":1,"victory":false,"max_hp_per_floor":[71,71,71,71,71,71,71,71,81,81,81,81,81,81,81,81,81,81,81,81,81,81,81,81,81,81,81,81,81,81,81,81,81,81,81,81,81,81,81,81,81,81,81,81,81,81,81,81,81,81,81,81],"relic_stats":{"Blood Vial":18,"OrangePellets":[7],"counters":[25,138],"Mummified Hand":[124],"Pantograph":50,"Letter Opener":[174],"Ginger":[10],"Kunai":[1],"obtain_stats":[{"Girya":34,"Pear":9,"Letter Opener":12,"Ginger":37,"Empty Cage":17,"Calling Bell":34,"Blood Vial":34,"OrangePellets":38,"HornCleat":34,"Mummified Hand":14,"Pantograph":43,"Kunai":41,"Cracked Core":0},{"Girya":16,"Pear":5,"Letter Opener":7,"Ginger":19,"Empty Cage":8,"Calling Bell":16,"Blood Vial":16,"OrangePellets":19,"HornCleat":16,"Mummified Hand":7,"Pantograph":20,"Kunai":20,"Cracked Core":0},{"Girya":65,"Pear":18,"Letter Opener":23,"Ginger":75,"Empty Cage":31,"Calling Bell":65,"Blood Vial":65,"OrangePellets":75,"HornCleat":65,"Mummified Hand":23,"Pantograph":84,"Kunai":84,"Cracked Core":0}]},"card_choices":[{"not_picked":["Cold Snap","Capacitor"],"picked":"Defragment","floor":0.0},{"not_picked":["Reinforced Body","Hologram"],"picked":"Beam Cell","floor":1.0},{"not_picked":["Leap","Auto Shields","Reprogram"],"picked":"SKIP","floor":4.0},{"not_picked":["Auto Shields","Reprogram"],"picked":"Leap","floor":4.0},{"not_picked":["Beam Cell","Scrape","Conserve Battery"],"picked":"SKIP","floor":5.0},{"not_picked":["Beam Cell","Scrape","Conserve Battery"],"picked":"SKIP","floor":5.0},{"not_picked":["Conserve Battery","White Noise"],"picked":"Streamline","floor":7.0},{"not_picked":["Conserve Battery","Melter"],"picked":"Defragment","floor":8.0},{"not_picked":["Redo","Hello World"],"picked":"Ball Lightning","floor":10.0},{"not_picked":["Turbo","Hologram"],"picked":"Cold Snap","floor":11.0},{"not_picked":["Amplify","Rainbow"],"picked":"Electrodynamics","floor":16.0},{"not_picked":["Gash","Redo"],"picked":"Coolheaded","floor":18.0},{"not_picked":["Darkness","Sunder"],"picked":"Heatsinks","floor":21.0},{"not_picked":["Chaos","Rebound"],"picked":"Coolheaded","floor":22.0},{"not_picked":["Consume","Doom and Gloom","Go for the Eyes"],"picked":"SKIP","floor":24.0},{"not_picked":["Beam Cell","Heatsinks","Genetic Algorithm"],"picked":"SKIP","floor":27.0},{"not_picked":["BootSequence","Beam Cell"],"picked":"Self Repair","floor":29.0},{"not_picked":["Hello World+1","Sweeping Beam"],"picked":"Biased Cognition","floor":31.0},{"not_picked":["Rainbow","Fission"],"picked":"Machine Learning","floor":33.0},{"not_picked":["Auto Shields","Compile Driver"],"picked":"Capacitor","floor":35.0},{"not_picked":["Compile Driver","Blizzard+1"],"picked":"Force Field","floor":36.0},{"not_picked":["Fusion","Meteor Strike","Rebound"],"picked":"SKIP","floor":41.0},{"not_picked":["Tempest+1","Leap"],"picked":"Undo+1","floor":44},{"not_picked":["Sweeping Beam","Defragment","Sunder"],"picked":"SKIP","floor":45},{"not_picked":["Compile Driver","Conserve Battery","Blizzard"],"picked":"SKIP","floor":48}],"player_experience":1544631,"relics_obtained":[{"floor":9.0,"key":"Pear"},{"floor":34.0,"key":"Blood Vial"},{"floor":34.0,"key":"HornCleat"},{"floor":34.0,"key":"Girya"},{"floor":37.0,"key":"Ginger"},{"floor":41.0,"key":"Kunai"},{"floor":43.0,"key":"Pantograph"}],"event_choices":[{"damage_healed":0.0,"max_hp_gain":0.0,"max_hp_loss":0.0,"gold_gain":0.0,"event_name":"Shining Light","player_choice":"Entered Light","floor":2.0,"gold_loss":0.0,"damage_taken":21.0,"cards_upgraded":["Defend_B","Dualcast"]},{"damage_healed":0.0,"max_hp_gain":0.0,"max_hp_loss":0.0,"gold_gain":75.0,"event_name":"World of Goop","player_choice":"Gather Gold","floor":3.0,"gold_loss":0.0,"damage_taken":11.0},{"damage_healed":0.0,"max_hp_gain":0.0,"max_hp_loss":0.0,"gold_gain":30.0,"event_name":"Dead Adventurer","player_choice":"Searched \u00272\u0027 times","floor":12.0,"gold_loss":0.0,"damage_taken":0.0,"relics_obtained":["Letter Opener"]},{"damage_healed":0.0,"max_hp_gain":0.0,"max_hp_loss":0.0,"gold_gain":0.0,"event_name":"Duplicator","player_choice":"Copied","floor":19.0,"gold_loss":0.0,"damage_taken":0.0,"cards_obtained":["Defragment"]},{"cards_removed":["Strike_B"],"damage_healed":0.0,"max_hp_gain":0.0,"max_hp_loss":0.0,"gold_gain":0.0,"event_name":"Beggar","player_choice":"Gave Gold","floor":30.0,"gold_loss":75.0,"damage_taken":0.0},{"damage_healed":0.0,"max_hp_gain":0.0,"max_hp_loss":0.0,"gold_gain":0.0,"event_name":"Mysterious Sphere","player_choice":"Fight","floor":37.0,"gold_loss":0.0,"damage_taken":0.0},{"damage_healed":0.0,"max_hp_gain":0.0,"max_hp_loss":0.0,"gold_gain":0.0,"event_name":"Lab","player_choice":"Got Potions","floor":39.0,"gold_loss":0.0,"damage_taken":0.0},{"damage_healed":0,"gold_gain":0,"player_choice":"Ignored","damage_taken":0,"max_hp_gain":0,"max_hp_loss":0,"event_name":"Tomb of Lord Red Mask","floor":47,"gold_loss":0}],"is_beta":false,"boss_relics":[{"not_picked":["Busted Crown","Philosopher\u0027s Stone"],"picked":"Empty Cage"},{"not_picked":["Pandora\u0027s Box","SlaversCollar"],"picked":"Calling Bell"}],"items_purged_floors":[20],"is_endless":false,"potions_floor_spawned":[1,8,10,11,16,18,29,31,33,35],"killed_by":"Awakened One","ascension_level":20}}