{"host":"lly094a91h6n5nv5","time":1613965346,"event":{"mods":["AchievementEnabler","BaseMod","Block Reminder","Colored Map","Minty Spire (QoL Compilation)","Permanent Neow"],"gold_per_floor":[20,20,20,33,51,51,68,68,68,68,82,99,24,24,24,24,24],"floor_reached":16,"language":"ENG","playtime":729,"items_purged":["Strike_G"],"score":156,"play_id":"0379d27b-a9e7-477f-8f4a-ae44c7a12f31","local_time":"20210221214226","is_ascension_mode":true,"campfire_choices":[{"data":"Terror","floor":6,"key":"SMITH"},{"data":"Burst","floor":8,"key":"SMITH"},{"data":"Burst","floor":10,"key":"SMITH"},{"data":"Bouncing Flask","floor":15,"key":"SMITH"}],"circlet_count":0,"master_deck":["AscendersBane","Strike_G","Strike_G","Strike_G","Defend_G","Defend_G","Survivor","Neutralize","Calculated Gamble","Burst+1","Burst+1","Terror+1","Flechettes","Noxious Fumes","Bouncing Flask+1"],"relics":["Ring of the Snake","Turnip"],"acts_visited":["Exordium"],"potions_floor_usage":[7],"damage_taken":[{"damage":0,"enemies":"Small Slimes","floor":1,"turns":6},{"damage":5,"enemies":"Jaw Worm","floor":4,"turns":5},{"damage":2,"enemies":"2 Louse","floor":5,"turns":3},{"damage":0,"enemies":"Blue Slaver","floor":7,"turns":3},{"damage":7,"enemies":"Exordium Wildlife","floor":11,"turns":4},{"damage":10,"enemies":"2 Fungi Beasts","floor":12,"turns":4},{"damage":35,"enemies":"Hexaghost","floor":16,"turns":7}],"seed_played":"8392553988538492077","potions_obtained":[{"floor":4,"key":"CunningPotion"},{"floor":12,"key":"Ancient Potion"}],"is_trial":false,"path_per_floor":["M","?","?","M","M","R","M","R","T","R","M","M","$","?","R","B"],"character_chosen":"THE_SILENT","items_purchased":[],"campfire_rested":0,"item_purchase_floors":[],"current_hp_per_floor":[59,59,52,47,45,45,45,45,45,45,38,28,28,33,33,0,0],"gold":24,"neow_bonus":"TRANSFORM_TWO_CARDS","is_daily":false,"chose_seed":false,"campfire_upgraded":4,"win_rate":0.0,"timestamp":1613965346,"path_taken":["M","?","?","M","M","R","M","R","T","R","M","M","$","?","R","BOSS"],"items_purchased_type":[],"build_version":"2020-12-22","purchased_purges":1,"victory":false,"max_hp_per_floor":[66,66,66,66,66,66,66,66,66,66,66,66,66,71,71,71,71],"card_choices":[{"not_picked":["Quick Slash","Deflect","Underhanded Strike"],"picked":"SKIP","floor":1},{"not_picked":["Poisoned Stab","Quick Slash"],"picked":"Terror","floor":4},{"not_picked":["Outmaneuver","Quick Slash"],"picked":"Flechettes","floor":5},{"not_picked":["Masterful Stab","Dodge and Roll","Deflect"],"picked":"SKIP","floor":7},{"not_picked":["Outmaneuver","Dash"],"picked":"Noxious Fumes","floor":11},{"not_picked":["Blur","Setup"],"picked":"Bouncing Flask","floor":12}],"player_experience":279755,"relics_obtained":[{"floor":9,"key":"Turnip"}],"event_choices":[{"damage_healed":0,"gold_gain":0,"cards_transformed":["Defend_G"],"player_choice":"Change","damage_taken":0,"max_hp_gain":0,"max_hp_loss":0,"event_name":"Living Wall","floor":2,"gold_loss":0,"cards_obtained":["Burst"]},{"cards_removed":["Defend_G"],"damage_healed":0,"gold_gain":0,"player_choice":"Card Removal","damage_taken":7,"max_hp_gain":0,"max_hp_loss":0,"event_name":"Golden Wing","floor":3,"gold_loss":0},{"damage_healed":0,"gold_gain":0,"player_choice":"Donut","damage_taken":0,"max_hp_gain":5,"max_hp_loss":0,"event_name":"Big Fish","floor":14,"gold_loss":0}],"is_beta":false,"boss_relics":[],"items_purged_floors":[13],"is_endless":false,"potions_floor_spawned":[4,12],"killed_by":"Hexaghost","ascension_level":14}}