{"host":"t39frk1gt0zfm79h","time":1613965743,"event":{"mods":["BaseMod","Better Altar","Better Match","Better Note","Better Sensory Stone","Better Skull","Better Third Choice","Block Reminder","Colored Map","Downfall","Hermit","Minty Spire (QoL Compilation)","Relic Stats","StSLib"],"gold_per_floor":[114,131,131,206,206,206,240,240,240,91,91,135,135,135,135],"floor_reached":14,"language":"ENG","playtime":312,"items_purged":["hermit:Strike_Hermit"],"score":125,"play_id":"37063aae-866e-4c53-872c-c87d42f03fb0","local_time":"20210221194903","is_ascension_mode":true,"campfire_choices":[{"data":"hermit:LoneWolf","floor":6,"key":"SMITH"},{"data":"hermit:Snapshot","floor":8,"key":"SMITH"}],"circlet_count":0,"master_deck":["hermit:Strike_Hermit+1","hermit:Strike_Hermit","hermit:Strike_Hermit+1","hermit:Defend_Hermit","hermit:Defend_Hermit","hermit:Defend_Hermit","hermit:Defend_Hermit","hermit:Snapshot+1","hermit:Covet","hermit:Grudge","hermit:LoneWolf+1","Injury","Regret","hermit:Snipe","hermit:Enervate"],"relics":["hermit:Momento","NeowsBlessing","Golden Idol","Ornamental Fan","Question Card","Sundial","Potion Belt"],"acts_visited":["Exordium"],"potions_floor_usage":[12],"damage_taken":[{"damage":0,"enemies":"Jaw Worm","floor":1,"turns":1},{"damage":0,"enemies":"Small Slimes","floor":2,"turns":1},{"damage":0,"enemies":"3 Sentries","floor":7,"turns":1},{"damage":16,"enemies":"Lagavulin","floor":12,"turns":6},{"damage":36,"enemies":"Gremlin Nob","floor":14,"turns":3}],"seed_played":"9058993984418903065","potions_obtained":[{"floor":7,"key":"FearPotion"}],"is_trial":false,"path_per_floor":["M","M","?","?","?","R","E","R","T","$","T","E","?","E"],"character_chosen":"HERMIT","items_purchased":["hermit:Enervate"],"campfire_rested":0,"item_purchase_floors":[10],"current_hp_per_floor":[75,75,75,64,64,64,64,64,64,64,64,48,33,0,0],"gold":135,"neow_bonus":"THREE_ENEMY_KILL","is_daily":false,"chose_seed":false,"campfire_upgraded":2,"win_rate":0.0,"timestamp":1613965743,"path_taken":["M","M","?","?","?","R","E","R","T","$","?","E","?","E"],"items_purchased_type":["Card"],"build_version":"2020-12-22","purchased_purges":1,"victory":false,"max_hp_per_floor":[75,75,75,75,75,75,75,75,75,75,75,75,75,75,75],"relic_stats":{"counters":[5,12],"Golden Idol":16,"Ornamental Fan":[12],"Sundial":[2],"Question Card":1,"obtain_stats":[{"Potion Belt":12,"NeowsBlessing":0,"Golden Idol":3,"Ornamental Fan":5,"Sundial":11,"Question Card":7,"hermit:Momento":0},{"Potion Belt":4,"NeowsBlessing":0,"Golden Idol":2,"Ornamental Fan":2,"Sundial":3,"Question Card":3,"hermit:Momento":0},{"Potion Belt":9,"NeowsBlessing":0,"Golden Idol":2,"Ornamental Fan":2,"Sundial":3,"Question Card":3,"hermit:Momento":0}]},"card_choices":[{"not_picked":["hermit:Feint","hermit:Ricochet"],"picked":"hermit:Grudge","floor":1},{"not_picked":["hermit:Combo","hermit:FullyLoaded"],"picked":"hermit:LoneWolf","floor":2},{"not_picked":["hermit:LowProfile","hermit:BodyArmor"],"picked":"hermit:Snipe","floor":7},{"not_picked":["hermit:LowProfile","hermit:HoleUp","hermit:SprayPray","hermit:Malice"],"picked":"SKIP","floor":12}],"player_experience":18695,"relics_obtained":[{"floor":7,"key":"Question Card"},{"floor":11,"key":"Sundial"},{"floor":12,"key":"Potion Belt"}],"event_choices":[{"damage_healed":0,"gold_gain":0,"player_choice":"Take Wound","damage_taken":0,"relics_obtained":["Golden Idol"],"max_hp_gain":0,"max_hp_loss":0,"event_name":"Golden Idol","floor":3,"gold_loss":0,"cards_obtained":["Injury"]},{"damage_healed":0,"gold_gain":75,"player_choice":"Gold","damage_taken":11,"max_hp_gain":0,"max_hp_loss":0,"event_name":"betterThird:BetterGoop","floor":4,"gold_loss":0},{"damage_healed":0,"gold_gain":0,"player_choice":"Box","damage_taken":0,"relics_obtained":["Ornamental Fan"],"max_hp_gain":0,"max_hp_loss":0,"event_name":"Big Fish","floor":5,"gold_loss":0,"cards_obtained":["Regret"]},{"damage_healed":48,"gold_gain":0,"player_choice":"Upgrade","damage_taken":15,"max_hp_gain":0,"max_hp_loss":75,"event_name":"betterThird:BetterShining","floor":13,"gold_loss":0,"cards_upgraded":["hermit:Strike_Hermit","hermit:Strike_Hermit"]}],"is_beta":false,"boss_relics":[],"items_purged_floors":[10],"is_endless":false,"potions_floor_spawned":[7],"killed_by":"Gremlin Nob","ascension_level":1}}