{"host":"skqrv63k0gjilndt","time":1613978021,"event":{"mods":["AchievementEnabler","BaseMod","Bestiary","Colored Powertips","Highlight Path","Minty Spire (QoL Compilation)","Quick Restart"],"gold_per_floor":[110,35,53,65,80,80,112,129,156,156,10,42,42,57,57,157,157,170,170,170,170,170,170,181,181,229,259,259,159,159,193,193,291,291,311,321,177,217,217,217,248,248,548,90,116,134,134,148,148,148],"floor_reached":51,"language":"ENG","playtime":4569,"items_purged":["Strike_P","Strike_P"],"score":821,"play_id":"228057cb-f224-4a22-82b5-9cc99b6a3259","local_time":"20210221231341","is_ascension_mode":true,"campfire_choices":[{"data":"Eruption","floor":6.0,"key":"SMITH"},{"data":"Protect","floor":10.0,"key":"SMITH"},{"data":"BattleHymn","floor":15.0,"key":"SMITH"},{"data":"RitualDagger","floor":23.0,"key":"SMITH"},{"data":"Scrawl","floor":25.0,"key":"SMITH"},{"data":"SashWhip","floor":28.0,"key":"SMITH"},{"floor":32.0,"key":"REST"},{"data":"Nirvana","floor":40.0,"key":"SMITH"},{"data":"TalkToTheHand","floor":47,"key":"SMITH"},{"floor":49,"key":"REST"}],"circlet_count":0,"master_deck":["Defend_P","Defend_P","Eruption+1","Vigilance","EmptyBody","Nirvana","Wireheading","Nirvana+1","BattleHymn+1","Protect+1","SashWhip+1","Judgement","Sanctity","CrushJoints","RitualDagger+1","FlurryOfBlows","SandsOfTime+1","CutThroughFate+1","Wish","ForeignInfluence+1","Devotion+1","Vengeance+1","CutThroughFate+1","SashWhip+1","TalkToTheHand+1","ThirdEye","Melter+1","Leg Sweep+1","Beam Cell+1"],"relics":["HolyWater","Unceasing Top","Strawberry","Omamori","Blood Vial","Red Mask","WarpedTongs","Centennial Puzzle","Astrolabe","Whetstone","Regal Pillow","Old Coin","Mercury Hourglass","PrismaticShard","Ancient Tea Set"],"acts_visited":["Exordium","TheCity","TheBeyond"],"potions_floor_usage":[50,50],"damage_taken":[{"damage":0.0,"enemies":"2 Louse","floor":1.0,"turns":1.0},{"damage":0.0,"enemies":"Cultist","floor":3.0,"turns":5.0},{"damage":0.0,"enemies":"Jaw Worm","floor":4.0,"turns":5.0},{"damage":3.0,"enemies":"3 Louse","floor":5.0,"turns":6.0},{"damage":22.0,"enemies":"Gremlin Nob","floor":7.0,"turns":5.0},{"damage":6.0,"enemies":"Lots of Slimes","floor":8.0,"turns":5.0},{"damage":4.0,"enemies":"Lagavulin","floor":12.0,"turns":5.0},{"damage":7.0,"enemies":"Blue Slaver","floor":14.0,"turns":5.0},{"damage":0.0,"enemies":"Slime Boss","floor":16.0,"turns":5.0},{"damage":0.0,"enemies":"Chosen","floor":18.0,"turns":3.0},{"damage":0.0,"enemies":"2 Thieves","floor":21.0,"turns":1.0},{"damage":13.0,"enemies":"Centurion and Healer","floor":24.0,"turns":7.0},{"damage":33.0,"enemies":"Masked Bandits","floor":27.0,"turns":5.0},{"damage":20.0,"enemies":"Gremlin Leader","floor":31.0,"turns":6.0},{"damage":36.0,"enemies":"Automaton","floor":33.0,"turns":12.0},{"damage":2.0,"enemies":"3 Shapes","floor":35.0,"turns":7.0},{"damage":0.0,"enemies":"Orb Walker","floor":36.0,"turns":3.0},{"damage":6.0,"enemies":"4 Shapes","floor":38.0,"turns":5.0},{"damage":12.0,"enemies":"Reptomancer","floor":41.0,"turns":6.0},{"damage":16,"enemies":"Nemesis","floor":45,"turns":9},{"damage":0,"enemies":"Maw","floor":46,"turns":9},{"damage":14,"enemies":"3 Darklings","floor":48,"turns":5},{"damage":18,"enemies":"Donu and Deca","floor":50,"turns":8}],"seed_played":"-5775689485607573908","potions_obtained":[{"floor":1.0,"key":"DuplicationPotion"},{"floor":4.0,"key":"StancePotion"},{"floor":5.0,"key":"Strength Potion"},{"floor":14.0,"key":"SmokeBomb"},{"floor":27.0,"key":"SmokeBomb"},{"floor":33.0,"key":"ColorlessPotion"},{"floor":36.0,"key":"Energy Potion"},{"floor":48,"key":"SpeedPotion"}],"is_trial":false,"path_per_floor":["M","$","M","M","M","R","E","M","T","R","$","E","?","M","R","B",null,"M","?","?","M","?","R","M","R","T","?","R","$","?","E","R","B",null,"M","M","$","M","?","R","E","?","T","$","E","M","R","M","R","B",null],"character_chosen":"WATCHER","items_purchased":["Strawberry","Whetstone","Mercury Hourglass","AttackPotion","PrismaticShard"],"campfire_rested":2,"item_purchase_floors":[11,37,44,44,44],"current_hp_per_floor":[79,79,79,79,76,76,54,48,48,48,55,51,51,44,44,44,86,86,69,63,63,91,91,78,78,78,47,47,47,47,29,56,22,91,89,91,91,85,85,85,75,75,75,75,61,63,63,51,91,73],"gold":148,"neow_bonus":"TEN_PERCENT_HP_BONUS","is_daily":false,"chose_seed":false,"campfire_upgraded":8,"win_rate":0.0,"timestamp":1613978021,"path_taken":["M","$","M","M","M","R","E","M","T","R","$","E","?","M","R","BOSS","M","?","?","M","?","R","M","R","T","?","R","$","?","E","R","BOSS","M","?","$","M","?","R","E","?","T","$","E","M","R","?","R","BOSS"],"items_purchased_type":["Relic","Relic","Relic","Potion","Relic"],"build_version":"2020-12-22","purchased_purges":2,"victory":true,"max_hp_per_floor":[79,79,79,79,79,79,79,79,79,79,86,86,86,86,86,86,86,86,91,91,91,91,91,91,91,91,91,91,91,91,91,91,91,91,91,91,91,91,91,91,91,91,91,91,91,91,91,91,91,91],"card_choices":[{"not_picked":["Vengeance","Weave"],"picked":"EmptyBody","floor":1.0},{"not_picked":["BowlingBash","Indignation"],"picked":"Nirvana","floor":3.0},{"not_picked":["Prostrate","EmptyFist"],"picked":"Wireheading","floor":4.0},{"not_picked":["ClearTheMind","Collect"],"picked":"Nirvana","floor":5.0},{"not_picked":["FollowUp","Evaluate"],"picked":"BattleHymn","floor":7.0},{"not_picked":["EmptyBody","Crescendo"],"picked":"Protect","floor":8.0},{"not_picked":["EmptyBody","WheelKick"],"picked":"SashWhip","floor":12.0},{"not_picked":["InnerPeace","SandsOfTime"],"picked":"Sanctity","floor":14.0},{"not_picked":["Omniscience","Ragnarok"],"picked":"Scrawl","floor":16.0},{"not_picked":["Evaluate","WindmillStrike"],"picked":"CrushJoints","floor":18.0},{"not_picked":["Worship+1","JustLucky"],"picked":"FlurryOfBlows","floor":24.0},{"not_picked":["BattleHymn+1","Protect"],"picked":"SandsOfTime+1","floor":27.0},{"not_picked":["SashWhip+1","ReachHeaven+1"],"picked":"CutThroughFate+1","floor":31.0},{"not_picked":["Omniscience","ConjureBlade"],"picked":"Wish","floor":33.0},{"not_picked":["EmptyMind","Meditate"],"picked":"CutThroughFate","floor":35.0},{"not_picked":["CrushJoints","Indignation"],"picked":"SashWhip","floor":36.0},{"not_picked":["Worship+1","CarveReality"],"picked":"TalkToTheHand","floor":38.0},{"not_picked":["MentalFortress+1","Prostrate"],"picked":"ThirdEye","floor":41.0},{"not_picked":["Dark Shackles","Thunderclap"],"picked":"Melter+1","floor":45},{"not_picked":["Flying Knee","Crescendo+1"],"picked":"Leg Sweep+1","floor":46},{"not_picked":["Dagger Throw","Heavy Blade"],"picked":"Beam Cell+1","floor":48}],"player_experience":85265,"relics_obtained":[{"floor":7.0,"key":"Unceasing Top"},{"floor":12.0,"key":"Omamori"},{"floor":26.0,"key":"Blood Vial"},{"floor":27.0,"key":"Red Mask"},{"floor":31.0,"key":"Centennial Puzzle"},{"floor":41.0,"key":"Regal Pillow"},{"floor":43.0,"key":"Old Coin"},{"floor":45,"key":"Ancient Tea Set"}],"event_choices":[{"damage_healed":0.0,"max_hp_gain":0.0,"max_hp_loss":0.0,"gold_gain":0.0,"cards_transformed":["Strike_P"],"event_name":"Transmorgrifier","player_choice":"Transformed","floor":13.0,"gold_loss":0.0,"damage_taken":0.0,"cards_obtained":["Judgement"]},{"damage_healed":0.0,"max_hp_gain":5.0,"max_hp_loss":0.0,"gold_gain":0.0,"event_name":"Forgotten Altar","player_choice":"Shed Blood","floor":19.0,"gold_loss":0.0,"damage_taken":22.0},{"damage_healed":0.0,"max_hp_gain":0.0,"max_hp_loss":0.0,"gold_gain":0.0,"event_name":"Nest","player_choice":"Joined the Cult","floor":20.0,"gold_loss":0.0,"damage_taken":6.0,"cards_obtained":["RitualDagger"]},{"damage_healed":30.0,"max_hp_gain":0.0,"max_hp_loss":0.0,"gold_gain":0.0,"event_name":"The Library","player_choice":"Heal","floor":22.0,"gold_loss":0.0,"damage_taken":0.0},{"damage_healed":0.0,"max_hp_gain":0.0,"max_hp_loss":0.0,"gold_gain":0.0,"event_name":"Masked Bandits","player_choice":"Fought Bandits","floor":27.0,"gold_loss":0.0,"damage_taken":0.0},{"damage_healed":0.0,"max_hp_gain":0.0,"max_hp_loss":0.0,"gold_gain":0.0,"event_name":"Accursed Blacksmith","player_choice":"Rummage","floor":30.0,"gold_loss":0.0,"damage_taken":0.0,"relics_obtained":["WarpedTongs"],"cards_obtained":["Pain"]},{"cards_removed":["Scrawl"],"damage_healed":0.0,"max_hp_gain":0.0,"max_hp_loss":0.0,"gold_gain":0.0,"event_name":"Falling","player_choice":"Removed Skill","floor":39.0,"gold_loss":0.0,"damage_taken":0.0},{"damage_healed":0.0,"max_hp_gain":0.0,"max_hp_loss":0.0,"gold_gain":0.0,"event_name":"Transmorgrifier","player_choice":"Ignored","floor":42.0,"gold_loss":0.0,"damage_taken":0.0}],"is_beta":false,"boss_relics":[{"not_picked":["Runic Dome","Tiny House"],"picked":"HolyWater"},{"not_picked":["Runic Pyramid","SacredBark"],"picked":"Astrolabe"}],"items_purged_floors":[2,29],"is_endless":false,"potions_floor_spawned":[1,4,5,14,27,33,36,38,48],"ascension_level":1}}