{"host":"2se5dq1do2gp0x9k","time":1613972649,"event":{"mods":["AchievementEnabler","BaseMod","Block Reminder","Colored Map","Colored Powertips","Minty Spire (QoL Compilation)","Relic Stats","StSLib","SuperFastMode"],"gold_per_floor":[110,126,84,98,98,98,128,128,128,143,168,191,204,236,236,314,314,328,71,87,87,99,99,99],"floor_reached":23,"language":"ENG","playtime":868,"items_purged":["Strike_P"],"score":448,"play_id":"3f546e90-8c1e-4a7f-8e23-02a95a86d684","local_time":"20210221214409","is_ascension_mode":true,"campfire_choices":[{"data":"Eruption","floor":6,"key":"SMITH"},{"data":"Tantrum","floor":8,"key":"SMITH"},{"data":"Evaluate","floor":15,"key":"SMITH"}],"circlet_count":0,"master_deck":["AscendersBane","Strike_P","Strike_P","Strike_P","Defend_P","Defend_P","Defend_P","Defend_P","Eruption+1","Vigilance","CutThroughFate","FearNoEvil","Wallop","Evaluate+1","Tantrum+1","Consecrate","Evaluate","Devotion","FollowUp+1","Prostrate","Adaptation","Discovery","Study+1"],"relics":["PureWater","NeowsBlessing","InkBottle","Tiny Chest","Mummified Hand","Dream Catcher","Centennial Puzzle","Bronze Scales","VioletLotus"],"acts_visited":["Exordium","TheCity"],"potions_floor_usage":[7,16,16,22],"damage_taken":[{"damage":0,"enemies":"2 Louse","floor":1,"turns":1},{"damage":0,"enemies":"Jaw Worm","floor":2,"turns":1},{"damage":0,"enemies":"Cultist","floor":4,"turns":1},{"damage":4,"enemies":"Lagavulin","floor":7,"turns":7},{"damage":1,"enemies":"Exordium Thugs","floor":10,"turns":3},{"damage":0,"enemies":"Gremlin Nob","floor":11,"turns":3},{"damage":0,"enemies":"Large Slime","floor":13,"turns":3},{"damage":27,"enemies":"3 Sentries","floor":14,"turns":5},{"damage":18,"enemies":"The Guardian","floor":16,"turns":9},{"damage":13,"enemies":"Chosen","floor":18,"turns":4},{"damage":11,"enemies":"Shell Parasite","floor":20,"turns":3},{"damage":17,"enemies":"Centurion and Healer","floor":22,"turns":5},{"damage":22,"enemies":"Book of Stabbing","floor":23,"turns":3}],"seed_played":"2180609632071450750","potions_obtained":[{"floor":1,"key":"DistilledChaos"},{"floor":7,"key":"GamblersBrew"},{"floor":10,"key":"Dexterity Potion"},{"floor":11,"key":"PowerPotion"},{"floor":18,"key":"BottledMiracle"}],"is_trial":false,"path_per_floor":["M","M","$","M","?","R","E","R","T","M","E","T","M","E","R","B",null,"M","$","M","?","M","E"],"character_chosen":"WATCHER","items_purchased":["Wallop","Prostrate","Adaptation","Discovery"],"campfire_rested":0,"item_purchase_floors":[3,19,19,19],"current_hp_per_floor":[61,61,61,61,56,56,52,52,52,51,51,51,51,24,24,6,53,40,40,29,29,12,0,0],"gold":99,"neow_bonus":"THREE_ENEMY_KILL","is_daily":false,"chose_seed":false,"campfire_upgraded":3,"win_rate":0.0,"timestamp":1613972649,"path_taken":["M","M","$","M","?","R","E","R","T","M","E","?","M","E","R","BOSS","M","$","M","?","M","E"],"items_purchased_type":["Card","Card","Card","Card"],"build_version":"2020-12-22","purchased_purges":1,"victory":false,"max_hp_per_floor":[68,68,68,68,68,68,68,68,68,68,68,68,68,68,68,68,68,68,68,68,68,68,68,68],"relic_stats":{"Dream Catcher":0,"Centennial Puzzle":[18],"counters":[13,48],"Mummified Hand":[8],"Bronze Scales":[69],"Tiny Chest":0,"VioletLotus":[5],"obtain_stats":[{"Dream Catcher":11,"Centennial Puzzle":12,"NeowsBlessing":0,"Mummified Hand":9,"Bronze Scales":14,"Tiny Chest":7,"VioletLotus":17,"PureWater":0,"InkBottle":5},{"Dream Catcher":6,"Centennial Puzzle":6,"NeowsBlessing":0,"Mummified Hand":4,"Bronze Scales":8,"Tiny Chest":4,"VioletLotus":9,"PureWater":0,"InkBottle":3},{"Dream Catcher":16,"Centennial Puzzle":16,"NeowsBlessing":0,"Mummified Hand":10,"Bronze Scales":24,"Tiny Chest":10,"VioletLotus":33,"PureWater":0,"InkBottle":3}],"InkBottle":[16]},"card_choices":[{"not_picked":["Study","CrushJoints"],"picked":"CutThroughFate","floor":1},{"not_picked":["CrushJoints","Pray"],"picked":"FearNoEvil","floor":2},{"not_picked":["WaveOfTheHand","BattleHymn"],"picked":"Evaluate","floor":4},{"not_picked":["SignatureMove","PathToVictory"],"picked":"Tantrum","floor":7},{"not_picked":["Collect","Worship","PathToVictory"],"picked":"SKIP","floor":10},{"not_picked":["Study","JustLucky"],"picked":"Consecrate","floor":11},{"not_picked":["Conclude","FollowUp"],"picked":"Evaluate","floor":13},{"not_picked":["Prostrate","LikeWater","FlurryOfBlows"],"picked":"SKIP","floor":14},{"not_picked":["Scrawl","Blasphemy"],"picked":"Devotion","floor":16},{"not_picked":["DeceiveReality","Collect"],"picked":"FollowUp+1","floor":18},{"not_picked":["Consecrate","CrushJoints"],"picked":"Study+1","floor":20},{"not_picked":["CrushJoints","LikeWater","EmptyBody"],"picked":"SKIP","floor":22}],"player_experience":4113352,"relics_obtained":[{"floor":7,"key":"Tiny Chest"},{"floor":9,"key":"Mummified Hand"},{"floor":11,"key":"Dream Catcher"},{"floor":12,"key":"Centennial Puzzle"},{"floor":14,"key":"Bronze Scales"}],"event_choices":[{"damage_healed":0,"gold_gain":0,"player_choice":"Success","damage_taken":5,"relics_obtained":["InkBottle"],"max_hp_gain":0,"max_hp_loss":0,"event_name":"Scrap Ooze","floor":5,"gold_loss":0},{"damage_healed":0,"gold_gain":0,"player_choice":"Ignored","damage_taken":0,"max_hp_gain":0,"max_hp_loss":0,"event_name":"The Mausoleum","floor":21,"gold_loss":0}],"is_beta":false,"boss_relics":[{"not_picked":["Tiny House","Ectoplasm"],"picked":"VioletLotus"}],"items_purged_floors":[19],"is_endless":false,"potions_floor_spawned":[1,7,10,11,13,18],"killed_by":"Book of Stabbing","ascension_level":18}}