{"host":"en4narc5947t7k9n","time":1613977597,"event":{"mods":["AchievementEnabler","BaseMod","Colored Map","Minty Spire (QoL Compilation)","SuperFastMode"],"gold_per_floor":[113,28,28,40,58,89,89,123,123,135,151,161,171,171,171,171,171],"floor_reached":16,"language":"KOR","playtime":994,"items_purged":[],"score":139,"play_id":"52940326-a3b7-4aa0-812d-bedba9c442b7","local_time":"20210222160637","is_ascension_mode":false,"campfire_choices":[{"floor":7,"key":"RECALL"},{"data":"Bandage Up","floor":15,"key":"SMITH"}],"circlet_count":0,"master_deck":["Strike_G","Strike_G","Strike_G","Strike_G","Defend_G","Defend_G","Defend_G","Defend_G","Defend_G","Survivor","Neutralize","Poisoned Stab","Bandage Up+1","Blade Dance","Deflect","Slice","Flechettes","Glass Knife","Dash","PiercingWail","Masterful Stab"],"relics":["Ring of the Snake","Ornamental Fan","Mango","Lantern"],"acts_visited":["Exordium"],"potions_floor_usage":[16,16,16],"damage_taken":[{"damage":0,"enemies":"Small Slimes","floor":1,"turns":3},{"damage":0,"enemies":"Jaw Worm","floor":4,"turns":5},{"damage":0,"enemies":"Cultist","floor":5,"turns":3},{"damage":44,"enemies":"Lagavulin","floor":6,"turns":11},{"damage":14,"enemies":"3 Sentries","floor":8,"turns":11},{"damage":0,"enemies":"Red Slaver","floor":10,"turns":2},{"damage":5,"enemies":"3 Louse","floor":11,"turns":4},{"damage":0,"enemies":"Looter","floor":12,"turns":2},{"damage":0,"enemies":"Gremlin Gang","floor":13,"turns":4},{"damage":58,"enemies":"Hexaghost","floor":16,"turns":14}],"seed_played":"5345309710559089688","potions_obtained":[{"floor":1,"key":"SpeedPotion"},{"floor":8,"key":"CultistPotion"},{"floor":12,"key":"Swift Potion"},{"floor":13,"key":"LiquidMemories"}],"is_trial":false,"path_per_floor":["M","$","?","M","M","E","R","E","T","M","M","M","M","?","R","B"],"character_chosen":"THE_SILENT","items_purchased":["Bandage Up"],"campfire_rested":0,"item_purchase_floors":[2],"current_hp_per_floor":[77,77,70,74,77,37,37,41,41,41,40,44,48,45,45,0,0],"gold":171,"neow_bonus":"TEN_PERCENT_HP_BONUS","is_daily":false,"chose_seed":false,"campfire_upgraded":1,"win_rate":0.0,"timestamp":1613977597,"path_taken":["M","$","?","M","M","E","R","E","T","M","M","M","M","?","R","BOSS"],"items_purchased_type":["Card"],"build_version":"2020-12-22","purchased_purges":0,"victory":false,"max_hp_per_floor":[77,77,77,77,77,77,77,91,91,91,91,91,91,91,91,91,91],"card_choices":[{"not_picked":["Escape Plan","Heel Hook"],"picked":"Poisoned Stab","floor":1},{"not_picked":["Concentrate","Quick Slash"],"picked":"Blade Dance","floor":4},{"not_picked":["Well Laid Plans","Underhanded Strike"],"picked":"Deflect","floor":5},{"not_picked":["Skewer","Dagger Spray"],"picked":"Slice","floor":6},{"not_picked":["Concentrate","Tactician"],"picked":"Flechettes","floor":8},{"not_picked":["Masterful Stab","Deadly Poison"],"picked":"Glass Knife","floor":10},{"not_picked":["Cloak And Dagger","Dagger Spray"],"picked":"Dash","floor":11},{"not_picked":["Predator","Cloak And Dagger"],"picked":"PiercingWail","floor":12},{"not_picked":["Infinite Blades","Riddle With Holes"],"picked":"Masterful Stab","floor":13}],"player_experience":146932,"relics_obtained":[{"floor":6,"key":"Ornamental Fan"},{"floor":8,"key":"Mango"}],"event_choices":[{"cards_removed":["Strike_G"],"damage_healed":0,"gold_gain":0,"player_choice":"Card Removal","damage_taken":7,"max_hp_gain":0,"max_hp_loss":0,"event_name":"Golden Wing","floor":3,"gold_loss":0},{"damage_healed":0,"gold_gain":0,"player_choice":"Success","damage_taken":3,"relics_obtained":["Lantern"],"max_hp_gain":0,"max_hp_loss":0,"event_name":"Scrap Ooze","floor":14,"gold_loss":0}],"is_beta":false,"boss_relics":[],"items_purged_floors":[],"is_endless":false,"potions_floor_spawned":[1,8,12,13],"killed_by":"Hexaghost","ascension_level":0}}