{"host":"l6t8kvs6xu8ynp71","time":1613983884,"event":{"mods":["BaseMod","Curses Come First","Highlight Path","Minty Spire (QoL Compilation)","Permanent Neow","Relic Stats","StSLib"],"gold_per_floor":[113,51,64,79,92,92,125,125,175,194,206,54,74,104,104,104,104],"floor_reached":16,"language":"ENG","playtime":511,"items_purged":["Strike_G"],"score":228,"play_id":"924ab567-a93c-4e0c-bb85-0664e1065455","local_time":"20210222015124","is_ascension_mode":true,"campfire_choices":[{"data":"Predator","floor":6,"key":"SMITH"},{"floor":8,"key":"REST"},{"floor":15,"key":"REST"}],"circlet_count":0,"master_deck":["AscendersBane","Strike_G","Strike_G","Strike_G","Strike_G","Defend_G","Defend_G","Defend_G","Defend_G","Defend_G","Survivor","Neutralize","Wraith Form v2","Quick Slash","Predator+1","Blade Dance","Bouncing Flask","PiercingWail","Dagger Spray","Well Laid Plans","Crippling Poison"],"relics":["Ring of the Snake","Letter Opener","Toy Ornithopter","Darkstone Periapt"],"acts_visited":["Exordium"],"potions_floor_usage":[3,14],"damage_taken":[{"damage":2,"enemies":"Small Slimes","floor":1,"turns":5},{"damage":1,"enemies":"Cultist","floor":3,"turns":4},{"damage":0,"enemies":"2 Louse","floor":4,"turns":2},{"damage":9,"enemies":"Blue Slaver","floor":5,"turns":4},{"damage":39,"enemies":"Gremlin Nob","floor":7,"turns":4},{"damage":2,"enemies":"Looter","floor":10,"turns":3},{"damage":9,"enemies":"3 Louse","floor":11,"turns":3},{"damage":8,"enemies":"Large Slime","floor":13,"turns":5},{"damage":8,"enemies":"Lagavulin","floor":14,"turns":5},{"damage":30,"enemies":"Slime Boss","floor":16,"turns":3}],"seed_played":"-7400707784418494457","potions_obtained":[{"floor":1,"key":"DistilledChaos"},{"floor":5,"key":"DuplicationPotion"},{"floor":10,"key":"GhostInAJar"},{"floor":14,"key":"Explosive Potion"}],"is_trial":false,"path_per_floor":["M","?","M","M","M","R","E","R","T","M","M","$","M","E","R","B"],"character_chosen":"THE_SILENT","items_purchased":["Well Laid Plans"],"campfire_rested":2,"item_purchase_floors":[12],"current_hp_per_floor":[57,57,56,56,47,47,8,27,27,25,16,16,8,5,24,0,0],"gold":104,"neow_bonus":"ONE_RANDOM_RARE_CARD","is_daily":false,"chose_seed":false,"campfire_upgraded":1,"win_rate":0.0,"timestamp":1613983884,"path_taken":["M","?","M","M","M","R","E","R","T","?","M","?","M","E","R","BOSS"],"items_purchased_type":["Card"],"build_version":"2020-12-22","purchased_purges":1,"victory":false,"max_hp_per_floor":[66,66,66,66,66,66,66,66,66,66,66,66,66,66,66,66,66],"relic_stats":{"Darkstone Periapt":0,"counters":[10,38],"Letter Opener":[15],"obtain_stats":[{"Darkstone Periapt":14,"Letter Opener":2,"Toy Ornithopter":7,"Ring of the Snake":0},{"Darkstone Periapt":9,"Letter Opener":1,"Toy Ornithopter":5,"Ring of the Snake":0},{"Darkstone Periapt":35,"Letter Opener":5,"Toy Ornithopter":19,"Ring of the Snake":0}],"Toy Ornithopter":5,"Ring of the Snake":[20]},"card_choices":[{"not_picked":["Slice","Acrobatics"],"picked":"Quick Slash","floor":1},{"not_picked":["Dodge and Roll","Heel Hook"],"picked":"Predator","floor":3},{"not_picked":["Skewer","Quick Slash"],"picked":"Blade Dance","floor":4},{"not_picked":["Reflex","Heel Hook"],"picked":"Bouncing Flask","floor":5},{"not_picked":["Acrobatics","Sucker Punch","Caltrops"],"picked":"SKIP","floor":7},{"not_picked":["Prepared","Blade Dance"],"picked":"PiercingWail","floor":10},{"not_picked":["Flying Knee","Heel Hook"],"picked":"Dagger Spray","floor":11},{"not_picked":["Dagger Spray","Finisher","Escape Plan"],"picked":"SKIP","floor":13},{"not_picked":["Deadly Poison","Backflip"],"picked":"Crippling Poison","floor":14}],"player_experience":1506806,"relics_obtained":[{"floor":7,"key":"Toy Ornithopter"},{"floor":14,"key":"Darkstone Periapt"}],"event_choices":[{"damage_healed":0,"gold_gain":0,"player_choice":"Paid Gold","damage_taken":0,"relics_obtained":["Letter Opener"],"max_hp_gain":0,"max_hp_loss":0,"event_name":"WeMeetAgain","floor":2,"gold_loss":62}],"is_beta":false,"boss_relics":[],"items_purged_floors":[12],"is_endless":false,"potions_floor_spawned":[1,5,10,14],"killed_by":"Slime Boss","ascension_level":20}}