{"host":"l1pzlbpva2o8t11s","time":1613979552,"event":{"mods":["AchievementEnabler","BaseMod","Block Reminder","Colored Map","Minty Spire (QoL Compilation)","Random Character Button","Relic Stats","StSLib","The Jungle"],"gold_per_floor":[110,110,122,148,160,198,210,222,234,278,310,322,31,57,57,153,153,163,174,174,193,205,205,105,105,184,184,34,52,83,94,94,94,94],"floor_reached":33,"language":"ENG","playtime":2215,"items_purged":["Parasite","Strike_G"],"score":340,"play_id":"497adea8-41d7-4993-b3d4-c79f57eab64c","local_time":"20210222083912","is_ascension_mode":true,"campfire_choices":[{"floor":12.0,"key":"REST"},{"data":"Choke","floor":15.0,"key":"SMITH"},{"floor":23.0,"key":"REST"},{"floor":25.0,"key":"REST"},{"floor":32,"key":"REST"}],"circlet_count":0,"master_deck":["Strike_G","Strike_G","Strike_G","Strike_G","Defend_G","Defend_G","Defend_G","Defend_G","Defend_G","Survivor","Neutralize","Blade Dance","Choke+1","Adrenaline","Infinite Blades","Backstab","Blade Dance","Deflect+1","Footwork+1","Parasite","Writhe"],"relics":["Ring of the Snake","PreservedInsect","MawBank","Mummified Hand","Gremlin Horn","Lizard Tail","Sling","Boot","Cursed Key","Nilry\u0027s Codex","Sundial","Paper Crane","Medical Kit","White Beast Statue"],"acts_visited":["Exordium","TheCity"],"potions_floor_usage":[31,33],"damage_taken":[{"damage":0.0,"enemies":"Jaw Worm","floor":1.0,"turns":4.0},{"damage":5.0,"enemies":"Cultist","floor":4.0,"turns":6.0},{"damage":47.0,"enemies":"Lagavulin","floor":6.0,"turns":6.0},{"damage":22.0,"enemies":"Gremlin Nob","floor":10.0,"turns":4.0},{"damage":0.0,"enemies":"2 Louse","floor":11.0,"turns":2.0},{"damage":5.0,"enemies":"3 Sentries","floor":14.0,"turns":4.0},{"damage":14.0,"enemies":"Hexaghost","floor":16.0,"turns":10.0},{"damage":6.0,"enemies":"Spheric Guardian","floor":18.0,"turns":3.0},{"damage":9.0,"enemies":"Shell Parasite","floor":19.0,"turns":3.0},{"damage":13.0,"enemies":"Snecko","floor":21.0,"turns":4.0},{"damage":12.0,"enemies":"Snake Plant","floor":22.0,"turns":3.0},{"damage":8.0,"enemies":"3 Cultists","floor":29.0,"turns":5.0},{"damage":10.0,"enemies":"Slavers","floor":30.0,"turns":3.0},{"damage":24,"enemies":"Cultist and Chosen","floor":31,"turns":5},{"damage":15,"enemies":"Collector","floor":33,"turns":2}],"seed_played":"-5364051519546219737","potions_obtained":[{"floor":1.0,"key":"SkillPotion"},{"floor":11.0,"key":"GhostInAJar"},{"floor":14.0,"key":"AttackPotion"},{"floor":16.0,"key":"SteroidPotion"},{"floor":18.0,"key":"GamblersBrew"},{"floor":22.0,"key":"Dexterity Potion"},{"floor":29.0,"key":"Regen Potion"},{"floor":31,"key":"Fire Potion"}],"is_trial":false,"path_per_floor":["M","?","$","M","?","E","$","?","T","E","M","R","$","E","R","B",null,"M","M","?","M","M","R","$","R","T","?","$","M","E","M","R","B"],"character_chosen":"THE_SILENT","items_purchased":["Infinite Blades","Sling","Medical Kit"],"campfire_rested":4,"item_purchase_floors":[13,13,28],"current_hp_per_floor":[70,70,70,65,65,18,18,35,35,13,13,34,34,29,29,15,67,61,52,36,23,11,31,31,51,51,51,51,43,33,9,29,14,14],"gold":94,"neow_bonus":"RANDOM_COMMON_RELIC","is_daily":false,"chose_seed":false,"campfire_upgraded":1,"win_rate":0.0,"timestamp":1613979552,"path_taken":["M","?","?","M","?","E","?","?","T","E","M","R","$","E","R","BOSS","M","M","?","M","M","R","$","R","T","?","?","?","E","M","R","BOSS"],"items_purchased_type":["Card","Relic","Relic"],"build_version":"2020-12-22","purchased_purges":2,"victory":false,"max_hp_per_floor":[70,70,70,70,70,70,70,70,70,70,70,70,67,67,67,67,67,67,67,67,67,67,67,67,67,67,67,67,67,67,67,67,67,67],"relic_stats":{"Lizard Tail":0,"Gremlin Horn":[9,9],"counters":[15,64],"Mummified Hand":[14],"Sundial":[0],"PreservedInsect":118,"MawBank":132,"Boot":[95],"Cursed Key":1,"Medical Kit":[0],"obtain_stats":[{"Gremlin Horn":9,"Nilry\u0027s Codex":20,"PreservedInsect":0,"Paper Crane":27,"MawBank":2,"Sling":13,"Boot":14,"Cursed Key":17,"Medical Kit":28,"White Beast Statue":30,"Lizard Tail":10,"Mummified Hand":6,"Sundial":26,"Ring of the Snake":0},{"Gremlin Horn":3,"Nilry\u0027s Codex":9,"PreservedInsect":0,"Paper Crane":11,"MawBank":1,"Sling":5,"Boot":6,"Cursed Key":7,"Medical Kit":11,"White Beast Statue":13,"Lizard Tail":4,"Mummified Hand":3,"Sundial":11,"Ring of the Snake":0},{"Gremlin Horn":16,"Nilry\u0027s Codex":42,"PreservedInsect":0,"Paper Crane":49,"MawBank":4,"Sling":22,"Boot":26,"Cursed Key":36,"Medical Kit":49,"White Beast Statue":57,"Lizard Tail":20,"Mummified Hand":16,"Sundial":49,"Ring of the Snake":0}],"Ring of the Snake":[30]},"card_choices":[{"not_picked":["Flechettes","Dagger Throw","Backflip"],"picked":"SKIP","floor":1.0},{"not_picked":["Heel Hook","Poisoned Stab"],"picked":"Blade Dance","floor":4.0},{"not_picked":["Blur","Poisoned Stab"],"picked":"Choke","floor":6.0},{"not_picked":["Bane","Acrobatics"],"picked":"Adrenaline","floor":10.0},{"not_picked":["Deflect","Setup","Concentrate"],"picked":"SKIP","floor":11.0},{"not_picked":["Heel Hook","Eviscerate","Sucker Punch"],"picked":"SKIP","floor":14.0},{"not_picked":["Deadly Poison","Underhanded Strike+1"],"picked":"Backstab","floor":18.0},{"not_picked":["Bane+1","Dodge and Roll"],"picked":"Blade Dance","floor":19.0},{"not_picked":["Bane","Prepared+1"],"picked":"Deflect+1","floor":21.0},{"not_picked":["Cloak And Dagger","Prepared"],"picked":"Footwork+1","floor":22.0},{"not_picked":["Blur","Flechettes","Bouncing Flask"],"picked":"SKIP","floor":29.0},{"not_picked":["Eviscerate","Noxious Fumes","Calculated Gamble+1"],"picked":"SKIP","floor":30.0},{"not_picked":["Outmaneuver","Acrobatics","Dodge and Roll"],"picked":"SKIP","floor":31}],"player_experience":178795,"relics_obtained":[{"floor":6.0,"key":"Mummified Hand"},{"floor":9.0,"key":"Gremlin Horn"},{"floor":10.0,"key":"Lizard Tail"},{"floor":14.0,"key":"Boot"},{"floor":20.0,"key":"Nilry\u0027s Codex"},{"floor":26.0,"key":"Sundial"},{"floor":30.0,"key":"White Beast Statue"}],"event_choices":[{"damage_healed":0.0,"max_hp_gain":0.0,"max_hp_loss":0.0,"gold_gain":0.0,"event_name":"WeMeetAgain","player_choice":"Gave Potion","floor":2.0,"gold_loss":0.0,"damage_taken":0.0,"relics_obtained":["MawBank"]},{"damage_healed":0.0,"max_hp_gain":0.0,"max_hp_loss":0.0,"gold_gain":0.0,"event_name":"Liars Game","player_choice":"Ignored","floor":5.0,"gold_loss":0.0,"damage_taken":0.0},{"damage_healed":17.0,"max_hp_gain":0.0,"max_hp_loss":0.0,"gold_gain":0.0,"event_name":"Mushrooms","player_choice":"Healed and dodged fight","floor":8.0,"gold_loss":0.0,"damage_taken":0.0,"cards_obtained":["Parasite"]},{"damage_healed":0.0,"max_hp_gain":0.0,"max_hp_loss":0.0,"gold_gain":0.0,"event_name":"Cursed Tome","player_choice":"Obtained Book","floor":20.0,"gold_loss":0.0,"damage_taken":16.0},{"damage_healed":0.0,"max_hp_gain":0.0,"max_hp_loss":0.0,"gold_gain":0.0,"event_name":"The Mausoleum","player_choice":"Opened","floor":27.0,"gold_loss":0.0,"damage_taken":0.0,"relics_obtained":["Paper Crane"],"cards_obtained":["Writhe"]}],"is_beta":false,"boss_relics":[{"not_picked":["Snecko Eye","Calling Bell"],"picked":"Cursed Key"}],"items_purged_floors":[13,24],"is_endless":false,"potions_floor_spawned":[1,11,14,16,18,22,29,31],"killed_by":"Collector","ascension_level":4}}