{"host":"syfsfjmzue8y1a6l","time":1613972650,"event":{"mods":["AchievementEnabler","BaseMod","Colored Map","DeckTracker","Minty Spire (QoL Compilation)","Permanent Neow","SuperFastMode"],"gold_per_floor":[110,126,76,76,91,124,224,68,68,94,109,119,119,131,131,226,276,293,293,243,259,259,40,68,68,68,68,68,95,108,123,150,150,250,250,265,276,326,326,326,346,346,346,360,128,203,203,221,238,265,275,275,275,275,275,73,102,102],"floor_reached":59,"language":"KOR","playtime":3629,"items_purged":["Defend_B","Defend_B","Strike_B"],"score":1239,"play_id":"33fd8d90-1e7c-4697-8254-4b1657c89b4f","local_time":"20210222144410","is_ascension_mode":false,"campfire_choices":[{"data":"Creative AI","floor":13.0,"key":"SMITH"},{"data":"Dualcast","floor":15.0,"key":"SMITH"},{"data":"Defragment","floor":25,"key":"SMITH"},{"data":"Strike_B","floor":28,"key":"PURGE"},{"data":"Zap","floor":33,"key":"SMITH"},{"data":"Strike_B","floor":43,"key":"PURGE"},{"data":"Storm","floor":47,"key":"SMITH"},{"floor":52,"key":"RECALL"},{"data":"Storm","floor":55,"key":"SMITH"}],"circlet_count":0,"master_deck":["Defend_B+1","Zap+1","Dualcast+1","Creative AI+1","Gash","Self Repair","Sunder","BootSequence+1","Reboot+1","Core Surge","Hologram+1","Electrodynamics","FTL","Fission+1","Defragment+1","Cold Snap+1","Force Field+1","CurseOfTheBell","Capacitor+1","Storm+1","Storm+1","Parasite","Master of Strategy+1","Heatsinks+1"],"relics":["Cracked Core","Toxic Egg 2","Art of War","Blue Candle","Tiny House","Ginger","PreservedInsect","Peace Pipe","Nunchaku","Potion Belt","Calling Bell","Dream Catcher","InkBottle","Emotion Chip","Pocketwatch","Smiling Mask","Happy Flower","ClockworkSouvenir","Centennial Puzzle"],"acts_visited":["Exordium","TheCity","TheBeyond","TheEnding"],"potions_floor_usage":[32,37,58,58,58],"damage_taken":[{"damage":0.0,"enemies":"2 Louse","floor":1.0,"turns":2.0},{"damage":1.0,"enemies":"Jaw Worm","floor":2.0,"turns":3.0},{"damage":6.0,"enemies":"Cultist","floor":5.0,"turns":4.0},{"damage":40.0,"enemies":"Gremlin Nob","floor":6.0,"turns":6.0},{"damage":19.0,"enemies":"Lagavulin","floor":10.0,"turns":8.0},{"damage":0.0,"enemies":"Blue Slaver","floor":11.0,"turns":2.0},{"damage":0.0,"enemies":"2 Fungi Beasts","floor":12.0,"turns":3.0},{"damage":0.0,"enemies":"Red Slaver","floor":14.0,"turns":2.0},{"damage":6.0,"enemies":"Hexaghost","floor":16.0,"turns":9.0},{"damage":20.0,"enemies":"Shell Parasite","floor":18.0,"turns":6.0},{"damage":10,"enemies":"Spheric Guardian","floor":21,"turns":4},{"damage":23,"enemies":"Gremlin Leader","floor":24,"turns":6},{"damage":14,"enemies":"Slavers","floor":29,"turns":2},{"damage":0,"enemies":"Chosen and Byrds","floor":30,"turns":6},{"damage":0,"enemies":"Snake Plant","floor":31,"turns":4},{"damage":27,"enemies":"Book of Stabbing","floor":32,"turns":7},{"damage":9,"enemies":"Collector","floor":34,"turns":9},{"damage":0,"enemies":"3 Darklings","floor":36,"turns":5},{"damage":5,"enemies":"Orb Walker","floor":37,"turns":4},{"damage":39,"enemies":"Mind Bloom Boss Battle","floor":38,"turns":9},{"damage":14,"enemies":"3 Darklings","floor":41,"turns":2},{"damage":0,"enemies":"Writhing Mass","floor":44,"turns":5},{"damage":0,"enemies":"Sphere and 2 Shapes","floor":48,"turns":3},{"damage":0,"enemies":"Transient","floor":49,"turns":5},{"damage":0,"enemies":"Giant Head","floor":50,"turns":6},{"damage":5,"enemies":"4 Shapes","floor":51,"turns":2},{"damage":53,"enemies":"Time Eater","floor":53,"turns":8},{"damage":0,"enemies":"Shield and Spear","floor":57,"turns":2},{"damage":36,"enemies":"The Heart","floor":58,"turns":7}],"seed_played":"4025133451159331332","potions_obtained":[{"floor":2.0,"key":"SteroidPotion"},{"floor":11.0,"key":"FairyPotion"},{"floor":14.0,"key":"Block Potion"},{"floor":17.0,"key":"ColorlessPotion"},{"floor":24,"key":"FearPotion"},{"floor":29,"key":"SkillPotion"},{"floor":31,"key":"Regen Potion"},{"floor":32,"key":"Dexterity Potion"},{"floor":38,"key":"SteroidPotion"},{"floor":41,"key":"Swift Potion"},{"floor":44,"key":"Weak Potion"},{"floor":49,"key":"Strength Potion"},{"floor":51,"key":"AttackPotion"}],"is_trial":false,"path_per_floor":["M","M","?","T","M","E","?","$","T","E","M","M","R","M","R","B",null,"M","?","?","M","?","$","E","R","?","T","R","E","M","M","E","R","B",null,"M","M","?","?","T","M","M","R","M","$","T","R","M","M","E","M","R","B",null,"R","$","E","B",null],"character_chosen":"DEFECT","items_purchased":["Reboot+1","Fission+1","Defragment","Master of Strategy+1","ClockworkSouvenir"],"campfire_rested":0,"item_purchase_floors":[8,23,23,45,56],"current_hp_per_floor":[75,74,74,74,68,35,35,35,35,23,23,30,30,37,37,31,80,67,67,67,64,49,49,33,33,33,33,33,19,26,33,28,28,26,85,85,85,53,53,53,39,39,39,46,46,46,46,46,53,60,62,62,16,85,85,85,85,56],"gold":102,"neow_bonus":"ONE_RANDOM_RARE_CARD","is_daily":false,"chose_seed":false,"campfire_upgraded":6,"win_rate":0.0,"timestamp":1613972650,"path_taken":["M","M","?","?","M","E","?","$","T","E","?","M","R","M","R","BOSS","M","?","?","?","?","$","E","R","?","T","R","E","M","M","E","R","BOSS","M","M","?","?","?","M","M","R","M","$","T","R","?","M","E","M","R","BOSS","R","$","E","BOSS"],"items_purchased_type":["Card","Card","Card","Card","Relic"],"build_version":"2020-12-22","purchased_purges":3,"victory":true,"max_hp_per_floor":[75,75,75,75,75,75,75,75,75,75,75,75,75,75,75,75,80,80,80,80,80,85,85,85,85,85,85,85,85,85,85,85,85,85,85,85,85,85,85,85,85,85,85,85,85,85,85,85,85,85,85,85,85,85,85,85,85,85],"card_choices":[{"not_picked":["Rebound","Coolheaded"],"picked":"Gash","floor":1.0},{"not_picked":["Aggregate","Consume"],"picked":"Self Repair","floor":2.0},{"not_picked":["Steam+1","Beam Cell"],"picked":"Sunder","floor":5.0},{"not_picked":["Leap+1","Steam+1"],"picked":"BootSequence+1","floor":6.0},{"not_picked":["Steam+1","Rebound"],"picked":"Core Surge","floor":10.0},{"not_picked":["Beam Cell","Leap+1"],"picked":"Hologram+1","floor":11.0},{"not_picked":["Barrage","Hologram+1","Self Repair"],"picked":"SKIP","floor":12.0},{"not_picked":["Sweeping Beam","Lockon","Steam+1"],"picked":"SKIP","floor":14.0},{"not_picked":["Meteor Strike","Buffer"],"picked":"Electrodynamics","floor":16.0},{"not_picked":["Genetic Algorithm+1","Melter","Rebound"],"picked":"SKIP","floor":18.0},{"not_picked":["Streamline","Steam+1"],"picked":"FTL","floor":21},{"not_picked":["Turbo+1","Stack+1"],"picked":"Cold Snap+1","floor":24},{"not_picked":["Cold Snap","Barrage+1","Sweeping Beam"],"picked":"SKIP","floor":29},{"not_picked":["Ball Lightning","White Noise+1"],"picked":"Force Field+1","floor":30},{"not_picked":["Rebound","Stack+1","Hologram+1"],"picked":"SKIP","floor":31},{"not_picked":["Stack+1","Go for the Eyes+1","Force Field+1"],"picked":"SKIP","floor":32},{"not_picked":["Barrage","Defragment"],"picked":"Capacitor+1","floor":36},{"not_picked":["Doom and Gloom+1","Stack+1","Chill+1"],"picked":"SKIP","floor":37},{"not_picked":["Coolheaded+1","Leap+1"],"picked":"Storm","floor":38},{"not_picked":["Chill+1","Hologram+1"],"picked":"Storm","floor":41},{"not_picked":["Sweeping Beam","Melter","Scrape"],"picked":"SKIP","floor":44},{"not_picked":["Redo+1","Barrage","Sweeping Beam"],"picked":"SKIP","floor":48},{"not_picked":["Creative AI","Self Repair","Steam+1"],"picked":"SKIP","floor":49},{"not_picked":["Double Energy+1","Glacier+1"],"picked":"Heatsinks+1","floor":50},{"not_picked":["Rebound+1","Undo+1","Redo+1"],"picked":"SKIP","floor":51},{"not_picked":["Conserve Battery+1","Turbo+1","Ball Lightning"],"picked":"SKIP","floor":57}],"player_experience":188270,"relics_obtained":[{"floor":4.0,"key":"Toxic Egg 2"},{"floor":6.0,"key":"Art of War"},{"floor":10.0,"key":"Blue Candle"},{"floor":24,"key":"Ginger"},{"floor":27,"key":"Peace Pipe"},{"floor":29,"key":"Nunchaku"},{"floor":32,"key":"Potion Belt"},{"floor":35,"key":"Dream Catcher"},{"floor":35,"key":"InkBottle"},{"floor":35,"key":"Emotion Chip"},{"floor":38,"key":"Pocketwatch"},{"floor":40,"key":"Smiling Mask"},{"floor":50,"key":"Happy Flower"},{"floor":57,"key":"Centennial Puzzle"}],"event_choices":[{"cards_removed":["Strike_B"],"damage_healed":0.0,"max_hp_gain":0.0,"max_hp_loss":0.0,"gold_gain":0.0,"event_name":"The Cleric","player_choice":"Card Removal","floor":3.0,"gold_loss":50.0,"damage_taken":0.0},{"damage_healed":0.0,"max_hp_gain":0.0,"max_hp_loss":0.0,"gold_gain":100.0,"event_name":"Golden Shrine","player_choice":"Pray","floor":7.0,"gold_loss":0.0,"damage_taken":0.0},{"damage_healed":0.0,"max_hp_gain":0.0,"max_hp_loss":0.0,"gold_gain":0.0,"event_name":"Vampires","player_choice":"Ignored","floor":19.0,"gold_loss":0.0,"damage_taken":0.0},{"damage_healed":0.0,"max_hp_gain":0.0,"max_hp_loss":0.0,"gold_gain":0.0,"event_name":"The Joust","player_choice":"Bet on Murderer","floor":20.0,"gold_loss":50.0,"damage_taken":0.0},{"damage_healed":0,"gold_gain":0,"player_choice":"Shed Blood","damage_taken":20,"max_hp_gain":5,"max_hp_loss":0,"event_name":"Forgotten Altar","floor":22,"gold_loss":0},{"damage_healed":0,"gold_gain":0,"player_choice":"Opened","damage_taken":0,"relics_obtained":["PreservedInsect"],"max_hp_gain":0,"max_hp_loss":0,"event_name":"The Mausoleum","floor":26,"gold_loss":0},{"damage_healed":0,"gold_gain":0,"player_choice":"Fight","damage_taken":0,"max_hp_gain":0,"max_hp_loss":0,"event_name":"MindBloom","floor":38,"gold_loss":0},{"cards_removed":["Defend_B"],"damage_healed":0,"gold_gain":0,"player_choice":"Removed Skill","damage_taken":0,"max_hp_gain":0,"max_hp_loss":0,"event_name":"Falling","floor":39,"gold_loss":0}],"is_beta":false,"boss_relics":[{"not_picked":["Fusion Hammer","Ectoplasm"],"picked":"Tiny House"},{"not_picked":["Runic Dome","SacredBark"],"picked":"Calling Bell"}],"items_purged_floors":[23,45,56],"is_endless":false,"potions_floor_spawned":[2,11,14,24,29,31,32,38,41,44,49,51,57],"ascension_level":0}}