{"host":"sup1rd0ujr5jgopq","time":1613977364,"event":{"mods":["BaseMod","Colored Map","Minty Spire (QoL Compilation)","StSLib"],"gold_per_floor":[112,24,44,44,63,63,95,20,98,98,108,168,18,36,36,135,135,147,166,181,361,12,12,25,56,80,80,92,107,127,42,42,145,145,163,181,198,211,211,243,243,243,243,243,23,38,73,73,73,73],"floor_reached":51,"playtime":3320,"items_purged":["Decay","Strike_G","Defend_G","Strike_G"],"score":754,"play_id":"5a4721d1-1bc7-41f1-85a0-06041187ce77","local_time":"20210222020244","is_ascension_mode":false,"campfire_choices":[{"data":"Tools of the Trade","floor":6,"key":"SMITH"},{"data":"Calculated Gamble","floor":10,"key":"SMITH"},{"data":"Tactician","floor":15,"key":"SMITH"},{"data":"Well Laid Plans","floor":23,"key":"SMITH"},{"data":"Phantasmal Killer","floor":27,"key":"SMITH"},{"data":"Terror","floor":32,"key":"SMITH"},{"data":"Madness","floor":42,"key":"SMITH"},{"data":"Madness","floor":49,"key":"SMITH"}],"circlet_count":0,"master_deck":["Strike_G","Defend_G","Defend_G","Defend_G+1","Survivor","Neutralize","Tools of the Trade+1","Underhanded Strike","Reflex","Dagger Throw","Calculated Gamble+1","Tactician+1","Reflex+1","Acrobatics","Phantasmal Killer+1","Blade Dance+1","Backflip+1","Corpse Explosion+1","Eviscerate+1","Underhanded Strike+1","Dodge and Roll+1","Terror+1","Acrobatics","Acrobatics","Venomology","Tactician+1","Choke+1","Madness+1","Madness+1","Well Laid Plans","Expertise"],"relics":["Ring of the Snake","Potion Belt","Dream Catcher","Molten Egg 2","Nunchaku","Astrolabe","War Paint","Pen Nib","Vajra","PreservedInsect","SlaversCollar","HornCleat","Bottled Flame","Omamori"],"acts_visited":["Exordium","TheCity","TheBeyond"],"potions_floor_usage":[16,18,25,25,25,37,47],"damage_taken":[{"damage":0,"enemies":"Small Slimes","floor":1,"turns":4},{"damage":2,"enemies":"Cultist","floor":3,"turns":4},{"damage":9,"enemies":"Jaw Worm","floor":5,"turns":6},{"damage":27,"enemies":"3 Sentries","floor":7,"turns":9},{"damage":0,"enemies":"2 Fungi Beasts","floor":11,"turns":4},{"damage":12,"enemies":"Gremlin Nob","floor":12,"turns":3},{"damage":3,"enemies":"Exordium Wildlife","floor":14,"turns":4},{"damage":16,"enemies":"The Guardian","floor":16,"turns":12},{"damage":0,"enemies":"2 Thieves","floor":18,"turns":2},{"damage":0,"enemies":"3 Byrds","floor":19,"turns":2},{"damage":1,"enemies":"3 Cultists","floor":20,"turns":3},{"damage":0,"enemies":"Centurion and Healer","floor":24,"turns":3},{"damage":23,"enemies":"Slavers","floor":25,"turns":3},{"damage":0,"enemies":"Cultist and Chosen","floor":28,"turns":2},{"damage":0,"enemies":"3 Cultists","floor":29,"turns":1},{"damage":0,"enemies":"Shelled Parasite and Fungi","floor":30,"turns":2},{"damage":6,"enemies":"Automaton","floor":33,"turns":5},{"damage":0,"enemies":"3 Shapes","floor":35,"turns":2},{"damage":0,"enemies":"3 Darklings","floor":36,"turns":3},{"damage":0,"enemies":"Jaw Worm Horde","floor":37,"turns":1},{"damage":0,"enemies":"Maw","floor":38,"turns":4},{"damage":0,"enemies":"Giant Head","floor":40,"turns":2},{"damage":0,"enemies":"3 Darklings","floor":46,"turns":2},{"damage":0,"enemies":"Reptomancer","floor":47,"turns":3},{"damage":8,"enemies":"Time Eater","floor":50,"turns":3}],"seed_played":"1901990120475271848","potions_obtained":[{"floor":7,"key":"GhostInAJar"},{"floor":11,"key":"FairyPotion"},{"floor":12,"key":"CunningPotion"},{"floor":14,"key":"Swift Potion"},{"floor":19,"key":"Poison Potion"},{"floor":20,"key":"Explosive Potion"},{"floor":28,"key":"SpeedPotion"},{"floor":33,"key":"Explosive Potion"},{"floor":37,"key":"Energy Potion"},{"floor":38,"key":"GamblersBrew"}],"is_trial":false,"path_per_floor":["M","?","M","?","M","R","E","$","T","R","M","?","$","M","R","B",null,"M","M","M","?","$","R","M","E","T","R","M","M","M","?","R","B",null,"M","M","M","M","?","E","?","R","T","?","$","M","E","$","R","B",null],"character_chosen":"THE_SILENT","items_purchased":["Acrobatics","Well Laid Plans","War Paint","Well Laid Plans"],"campfire_rested":0,"item_purchase_floors":[13,22,22,45],"current_hp_per_floor":[70,70,68,73,64,64,37,37,37,37,37,25,25,22,22,6,75,75,75,74,49,49,49,49,26,26,26,26,26,26,26,26,20,75,75,75,75,75,66,66,66,66,66,66,66,66,66,66,66,58],"gold":73,"neow_bonus":"THREE_RARE_CARDS","is_daily":false,"chose_seed":false,"campfire_upgraded":8,"win_rate":0.0,"timestamp":1613977364,"path_taken":["M","?","?","?","M","R","E","$","T","R","M","?","?","?","R","BOSS","M","M","M","?","$","R","M","E","T","R","M","M","?","?","R","BOSS","M","M","M","M","?","E","?","R","T","?","$","M","E","?","R","BOSS"],"items_purchased_type":["Card","Card","Relic","Card"],"build_version":"2020-12-13","purchased_purges":4,"victory":true,"max_hp_per_floor":[70,70,70,75,75,75,75,75,75,75,75,75,75,75,75,75,75,75,75,75,75,75,75,75,75,75,75,75,75,75,75,75,75,75,75,75,75,75,75,75,75,75,75,75,75,75,75,75,75,75],"card_choices":[{"not_picked":["Adrenaline","Burst"],"picked":"Tools of the Trade","floor":0},{"not_picked":["Crippling Poison","Bouncing Flask"],"picked":"Underhanded Strike","floor":1},{"not_picked":["Deflect","Prepared"],"picked":"Reflex","floor":3},{"not_picked":["All Out Attack","Noxious Fumes"],"picked":"Dagger Throw","floor":5},{"not_picked":["Footwork","Backflip"],"picked":"Calculated Gamble","floor":7},{"not_picked":["Blur","Infinite Blades"],"picked":"Tactician","floor":11},{"not_picked":["Deflect","Flechettes+1"],"picked":"Reflex","floor":12},{"not_picked":["Crippling Poison","Flying Knee+1","Prepared"],"picked":"SKIP","floor":14},{"not_picked":["Wraith Form v2","Night Terror"],"picked":"Phantasmal Killer","floor":16},{"not_picked":["Endless Agony+1","Slice+1"],"picked":"Eviscerate+1","floor":18},{"not_picked":["Expertise","Slice+1"],"picked":"Underhanded Strike+1","floor":19},{"not_picked":["Prepared+1","Outmaneuver"],"picked":"Dodge and Roll+1","floor":20},{"not_picked":["Underhanded Strike+1","Flying Knee+1"],"picked":"Terror","floor":24},{"not_picked":["Poisoned Stab+1","Catalyst"],"picked":"Acrobatics","floor":25},{"not_picked":["Dagger Throw+1","Bane+1"],"picked":"Acrobatics","floor":28},{"not_picked":["Prepared","Well Laid Plans+1","Die Die Die+1"],"picked":"SKIP","floor":29},{"not_picked":["Sucker Punch+1","Calculated Gamble","Dodge and Roll"],"picked":"SKIP","floor":30},{"not_picked":["Corpse Explosion","Unload+1"],"picked":"Venomology","floor":33},{"not_picked":["Sucker Punch+1","Dash+1","Deflect+1"],"picked":"SKIP","floor":35},{"not_picked":["Sucker Punch+1","Acrobatics","Caltrops"],"picked":"SKIP","floor":36},{"not_picked":["Deadly Poison+1","Dagger Spray+1"],"picked":"Tactician+1","floor":37},{"not_picked":["Deflect","Escape Plan+1"],"picked":"Choke+1","floor":38},{"not_picked":["Dagger Spray+1","Sucker Punch+1","Flying Knee+1"],"picked":"SKIP","floor":40},{"not_picked":["Deflect","Backstab+1","Masterful Stab+1"],"picked":"SKIP","floor":46},{"not_picked":["All Out Attack+1","PiercingWail+1"],"picked":"Expertise","floor":47}],"player_experience":34453,"relics_obtained":[{"floor":7,"key":"Dream Catcher"},{"floor":9,"key":"Molten Egg 2"},{"floor":12,"key":"Nunchaku"},{"floor":25,"key":"Pen Nib"},{"floor":26,"key":"Vajra"},{"floor":40,"key":"HornCleat"},{"floor":43,"key":"Bottled Flame"},{"floor":47,"key":"Omamori"}],"event_choices":[{"damage_healed":0,"gold_gain":0,"player_choice":"Paid Gold","damage_taken":0,"relics_obtained":["Potion Belt"],"max_hp_gain":0,"max_hp_loss":0,"event_name":"WeMeetAgain","floor":2,"gold_loss":88},{"damage_healed":0,"gold_gain":0,"player_choice":"Donut","damage_taken":0,"max_hp_gain":5,"max_hp_loss":0,"event_name":"Big Fish","floor":4,"gold_loss":0},{"damage_healed":0,"gold_gain":0,"player_choice":"Searched \u00271\u0027 times","damage_taken":0,"max_hp_gain":0,"max_hp_loss":0,"event_name":"Dead Adventurer","floor":12,"gold_loss":0},{"damage_healed":0,"gold_gain":180,"player_choice":"POTION GOLD GOLD ","damage_taken":25,"max_hp_gain":0,"max_hp_loss":0,"event_name":"Knowing Skull","floor":21,"potions_obtained":["SkillPotion"],"gold_loss":0,"cards_obtained":[]},{"damage_healed":0,"gold_gain":0,"player_choice":"Obtained Relic","damage_taken":0,"relics_obtained":["PreservedInsect"],"max_hp_gain":0,"max_hp_loss":0,"event_name":"Addict","floor":31,"gold_loss":85},{"damage_healed":0,"gold_gain":0,"player_choice":"Embrace Madness","damage_taken":9,"max_hp_gain":0,"max_hp_loss":0,"event_name":"Winding Halls","floor":39,"gold_loss":0,"cards_obtained":["Madness","Madness"]},{"cards_removed":["Well Laid Plans"],"damage_healed":0,"gold_gain":0,"player_choice":"Removed Power","damage_taken":0,"max_hp_gain":0,"max_hp_loss":0,"event_name":"Falling","floor":41,"gold_loss":0},{"damage_healed":0,"gold_gain":0,"player_choice":"Ignored","damage_taken":0,"max_hp_gain":0,"max_hp_loss":0,"event_name":"Tomb of Lord Red Mask","floor":44,"gold_loss":0}],"is_beta":false,"boss_relics":[{"not_picked":["Black Star","Ring of the Serpent"],"picked":"Astrolabe"},{"not_picked":["Snecko Eye","Empty Cage"],"picked":"SlaversCollar"}],"items_purged_floors":[8,13,22,45],"is_endless":false,"potions_floor_spawned":[7,11,12,14,19,20,28,33,35,37,38],"ascension_level":0}}