{"host":"jpqwruqnh1dd5q7l","time":1613962697,"event":{"mods":["AchievementEnabler","Act Like it!","Alarm Clock","BaseMod","Better Altar","Better Match","Better Note","Better Sensory Stone","Better Skull","Chat Monstrosity","ChefMod","Colored Powertips","Curses Come First","Hermit","Marisa????????","Minty Spire (QoL Compilation)","Rare Cards Sparkle","Relic Sorter","Reliquary","Robot Space Explorer","Ruina","Shop Mod","Spire Birthday Party","StSLib","The Disciple","The Exalted","slay the spire mod where everything is the same but ironclad has a cowboy hat"],"gold_per_floor":[116,135,135,210,210,245,263,263,263,294,310,310,325,338,338,464,464,482,597,617,617,135,135,135,135,209,209,209,240,240,263,263,387,387,407,407,423,436,436,436],"floor_reached":39,"language":"ENG","playtime":4662,"items_purged":[],"score":409,"play_id":"ff90f469-5d00-423d-8a6c-47f5a37abe43","local_time":"20210221215817","is_ascension_mode":false,"campfire_choices":[{"floor":8,"key":"REST"},{"data":"RobotSpaceExplorer:Strike","floor":12,"key":"PURGE"},{"floor":15,"key":"REST"},{"floor":23,"key":"REST"},{"data":"RobotSpaceExplorer:TrailblazerForm","floor":25,"key":"SMITH"},{"floor":28,"key":"REST"},{"floor":32,"key":"REST"}],"circlet_count":0,"master_deck":["RobotSpaceExplorer:Strike","RobotSpaceExplorer:Strike","RobotSpaceExplorer:Strike","RobotSpaceExplorer:Defend","RobotSpaceExplorer:Defend","RobotSpaceExplorer:Defend","RobotSpaceExplorer:Scan","RobotSpaceExplorer:MiniLasers","RobotSpaceExplorer:Electroshield","RobotSpaceExplorer:StunGrenade","RobotSpaceExplorer:Comet","RobotSpaceExplorer:SurgingShield","RobotSpaceExplorer:Discharger","RobotSpaceExplorer:Pulsar","RobotSpaceExplorer:Electropulse","RobotSpaceExplorer:SurgingStrike","RobotSpaceExplorer:TrailblazerForm+1","RobotSpaceExplorer:Pulsar+1","RobotSpaceExplorer:FreezeRay+1","ruina:FalseThrone","RobotSpaceExplorer:MiniBoosters","Doubt","RobotSpaceExplorer:SurgingShield","RobotSpaceExplorer:BigMissile","RobotSpaceExplorer:FreezingShield+1","Parasite","RobotSpaceExplorer:Probe+1"],"relics":["RobotSpaceExplorer:RoboCore","Golden Idol","Bird Faced Urn","RobotSpaceExplorer:ClockworkSextant","Peace Pipe","Pear","SacredBark","MealTicket","HornCleat","TheAbacus","InkBottle","Incense Burner","Potion Belt","RobotSpaceExplorer:SearchSpecs"],"acts_visited":["Exordium","Exordium","TheBeyond"],"potions_floor_usage":[14,16,16,29,31],"damage_taken":[{"damage":1,"enemies":"Jaw Worm","floor":1,"turns":6},{"damage":0,"enemies":"Small Slimes","floor":2,"turns":3},{"damage":49,"enemies":"3 Sentries","floor":6,"turns":20},{"damage":0,"enemies":"Cultist","floor":7,"turns":3},{"damage":12,"enemies":"Lagavulin","floor":10,"turns":8},{"damage":17,"enemies":"Large Slime","floor":11,"turns":6},{"damage":1,"enemies":"Lots of Slimes","floor":13,"turns":2},{"damage":0,"enemies":"2 Fungi Beasts","floor":14,"turns":3},{"damage":29,"enemies":"The Guardian","floor":16,"turns":11},{"damage":22,"enemies":"ruina:Nosferatu","floor":18,"turns":6},{"damage":23,"enemies":"ruina:BadWolf","floor":20,"turns":7},{"damage":75,"enemies":"ruina:Mountain","floor":29,"turns":12},{"damage":0,"enemies":"ruina:KingOfGreed","floor":31,"turns":6},{"damage":52,"enemies":"ruina:Red_and_Wolf","floor":33,"turns":13},{"damage":29,"enemies":"3 Darklings","floor":35,"turns":6},{"damage":18,"enemies":"3 Shapes","floor":37,"turns":3},{"damage":27,"enemies":"Writhing Mass","floor":38,"turns":9},{"damage":46,"enemies":"4 Shapes","floor":39,"turns":3}],"seed_played":"1803444007318912138","potions_obtained":[{"floor":10,"key":"SkillPotion"},{"floor":13,"key":"AttackPotion"},{"floor":14,"key":"Energy Potion"},{"floor":16,"key":"GamblersBrew"},{"floor":29,"key":"DistilledChaos"}],"is_trial":false,"path_per_floor":["M","M","?","?","T","E","M","R","T","E","M","R","M","M","R","B",null,"M","?","M","?","$","R","T","R","T","?","R","E","?","M","R","B",null,"M","?","M","M","M"],"character_chosen":"RobotSpaceExplorer","items_purchased":["HornCleat","TheAbacus","RobotSpaceExplorer:MiniBoosters"],"campfire_rested":5,"item_purchase_floors":[22,22,22],"current_hp_per_floor":[81,81,76,65,65,16,16,38,38,36,21,21,20,20,45,18,86,66,40,21,21,36,61,61,61,61,61,86,19,19,27,52,8,86,61,61,47,28,0,0],"gold":436,"neow_bonus":"TEN_PERCENT_HP_BONUS","is_daily":false,"chose_seed":false,"campfire_upgraded":1,"win_rate":0.0,"timestamp":1613962697,"path_taken":["M","M","?","?","?","E","?","R","T","E","M","R","M","M","R","BOSS","M","?","?","?","$","R","?","R","T","?","R","E","?","M","R","BOSS","M","?","M","M","M"],"items_purchased_type":["Relic","Relic","Card"],"build_version":"2020-12-22","purchased_purges":0,"victory":false,"max_hp_per_floor":[82,82,76,76,76,76,76,76,76,86,86,86,86,86,86,86,86,86,86,86,86,86,86,86,86,86,86,86,86,86,86,86,86,86,86,86,86,86,86,86],"card_choices":[{"not_picked":["RobotSpaceExplorer:ImprovisedAttack","RobotSpaceExplorer:Ammunition"],"picked":"RobotSpaceExplorer:Electroshield","floor":1},{"not_picked":["RobotSpaceExplorer:MetalStrike","RobotSpaceExplorer:Blitz"],"picked":"RobotSpaceExplorer:StunGrenade","floor":2},{"not_picked":["RobotSpaceExplorer:Electroshield","RobotSpaceExplorer:MakeshiftVolley"],"picked":"RobotSpaceExplorer:Comet","floor":6},{"not_picked":["RobotSpaceExplorer:GlueShot","RobotSpaceExplorer:FranticSearch"],"picked":"RobotSpaceExplorer:SurgingShield","floor":7},{"not_picked":["RobotSpaceExplorer:SwiftStep","RobotSpaceExplorer:GlueShot"],"picked":"RobotSpaceExplorer:Discharger","floor":10},{"not_picked":["RobotSpaceExplorer:FrostMissile","RobotSpaceExplorer:Blitz"],"picked":"RobotSpaceExplorer:Pulsar","floor":11},{"not_picked":["RobotSpaceExplorer:PlasmaMissile","RobotSpaceExplorer:Electroshield"],"picked":"RobotSpaceExplorer:Electropulse","floor":13},{"not_picked":["RobotSpaceExplorer:Ammunition","RobotSpaceExplorer:LuckyStrike"],"picked":"RobotSpaceExplorer:SurgingStrike","floor":14},{"not_picked":["RobotSpaceExplorer:Blaster","RobotSpaceExplorer:ShockMissile"],"picked":"RobotSpaceExplorer:TrailblazerForm","floor":16},{"not_picked":["RobotSpaceExplorer:MiniBoosters","RobotSpaceExplorer:MetalStrike"],"picked":"RobotSpaceExplorer:Pulsar+1","floor":18},{"not_picked":["RobotSpaceExplorer:Fix","RobotSpaceExplorer:StunGrenade"],"picked":"RobotSpaceExplorer:FreezeRay+1","floor":20},{"not_picked":["RobotSpaceExplorer:DoubleBlock","RobotSpaceExplorer:Counterblock+1"],"picked":"RobotSpaceExplorer:SurgingShield","floor":29},{"not_picked":["RobotSpaceExplorer:GlueSpray","RobotSpaceExplorer:FranticSearch","RobotSpaceExplorer:FrostMissile"],"picked":"SKIP","floor":31},{"not_picked":["RobotSpaceExplorer:MetalStrike+1","RobotSpaceExplorer:SlimeMissile"],"picked":"RobotSpaceExplorer:BigMissile","floor":35},{"not_picked":["RobotSpaceExplorer:ImprovisedAttack","RobotSpaceExplorer:FreezeRay+1"],"picked":"RobotSpaceExplorer:FreezingShield+1","floor":37},{"not_picked":["RobotSpaceExplorer:Reload","RobotSpaceExplorer:SurgingStrike+1"],"picked":"RobotSpaceExplorer:Probe+1","floor":38}],"player_experience":205705,"relics_obtained":[{"floor":5,"key":"Bird Faced Urn"},{"floor":6,"key":"RobotSpaceExplorer:ClockworkSextant"},{"floor":9,"key":"Peace Pipe"},{"floor":10,"key":"Pear"},{"floor":26,"key":"InkBottle"},{"floor":29,"key":"Potion Belt"}],"event_choices":[{"damage_healed":0,"gold_gain":0,"player_choice":"Lose Max HP","damage_taken":0,"relics_obtained":["Golden Idol"],"max_hp_gain":0,"max_hp_loss":6,"event_name":"Golden Idol","floor":3,"gold_loss":0},{"damage_healed":0,"gold_gain":75,"player_choice":"Gather Gold","damage_taken":11,"max_hp_gain":0,"max_hp_loss":0,"event_name":"World of Goop","floor":4,"gold_loss":0},{"damage_healed":0,"gold_gain":115,"player_choice":"GO RE ","damage_taken":29,"relics_obtained":["MealTicket"],"max_hp_gain":0,"max_hp_loss":0,"event_name":"betterSkull:BetterSkull","floor":19,"gold_loss":0,"cards_upgraded":[]},{"cards_removed":["RobotSpaceExplorer:Defend"],"damage_healed":0,"gold_gain":0,"player_choice":"Removed Skill","damage_taken":0,"max_hp_gain":0,"max_hp_loss":0,"event_name":"Falling","floor":36,"gold_loss":0}],"is_beta":false,"boss_relics":[{"not_picked":["Coffee Dripper","reliquary:RedPaperclip"],"picked":"SacredBark"},{"not_picked":["Astrolabe","Busted Crown"],"picked":"RobotSpaceExplorer:SearchSpecs"}],"items_purged_floors":[],"is_endless":false,"potions_floor_spawned":[10,13,14,16,29],"killed_by":"4 Shapes","ascension_level":0}}