{"host":"y2ptgajoxt8nh64w","time":1613987425,"event":{"mods":["100% Spire Juice","AchievementEnabler","Act Like it!","Arknights","BaseMod","Better Vampires","CapriCore","Colored Map","Colored Powertips","Conspire","DeckTracker","Friendly Minions","Gensokyo","GifTheSpireLib","Hallownest","Highlight Path","Koishi","Marisa（F雨　魔理沙）","Minty Spire (QoL Compilation)","Quick Restart","Rare Cards Sparkle","Reimu（博丽灵梦）","Relic Stats","Remilia（蕾米莉亚）","RumiaBox-露米娅的神秘盒子","Ryuuou龙王","StSLib","The Immortal","The Servant 0.9.4","Waifu the Spire","WarShipGirlsR/战舰少女R mod","Wide Potions","Youmu（魂魄妖梦）","【功能Mod】混沌之环修复补丁","【功能Mod】聪明的最终Boss","【遗物卡牌】REMEMod","老伊莉雅"],"gold_per_floor":[119,119,119,134,154,180,200,200,200,227,194,39,39,58,58,158,158,169,179,197,72,82,82,82,97,97,135,135,385,385,420,432,444,444],"floor_reached":33,"language":"ZHS","playtime":2939,"items_purged":["PrismaMod:IllyaCommonDefend"],"score":277,"play_id":"68dbb4ca-37a4-4c19-828e-681d6e9bff59","local_time":"20210222175025","is_ascension_mode":false,"campfire_choices":[{"floor":8.0,"key":"REST"},{"data":"PrismaMod:IllyaUberPoisonChannel","floor":15.0,"key":"SMITH"},{"data":"PrismaMod:IllyaUncommonDefend","floor":23.0,"key":"SMITH"},{"floor":32,"key":"REST"}],"circlet_count":0,"master_deck":["PrismaMod:IllyaCommonAttack","PrismaMod:IllyaCommonAttack","PrismaMod:IllyaCommonDefend","PrismaMod:IllyaCommonAttack","PrismaMod:IllyaCommonDefend","PrismaMod:IllyaCommonAttack","PrismaMod:IllyaCommonDefend","PrismaMod:IllyaUncommonAttack","PrismaMod:IllyaUncommonDefend","Moonworks:Heat300Percent","PrismaMod:IllyaBoysLove","Pain","PrismaMod:IllyaUncommonDefend+1","PrismaMod:IllyaPartialInstallAssassin","PrismaMod:IllyaBride","PrismaMod:IllyaHassanGift","PrismaMod:IllyaPoisonBomb","PrismaMod:IllyaRubysPotion","PrismaMod:IllyaUberPoisonChannel+1","PrismaMod:IllyaUberPoisonBlock","PrismaMod:IllyaStunPoison","PrismaMod:IllyaInstallRuler","PrismaMod:IllyaBride","PrismaMod:IllyaZwei","PrismaMod:IllyaTestament+1","PrismaMod:IllyaBride+1","PrismaMod:IllyaFeed+1","PrismaMod:IllyaGrail"],"relics":["PrismaMod:PrismaRuby","REME_ComplimentaryCards","WarpedTongs","Meat on the Bone","MagicDraw2","Ccalipers","Orrery","GremlinMask","conspire:RunicOctahedron","Gensokyo:MosesMiracle","GodSword4","MawBank"],"acts_visited":["Exordium","Gensokyo:Gensokyoer"],"potions_floor_usage":[31],"damage_taken":[{"damage":0.0,"enemies":"Cultist","floor":1.0,"turns":3.0},{"damage":11.0,"enemies":"Jaw Worm","floor":4.0,"turns":2.0},{"damage":5.0,"enemies":"ats:Genji","floor":5.0,"turns":4.0},{"damage":47.0,"enemies":"3 Sentries","floor":6.0,"turns":10.0},{"damage":9.0,"enemies":"Gremlin Gang","floor":7.0,"turns":6.0},{"damage":30.0,"enemies":"Lagavulin","floor":10.0,"turns":6.0},{"damage":22.0,"enemies":"Exordium Thugs","floor":11.0,"turns":6.0},{"damage":13.0,"enemies":"Exordium Wildlife","floor":14.0,"turns":4.0},{"damage":24.0,"enemies":"The Guardian","floor":16.0,"turns":8.0},{"damage":33.0,"enemies":"Gensokyo:3_Dogs","floor":18.0,"turns":7.0},{"damage":29.0,"enemies":"Gensokyo:Chomper","floor":19.0,"turns":5.0},{"damage":8.0,"enemies":"Gensokyo:Wraith","floor":20.0,"turns":5.0},{"damage":4.0,"enemies":"Gensokyo:Chomper_and_Gloop","floor":22.0,"turns":3.0},{"damage":0.0,"enemies":"Gensokyo:Swordslinger","floor":25.0,"turns":4.0},{"damage":19.0,"enemies":"conspire:MimicChest","floor":27.0,"turns":4.0},{"damage":35,"enemies":"Gensokyo:Koishi","floor":31,"turns":4},{"damage":61,"enemies":"Gensokyo:Eternal_Rivals","floor":33,"turns":5}],"seed_played":"-5017181006656911615","potions_obtained":[{"floor":4.0,"key":"Ancient Potion"},{"floor":7.0,"key":"Regen Potion"},{"floor":14.0,"key":"LiquidMemories"},{"floor":18.0,"key":"REME_GoldPotion"},{"floor":20.0,"key":"Fire Potion"},{"floor":31,"key":"SkillPotion"}],"is_trial":false,"path_per_floor":["M","?","?","M","M","E","M","R","T","E","M","$","?","M","R","B",null,"M","M","M","$","M","R","?","M","T","?","?","?","?","E","R","B"],"character_chosen":"ILLYA","items_purchased":["Orrery","BlessingOfTheForge"],"campfire_rested":2,"item_purchase_floors":[12,21],"current_hp_per_floor":[82,75,75,64,59,12,15,39,39,36,26,26,26,30,30,23,82,54,42,51,51,47,47,47,52,52,50,50,50,50,27,50,0,0],"gold":444,"neow_bonus":"TEN_PERCENT_HP_BONUS","is_daily":false,"chose_seed":false,"campfire_upgraded":2,"win_rate":0.0,"timestamp":1613987425,"path_taken":["M","?","?","?","?","E","M","R","T","E","M","?","?","M","R","BOSS","M","?","M","$","M","R","?","M","T","?","?","?","?","E","R","BOSS"],"items_purchased_type":["Relic","Potion"],"build_version":"2020-12-22","purchased_purges":1,"victory":false,"max_hp_per_floor":[82,82,82,82,82,82,82,82,82,82,82,82,82,82,82,82,82,82,82,82,82,82,82,82,82,82,82,82,78,78,78,78,78,78],"relic_stats":{"counters":[17,85],"MawBank":24,"obtain_stats":[{"Gensokyo:MosesMiracle":31,"GremlinMask":13,"conspire:RunicOctahedron":17,"MawBank":31,"MagicDraw2":9,"WarpedTongs":3,"PrismaMod:PrismaRuby":0,"Frozen Eye":31,"Ccalipers":10,"Gensokyo:DayTheSeaSplit":24,"Orrery":12,"GodSword4":27,"REME_ComplimentaryCards":0,"Meat on the Bone":6},{"Gensokyo:MosesMiracle":16,"GremlinMask":7,"conspire:RunicOctahedron":9,"MawBank":16,"MagicDraw2":5,"WarpedTongs":1,"PrismaMod:PrismaRuby":0,"Frozen Eye":15,"Ccalipers":6,"Gensokyo:DayTheSeaSplit":13,"Orrery":7,"GodSword4":15,"REME_ComplimentaryCards":0,"Meat on the Bone":4},{"Gensokyo:MosesMiracle":80,"GremlinMask":37,"conspire:RunicOctahedron":49,"MawBank":80,"MagicDraw2":25,"WarpedTongs":3,"PrismaMod:PrismaRuby":0,"Frozen Eye":76,"Ccalipers":31,"Gensokyo:DayTheSeaSplit":68,"Orrery":37,"GodSword4":76,"REME_ComplimentaryCards":0,"Meat on the Bone":19}],"WarpedTongs":[82],"Meat on the Bone":108},"card_choices":[{"not_picked":["PrismaMod:IllyaEvokeAll","PrismaMod:IllyaFriendMaker"],"picked":"PrismaMod:IllyaBoysLove","floor":1.0},{"not_picked":["PrismaMod:IllyaBoysLove","PrismaMod:IllyaUberPoisonBlock"],"picked":"PrismaMod:IllyaUncommonDefend","floor":4.0},{"not_picked":["PrismaMod:IllyaMinorReinForce","PrismaMod:IllyaUncommonDefend"],"picked":"PrismaMod:IllyaPartialInstallAssassin","floor":5.0},{"not_picked":["PrismaMod:IllyaMinorZwei","PrismaMod:IllyaAOECommonAttack"],"picked":"PrismaMod:IllyaBride","floor":6.0},{"not_picked":["PrismaMod:IllyaAOECommonAttack","PrismaMod:IllyaSaphire"],"picked":"PrismaMod:IllyaHassanGift","floor":7.0},{"not_picked":["PrismaMod:IllyaCheapDefend","PrismaMod:IllyaPartialInstallAssassin","PrismaMod:IllyaCheapChannelDefend"],"picked":"SKIP","floor":10.0},{"not_picked":["PrismaMod:IllyaUpgradeOrbs","PrismaMod:IllyaMaid"],"picked":"PrismaMod:IllyaPoisonBomb","floor":11.0},{"not_picked":["PrismaMod:IllyaRapidFire","PrismaMod:IllyaTestament"],"picked":"PrismaMod:IllyaRubysPotion","floor":12.0},{"not_picked":["PrismaMod:IllyaUncommonDefend","PrismaMod:IllyaBerserCAR"],"picked":"PrismaMod:IllyaUberPoisonChannel","floor":12.0},{"not_picked":["PrismaMod:IllyaPoisonTippedWeapons","PrismaMod:IllyaUncommonDefend"],"picked":"PrismaMod:IllyaUberPoisonBlock","floor":12.0},{"not_picked":["PrismaMod:IllyaAOECommonAttack","PrismaMod:IllyaBoysLove"],"picked":"PrismaMod:IllyaStunPoison","floor":12.0},{"not_picked":["PrismaMod:IllyaUncommonEvoke","PrismaMod:IllyaEvokeAll"],"picked":"PrismaMod:IllyaInstallRuler","floor":12.0},{"not_picked":["PrismaMod:IllyaMinorZwei","PrismaMod:IllyaUberPoisonBlock"],"picked":"PrismaMod:IllyaBride","floor":14.0},{"not_picked":["PrismaMod:IllyaInstallCaster","PrismaMod:IllyaInstallSaber"],"picked":"PrismaMod:IllyaZwei","floor":16.0},{"not_picked":["PrismaMod:IllyaPoisonBlock","PrismaMod:IllyaCommonEvoke","PrismaMod:IllyaPartialInstallAssassin"],"picked":"SKIP","floor":18.0},{"not_picked":["PrismaMod:IllyaTestament+1","PrismaMod:IllyaMinorReinForce","PrismaMod:IllyaSaphire"],"picked":"SKIP","floor":19.0},{"not_picked":["PrismaMod:IllyaCheapDefend+1","PrismaMod:IllyaCheapChannelDefend"],"picked":"PrismaMod:IllyaTestament+1","floor":20.0},{"not_picked":["PrismaMod:IllyaBride","PrismaMod:IllyaFriendMaker","PrismaMod:IllyaCheapChannelDefend+1"],"picked":"SKIP","floor":22.0},{"not_picked":["PrismaMod:IllyaUpgradeOrbs+1","PrismaMod:IllyaFriendMaker"],"picked":"PrismaMod:IllyaBride+1","floor":25.0},{"not_picked":["PrismaMod:IllyaAssassinRevenge","PrismaMod:IllyaPoisonBomb"],"picked":"PrismaMod:IllyaFeed+1","floor":27.0},{"not_picked":["PrismaMod:IllyaBerserCAR","PrismaMod:IllyaInstallAssassin"],"picked":"PrismaMod:IllyaGrail","floor":31}],"player_experience":7532,"relics_obtained":[{"floor":6.0,"key":"Meat on the Bone"},{"floor":9.0,"key":"MagicDraw2"},{"floor":10.0,"key":"Ccalipers"},{"floor":27.0,"key":"GodSword4"},{"floor":31,"key":"Gensokyo:MosesMiracle"},{"floor":31,"key":"MawBank"}],"event_choices":[{"cards_removed":["PrismaMod:IllyaCommonAttack"],"damage_healed":0.0,"max_hp_gain":0.0,"max_hp_loss":0.0,"gold_gain":0.0,"event_name":"Golden Wing","player_choice":"Card Removal","floor":2.0,"gold_loss":0.0,"damage_taken":7.0},{"damage_healed":0.0,"max_hp_gain":0.0,"max_hp_loss":0.0,"gold_gain":0.0,"event_name":"Accursed Blacksmith","player_choice":"Rummage","floor":3.0,"gold_loss":0.0,"damage_taken":0.0,"relics_obtained":["WarpedTongs"],"cards_obtained":["Pain"]},{"damage_healed":0.0,"max_hp_gain":0.0,"max_hp_loss":0.0,"gold_gain":0.0,"event_name":"FaceTrader","player_choice":"Trade","floor":13.0,"gold_loss":0.0,"damage_taken":0.0,"relics_obtained":["GremlinMask"]}],"is_beta":false,"boss_relics":[{"not_picked":["Fusion Hammer","Velvet Choker"],"picked":"conspire:RunicOctahedron"}],"items_purged_floors":[21],"is_endless":false,"potions_floor_spawned":[4,7,14,18,20,22,31],"killed_by":"Gensokyo:Eternal_Rivals","ascension_level":0}}