{"host":"ptk1shuto3uimndw","time":1613985574,"event":{"mods":["AchievementEnabler","BaseMod","Bestiary","Colored Map","Colored Powertips","Curses Come First","Minty Spire (QoL Compilation)","Quick Restart","Rare Cards Sparkle","Relic Stats","StSLib","Uncapped"],"gold_per_floor":[118,22,35,51,62,90,90,122,175,140,140,140,34,60,60,139,139,152,152,152,152,168,168,168,168],"floor_reached":24,"language":"ENG","playtime":701,"items_purged":[],"score":391,"play_id":"3d24b212-2ee5-4d90-bce3-bb180b23aa7a","local_time":"20210222101934","is_ascension_mode":true,"campfire_choices":[{"floor":7,"key":"REST"},{"floor":11,"key":"REST"},{"data":"Devotion","floor":15,"key":"SMITH"},{"data":"Wish","floor":23,"key":"SMITH"}],"circlet_count":0,"master_deck":["AscendersBane","Strike_P","Strike_P","Strike_P","Strike_P","Defend_P","Defend_P","Defend_P","Defend_P","Eruption","Vigilance+1","Devotion+1","CutThroughFate","CarveReality","Prostrate+1","EmptyBody","FollowUp","Wish+1","Pray","EmptyFist","ThirdEye","WheelKick","Scrawl","Pray","FlurryOfBlows","MentalFortress+1"],"relics":["PureWater","Lizard Tail","HornCleat","Anchor","Vajra","Philosopher\u0027s Stone"],"acts_visited":["Exordium","TheCity"],"potions_floor_usage":[5,18],"damage_taken":[{"damage":6,"enemies":"Cultist","floor":1,"turns":6},{"damage":0,"enemies":"2 Louse","floor":3,"turns":3},{"damage":0,"enemies":"Jaw Worm","floor":4,"turns":4},{"damage":3,"enemies":"3 Louse","floor":5,"turns":4},{"damage":49,"enemies":"3 Sentries","floor":6,"turns":6},{"damage":56,"enemies":"Gremlin Nob","floor":8,"turns":7},{"damage":0,"enemies":"3 Sentries","floor":14,"turns":5},{"damage":13,"enemies":"The Guardian","floor":16,"turns":8},{"damage":7,"enemies":"2 Thieves","floor":18,"turns":4},{"damage":16,"enemies":"Chosen","floor":22,"turns":6},{"damage":31,"enemies":"Slavers","floor":24,"turns":3}],"seed_played":"8320616571949705786","potions_obtained":[{"floor":3,"key":"BottledMiracle"},{"floor":6,"key":"SmokeBomb"},{"floor":8,"key":"Explosive Potion"},{"floor":21,"key":"DuplicationPotion"},{"floor":21,"key":"FearPotion"}],"is_trial":false,"path_per_floor":["M","$","M","M","M","E","R","E","T","?","R","?","$","E","R","B",null,"M","?","?","?","M","R","E"],"character_chosen":"WATCHER","items_purchased":["CarveReality","Prostrate","EmptyFist","ThirdEye"],"campfire_rested":2,"item_purchase_floors":[2,2,13,13],"current_hp_per_floor":[59,59,59,59,56,7,26,2,2,18,37,24,24,24,24,11,52,45,45,45,45,29,29,0,0],"gold":168,"neow_bonus":"THREE_RARE_CARDS","is_daily":false,"chose_seed":false,"campfire_upgraded":2,"win_rate":0.0,"timestamp":1613985574,"path_taken":["M","$","M","M","?","E","R","E","T","?","R","?","?","E","R","BOSS","M","?","?","?","M","R","E"],"items_purchased_type":["Card","Card","Card","Card"],"build_version":"2020-12-22","purchased_purges":0,"victory":false,"max_hp_per_floor":[65,65,65,65,65,65,65,65,65,65,65,65,65,65,65,65,65,65,65,65,65,65,65,65,65],"relic_stats":{"Lizard Tail":32,"counters":[11,56],"obtain_stats":[{"Lizard Tail":6,"Anchor":9,"HornCleat":8,"Vajra":14,"Philosopher\u0027s Stone":17,"PureWater":0},{"Lizard Tail":5,"Anchor":6,"HornCleat":6,"Vajra":7,"Philosopher\u0027s Stone":8,"PureWater":0},{"Lizard Tail":23,"Anchor":30,"HornCleat":30,"Vajra":35,"Philosopher\u0027s Stone":43,"PureWater":0}]},"card_choices":[{"not_picked":["DevaForm","Brilliance"],"picked":"Devotion","floor":0},{"not_picked":["EmptyBody","Prostrate"],"picked":"CutThroughFate","floor":1},{"not_picked":["Evaluate","ClearTheMind"],"picked":"EmptyBody","floor":3},{"not_picked":["Wireheading","Prostrate"],"picked":"FollowUp","floor":4},{"not_picked":["Nirvana","Protect","Halt"],"picked":"SKIP","floor":5},{"not_picked":["EmptyBody","Vengeance"],"picked":"Wish","floor":6},{"not_picked":["PathToVictory","Nirvana"],"picked":"Pray","floor":8},{"not_picked":["Adaptation","Wireheading"],"picked":"WheelKick","floor":14},{"not_picked":["Judgement","Establishment"],"picked":"Scrawl","floor":16},{"not_picked":["Consecrate","ThirdEye"],"picked":"Pray","floor":18},{"not_picked":["FlyingSleeves","EmptyFist+1"],"picked":"MentalFortress+1","floor":22}],"player_experience":284742,"relics_obtained":[{"floor":6,"key":"Lizard Tail"},{"floor":8,"key":"HornCleat"},{"floor":9,"key":"Anchor"},{"floor":14,"key":"Vajra"}],"event_choices":[{"damage_healed":16,"gold_gain":0,"player_choice":"Healed","damage_taken":0,"max_hp_gain":0,"max_hp_loss":0,"event_name":"The Cleric","floor":10,"gold_loss":35},{"damage_healed":0,"gold_gain":0,"player_choice":"Entered Light","damage_taken":13,"max_hp_gain":0,"max_hp_loss":0,"event_name":"Shining Light","floor":12,"gold_loss":0,"cards_upgraded":["Prostrate","Vigilance"]},{"damage_healed":0,"gold_gain":0,"player_choice":"Ignored","damage_taken":0,"max_hp_gain":0,"max_hp_loss":0,"event_name":"Ghosts","floor":19,"gold_loss":0},{"damage_healed":0,"gold_gain":0,"player_choice":"Read","damage_taken":0,"max_hp_gain":0,"max_hp_loss":0,"event_name":"The Library","floor":20,"gold_loss":0,"cards_obtained":["FlurryOfBlows"]},{"damage_healed":0,"gold_gain":0,"player_choice":"Got Potions","damage_taken":0,"max_hp_gain":0,"max_hp_loss":0,"event_name":"Lab","floor":21,"gold_loss":0}],"is_beta":false,"boss_relics":[{"not_picked":["Velvet Choker","Coffee Dripper"],"picked":"Philosopher\u0027s Stone"}],"items_purged_floors":[],"is_endless":false,"potions_floor_spawned":[3,6,8,22],"killed_by":"Slavers","ascension_level":13}}