{"host":"g8a0qo0vjtg6u5wv","time":1613997548,"event":{"mods":["BaseMod","Colored Map","Custom Start","KOR Keyword Fix","Minty Spire (QoL Compilation)","StSLib","SuperFastMode"],"gold_per_floor":[20,20,38,50,35,35,35,35,35,49,49,79,254,254,254,254,254],"floor_reached":16,"language":"KOR","playtime":280,"items_purged":[],"score":165,"play_id":"f032da31-ec17-4f02-aaf9-1a386320e7a0","local_time":"20210222213908","is_ascension_mode":true,"campfire_choices":[{"data":"Dagger Spray","floor":6,"key":"SMITH"},{"data":"Poisoned Stab","floor":8,"key":"SMITH"},{"data":"Wraith Form v2","floor":15,"key":"SMITH"}],"circlet_count":0,"master_deck":["AscendersBane","Strike_G","Strike_G","Defend_G","Defend_G","Defend_G","Defend_G","Defend_G","Survivor","Neutralize","Sucker Punch","Dagger Spray+1","PiercingWail","Poisoned Stab+1","Dagger Throw","Noxious Fumes","Doubt","Wraith Form v2+1"],"relics":["Ring of the Snake","Unceasing Top","Bird Faced Urn","Ice Cream"],"acts_visited":["Exordium"],"potions_floor_usage":[12,12],"damage_taken":[{"damage":2,"enemies":"2 Louse","floor":1,"turns":3},{"damage":0,"enemies":"Jaw Worm","floor":3,"turns":6},{"damage":0,"enemies":"Small Slimes","floor":4,"turns":4},{"damage":7,"enemies":"Exordium Thugs","floor":5,"turns":4},{"damage":4,"enemies":"Blue Slaver","floor":10,"turns":4},{"damage":9,"enemies":"Lagavulin","floor":12,"turns":8},{"damage":43,"enemies":"Slime Boss","floor":16,"turns":8}],"seed_played":"174228882293998556","potions_obtained":[{"floor":3,"key":"EssenceOfSteel"},{"floor":5,"key":"Explosive Potion"}],"is_trial":false,"path_per_floor":["M","?","M","M","M","R","$","R","T","M","?","E","?","?","R","B"],"character_chosen":"THE_SILENT","items_purchased":[],"campfire_rested":0,"item_purchase_floors":[],"current_hp_per_floor":[61,61,61,61,54,54,54,54,54,50,43,34,34,34,34,0,0],"gold":254,"neow_bonus":"ONE_RARE_RELIC","is_daily":false,"chose_seed":false,"campfire_upgraded":3,"win_rate":0.0,"timestamp":1613997548,"path_taken":["M","?","M","M","M","R","$","R","T","M","?","E","?","?","R","BOSS"],"items_purchased_type":[],"build_version":"2020-12-22","purchased_purges":0,"victory":false,"max_hp_per_floor":[70,70,70,70,70,70,70,70,70,70,70,70,70,70,70,70,70],"card_choices":[{"not_picked":["Outmaneuver","Deflect"],"picked":"Sucker Punch","floor":1},{"not_picked":["Flying Knee","Slice"],"picked":"Dagger Spray","floor":3},{"not_picked":["Footwork","Acrobatics"],"picked":"PiercingWail","floor":4},{"not_picked":["Deadly Poison","Endless Agony"],"picked":"Poisoned Stab","floor":5},{"not_picked":["Sucker Punch","Deflect"],"picked":"Dagger Throw","floor":10},{"not_picked":["PiercingWail","Dash"],"picked":"Noxious Fumes","floor":12}],"player_experience":586494,"relics_obtained":[{"floor":9,"key":"Bird Faced Urn"},{"floor":12,"key":"Ice Cream"}],"event_choices":[{"cards_removed":["Strike_G"],"damage_healed":0,"gold_gain":0,"player_choice":"Forget","damage_taken":0,"max_hp_gain":0,"max_hp_loss":0,"event_name":"Living Wall","floor":2,"gold_loss":0},{"cards_removed":["Strike_G"],"damage_healed":0,"gold_gain":0,"player_choice":"Card Removal","damage_taken":7,"max_hp_gain":0,"max_hp_loss":0,"event_name":"Golden Wing","floor":11,"gold_loss":0},{"damage_healed":0,"gold_gain":175,"player_choice":"AGREE","damage_taken":0,"max_hp_gain":0,"max_hp_loss":0,"event_name":"Liars Game","floor":13,"gold_loss":0,"cards_obtained":["Doubt"]},{"damage_healed":0,"gold_gain":0,"cards_transformed":["Strike_G"],"player_choice":"Transformed","damage_taken":0,"max_hp_gain":0,"max_hp_loss":0,"event_name":"Transmorgrifier","floor":14,"gold_loss":0,"cards_obtained":["Wraith Form v2"]}],"is_beta":false,"boss_relics":[],"items_purged_floors":[],"is_endless":false,"potions_floor_spawned":[3,5],"killed_by":"Slime Boss","ascension_level":13}}