{"host":"8a72fthmlk1o8pdb","time":1613955997,"event":{"mods":["AchievementEnabler","Aspiration","Astrologer","Bard","BaseMod","Beaked The Cultist","Better Altar","Better Match","Better Note","Better Sensory Stone","Better Skull","Better Third Choice","ChefMod","Colored Map","Colored Powertips","Dark Map","Downfall","Friendly Minions","GifTheSpireLib","Googly Eyes","Gremlin Mod","Hermit","Hubris","JesterMod","Jorbs\u0027s Wanderer Trilogy","Marisa????????","Melee Mod","Minty Spire (QoL Compilation)","Monster B Gone","Permanent Neow","Pikachu Mod","Random Character Button","Rare Cards Sparkle","Relic Filter Mod","Relic Stats","Reliquary","Robot Space Explorer","Shade Mod","Shop Mod","Smile Girya","Somnambulant","Spire Arcade","Spire Birthday Party","StSLib","The Animator","The Blue Laboratory","The Construct","The Cursed","The Disciple","The Edgeheg","The Hayseed","The Hierophant","The Juggle","The Jungle","The Marked","The Mystic","The Necromancer","The Poker Player","The Problem Sleuth","The Runesmith","The Showman","TheBandit","TheFirefly","TheVacant","everything is the same but u backflip on backflip","thorton"],"gold_per_floor":[113,128,141,216,233,262,262,277,277,290,302,43,101,134,134,234,234,252,252,290,326,376,376,401,69,96,96,96],"floor_reached":27,"language":"ENG","playtime":1374,"items_purged":["Strike_R","Strike_R"],"score":288,"play_id":"617e848e-ecb9-4dfd-9fe3-464ebcf5482c","local_time":"20210221170637","is_ascension_mode":true,"campfire_choices":[{"data":"Uppercut","floor":7,"key":"SMITH"},{"floor":15,"key":"REST"},{"floor":23,"key":"REST"}],"circlet_count":0,"master_deck":["Strike_R","Strike_R","Defend_R","Defend_R","Defend_R","Defend_R","Bash","Body Slam","Headbutt","Feed","Uppercut+1","Disarm","Dropkick","True Grit","True Grit","HandOfGreed","Rage","Reaper","Demon Form","Evolve","Anger","Clothesline","Body Slam","Flame Barrier","Rage"],"relics":["Burning Blood","Nunchaku","Prayer Wheel","Mark of Pain","TheSimpletonMod:GardenGlove","Red Skull","hubris:SlimyHat"],"acts_visited":["Exordium","TheCity"],"potions_floor_usage":[3,8,14,21,27,27],"damage_taken":[{"damage":7,"enemies":"Jaw Worm","floor":1,"turns":4},{"damage":2,"enemies":"Small Slimes","floor":2,"turns":4},{"damage":0,"enemies":"Cultist","floor":3,"turns":2},{"damage":18,"enemies":"Exordium Wildlife","floor":5,"turns":6},{"damage":28,"enemies":"Gremlin Nob","floor":6,"turns":4},{"damage":30,"enemies":"Exordium Thugs","floor":8,"turns":5},{"damage":10,"enemies":"Looter","floor":10,"turns":3},{"damage":0,"enemies":"Large Slime","floor":11,"turns":5},{"damage":18,"enemies":"Lots of Slimes","floor":13,"turns":7},{"damage":0,"enemies":"2 Fungi Beasts","floor":14,"turns":4},{"damage":50,"enemies":"The Guardian","floor":16,"turns":18},{"damage":49,"enemies":"3 Byrds","floor":18,"turns":7},{"damage":46,"enemies":"2 Thieves","floor":20,"turns":5},{"damage":28,"enemies":"Cultist and Chosen","floor":21,"turns":7},{"damage":34,"enemies":"Book of Stabbing","floor":24,"turns":7},{"damage":45,"enemies":"Gremlin Leader","floor":27,"turns":5}],"seed_played":"696864841471769065","potions_obtained":[{"floor":2,"key":"blueLaboratory:FruitPunch"},{"floor":5,"key":"blueLaboratory:TrueEctoplasm"},{"floor":6,"key":"hexamod:SoulburnPotion"},{"floor":8,"key":"Ancient Potion"},{"floor":20,"key":"ColorlessPotion"},{"floor":24,"key":"DuplicationPotion"}],"is_trial":false,"path_per_floor":["M","M","M","?","M","E","R","M","T","M","M","$","M","M","R","B",null,"M","?","M","M","?","R","E","$","T","E"],"character_chosen":"IRONCLAD","items_purchased":["HandOfGreed","Red Skull","Rage"],"campfire_rested":2,"item_purchase_floors":[12,25,25],"current_hp_per_floor":[79,80,85,74,65,43,43,22,22,18,24,24,15,24,53,12,97,67,67,35,19,19,49,27,27,27,0,0],"gold":96,"neow_bonus":"THREE_CARDS","is_daily":false,"chose_seed":false,"campfire_upgraded":1,"win_rate":0.0,"timestamp":1613955997,"path_taken":["M","M","M","?","M","E","R","M","T","M","M","$","M","M","R","BOSS","M","?","?","M","?","R","E","$","T","E"],"items_purchased_type":["Card","Relic","Card"],"build_version":"2020-12-22","purchased_purges":2,"victory":false,"max_hp_per_floor":[80,80,85,85,88,88,88,91,91,91,91,91,94,97,97,97,97,100,100,100,100,100,100,100,100,100,100,100],"relic_stats":{"Nunchaku":[13],"counters":[16,93],"Prayer Wheel":7,"obtain_stats":[{"Nunchaku":6,"Prayer Wheel":9,"Mark of Pain":17,"hubris:SlimyHat":26,"Burning Blood":0,"TheSimpletonMod:GardenGlove":24,"Red Skull":25},{"Nunchaku":5,"Prayer Wheel":6,"Mark of Pain":11,"hubris:SlimyHat":15,"Burning Blood":0,"TheSimpletonMod:GardenGlove":15,"Red Skull":15},{"Nunchaku":20,"Prayer Wheel":25,"Mark of Pain":62,"hubris:SlimyHat":88,"Burning Blood":0,"TheSimpletonMod:GardenGlove":88,"Red Skull":88}],"Burning Blood":81},"card_choices":[{"not_picked":["hubris:CleavingFinish","Thunderclap"],"picked":"Body Slam","floor":0},{"not_picked":["Perfected Strike","Havoc"],"picked":"Headbutt","floor":1},{"not_picked":["Body Slam","Shrug It Off"],"picked":"Feed","floor":2},{"not_picked":["Perfected Strike","Twin Strike"],"picked":"Uppercut","floor":3},{"not_picked":["Seeing Red","Shockwave"],"picked":"Disarm","floor":5},{"not_picked":["Reckless Charge","Bloodletting"],"picked":"Dropkick","floor":6},{"not_picked":["Clothesline","Flame Barrier"],"picked":"True Grit","floor":8},{"not_picked":["Shrug It Off","Power Through","Spot Weakness"],"picked":"SKIP","floor":10},{"not_picked":["Spot Weakness","Flex","Carnage"],"picked":"SKIP","floor":10},{"not_picked":["Shrug It Off","Power Through","Spot Weakness"],"picked":"SKIP","floor":10},{"not_picked":["Spot Weakness","Flex","Carnage"],"picked":"SKIP","floor":10},{"not_picked":["Shrug It Off","Searing Blow"],"picked":"True Grit","floor":11},{"not_picked":["Havoc","Sword Boomerang","Wild Strike"],"picked":"SKIP","floor":11},{"not_picked":["Anger","Body Slam"],"picked":"Rage","floor":13},{"not_picked":["Carnage","Rampage","Havoc"],"picked":"SKIP","floor":13},{"not_picked":["Flame Barrier","Body Slam"],"picked":"Reaper","floor":14},{"not_picked":["Flex","Havoc","Intimidate"],"picked":"SKIP","floor":14},{"not_picked":["Reaper","hubris:StunningStrike"],"picked":"Demon Form","floor":16},{"not_picked":["Clothesline","Intimidate"],"picked":"Evolve","floor":18},{"not_picked":["Thunderclap+1","Clash"],"picked":"Anger","floor":18},{"not_picked":["Blood for Blood","Pommel Strike"],"picked":"Body Slam","floor":20},{"not_picked":["Clothesline+1","Intimidate","Perfected Strike"],"picked":"SKIP","floor":20},{"not_picked":["Headbutt+1","Thunderclap"],"picked":"Flame Barrier","floor":21},{"not_picked":["Cleave","Perfected Strike","Sword Boomerang+1"],"picked":"SKIP","floor":21},{"not_picked":["Dark Embrace+1","Battle Trance","Second Wind"],"picked":"SKIP","floor":24}],"player_experience":247309,"relics_obtained":[{"floor":6,"key":"Nunchaku"},{"floor":9,"key":"Prayer Wheel"},{"floor":24,"key":"TheSimpletonMod:GardenGlove"},{"floor":26,"key":"hubris:SlimyHat"}],"event_choices":[{"damage_healed":0,"gold_gain":75,"player_choice":"Gold","damage_taken":11,"max_hp_gain":0,"max_hp_loss":0,"event_name":"betterThird:BetterGoop","floor":4,"gold_loss":0},{"damage_healed":0,"gold_gain":0,"cards_transformed":["Strike_R"],"player_choice":"Transformed","damage_taken":0,"max_hp_gain":0,"max_hp_loss":0,"event_name":"Transmorgrifier","floor":19,"gold_loss":0,"cards_obtained":["Clothesline"]},{"damage_healed":0,"gold_gain":100,"player_choice":"Bet on Murderer","damage_taken":0,"max_hp_gain":0,"max_hp_loss":0,"event_name":"The Joust","floor":22,"gold_loss":50}],"is_beta":false,"boss_relics":[{"not_picked":["reliquary:Ember","Black Blood"],"picked":"Mark of Pain"}],"items_purged_floors":[12,25],"is_endless":false,"potions_floor_spawned":[2,5,6,8,20,24],"killed_by":"Gremlin Leader","ascension_level":2}}