{"host":"snampf0t8p8psf53","time":1613978659,"event":{"mods":["AchievementEnabler","BaseMod","Bestiary","DeckTracker","Minty Spire (QoL Compilation)","Permanent Neow","SuperFastMode"],"gold_per_floor":[210,221,241,255,269,301,301,301,301],"floor_reached":8,"language":"ENG","playtime":553,"items_purged":[],"score":63,"play_id":"c60bc49d-5b13-4c17-8e74-0fd4577b196e","local_time":"20210221232419","is_ascension_mode":true,"campfire_choices":[{"floor":7,"key":"REST"}],"circlet_count":0,"master_deck":["Strike_R","Strike_R","Strike_R","Strike_R","Strike_R","Defend_R","Defend_R","Defend_R","Defend_R","Bash","Burning Pact","Headbutt","Seeing Red","Disarm","Feel No Pain"],"relics":["Burning Blood","Pen Nib"],"acts_visited":["Exordium"],"potions_floor_usage":[6],"damage_taken":[{"damage":0,"enemies":"Small Slimes","floor":1,"turns":3},{"damage":7,"enemies":"2 Louse","floor":2,"turns":10},{"damage":6,"enemies":"Cultist","floor":3,"turns":3},{"damage":10,"enemies":"Looter","floor":4,"turns":3},{"damage":25,"enemies":"3 Louse","floor":5,"turns":4},{"damage":59,"enemies":"3 Sentries","floor":6,"turns":13},{"damage":40,"enemies":"Gremlin Nob","floor":8,"turns":4}],"seed_played":"-8982419361212166562","potions_obtained":[{"floor":2,"key":"GamblersBrew"},{"floor":3,"key":"Fruit Juice"}],"is_trial":false,"path_per_floor":["M","M","M","M","M","E","R","E"],"character_chosen":"IRONCLAD","items_purchased":[],"campfire_rested":1,"item_purchase_floors":[],"current_hp_per_floor":[80,79,79,75,56,8,33,0,0],"gold":301,"neow_bonus":"HUNDRED_GOLD","is_daily":false,"chose_seed":false,"campfire_upgraded":0,"win_rate":0.0,"timestamp":1613978659,"path_taken":["M","M","M","M","M","E","R","E"],"items_purchased_type":[],"build_version":"2020-12-22","purchased_purges":0,"victory":false,"max_hp_per_floor":[80,80,80,80,80,85,85,85,85],"card_choices":[{"not_picked":["Iron Wave","Anger"],"picked":"Burning Pact","floor":1},{"not_picked":["Pummel","Warcry"],"picked":"Headbutt","floor":2},{"not_picked":["Iron Wave","Clothesline","Sword Boomerang"],"picked":"SKIP","floor":3},{"not_picked":["Clash","Rupture"],"picked":"Seeing Red","floor":4},{"not_picked":["Evolve","Havoc"],"picked":"Disarm","floor":5},{"not_picked":["Clothesline","Clash"],"picked":"Feel No Pain","floor":6}],"player_experience":165024,"relics_obtained":[{"floor":6,"key":"Pen Nib"}],"event_choices":[],"is_beta":false,"boss_relics":[],"items_purged_floors":[],"is_endless":false,"potions_floor_spawned":[2,3],"killed_by":"Gremlin Nob","ascension_level":1}}