{"host":"rsokn1b2nrspb1iw","time":1613978252,"event":{"mods":["BaseMod","Better Altar","Better Match","Better Note","Better Sensory Stone","Better Skull","Better Third Choice","Better Vampires","BetterRewards","Block Reminder","Colored Map","Colored Powertips","Curses Come First","Custom Start","GifTheSpireLib","Hermit","Ironclad Rager","Minty Spire (QoL Compilation)","Quick Restart","Rare Cards Sparkle","Relic Stats","Spire Birthday Party","StSLib","Unceasing Turn Reminder"],"gold_per_floor":[119,119,138,138,138,150,162,192,249,288,319,341,388,400,412,521,533,559,571,572,40,40,67,67,67,67,67,67,67,78,92,92,92,92],"floor_reached":33,"language":"ENG","playtime":1024,"items_purged":["Defend_G"],"score":273,"play_id":"efd22906-0d8a-4028-8db5-6b97ec6bc1a7","local_time":"20210222001732","is_ascension_mode":false,"campfire_choices":[{"floor":6,"key":"RECALL"},{"data":"Jack Of All Trades","floor":15,"key":"SMITH"},{"floor":24,"key":"DIG"},{"floor":27,"key":"DIG"},{"floor":32,"key":"DIG"}],"circlet_count":0,"master_deck":["Strike_G+1","Strike_G+1","Strike_G","Strike_G","Strike_G","Defend_G+1","Defend_G+1","Defend_G","Defend_G","Survivor","Neutralize","Glass Knife","Jack Of All Trades+1","CurseOfTheBell","Infinite Blades","Shame","Finisher+1"],"relics":["Coffee Dripper","Shuriken","MawBank","PreservedInsect","War Paint","Juzu Bracelet","Calling Bell","Boot","Eternal Feather","Torii","Strange Spoon","Shovel","Tiny Chest","Anchor","Ice Cream","Matryoshka","The Courier","Vajra","Lizard Tail","Regal Pillow"],"acts_visited":["Exordium","TheCity"],"potions_floor_usage":[16,16,16,20,33],"damage_taken":[{"damage":1,"enemies":"2 Louse","floor":1,"turns":3},{"damage":1,"enemies":"Jaw Worm","floor":3,"turns":3},{"damage":0,"enemies":"Cultist","floor":8,"turns":3},{"damage":9,"enemies":"3 Sentries","floor":10,"turns":6},{"damage":0,"enemies":"3 Louse","floor":11,"turns":3},{"damage":2,"enemies":"Looter","floor":12,"turns":3},{"damage":2,"enemies":"Lagavulin","floor":13,"turns":5},{"damage":6,"enemies":"Slime Boss","floor":16,"turns":10},{"damage":7,"enemies":"Chosen","floor":18,"turns":6},{"damage":1,"enemies":"2 Thieves","floor":20,"turns":4},{"damage":38,"enemies":"Gremlin Leader","floor":23,"turns":4},{"damage":19,"enemies":"Centurion and Healer","floor":30,"turns":5},{"damage":1,"enemies":"Snake Plant","floor":31,"turns":2},{"damage":92,"enemies":"Collector","floor":33,"turns":7}],"seed_played":"3885293754078627881","potions_obtained":[{"floor":7,"key":"Strength Potion"},{"floor":7,"key":"Weak Potion"},{"floor":7,"key":"BlessingOfTheForge"},{"floor":16,"key":"Poison Potion"},{"floor":20,"key":"Dexterity Potion"},{"floor":30,"key":"Swift Potion"}],"is_trial":false,"path_per_floor":["M","?","M","T","?","R","?","M","T","E","M","M","E","?","R","B",null,"M","?","M","$","T","E","R","?","T","R","?","?","M","M","R","B"],"character_chosen":"THE_SILENT","items_purchased":["Infinite Blades","Strange Spoon","Shovel"],"campfire_rested":0,"item_purchase_floors":[21,21,21],"current_hp_per_floor":[69,55,54,54,51,51,51,51,51,42,42,40,38,38,38,32,70,63,63,62,62,62,24,33,33,33,42,42,42,23,22,31,0,0],"gold":92,"neow_bonus":"BOSS_RELIC","is_daily":false,"chose_seed":false,"campfire_upgraded":1,"win_rate":0.0,"timestamp":1613978252,"path_taken":["M","?","M","?","?","R","?","?","T","E","M","M","E","?","R","BOSS","M","?","M","$","?","E","R","?","T","R","?","?","M","M","R","BOSS"],"items_purchased_type":["Card","Relic","Relic"],"build_version":"2020-12-22","purchased_purges":1,"victory":false,"max_hp_per_floor":[70,70,70,70,70,70,70,70,70,70,70,70,70,70,70,70,70,70,70,70,70,70,70,70,70,70,70,70,70,70,70,70,70,70],"relic_stats":{"Regal Pillow":0,"Torii":21,"counters":[14,64],"Eternal Feather":27,"PreservedInsect":107,"Juzu Bracelet":2,"War Paint":["Defend_G","Defend_G"],"MawBank":192,"Boot":[18],"Strange Spoon":[14],"Lizard Tail":35,"Shovel":3,"Shuriken":[26],"Tiny Chest":0,"obtain_stats":[{"Ice Cream":25,"Regal Pillow":32,"Torii":17,"Vajra":28,"Eternal Feather":17,"PreservedInsect":9,"The Courier":27,"Juzu Bracelet":13,"War Paint":10,"MawBank":5,"Boot":17,"Calling Bell":17,"Strange Spoon":21,"Anchor":24,"Lizard Tail":29,"Shovel":21,"Matryoshka":26,"Shuriken":4,"Tiny Chest":23,"Coffee Dripper":0,"Ring of the Snake":0},{"Ice Cream":11,"Regal Pillow":13,"Torii":8,"Vajra":11,"Eternal Feather":8,"PreservedInsect":3,"The Courier":11,"Juzu Bracelet":7,"War Paint":4,"MawBank":2,"Boot":8,"Calling Bell":8,"Strange Spoon":10,"Anchor":11,"Lizard Tail":11,"Shovel":10,"Matryoshka":11,"Shuriken":2,"Tiny Chest":11,"Coffee Dripper":0,"Ring of the Snake":0},{"Ice Cream":50,"Regal Pillow":57,"Torii":36,"Vajra":50,"Eternal Feather":36,"PreservedInsect":9,"The Courier":50,"Juzu Bracelet":26,"War Paint":15,"MawBank":6,"Boot":36,"Calling Bell":36,"Strange Spoon":46,"Anchor":50,"Lizard Tail":50,"Shovel":46,"Matryoshka":50,"Shuriken":6,"Tiny Chest":50,"Coffee Dripper":0,"Ring of the Snake":0}]},"card_choices":[{"not_picked":["Dagger Throw","Acrobatics","Deflect"],"picked":"SKIP","floor":1},{"not_picked":["Calculated Gamble","Sucker Punch","Slice"],"picked":"SKIP","floor":3},{"not_picked":["Distraction","Outmaneuver"],"picked":"Glass Knife","floor":8},{"not_picked":["Catalyst","PiercingWail","Escape Plan"],"picked":"SKIP","floor":10},{"not_picked":["Dagger Spray","PiercingWail","Outmaneuver"],"picked":"SKIP","floor":11},{"not_picked":["Backflip","Outmaneuver","All Out Attack"],"picked":"SKIP","floor":12},{"not_picked":["Blur","Outmaneuver","Doppelganger"],"picked":"SKIP","floor":13},{"not_picked":["Forethought","Transmutation"],"picked":"Jack Of All Trades","floor":14},{"not_picked":["Flying Knee","Dagger Spray","Expertise"],"picked":"SKIP","floor":18},{"not_picked":["Expertise","Underhanded Strike","Caltrops"],"picked":"SKIP","floor":20},{"not_picked":["Acrobatics","Predator","Wraith Form v2"],"picked":"SKIP","floor":23},{"not_picked":["Concentrate","Deadly Poison+1"],"picked":"Finisher+1","floor":30},{"not_picked":["Dodge and Roll","Underhanded Strike","Riddle With Holes"],"picked":"SKIP","floor":31}],"player_experience":190201,"relics_obtained":[{"floor":4,"key":"Shuriken"},{"floor":9,"key":"PreservedInsect"},{"floor":10,"key":"War Paint"},{"floor":13,"key":"Juzu Bracelet"},{"floor":17,"key":"Boot"},{"floor":17,"key":"Eternal Feather"},{"floor":17,"key":"Torii"},{"floor":23,"key":"Tiny Chest"},{"floor":24,"key":"Anchor"},{"floor":26,"key":"Matryoshka"},{"floor":27,"key":"The Courier"},{"floor":32,"key":"Regal Pillow"}],"event_choices":[{"damage_healed":69,"gold_gain":0,"player_choice":"Upgrade","damage_taken":14,"max_hp_gain":0,"max_hp_loss":70,"event_name":"betterThird:BetterShining","floor":2,"gold_loss":0,"cards_upgraded":["Strike_G","Strike_G"]},{"damage_healed":0,"gold_gain":0,"player_choice":"Relic ","damage_taken":3,"max_hp_gain":0,"max_hp_loss":0,"event_name":"betterThird:BetterScrap","floor":5,"gold_loss":0,"cards_obtained":["Meditate"]},{"damage_healed":0,"gold_gain":0,"player_choice":"Got Potions","damage_taken":0,"max_hp_gain":0,"max_hp_loss":0,"event_name":"Lab","floor":7,"gold_loss":0},{"damage_healed":0,"gold_gain":1,"player_choice":"1","damage_taken":0,"max_hp_gain":0,"max_hp_loss":0,"event_name":"betterStone:BetterStone","floor":14,"gold_loss":0},{"damage_healed":0,"gold_gain":0,"player_choice":"Ignored","damage_taken":0,"max_hp_gain":0,"max_hp_loss":0,"event_name":"betterNote:BetterNote","floor":19,"gold_loss":0,"cards_obtained":["Electrodynamics"]},{"damage_healed":0,"gold_gain":0,"player_choice":"Gave Potion","damage_taken":0,"relics_obtained":["Ice Cream"],"max_hp_gain":0,"max_hp_loss":0,"event_name":"WeMeetAgain","floor":25,"gold_loss":0},{"damage_healed":0,"gold_gain":0,"player_choice":"Opened","damage_taken":0,"relics_obtained":["Vajra"],"max_hp_gain":0,"max_hp_loss":0,"event_name":"The Mausoleum","floor":28,"gold_loss":0},{"damage_healed":0,"gold_gain":0,"player_choice":"Stole Relic","damage_taken":0,"relics_obtained":["Lizard Tail"],"max_hp_gain":0,"max_hp_loss":0,"event_name":"Addict","floor":29,"gold_loss":0,"cards_obtained":["Shame"]}],"is_beta":false,"boss_relics":[{"not_picked":["Ectoplasm","SlaversCollar"],"picked":"Calling Bell"}],"items_purged_floors":[21],"is_endless":false,"potions_floor_spawned":[8,11,16,20,30],"killed_by":"Collector","ascension_level":0}}