{"host":"qiddgr1lyn3b7c88","time":1613960643,"event":{"mods":["Aspiration","BaseMod","Colored Map","Highlight Path","Minty Spire (QoL Compilation)","Replay The Spire","Shop Mod","StSLib","Synergy Search","The Alterego","egg"],"gold_per_floor":[112,132,144,164,164,164,199,199,275,286,306,339,351,51,51,155,155,174,174,185,202,220,248,248,248,248,248,248,248,259,291,304,304,304,401,401,419,419,611,611,623,623,340,390,390,412,510,510,62,99,99,107],"floor_reached":53,"language":"ENG","playtime":3070,"items_purged":["Strike_B","Strike_B"],"score":1307,"play_id":"85118143-201e-418d-8bee-15b3cb969466","local_time":"20210221212403","is_ascension_mode":true,"campfire_choices":[{"data":"Zap","floor":6,"key":"SMITH"},{"data":"ReplayTheSpireMod:Fabricate Wheel","floor":8,"key":"SMITH"},{"data":"Streamline","floor":15,"key":"SMITH"},{"data":"Genetic Algorithm","floor":24,"key":"SMITH"},{"data":"Hyperbeam","floor":29,"key":"SMITH"},{"data":"ReplayTheSpireMod:Calculation Training","floor":34,"key":"SMITH"},{"data":"RitualDagger","floor":42,"key":"SMITH"},{"data":"Coolheaded","floor":51,"key":"SMITH"}],"circlet_count":0,"master_deck":["Defend_B","Defend_B","Defend_B","Defend_B","Zap+1","Dualcast","All For One","Cold Snap","Turbo","Go for the Eyes","Scrape","Seek","Sweeping Beam","Coolheaded+1","Streamline+1","Chill","Glacier","Biased Cognition+1","Hologram","Hyperbeam+1","Loop+1","Redo+1","Genetic Algorithm+1","Steam Power","ReplayTheSpireMod:System Scan+1","Biased Cognition+1","Glacier+1","aspiration:Polymerization+1","Capacitor+1","RitualDagger+1","Defragment+1","Self Repair+1","Electrodynamics+1","ReplayTheSpireMod:Calculation Training+1","Beam Cell","Go for the Eyes+1","Core Surge","Beam Cell+1","Gash","Turbo+1","Gash+1","ReplayTheSpireMod:System Scan+1","Loop+1","Go for the Eyes+1","ReplayTheSpireMod:Calculation Training+1","Hologram+1","Biased Cognition+1","Steam+1","Panic Button+1","Loop+1","Beam Cell"],"relics":["Cracked Core","Toy Ornithopter","Frozen Egg 2","Prayer Wheel","FossilizedHelix","aspiration:SecretTechniqueScroll","Prayer Wheel","alterego_mod:SomeoneToFightFor","ReplayTheSpireMod:Lightbulb","Question Card","ReplayTheSpireMod:Shallot","Blue Doll","Replay:Bronze Core","Ring of Peace","Ring of Fury","Replay:Bandana","Bottled Tornado","Ice Cream","aspiration:HiddenCompartment","Shuriken","Membership Card"],"acts_visited":["Exordium","TheCity","TheBeyond"],"potions_floor_usage":[7,11,12,23,31,31,44,50,52,52],"damage_taken":[{"damage":7,"enemies":"Small Slimes","floor":1,"turns":3},{"damage":0,"enemies":"Cultist","floor":2,"turns":3},{"damage":0,"enemies":"Jaw Worm","floor":3,"turns":3},{"damage":6,"enemies":"Blue Slaver","floor":4,"turns":3},{"damage":15,"enemies":"Gremlin Nob","floor":7,"turns":3},{"damage":16,"enemies":"Exordium Wildlife","floor":10,"turns":3},{"damage":0,"enemies":"3 Louse","floor":11,"turns":2},{"damage":8,"enemies":"Replay:BlueRogue","floor":12,"turns":4},{"damage":1,"enemies":"Looter","floor":13,"turns":3},{"damage":0,"enemies":"Slime Boss","floor":16,"turns":7},{"damage":0,"enemies":"Spheric Guardian","floor":18,"turns":4},{"damage":0,"enemies":"Chosen","floor":20,"turns":3},{"damage":3,"enemies":"3 Cultists","floor":21,"turns":5},{"damage":7,"enemies":"Shelled Parasite and Fungi","floor":22,"turns":7},{"damage":0,"enemies":"Gremlin Leader","floor":23,"turns":6},{"damage":0,"enemies":"Snecko","floor":30,"turns":4},{"damage":0,"enemies":"Book of Stabbing","floor":31,"turns":6},{"damage":0,"enemies":"Centurion and Healer","floor":32,"turns":3},{"damage":7,"enemies":"Collector","floor":35,"turns":7},{"damage":0,"enemies":"3 Shapes","floor":37,"turns":5},{"damage":0,"enemies":"Orb Walker","floor":41,"turns":3},{"damage":0,"enemies":"Nemesis","floor":44,"turns":5},{"damage":0,"enemies":"4 Shapes","floor":46,"turns":3},{"damage":0,"enemies":"Giant Head","floor":47,"turns":4},{"damage":0,"enemies":"3 Darklings","floor":50,"turns":2},{"damage":17,"enemies":"Time Eater","floor":52,"turns":6}],"seed_played":"4927249970571718668","potions_obtained":[{"floor":3,"key":"AttackPotion"},{"floor":7,"key":"SteroidPotion"},{"floor":10,"key":"Strength Potion"},{"floor":22,"key":"Reflective Coating"},{"floor":23,"key":"Reflective Coating"},{"floor":30,"key":"Energy Potion"},{"floor":31,"key":"SpeedPotion"},{"floor":32,"key":"SteroidPotion"},{"floor":37,"key":"Energy Potion"},{"floor":41,"key":"FocusPotion"},{"floor":47,"key":"AttackPotion"}],"is_trial":false,"path_per_floor":["M","M","M","M","?","R","E","R","T","M","M","E","M","$","R","B",null,"M","?","M","M","M","E","R","?","PTL","PTL","T","R","M","E","M","T","R","B",null,"M","?","?","?","M","R","$","E","T","M","E","T","$","M","R","B",null],"character_chosen":"DEFECT","items_purchased":["FossilizedHelix","Loop+1","Replay:Bandana","Go for the Eyes+1","Shuriken","Membership Card"],"campfire_rested":0,"item_purchase_floors":[14,43,43,43,49,49],"current_hp_per_floor":[61,61,61,55,55,55,40,40,40,24,29,26,25,25,25,25,63,63,63,70,67,74,75,75,69,69,69,69,69,69,75,75,75,75,75,75,75,75,57,57,71,71,71,75,75,75,75,75,75,75,75,68],"gold":107,"neow_bonus":"TRANSFORM_CARD","is_daily":false,"chose_seed":false,"campfire_upgraded":8,"win_rate":0.0,"timestamp":1613960643,"path_taken":["M","M","M","M","?","R","E","R","T","M","?","E","M","$","R","BOSS","M","?","M","M","M","E","R","?","PTL","PTL","T","R","M","E","M","?","R","BOSS","M","?","?","?","M","R","$","E","T","M","E","?","$","M","R","BOSS"],"items_purchased_type":["Relic","Card","Relic","Card","Relic","Relic"],"build_version":"2020-12-22","purchased_purges":2,"victory":true,"max_hp_per_floor":[75,75,75,75,75,75,75,75,75,75,75,75,75,75,75,75,75,75,75,75,75,75,75,75,75,75,75,75,75,75,75,75,75,75,75,75,75,75,75,75,75,75,75,75,75,75,75,75,75,75,75,75],"card_choices":[{"not_picked":["Conserve Battery","Rebound"],"picked":"Cold Snap","floor":1},{"not_picked":["Coolheaded","Barrage"],"picked":"Turbo","floor":2},{"not_picked":["Chill","FIFO Queue"],"picked":"Go for the Eyes","floor":3},{"not_picked":["Compile Driver","Storm","Rebound"],"picked":"SKIP","floor":4},{"not_picked":["Force Field","Steam"],"picked":"ReplayTheSpireMod:Fabricate Wheel","floor":7},{"not_picked":["Conserve Battery","ReplaySolidLightProjector"],"picked":"Sweeping Beam","floor":10},{"not_picked":["Stack","Cold Snap"],"picked":"Coolheaded","floor":10},{"not_picked":["Hologram","ReplayTheSpireMod:GoodbyeWorld+1"],"picked":"Streamline","floor":11},{"not_picked":["Cold Snap","Go for the Eyes"],"picked":"Chill","floor":11},{"not_picked":["Turbo","Lockon"],"picked":"Glacier","floor":12},{"not_picked":["Stack","Reprogram"],"picked":"Biased Cognition+1","floor":13},{"not_picked":["Tempest","Go for the Eyes"],"picked":"Hologram","floor":13},{"not_picked":["All For One","Seek"],"picked":"Hyperbeam","floor":16},{"not_picked":["BootSequence","BasicCrystalCard"],"picked":"Loop+1","floor":18},{"not_picked":["ReplayGash","Auto Shields+1"],"picked":"Redo+1","floor":18},{"not_picked":["Streamline+1","Hello World+1"],"picked":"Genetic Algorithm","floor":18},{"not_picked":["ReplayTheSpireMod:Reroute Power","Sweeping Beam"],"picked":"Steam Power","floor":20},{"not_picked":["Hologram","Panic Button","Streamline"],"picked":"SKIP","floor":20},{"not_picked":["Leap","Turbo+1","Time Bomb"],"picked":"SKIP","floor":20},{"not_picked":["Ball Lightning","Beam Cell+1"],"picked":"ReplayTheSpireMod:System Scan+1","floor":21},{"not_picked":["Streamline","Hologram+1"],"picked":"Biased Cognition+1","floor":21},{"not_picked":["Conserve Battery","Melter","Leap"],"picked":"SKIP","floor":21},{"not_picked":["Ball Lightning","Crystallizer+1"],"picked":"Glacier+1","floor":22},{"not_picked":["Consume","Sweeping Beam"],"picked":"aspiration:Polymerization+1","floor":22},{"not_picked":["Hologram","Sweeping Beam","Streamline"],"picked":"SKIP","floor":22},{"not_picked":["Leap+1","ReplayTheSpireMod:GoodbyeWorld+1"],"picked":"Capacitor+1","floor":23},{"not_picked":["Conserve Battery","Barrage","Darkness"],"picked":"Defragment+1","floor":30},{"not_picked":["Capacitor+1","Cold Snap","Scrape+1"],"picked":"Self Repair+1","floor":30},{"not_picked":["Hologram","Gash+1","Conserve Battery+1"],"picked":"Electrodynamics+1","floor":30},{"not_picked":["Conserve Battery","Gash","Coolheaded"],"picked":"ReplayTheSpireMod:Calculation Training","floor":31},{"not_picked":["Reinforced Body","Sweeping Beam","ReplaySolidLightProjector+1"],"picked":"Beam Cell","floor":32},{"not_picked":["Hologram+1","Redo","Auto Shields"],"picked":"Go for the Eyes+1","floor":32},{"not_picked":["Cold Snap","Conserve Battery","Glacier","aspiration:Polymerization"],"picked":"SKIP","floor":32},{"not_picked":["Biased Cognition+1","All For One","Thunder Strike"],"picked":"Core Surge","floor":35},{"not_picked":["Chill+1","ReplaySolidLightProjector+1","Ball Lightning"],"picked":"Beam Cell+1","floor":37},{"not_picked":["Barrage+1","Doom and Gloom+1","Panic Button+1"],"picked":"Gash","floor":37},{"not_picked":["Genetic Algorithm+1","Leap+1","Hologram+1","Streamline"],"picked":"SKIP","floor":37},{"not_picked":["Sweeping Beam+1","Barrage","Conserve Battery+1"],"picked":"Turbo+1","floor":39},{"not_picked":["Reinforced Body+1","Sweeping Beam","BasicCrystalCard+1"],"picked":"Gash+1","floor":41},{"not_picked":["Compile Driver+1","Cold Snap","Rebound+1"],"picked":"ReplayTheSpireMod:System Scan+1","floor":41},{"not_picked":["Crystallizer+1","Stack","Rebound+1","Creative AI+1"],"picked":"SKIP","floor":41},{"not_picked":["Gash","Chaos+1","Sweeping Beam"],"picked":"ReplayTheSpireMod:Calculation Training+1","floor":44},{"not_picked":["FTL","Streamline","Leap"],"picked":"Hologram+1","floor":46},{"not_picked":["Gash+1","Hologram","Leap"],"picked":"Biased Cognition+1","floor":46},{"not_picked":["ReplayTheSpireMod:GoodbyeWorld+1","BasicCrystalCard","Force Field"],"picked":"Steam+1","floor":46},{"not_picked":["Ball Lightning+1","Genetic Algorithm","BootSequence+1"],"picked":"Panic Button+1","floor":47},{"not_picked":["Time Bomb","Aggregate+1","Static Discharge+1"],"picked":"Loop+1","floor":50},{"not_picked":["Barrage","aspiration:Polymerization","Sweeping Beam+1"],"picked":"Beam Cell","floor":50},{"not_picked":["ReplayTheSpireMod:System Scan","Hologram+1","Conserve Battery","Cold Snap"],"picked":"SKIP","floor":50}],"player_experience":1052992,"relics_obtained":[{"floor":7,"key":"Toy Ornithopter"},{"floor":9,"key":"Frozen Egg 2"},{"floor":23,"key":"ReplayTheSpireMod:Lightbulb"},{"floor":28,"key":"Question Card"},{"floor":31,"key":"ReplayTheSpireMod:Shallot"},{"floor":33,"key":"Blue Doll"},{"floor":38,"key":"Ring of Peace"},{"floor":38,"key":"Ring of Fury"},{"floor":44,"key":"Bottled Tornado"},{"floor":47,"key":"Ice Cream"},{"floor":48,"key":"aspiration:HiddenCompartment"}],"event_choices":[{"damage_healed":0,"gold_gain":0,"cards_transformed":["Strike_B"],"player_choice":"Transformed","damage_taken":0,"max_hp_gain":0,"max_hp_loss":0,"event_name":"Transmorgrifier","floor":5,"gold_loss":0,"cards_obtained":["Scrape"]},{"damage_healed":0,"gold_gain":0,"player_choice":"Choice 2","damage_taken":0,"relics_obtained":["alterego_mod:SomeoneToFightFor"],"max_hp_gain":0,"max_hp_loss":0,"event_name":"Secret Garden","floor":19,"gold_loss":0},{"damage_healed":0,"gold_gain":0,"player_choice":"Joined the Cult","damage_taken":6,"max_hp_gain":0,"max_hp_loss":0,"event_name":"Nest","floor":25,"gold_loss":0,"cards_obtained":["RitualDagger"]},{"damage_healed":0,"gold_gain":0,"player_choice":"Ignored","damage_taken":0,"max_hp_gain":0,"max_hp_loss":0,"event_name":"Tomb of Lord Red Mask","floor":40,"gold_loss":0}],"is_beta":false,"boss_relics":[{"not_picked":["ReplayTheSpireMod:DimensionalGlitch","Philosopher\u0027s Stone"],"picked":"aspiration:SecretTechniqueScroll"},{"not_picked":["Inserter","aspiration:PoetsPen_weak"],"picked":"Replay:Bronze Core"}],"items_purged_floors":[43,49],"is_endless":false,"potions_floor_spawned":[3,7,10,22,23,30,31,32,37,41,47],"ascension_level":7}}