{"host":"ju1b3c4x8n2jtjm7","time":1613998637,"event":{"mods":["AchievementEnabler","BaseMod","Colored Map","Colored Powertips","Highlight Path","Minty Spire (QoL Compilation)","Quick Restart","Rare Cards Sparkle","Relic Stats"],"gold_per_floor":[115,37,48,63,75,75,89,89,89,5,19,19,34,64,64,165,165,175,191,21,21,39,66,66,66],"floor_reached":24,"language":"ENG","playtime":1711,"items_purged":["Strike_B"],"score":535,"play_id":"b6ac42bd-2f6f-4fcd-98a4-f8abab33acc2","local_time":"20210222135717","is_ascension_mode":true,"campfire_choices":[{"data":"Zap","floor":6.0,"key":"SMITH"},{"data":"Recycle","floor":12.0,"key":"SMITH"},{"data":"Dualcast","floor":15.0,"key":"SMITH"}],"circlet_count":0,"master_deck":["AscendersBane","Strike_B","Strike_B","Defend_B","Defend_B","Zap+1","Dualcast+1","Gash","Doom and Gloom","Gash","Scrape","Compile Driver","Gash","Blind","Recycle+1","Conserve Battery","Seek","Compile Driver+1","Impatience","Defragment+1","Hologram"],"relics":["Astrolabe","Ornamental Fan","Bottled Flame","SacredBark","Omamori"],"acts_visited":["Exordium","TheCity"],"potions_floor_usage":[23],"damage_taken":[{"damage":0.0,"enemies":"2 Louse","floor":1.0,"turns":2.0},{"damage":1.0,"enemies":"Cultist","floor":3.0,"turns":3.0},{"damage":8.0,"enemies":"Small Slimes","floor":4.0,"turns":4.0},{"damage":10.0,"enemies":"2 Fungi Beasts","floor":5.0,"turns":3.0},{"damage":8.0,"enemies":"Blue Slaver","floor":7.0,"turns":2.0},{"damage":3.0,"enemies":"3 Louse","floor":11.0,"turns":3.0},{"damage":3.0,"enemies":"2 Fungi Beasts","floor":13.0,"turns":3.0},{"damage":8.0,"enemies":"Gremlin Nob","floor":14.0,"turns":3.0},{"damage":24.0,"enemies":"The Guardian","floor":16.0,"turns":8.0},{"damage":4.0,"enemies":"3 Byrds","floor":18.0,"turns":3.0},{"damage":7.0,"enemies":"Spheric Guardian","floor":19.0,"turns":3.0},{"damage":28.0,"enemies":"Shelled Parasite and Fungi","floor":22.0,"turns":5.0},{"damage":0,"enemies":"Gremlin Leader","floor":23,"turns":4},{"damage":8,"enemies":"Snecko","floor":24,"turns":3}],"seed_played":"7837878661879898220","potions_obtained":[{"floor":4.0,"key":"SpeedPotion"},{"floor":8.0,"key":"EssenceOfSteel"},{"floor":13.0,"key":"SkillPotion"},{"floor":14.0,"key":"LiquidBronze"},{"floor":16.0,"key":"Strength Potion"},{"floor":23,"key":"Dexterity Potion"}],"is_trial":false,"path_per_floor":["M","$","M","M","M","R","M","?","T","$","M","R","M","E","R","B",null,"M","M","$","?","M","E","M"],"character_chosen":"DEFECT","items_purchased":["Doom and Gloom","Blind","Impatience"],"campfire_rested":0,"item_purchase_floors":[2,10,20],"current_hp_per_floor":[68,68,67,59,49,49,41,41,41,41,38,38,35,27,27,3,57,53,46,46,32,4,4,0,0],"gold":66,"neow_bonus":"BOSS_RELIC","is_daily":false,"chose_seed":false,"campfire_upgraded":3,"win_rate":0.0,"timestamp":1613998637,"path_taken":["M","$","M","M","M","R","M","?","T","?","M","R","M","E","R","BOSS","M","M","$","?","M","E","M"],"items_purchased_type":["Card","Card","Card"],"build_version":"2020-12-22","purchased_purges":1,"victory":false,"max_hp_per_floor":[75,75,75,75,75,75,75,75,75,75,75,75,75,75,75,75,75,75,75,75,80,80,80,80,80],"relic_stats":{"counters":[14,49],"Ornamental Fan":[96],"Astrolabe":["Melter","Compile Driver","Amplify"],"obtain_stats":[{"Bottled Flame":14,"Ornamental Fan":9,"Astrolabe":0,"SacredBark":17,"Omamori":23,"Cracked Core":0},{"Bottled Flame":8,"Ornamental Fan":5,"Astrolabe":0,"SacredBark":9,"Omamori":13,"Cracked Core":0},{"Bottled Flame":23,"Ornamental Fan":14,"Astrolabe":0,"SacredBark":31,"Omamori":46,"Cracked Core":0}]},"card_choices":[{"not_picked":["Coolheaded","Double Energy"],"picked":"Gash","floor":1.0},{"not_picked":["Stack","Streamline"],"picked":"Gash","floor":3.0},{"not_picked":["Fusion","Barrage"],"picked":"Scrape","floor":4.0},{"not_picked":["Static Discharge","Reprogram"],"picked":"Compile Driver","floor":5.0},{"not_picked":["Barrage","Go for the Eyes"],"picked":"Gash","floor":7.0},{"not_picked":["Sunder","Auto Shields"],"picked":"Recycle","floor":11.0},{"not_picked":["Ball Lightning","Leap"],"picked":"Conserve Battery","floor":13.0},{"not_picked":["Tempest","Blizzard","Go for the Eyes"],"picked":"SKIP","floor":14.0},{"not_picked":["Tempest","Blizzard","Go for the Eyes"],"picked":"SKIP","floor":14.0},{"not_picked":["Buffer","Amplify"],"picked":"Seek","floor":16.0},{"not_picked":["Cold Snap","Conserve Battery","Turbo"],"picked":"SKIP","floor":18.0},{"not_picked":["Turbo+1","Conserve Battery"],"picked":"Compile Driver+1","floor":19.0},{"not_picked":["Redo","Recycle+1"],"picked":"Defragment+1","floor":22.0},{"not_picked":["Undo","Auto Shields"],"picked":"Hologram","floor":23}],"player_experience":475677,"relics_obtained":[{"floor":9.0,"key":"Ornamental Fan"},{"floor":14.0,"key":"Bottled Flame"},{"floor":23,"key":"Omamori"}],"event_choices":[{"damage_healed":0.0,"max_hp_gain":0.0,"max_hp_loss":0.0,"gold_gain":0.0,"event_name":"Lab","player_choice":"Got Potions","floor":8.0,"gold_loss":0.0,"damage_taken":0.0},{"damage_healed":0.0,"max_hp_gain":5.0,"max_hp_loss":0.0,"gold_gain":0.0,"event_name":"Forgotten Altar","player_choice":"Shed Blood","floor":21.0,"gold_loss":0.0,"damage_taken":19.0}],"is_beta":false,"boss_relics":[{"not_picked":["Velvet Choker","Inserter"],"picked":"SacredBark"}],"items_purged_floors":[20],"is_endless":false,"potions_floor_spawned":[4,13,14,16,23],"killed_by":"Snecko","ascension_level":11}}