{"host":"11728qvdvolffudn","time":1613992451,"event":{"mods":["BaseMod","Block Reminder","Colored Powertips","Curses Come First","Custom Start","Displayed Cursed Tome","Highlight Path","Minty Spire (QoL Compilation)","Permanent Neow","Quick Restart","Rare Cards Sparkle","Relic Stats","StSLib","Weighted Paths"],"gold_per_floor":[116,191,191,191,216,216,241,416,470,470,349,299,299,299,299,423,423,412,436,436,436],"floor_reached":20,"language":"ENG","playtime":1227,"items_purged":["Doubt"],"score":200,"play_id":"0b1ea12c-5093-4abd-9a25-9bb4aeeab7e9","local_time":"20210222111411","is_ascension_mode":true,"campfire_choices":[{"data":"Limit Break","floor":6,"key":"SMITH"},{"data":"Flex","floor":10,"key":"SMITH"},{"data":"Defend_R","floor":15,"key":"SMITH"}],"circlet_count":0,"master_deck":["Strike_R","Strike_R","Strike_R","Defend_R+1","Defend_R","Defend_R","Defend_R","Bash","Limit Break+1","Flex+1","Flex+1","Clothesline","Flex"],"relics":["Black Blood","Golden Idol","Darkstone Periapt","Vajra"],"acts_visited":["Exordium","TheCity"],"potions_floor_usage":[],"damage_taken":[{"damage":1,"enemies":"Cultist","floor":1,"turns":3},{"damage":0,"enemies":"Small Slimes","floor":5,"turns":2},{"damage":7,"enemies":"Jaw Worm","floor":7,"turns":3},{"damage":55,"enemies":"Slime Boss","floor":16,"turns":10},{"damage":21,"enemies":"2 Thieves","floor":18,"turns":4},{"damage":31,"enemies":"Shell Parasite","floor":19,"turns":8},{"damage":40,"enemies":"Snake Plant","floor":20,"turns":4}],"seed_played":"-3782965178594789163","potions_obtained":[{"floor":16,"key":"BlessingOfTheForge"},{"floor":19,"key":"Ancient Potion"}],"is_trial":false,"path_per_floor":["M","?","?","T","M","R","M","?","T","R","$","?","?","?","R","B",null,"M","M","M"],"character_chosen":"IRONCLAD","items_purchased":["Flex"],"campfire_rested":0,"item_purchase_floors":[11],"current_hp_per_floor":[80,69,49,49,55,55,54,60,60,60,60,60,60,60,60,11,67,58,39,0,0],"gold":436,"neow_bonus":"ONE_RANDOM_RARE_CARD","is_daily":false,"chose_seed":false,"campfire_upgraded":3,"win_rate":0.0,"timestamp":1613992451,"path_taken":["M","?","?","?","?","R","M","?","T","R","$","?","?","?","R","BOSS","M","M","?"],"items_purchased_type":["Card"],"build_version":"2020-12-22","purchased_purges":1,"victory":false,"max_hp_per_floor":[80,80,80,80,80,80,80,86,86,86,86,86,86,86,86,86,86,86,86,86,86],"relic_stats":{"Darkstone Periapt":6,"counters":[7,34],"Golden Idol":44,"Black Blood":43,"obtain_stats":[{"Darkstone Periapt":4,"Golden Idol":3,"Vajra":9,"Black Blood":17,"Burning Blood":0},{"Darkstone Periapt":1,"Golden Idol":1,"Vajra":3,"Black Blood":4,"Burning Blood":0},{"Darkstone Periapt":3,"Golden Idol":3,"Vajra":8,"Black Blood":18,"Burning Blood":0}]},"card_choices":[{"not_picked":["Warcry","Pommel Strike"],"picked":"Flex","floor":1},{"not_picked":["Anger","Exhume","Spot Weakness"],"picked":"SKIP","floor":5},{"not_picked":["Shrug It Off","Hemokinesis","Sever Soul"],"picked":"SKIP","floor":7},{"not_picked":["Dropkick","Spot Weakness","Heavy Blade"],"picked":"SKIP","floor":18},{"not_picked":["Warcry","Carnage+1"],"picked":"Flex","floor":19}],"player_experience":227099,"relics_obtained":[{"floor":4,"key":"Darkstone Periapt"},{"floor":9,"key":"Vajra"}],"event_choices":[{"damage_healed":0,"gold_gain":75,"player_choice":"Gather Gold","damage_taken":11,"max_hp_gain":0,"max_hp_loss":0,"event_name":"World of Goop","floor":2,"gold_loss":0},{"damage_healed":0,"gold_gain":0,"player_choice":"Take Damage","damage_taken":20,"relics_obtained":["Golden Idol"],"max_hp_gain":0,"max_hp_loss":0,"event_name":"Golden Idol","floor":3,"gold_loss":0},{"damage_healed":0,"gold_gain":175,"player_choice":"AGREE","damage_taken":0,"max_hp_gain":0,"max_hp_loss":0,"event_name":"Liars Game","floor":8,"gold_loss":0,"cards_obtained":["Doubt"]},{"cards_removed":["Strike_R"],"damage_healed":0,"gold_gain":0,"player_choice":"Card Removal","damage_taken":0,"max_hp_gain":0,"max_hp_loss":0,"event_name":"The Cleric","floor":12,"gold_loss":50},{"damage_healed":0,"gold_gain":0,"player_choice":"Grow","damage_taken":0,"max_hp_gain":0,"max_hp_loss":0,"event_name":"Living Wall","floor":13,"gold_loss":0,"cards_upgraded":["Flex"]},{"damage_healed":0,"gold_gain":0,"cards_transformed":["Strike_R"],"player_choice":"Transformed","damage_taken":0,"max_hp_gain":0,"max_hp_loss":0,"event_name":"Transmorgrifier","floor":14,"gold_loss":0,"cards_obtained":["Clothesline"]}],"is_beta":false,"boss_relics":[{"not_picked":["Coffee Dripper","Mark of Pain"],"picked":"Black Blood"}],"items_purged_floors":[11],"is_endless":false,"potions_floor_spawned":[16,19],"killed_by":"Snake Plant","ascension_level":5}}