{"host":"9n6i2vl93jt4o42q","time":1613955949,"event":{"mods":["BaseMod","Minty Spire (QoL Compilation)","Relic Stats"],"gold_per_floor":[112,112,124,124,140,170,170,189,238,238,238,268,268,268,268,345,345,355,367,377,183,183,183],"floor_reached":22,"language":"ENG","playtime":1055,"items_purged":["Strike_R"],"score":488,"play_id":"1da59e61-3805-4daa-baa0-1778151092b0","local_time":"20210222020549","is_ascension_mode":true,"campfire_choices":[{"data":"True Grit","floor":7,"key":"SMITH"},{"data":"Fire Breathing","floor":10,"key":"SMITH"},{"data":"Wild Strike","floor":13,"key":"SMITH"},{"data":"Swift Strike","floor":15,"key":"SMITH"}],"circlet_count":0,"master_deck":["AscendersBane","Strike_R","Strike_R","Strike_R","Defend_R","Defend_R","Defend_R","Defend_R","Bash+1","Swift Strike+1","Flame Barrier","Fire Breathing+1","Wild Strike+1","True Grit+1","Shrug It Off","Clothesline","Barricade","Pommel Strike","Headbutt","Seeing Red","Ghostly Armor"],"relics":["Burning Blood","Singing Bowl","Bag of Preparation","Tiny Chest","Sozu"],"acts_visited":["Exordium","TheCity"],"potions_floor_usage":[16],"damage_taken":[{"damage":9,"enemies":"2 Louse","floor":1,"turns":4},{"damage":1,"enemies":"Cultist","floor":3,"turns":4},{"damage":2,"enemies":"Jaw Worm","floor":5,"turns":4},{"damage":33,"enemies":"Lagavulin","floor":6,"turns":7},{"damage":4,"enemies":"2 Fungi Beasts","floor":8,"turns":4},{"damage":5,"enemies":"3 Sentries","floor":12,"turns":4},{"damage":0,"enemies":"Slime Boss","floor":16,"turns":6},{"damage":13,"enemies":"Shell Parasite","floor":18,"turns":5},{"damage":15,"enemies":"Spheric Guardian","floor":19,"turns":6},{"damage":22,"enemies":"Centurion and Healer","floor":20,"turns":7},{"damage":59,"enemies":"3 Cultists","floor":22,"turns":5}],"seed_played":"-6400705511384489327","potions_obtained":[{"floor":5,"key":"FearPotion"},{"floor":8,"key":"AttackPotion"},{"floor":16,"key":"Fire Potion"}],"is_trial":false,"path_per_floor":["M","?","M","?","M","E","R","M","T","R","?","E","R","?","R","B",null,"M","M","M","$","M"],"character_chosen":"IRONCLAD","items_purchased":["Seeing Red","Ghostly Armor"],"campfire_rested":0,"item_purchase_floors":[21,21],"current_hp_per_floor":[65,65,70,70,74,47,47,49,49,49,54,57,57,57,57,63,77,70,63,47,47,0,0],"gold":183,"neow_bonus":"RANDOM_COLORLESS","is_daily":false,"chose_seed":false,"campfire_upgraded":4,"win_rate":0.0,"timestamp":1613955949,"path_taken":["M","?","M","?","M","E","R","?","T","R","?","E","R","?","R","BOSS","M","M","M","$","M"],"items_purchased_type":["Card","Card"],"build_version":"2020-12-22","purchased_purges":1,"victory":false,"max_hp_per_floor":[75,75,75,75,75,75,75,75,75,75,80,82,82,82,82,82,82,82,84,84,84,84,84],"relic_stats":{"Sozu":1,"Singing Bowl":4,"counters":[11,56],"Tiny Chest":0,"Bag of Preparation":[12],"obtain_stats":[{"Sozu":17,"Singing Bowl":6,"Tiny Chest":12,"Bag of Preparation":9,"Burning Blood":0},{"Sozu":7,"Singing Bowl":4,"Tiny Chest":6,"Bag of Preparation":5,"Burning Blood":0},{"Sozu":33,"Singing Bowl":19,"Tiny Chest":27,"Bag of Preparation":23,"Burning Blood":0}],"Burning Blood":60},"card_choices":[{"not_picked":["Trip","Purity"],"picked":"Swift Strike","floor":0},{"not_picked":["Burning Pact","True Grit"],"picked":"Flame Barrier","floor":1},{"not_picked":["Twin Strike","Heavy Blade"],"picked":"Wild Strike","floor":3},{"not_picked":["Shrug It Off","Body Slam"],"picked":"True Grit","floor":5},{"not_picked":["Armaments","Demon Form"],"picked":"Shrug It Off","floor":6},{"not_picked":["Armaments","Havoc"],"picked":"Clothesline","floor":8},{"not_picked":["Anger","Dark Embrace","Metallicize"],"picked":"Singing Bowl","floor":12},{"not_picked":["Exhume","Reaper"],"picked":"Barricade","floor":16},{"not_picked":["Perfected Strike","Spot Weakness"],"picked":"Pommel Strike","floor":18},{"not_picked":["Clothesline","Pommel Strike","Sword Boomerang"],"picked":"Singing Bowl","floor":19},{"not_picked":["Inflame","Flex"],"picked":"Headbutt","floor":20}],"player_experience":2608986,"relics_obtained":[{"floor":6,"key":"Singing Bowl"},{"floor":9,"key":"Bag of Preparation"},{"floor":12,"key":"Tiny Chest"}],"event_choices":[{"damage_healed":0,"gold_gain":0,"cards_transformed":["Strike_R"],"player_choice":"Change","damage_taken":0,"max_hp_gain":0,"max_hp_loss":0,"event_name":"Living Wall","floor":2,"gold_loss":0,"cards_obtained":["Fire Breathing"]},{"damage_healed":0,"gold_gain":0,"player_choice":"Upgraded","damage_taken":0,"max_hp_gain":0,"max_hp_loss":0,"event_name":"Upgrade Shrine","floor":4,"gold_loss":0,"cards_upgraded":["Bash"]},{"damage_healed":0,"gold_gain":0,"player_choice":"Donut","damage_taken":0,"max_hp_gain":5,"max_hp_loss":0,"event_name":"Big Fish","floor":11,"gold_loss":0},{"damage_healed":0,"gold_gain":0,"player_choice":"Ignored","damage_taken":0,"max_hp_gain":0,"max_hp_loss":0,"event_name":"Liars Game","floor":14,"gold_loss":0}],"is_beta":false,"boss_relics":[{"not_picked":["Astrolabe","Busted Crown"],"picked":"Sozu"}],"items_purged_floors":[21],"is_endless":false,"potions_floor_spawned":[5,8,16,19],"killed_by":"3 Cultists","ascension_level":20}}