{"host":"mydft8i2zzydgggw","time":1613986244,"event":{"mods":["AchievementEnabler","BaseMod","Colored Map","Colored Powertips","DeckTracker","Keyboard Shortcuts","Minty Spire (QoL Compilation)","Rare Cards Sparkle","Relic Stats","StSLib","SuperFastMode","Together in Spire","everything is the same but u backflip on backflip"],"gold_per_floor":[111,124,134,134,152,152,181,17,43,101,101,26,11,30,30,104,104,114,114,134,148,48,48,48,80,80,92,92,17,17,47,47,120,170,180,180,180,190,190,190,221,238,263,0,10,10,30,30,30,30,30,30,30,68,68,68],"floor_reached":55,"language":"KOR","playtime":1864,"items_purged":["Strike_G","Strike_G","Strike_G"],"score":1378,"play_id":"5fbed470-eadd-417d-a776-286bba4c2224","local_time":"20210222183044","is_ascension_mode":true,"campfire_choices":[{"data":"Cloak And Dagger","floor":6.0,"key":"SMITH"},{"floor":11.0,"key":"REST"},{"data":"Prepared","floor":15.0,"key":"SMITH"},{"data":"Venomology","floor":23.0,"key":"SMITH"},{"data":"Adrenaline","floor":28.0,"key":"SMITH"},{"floor":30.0,"key":"REST"},{"data":"Burst","floor":32.0,"key":"SMITH"},{"data":"Acrobatics","floor":40.0,"key":"SMITH"},{"floor":49,"key":"RECALL"},{"data":"Tactician","floor":52,"key":"SMITH"}],"circlet_count":0,"master_deck":["AscendersBane","Defend_G","Defend_G","Defend_G","Defend_G","Defend_G","Survivor","Cloak And Dagger+1","Acrobatics","Deadly Poison","Dagger Spray","PiercingWail","Grand Finale","Backflip+1","Prepared+1","Venomology+1","Burst+1","Adrenaline+1","Grand Finale","Acrobatics+1","Blur","Tactician+1","Reflex","Concentrate+1","Deflect+1"],"relics":["Ring of the Snake","Anchor","Tiny Chest","Omamori","Runic Pyramid","Question Card","Akabeko","Bag of Preparation","Snake Skull","Tiny House","Pen Nib","CeramicFish","Mummified Hand"],"acts_visited":["Exordium","TheCity","TheBeyond","TheEnding"],"potions_floor_usage":[45,45,50,50,50,50,50,55],"damage_taken":[{"damage":0.0,"enemies":"Small Slimes","floor":1.0,"turns":3.0},{"damage":2.0,"enemies":"Cultist","floor":2.0,"turns":5.0},{"damage":0.0,"enemies":"2 Louse","floor":3.0,"turns":3.0},{"damage":19.0,"enemies":"Lots of Slimes","floor":5.0,"turns":5.0},{"damage":41.0,"enemies":"Lagavulin","floor":7.0,"turns":9.0},{"damage":0.0,"enemies":"Exordium Thugs","floor":13.0,"turns":4.0},{"damage":4.0,"enemies":"Large Slime","floor":14.0,"turns":7.0},{"damage":4.0,"enemies":"The Guardian","floor":16.0,"turns":12.0},{"damage":0.0,"enemies":"Shell Parasite","floor":18.0,"turns":3.0},{"damage":0.0,"enemies":"Spheric Guardian","floor":20.0,"turns":3.0},{"damage":18.0,"enemies":"Snecko","floor":21.0,"turns":6.0},{"damage":6.0,"enemies":"Gremlin Leader","floor":25.0,"turns":4.0},{"damage":0.0,"enemies":"Centurion and Healer","floor":27.0,"turns":2.0},{"damage":0.0,"enemies":"Book of Stabbing","floor":31.0,"turns":3.0},{"damage":4.0,"enemies":"Collector","floor":33.0,"turns":5.0},{"damage":0.0,"enemies":"3 Shapes","floor":35.0,"turns":2.0},{"damage":0.0,"enemies":"Orb Walker","floor":38.0,"turns":2.0},{"damage":0.0,"enemies":"Nemesis","floor":41.0,"turns":3.0},{"damage":6.0,"enemies":"3 Darklings","floor":42.0,"turns":2.0},{"damage":27,"enemies":"Transient","floor":45,"turns":5},{"damage":0,"enemies":"Writhing Mass","floor":47,"turns":3},{"damage":0,"enemies":"Awakened One","floor":50,"turns":7},{"damage":2,"enemies":"Shield and Spear","floor":54,"turns":3},{"damage":71,"enemies":"The Heart","floor":55,"turns":5}],"seed_played":"7592326242709432440","potions_obtained":[{"floor":2.0,"key":"SpeedPotion"},{"floor":3.0,"key":"Swift Potion"},{"floor":14.0,"key":"Weak Potion"},{"floor":16.0,"key":"DistilledChaos"},{"floor":21.0,"key":"Strength Potion"},{"floor":31.0,"key":"Poison Potion"},{"floor":34.0,"key":"Energy Potion"},{"floor":38.0,"key":"Poison Potion"},{"floor":41.0,"key":"FearPotion"}],"is_trial":false,"path_per_floor":["M","M","M","?","M","R","E","$","T","?","R","$","M","M","R","B",null,"M","?","M","M","$","R","T","E","T","M","R","?","R","E","R","B",null,"M","?","?","M","T","R","E","M","T","$","M","?","M","?","R","B",null,"R","$","E","B"],"character_chosen":"THE_SILENT","items_purchased":["Grand Finale","Reflex","GamblersBrew"],"campfire_rested":2,"item_purchase_floors":[8,44,44],"current_hp_per_floor":[63,61,61,61,42,42,1,1,1,1,22,22,22,18,18,14,56,56,56,56,38,38,38,38,32,32,32,32,32,53,53,53,49,70,70,70,70,70,70,70,70,64,64,64,37,66,66,63,63,63,63,63,63,61,0,0],"gold":68,"neow_bonus":"RANDOM_COMMON_RELIC","is_daily":false,"chose_seed":false,"campfire_upgraded":7,"win_rate":0.0,"timestamp":1613986244,"path_taken":["M","M","M","?","?","R","E","$","T","?","R","$","M","M","R","BOSS","M","?","?","M","$","R","?","E","T","M","R","?","R","E","R","BOSS","M","?","?","M","?","R","E","M","T","$","?","?","M","?","R","BOSS","R","$","E","BOSS"],"items_purchased_type":["Card","Card","Potion"],"build_version":"2020-12-22","purchased_purges":3,"victory":false,"max_hp_per_floor":[70,70,70,70,70,70,70,70,70,70,70,70,70,70,70,70,70,70,70,70,70,70,70,70,70,70,70,70,70,70,70,70,70,75,75,75,75,75,75,75,75,75,75,75,75,66,66,63,63,63,63,63,63,63,63,63],"relic_stats":{"counters":[24,106],"Mummified Hand":[0],"CeramicFish":27,"Tiny Chest":2,"Snake Skull":[14],"Pen Nib":[4],"Bag of Preparation":[24],"Question Card":12,"obtain_stats":[{"Tiny House":34,"CeramicFish":43,"Snake Skull":31,"Pen Nib":41,"Omamori":9,"Bag of Preparation":26,"Question Card":24,"Akabeko":25,"Anchor":0,"Mummified Hand":54,"Tiny Chest":7,"Ring of the Snake":0,"Runic Pyramid":17},{"Tiny House":15,"CeramicFish":19,"Snake Skull":14,"Pen Nib":18,"Omamori":5,"Bag of Preparation":12,"Question Card":11,"Akabeko":12,"Anchor":0,"Mummified Hand":23,"Tiny Chest":5,"Ring of the Snake":0,"Runic Pyramid":8},{"Tiny House":74,"CeramicFish":83,"Snake Skull":69,"Pen Nib":81,"Omamori":25,"Bag of Preparation":64,"Question Card":60,"Akabeko":64,"Anchor":0,"Mummified Hand":101,"Tiny Chest":25,"Ring of the Snake":0,"Runic Pyramid":48}],"Ring of the Snake":[48]},"card_choices":[{"not_picked":["Distraction","Quick Slash"],"picked":"Cloak And Dagger","floor":1.0},{"not_picked":["Flying Knee","Underhanded Strike"],"picked":"Acrobatics","floor":2.0},{"not_picked":["Masterful Stab","Sucker Punch"],"picked":"Deadly Poison","floor":3.0},{"not_picked":["After Image","Cloak And Dagger"],"picked":"Dagger Spray","floor":5.0},{"not_picked":["Flying Knee","Bullet Time"],"picked":"PiercingWail","floor":7.0},{"not_picked":["Masterful Stab","Dagger Spray"],"picked":"Backflip","floor":13.0},{"not_picked":["Infinite Blades","Catalyst"],"picked":"Prepared","floor":14.0},{"not_picked":["Bullet Time","Glass Knife"],"picked":"Venomology","floor":16.0},{"not_picked":["Cloak And Dagger","Eviscerate","Bane"],"picked":"SKIP","floor":18.0},{"not_picked":["Outmaneuver","Quick Slash+1","Dagger Throw"],"picked":"SKIP","floor":20.0},{"not_picked":["Predator","Underhanded Strike","PiercingWail+1"],"picked":"SKIP","floor":21.0},{"not_picked":["Heel Hook","Prepared","Slice"],"picked":"Adrenaline","floor":25.0},{"not_picked":["Quick Slash","Backflip","Dagger Spray","Well Laid Plans"],"picked":"SKIP","floor":27.0},{"not_picked":["Blur","Blade Dance","Endless Agony+1","Venomology"],"picked":"SKIP","floor":31.0},{"not_picked":["Glass Knife","Phantasmal Killer","Storm of Steel"],"picked":"Grand Finale","floor":33.0},{"not_picked":["Bane","Backstab","PiercingWail"],"picked":"Acrobatics","floor":34.0},{"not_picked":["Poisoned Stab","Prepared","Finisher+1","Acrobatics"],"picked":"SKIP","floor":35.0},{"not_picked":["Quick Slash","Prepared","Deflect","Poisoned Stab"],"picked":"SKIP","floor":38.0},{"not_picked":["Poisoned Stab","Storm of Steel","Well Laid Plans"],"picked":"Blur","floor":41.0},{"not_picked":["Well Laid Plans+1","Dagger Spray+1","Backstab"],"picked":"Tactician","floor":42.0},{"not_picked":["Accuracy","All Out Attack","Sucker Punch+1","Poisoned Stab"],"picked":"SKIP","floor":45},{"not_picked":["Backflip","Blur+1","Dagger Throw"],"picked":"Concentrate+1","floor":47},{"not_picked":["Skewer","Underhanded Strike","Flying Knee"],"picked":"Deflect+1","floor":54}],"player_experience":297977,"relics_obtained":[{"floor":7.0,"key":"Tiny Chest"},{"floor":9.0,"key":"Omamori"},{"floor":24.0,"key":"Question Card"},{"floor":25.0,"key":"Akabeko"},{"floor":26.0,"key":"Bag of Preparation"},{"floor":31.0,"key":"Snake Skull"},{"floor":41.0,"key":"Pen Nib"},{"floor":43.0,"key":"CeramicFish"},{"floor":54,"key":"Mummified Hand"}],"event_choices":[{"cards_removed":["Strike_G"],"damage_healed":0.0,"max_hp_gain":0.0,"max_hp_loss":0.0,"gold_gain":0.0,"event_name":"Wheel of Change","player_choice":"Card Removal","floor":4.0,"gold_loss":0.0,"damage_taken":0.0},{"damage_healed":0.0,"max_hp_gain":0.0,"max_hp_loss":0.0,"gold_gain":58.0,"event_name":"Golden Wing","player_choice":"Gained Gold","floor":10.0,"gold_loss":0.0,"damage_taken":0.0},{"damage_healed":0.0,"max_hp_gain":0.0,"max_hp_loss":0.0,"gold_gain":0.0,"event_name":"Match and Keep!","player_choice":"1 cards matched","floor":19.0,"gold_loss":0.0,"damage_taken":0.0,"cards_obtained":["Burst"]},{"cards_removed":["Strike_G"],"damage_healed":0.0,"max_hp_gain":0.0,"max_hp_loss":0.0,"gold_gain":0.0,"event_name":"Beggar","player_choice":"Gave Gold","floor":29.0,"gold_loss":75.0,"damage_taken":0.0},{"cards_removed":["Neutralize"],"damage_healed":0.0,"max_hp_gain":0.0,"max_hp_loss":0.0,"gold_gain":0.0,"event_name":"Falling","player_choice":"Removed Attack","floor":36.0,"gold_loss":0.0,"damage_taken":0.0},{"damage_healed":0.0,"max_hp_gain":0.0,"max_hp_loss":0.0,"gold_gain":0.0,"event_name":"Match and Keep!","player_choice":"0 cards matched","floor":37.0,"gold_loss":0.0,"damage_taken":0.0,"cards_obtained":[]},{"damage_healed":66,"gold_gain":0,"player_choice":"Heal","damage_taken":0,"max_hp_gain":0,"max_hp_loss":9,"event_name":"The Moai Head","floor":46,"gold_loss":0},{"damage_healed":0,"gold_gain":0,"player_choice":"Max HP","damage_taken":0,"max_hp_gain":0,"max_hp_loss":3,"event_name":"Winding Halls","floor":48,"gold_loss":0}],"is_beta":false,"boss_relics":[{"not_picked":["Pandora\u0027s Box","Runic Dome"],"picked":"Runic Pyramid"},{"not_picked":["Snecko Eye","Velvet Choker"],"picked":"Tiny House"}],"items_purged_floors":[12,22,44],"is_endless":false,"potions_floor_spawned":[2,3,14,16,21,27,31,38,41,42,47],"killed_by":"The Heart","ascension_level":13}}