{"host":"8g24zuco0epbjwbo","time":1613963375,"event":{"mods":["BaseMod","Downfall","Minty Spire (QoL Compilation)","Relic Stats","StSLib"],"gold_per_floor":[114,114,114,124,135,153,187,42,42,42,42,70,81,109,109,207,207,223,69,86,126,138,138,138],"floor_reached":23,"language":"ENG","playtime":970,"items_purged":["Defend_R"],"score":327,"play_id":"c5fc3ae0-84a2-43c4-affd-b20ed6652cc0","local_time":"20210221220935","is_ascension_mode":true,"campfire_choices":[{"data":"True Grit","floor":11,"key":"SMITH"},{"data":"Barricade","floor":15,"key":"SMITH"}],"circlet_count":0,"master_deck":["Strike_R","Strike_R","Strike_R","Defend_R","Defend_R","Defend_R","Bash","Demon Form","Twin Strike","Barricade+1","Metallicize","True Grit+1","Shrug It Off","Demon Form","Carnage","Rupture","Pummel","Flex","Feed","Clothesline","HandOfGreed","Wild Strike","Fire Breathing+1","Inflame"],"relics":["Burning Blood","FossilizedHelix","Letter Opener","HornCleat","Sundial","The Courier","Pear","Runic Cube"],"acts_visited":["Exordium","TheCity"],"potions_floor_usage":[6,17,23],"damage_taken":[{"damage":6,"enemies":"Cultist","floor":1,"turns":4},{"damage":0,"enemies":"2 Louse","floor":4,"turns":3},{"damage":0,"enemies":"Jaw Worm","floor":5,"turns":5},{"damage":21,"enemies":"Gremlin Gang","floor":6,"turns":5},{"damage":13,"enemies":"Gremlin Nob","floor":7,"turns":5},{"damage":2,"enemies":"3 Sentries","floor":12,"turns":9},{"damage":2,"enemies":"Blue Slaver","floor":13,"turns":4},{"damage":0,"enemies":"Lagavulin","floor":14,"turns":6},{"damage":0,"enemies":"Slime Boss","floor":16,"turns":8},{"damage":22,"enemies":"Spheric Guardian","floor":18,"turns":7},{"damage":4,"enemies":"Chosen","floor":20,"turns":11},{"damage":21,"enemies":"3 Cultists","floor":21,"turns":6},{"damage":47,"enemies":"Sentry and Sphere","floor":22,"turns":10},{"damage":58,"enemies":"Gremlin Leader","floor":23,"turns":9}],"seed_played":"-137554679792488184","potions_obtained":[{"floor":1,"key":"champ:CounterPotion"},{"floor":12,"key":"Fruit Juice"},{"floor":13,"key":"Guardian:BlockOnCardUsePotion"},{"floor":16,"key":"Dexterity Potion"},{"floor":20,"key":"SkillPotion"},{"floor":21,"key":"BloodPotion"}],"is_trial":false,"path_per_floor":["M","?","?","M","M","M","E","$","T","T","R","E","M","E","R","B",null,"M","$","M","M","M","E"],"character_chosen":"IRONCLAD","items_purchased":["Carnage","HandOfGreed"],"campfire_rested":0,"item_purchase_floors":[8,19],"current_hp_per_floor":[80,77,77,80,80,65,58,58,58,58,58,62,66,82,82,88,95,82,82,87,75,37,0,0],"gold":138,"neow_bonus":"TRANSFORM_CARD","is_daily":false,"chose_seed":false,"campfire_upgraded":2,"win_rate":0.0,"timestamp":1613963375,"path_taken":["M","?","?","M","M","M","E","$","T","?","R","E","M","E","R","BOSS","M","$","M","?","M","E"],"items_purchased_type":["Card","Card"],"build_version":"2020-12-22","purchased_purges":1,"victory":false,"max_hp_per_floor":[80,80,80,80,80,80,80,80,80,80,80,80,80,90,90,90,95,98,98,101,104,107,107,107],"relic_stats":{"counters":[14,92],"Sundial":[10],"Letter Opener":[5],"obtain_stats":[{"HornCleat":9,"Pear":14,"Sundial":10,"The Courier":12,"Letter Opener":7,"Burning Blood":0,"FossilizedHelix":2,"Runic Cube":17},{"HornCleat":5,"Pear":8,"Sundial":5,"The Courier":6,"Letter Opener":5,"Burning Blood":0,"FossilizedHelix":1,"Runic Cube":9},{"HornCleat":22,"Pear":41,"Sundial":22,"The Courier":31,"Letter Opener":22,"Burning Blood":0,"FossilizedHelix":4,"Runic Cube":49}],"Burning Blood":69,"Runic Cube":[18]},"card_choices":[{"not_picked":["Disarm","Pommel Strike"],"picked":"Twin Strike","floor":1},{"not_picked":["Flame Barrier","Body Slam"],"picked":"Metallicize","floor":4},{"not_picked":["Seeing Red","Perfected Strike"],"picked":"True Grit","floor":5},{"not_picked":["Flex","Clash"],"picked":"Shrug It Off","floor":6},{"not_picked":["Power Through","Havoc"],"picked":"Demon Form","floor":7},{"not_picked":["Clothesline","Feel No Pain"],"picked":"Rupture","floor":12},{"not_picked":["Power Through","Body Slam"],"picked":"Pummel","floor":13},{"not_picked":["Seeing Red","Anger"],"picked":"Flex","floor":14},{"not_picked":["Double Tap","Brutality"],"picked":"Feed","floor":16},{"not_picked":["Intimidate","Havoc+1"],"picked":"Clothesline","floor":18},{"not_picked":["Armaments+1","Cleave"],"picked":"Wild Strike","floor":20},{"not_picked":["Second Wind+1","Clothesline"],"picked":"Fire Breathing+1","floor":21},{"not_picked":["Thunderclap","Pommel Strike"],"picked":"Inflame","floor":22}],"player_experience":561676,"relics_obtained":[{"floor":7,"key":"Letter Opener"},{"floor":9,"key":"HornCleat"},{"floor":10,"key":"Sundial"},{"floor":12,"key":"The Courier"},{"floor":14,"key":"Pear"}],"event_choices":[{"damage_healed":0,"gold_gain":0,"player_choice":"Success","damage_taken":3,"relics_obtained":["FossilizedHelix"],"max_hp_gain":0,"max_hp_loss":0,"event_name":"Scrap Ooze","floor":2,"gold_loss":0},{"damage_healed":0,"gold_gain":0,"cards_transformed":["Strike_R"],"player_choice":"Change","damage_taken":0,"max_hp_gain":0,"max_hp_loss":0,"event_name":"Living Wall","floor":3,"gold_loss":0,"cards_obtained":["Barricade"]}],"is_beta":false,"boss_relics":[{"not_picked":["Pandora\u0027s Box","Runic Dome"],"picked":"Runic Cube"}],"items_purged_floors":[8],"is_endless":false,"potions_floor_spawned":[1,12,13,16,20,21],"killed_by":"Gremlin Leader","ascension_level":1}}