{"host":"dkr0dog13pegamnp","time":1613979122,"event":{"mods":["AchievementEnabler","BaseMod","Minty Spire (QoL Compilation)","Rare Cards Sparkle","StSLib","SuperFastMode","everything is the same but u backflip on backflip"],"gold_per_floor":[109,121,133,208,158,158,169,169,195,195,71,71,88,103,103,203,203,143,154,154,154],"floor_reached":20,"language":"KOR","playtime":561,"items_purged":["Strike_G"],"score":262,"play_id":"786680d4-862d-4a44-9cb3-6fdb3dbb8911","local_time":"20210222163202","is_ascension_mode":true,"campfire_choices":[{"data":"Neutralize","floor":6.0,"key":"SMITH"},{"data":"Footwork","floor":15,"key":"SMITH"}],"circlet_count":0,"master_deck":["AscendersBane","Strike_G","Strike_G","Defend_G","Defend_G","Defend_G","Defend_G","Defend_G","Survivor","Neutralize+1","Die Die Die","Footwork+1","Glass Knife","Backflip","Poisoned Stab+1"],"relics":["Ring of the Snake","Omamori","Anchor","Smiling Mask","Pear","SlaversCollar"],"acts_visited":["Exordium","TheCity"],"potions_floor_usage":[16,16],"damage_taken":[{"damage":0.0,"enemies":"2 Louse","floor":1.0,"turns":4.0},{"damage":6.0,"enemies":"Jaw Worm","floor":2.0,"turns":6.0},{"damage":6.0,"enemies":"Small Slimes","floor":3.0,"turns":7.0},{"damage":0.0,"enemies":"Blue Slaver","floor":7.0,"turns":7.0},{"damage":0,"enemies":"3 Louse","floor":13,"turns":2},{"damage":0,"enemies":"Looter","floor":14,"turns":5},{"damage":8,"enemies":"The Guardian","floor":16,"turns":18},{"damage":4,"enemies":"2 Thieves","floor":18,"turns":4},{"damage":19,"enemies":"3 Byrds","floor":19,"turns":13},{"damage":64,"enemies":"3 Cultists","floor":20,"turns":6}],"seed_played":"2634640361456350235","potions_obtained":[{"floor":3.0,"key":"LiquidBronze"},{"floor":13,"key":"LiquidBronze"}],"is_trial":false,"path_per_floor":["M","M","M","?","?","R","M","?","T","?","$","T","M","M","R","B",null,"M","M","M"],"character_chosen":"THE_SILENT","items_purchased":["Footwork"],"campfire_rested":0,"item_purchase_floors":[11],"current_hp_per_floor":[63,57,51,40,40,40,40,40,40,33,33,43,43,43,43,35,69,65,46,0,0],"gold":154,"neow_bonus":"RANDOM_COMMON_RELIC","is_daily":false,"chose_seed":false,"campfire_upgraded":2,"win_rate":0.0,"timestamp":1613979122,"path_taken":["M","M","M","?","?","R","M","?","T","?","$","?","M","M","R","BOSS","M","M","M"],"items_purchased_type":["Card"],"build_version":"2020-12-22","purchased_purges":1,"victory":false,"max_hp_per_floor":[70,70,70,70,70,70,70,70,70,70,70,80,80,80,80,80,80,80,80,80,80],"card_choices":[{"not_picked":["Outmaneuver","Dagger Throw","Expertise"],"picked":"SKIP","floor":1.0},{"not_picked":["Outmaneuver","Acrobatics","Deflect"],"picked":"SKIP","floor":2.0},{"not_picked":["PiercingWail","Quick Slash","Heel Hook"],"picked":"SKIP","floor":3.0},{"not_picked":["PiercingWail","Quick Slash","Heel Hook"],"picked":"SKIP","floor":3.0},{"not_picked":["Terror","Slice"],"picked":"Die Die Die","floor":7},{"not_picked":["Outmaneuver","Quick Slash","Well Laid Plans"],"picked":"SKIP","floor":13},{"not_picked":["Outmaneuver","Eviscerate","Expertise"],"picked":"SKIP","floor":14},{"not_picked":["Storm of Steel","Venomology"],"picked":"Glass Knife","floor":16},{"not_picked":["Bane","Setup"],"picked":"Backflip","floor":18},{"not_picked":["Flying Knee+1","Outmaneuver"],"picked":"Poisoned Stab+1","floor":19}],"player_experience":83070,"relics_obtained":[{"floor":9,"key":"Anchor"},{"floor":12,"key":"Pear"}],"event_choices":[{"damage_healed":0.0,"max_hp_gain":0.0,"max_hp_loss":0.0,"gold_gain":75.0,"event_name":"World of Goop","player_choice":"Gather Gold","floor":4.0,"gold_loss":0.0,"damage_taken":11.0},{"cards_removed":["Strike_G"],"damage_healed":0.0,"max_hp_gain":0.0,"max_hp_loss":0.0,"gold_gain":0.0,"event_name":"The Cleric","player_choice":"Card Removal","floor":5.0,"gold_loss":50.0,"damage_taken":0.0},{"cards_removed":["Strike_G"],"damage_healed":0,"gold_gain":0,"player_choice":"Forget","damage_taken":0,"max_hp_gain":0,"max_hp_loss":0,"event_name":"Living Wall","floor":8,"gold_loss":0},{"damage_healed":0,"gold_gain":0,"player_choice":"Success","damage_taken":7,"relics_obtained":["Smiling Mask"],"max_hp_gain":0,"max_hp_loss":0,"event_name":"Scrap Ooze","floor":10,"gold_loss":0}],"is_beta":false,"boss_relics":[{"not_picked":["WristBlade","HoveringKite"],"picked":"SlaversCollar"}],"items_purged_floors":[11],"is_endless":false,"potions_floor_spawned":[3,13],"killed_by":"3 Cultists","ascension_level":12}}