{"host":"8u7tvcybuv0u72fd","time":1613970396,"event":{"mods":["BaseMod","BetterRewards","Colored Map","Colored Powertips","Minty Spire (QoL Compilation)","Quick Restart","Shop Mod"],"gold_per_floor":[114,189,204,221,235,261,289,289,289,289,306,317,317,335,335,435,435,451,203,203,222,234,234,270,270,293,318,349,376,376,395,395,494,494,506,526,526,118,129,129,160,160,160,160,160,160,192,215,215,215,215,215,15,44,64],"floor_reached":56,"language":"ENG","playtime":2309,"items_purged":["Strike_R","Parasite"],"score":1715,"play_id":"da11c5cc-c5de-4f76-88fb-c3d2c8ad4bf1","local_time":"20210222000636","is_ascension_mode":false,"campfire_choices":[{"data":"Body Slam","floor":8.0,"key":"SMITH"},{"data":"Uppercut","floor":13.0,"key":"SMITH"},{"data":"Shrug It Off","floor":15.0,"key":"SMITH"},{"data":"Double Tap","floor":23.0,"key":"SMITH"},{"data":"Iron Wave","floor":25.0,"key":"SMITH"},{"data":"Inflame","floor":30.0,"key":"SMITH"},{"data":"Headbutt","floor":32.0,"key":"SMITH"},{"data":"Defend_R","floor":40.0,"key":"SMITH"},{"floor":42.0,"key":"RECALL"},{"data":"Defend_R","floor":44.0,"key":"SMITH"},{"data":"Defend_R","floor":49.0,"key":"SMITH"},{"data":"Strike_R","floor":52.0,"key":"SMITH"}],"circlet_count":0,"master_deck":["Strike_R","Strike_R","Strike_R+1","Defend_R+1","Defend_R+1","Defend_R+1","Bash+1","Rampage+1","Headbutt+1","Inflame+1","Body Slam+1","Iron Wave+1","Shrug It Off+1","Uppercut+1","Double Tap+1","Thunderclap+1"],"relics":["Burning Blood","Whetstone","PreservedInsect","ClockworkSouvenir","HornCleat","Medical Kit","Mummified Hand","Singing Bowl","Odd Mushroom","White Beast Statue","Busted Crown","Pantograph","CeramicFish","Potion Belt","Lizard Tail","Red Mask","Bag of Preparation","SlaversCollar","Lantern","Shuriken","Juzu Bracelet","MealTicket","Pear"],"acts_visited":["Exordium","TheCity","TheBeyond","TheEnding"],"potions_floor_usage":[55,55,55,55,55,55,55,55],"damage_taken":[{"damage":6.0,"enemies":"Jaw Worm","floor":1.0,"turns":2.0},{"damage":0.0,"enemies":"2 Louse","floor":3.0,"turns":2.0},{"damage":0.0,"enemies":"Cultist","floor":4.0,"turns":3.0},{"damage":0.0,"enemies":"Looter","floor":5.0,"turns":2.0},{"damage":4.0,"enemies":"Lagavulin","floor":6.0,"turns":3.0},{"damage":0.0,"enemies":"The Mushroom Lair","floor":7.0,"turns":2.0},{"damage":5.0,"enemies":"Exordium Wildlife","floor":11.0,"turns":4.0},{"damage":8.0,"enemies":"Red Slaver","floor":12.0,"turns":2.0},{"damage":0.0,"enemies":"Large Slime","floor":14.0,"turns":4.0},{"damage":20.0,"enemies":"The Guardian","floor":16.0,"turns":8.0},{"damage":0.0,"enemies":"Spheric Guardian","floor":18.0,"turns":3.0},{"damage":3.0,"enemies":"Shell Parasite","floor":21.0,"turns":3.0},{"damage":0.0,"enemies":"Snecko","floor":22.0,"turns":3.0},{"damage":24.0,"enemies":"Gremlin Leader","floor":24.0,"turns":5.0},{"damage":0.0,"enemies":"Slavers","floor":27.0,"turns":3.0},{"damage":0.0,"enemies":"Masked Bandits","floor":28.0,"turns":1.0},{"damage":1.0,"enemies":"Book of Stabbing","floor":29.0,"turns":3.0},{"damage":0.0,"enemies":"Sentry and Sphere","floor":31.0,"turns":3.0},{"damage":27.0,"enemies":"Champ","floor":33.0,"turns":7.0},{"damage":6.0,"enemies":"3 Darklings","floor":35.0,"turns":6.0},{"damage":0.0,"enemies":"Orb Walker","floor":36.0,"turns":3.0},{"damage":0.0,"enemies":"Jaw Worm Horde","floor":39.0,"turns":3.0},{"damage":0.0,"enemies":"Giant Head","floor":41.0,"turns":4.0},{"damage":0.0,"enemies":"Nemesis","floor":47.0,"turns":3.0},{"damage":5.0,"enemies":"Writhing Mass","floor":48.0,"turns":4.0},{"damage":50.0,"enemies":"Donu and Deca","floor":50.0,"turns":7.0},{"damage":21,"enemies":"Shield and Spear","floor":54,"turns":4},{"damage":92,"enemies":"The Heart","floor":55,"turns":7}],"seed_played":"3249448502334308979","potions_obtained":[{"floor":3.0,"key":"Block Potion"},{"floor":5.0,"key":"PowerPotion"},{"floor":7.0,"key":"SkillPotion"},{"floor":14.0,"key":"LiquidMemories"},{"floor":27.0,"key":"Weak Potion"},{"floor":28.0,"key":"Energy Potion"},{"floor":29.0,"key":"Regen Potion"},{"floor":31.0,"key":"BloodPotion"},{"floor":48.0,"key":"Swift Potion"}],"is_trial":false,"path_per_floor":["M","?","M","M","M","E","?","R","T","?","M","M","R","M","R","B",null,"M","$","?","M","M","R","E","R","T","E","?","E","R","M","R","B",null,"M","M","?","$","M","R","E","R","T","R","?","?","E","M","R","B",null,"R","$","E","B",null],"character_chosen":"IRONCLAD","items_purchased":["Rampage","Whetstone","PreservedInsect","ClockworkSouvenir","HornCleat","Medical Kit","Mummified Hand","Explosive Potion","FearPotion","Headbutt","Pantograph","Lantern","Shuriken","EntropicBrew"],"campfire_rested":0,"item_purchase_floors":[0,0,0,0,0,0,0,0,0,0,19,38,38,53],"current_hp_per_floor":[32,21,27,33,39,41,49,49,49,49,50,50,50,58,58,44,86,88,88,88,90,92,92,74,74,74,82,90,97,97,100,100,81,102,104,106,106,106,108,108,110,110,110,110,110,110,112,114,114,70,114,114,111,108,61],"gold":64,"neow_bonus":"","is_daily":false,"chose_seed":false,"campfire_upgraded":11,"win_rate":0.0,"timestamp":1613970396,"path_taken":["M","?","M","M","M","E","?","R","T","?","M","?","R","M","R","BOSS","M","$","?","M","M","R","E","R","T","E","?","E","R","M","R","BOSS","M","M","?","$","?","R","E","R","T","R","?","?","E","M","R","BOSS","R","$","E","BOSS"],"items_purchased_type":["Card","Relic","Relic","Relic","Relic","Relic","Relic","Potion","Potion","Card","Relic","Relic","Relic","Potion"],"build_version":"2020-12-22","purchased_purges":2,"victory":true,"max_hp_per_floor":[80,80,80,80,80,80,82,82,82,82,82,84,84,86,86,86,86,88,88,88,90,92,92,92,92,92,94,96,98,98,100,100,102,102,104,106,106,106,108,108,110,110,110,110,110,110,112,114,114,114,114,114,111,123,123],"card_choices":[{"not_picked":["Shockwave","Burning Pact","Thunderclap"],"picked":"SKIP","floor":1.0},{"not_picked":["Wild Strike","Dropkick"],"picked":"Inflame","floor":3.0},{"not_picked":["Warcry","Wild Strike"],"picked":"Body Slam","floor":4.0},{"not_picked":["Iron Wave","Warcry","Rampage"],"picked":"SKIP","floor":5.0},{"not_picked":["Warcry","Rampage"],"picked":"Iron Wave","floor":5.0},{"not_picked":["Clash","Fiend Fire"],"picked":"Shrug It Off","floor":6.0},{"not_picked":["Wild Strike","Havoc","Armaments"],"picked":"Singing Bowl","floor":7.0},{"not_picked":["Iron Wave","Shrug It Off"],"picked":"Uppercut","floor":11.0},{"not_picked":["Armaments","Clash","Anger"],"picked":"Singing Bowl","floor":12.0},{"not_picked":["Shockwave","Warcry","Clothesline"],"picked":"Singing Bowl","floor":14.0},{"not_picked":["Fiend Fire","Feed"],"picked":"Double Tap","floor":16.0},{"not_picked":["Blood for Blood"],"picked":"Singing Bowl","floor":18.0},{"not_picked":["Perfected Strike+1"],"picked":"Singing Bowl","floor":21.0},{"not_picked":["Body Slam+1"],"picked":"Singing Bowl","floor":22.0},{"not_picked":[],"picked":"Thunderclap+1","floor":24.0},{"not_picked":["Rupture"],"picked":"Singing Bowl","floor":27.0},{"not_picked":["Searing Blow"],"picked":"Singing Bowl","floor":28.0},{"not_picked":["Flame Barrier"],"picked":"Singing Bowl","floor":29.0},{"not_picked":["Warcry"],"picked":"Singing Bowl","floor":31.0},{"not_picked":["Corruption"],"picked":"Singing Bowl","floor":33.0},{"not_picked":["Body Slam"],"picked":"Singing Bowl","floor":35.0},{"not_picked":["Clash"],"picked":"Singing Bowl","floor":36.0},{"not_picked":["Flex+1"],"picked":"Singing Bowl","floor":39.0},{"not_picked":["Evolve"],"picked":"Singing Bowl","floor":41.0},{"not_picked":["Clothesline"],"picked":"Singing Bowl","floor":47.0},{"not_picked":["Armaments"],"picked":"Singing Bowl","floor":48.0},{"not_picked":["Seeing Red"],"picked":"Singing Bowl","floor":54}],"player_experience":1542808,"relics_obtained":[{"floor":6.0,"key":"Singing Bowl"},{"floor":7.0,"key":"Odd Mushroom"},{"floor":9.0,"key":"White Beast Statue"},{"floor":24.0,"key":"CeramicFish"},{"floor":26.0,"key":"Potion Belt"},{"floor":27.0,"key":"Lizard Tail"},{"floor":28.0,"key":"Red Mask"},{"floor":29.0,"key":"Bag of Preparation"},{"floor":41.0,"key":"Juzu Bracelet"},{"floor":47.0,"key":"MealTicket"},{"floor":54,"key":"Pear"}],"event_choices":[{"damage_healed":0.0,"max_hp_gain":0.0,"max_hp_loss":0.0,"gold_gain":75.0,"event_name":"World of Goop","player_choice":"Gather Gold","floor":2.0,"gold_loss":0.0,"damage_taken":11.0},{"damage_healed":0.0,"max_hp_gain":0.0,"max_hp_loss":0.0,"gold_gain":0.0,"event_name":"Mushrooms","player_choice":"Fought Mushrooms","floor":7.0,"gold_loss":0.0,"damage_taken":0.0},{"cards_removed":["Strike_R"],"damage_healed":0.0,"max_hp_gain":0.0,"max_hp_loss":0.0,"gold_gain":0.0,"event_name":"Bonfire Elementals","player_choice":"Offered Basic","floor":10.0,"gold_loss":0.0,"damage_taken":0.0},{"damage_healed":0.0,"max_hp_gain":0.0,"max_hp_loss":0.0,"gold_gain":0.0,"event_name":"Ghosts","player_choice":"Ignored","floor":20.0,"gold_loss":0.0,"damage_taken":0.0},{"damage_healed":0.0,"max_hp_gain":0.0,"max_hp_loss":0.0,"gold_gain":0.0,"event_name":"Masked Bandits","player_choice":"Fought Bandits","floor":28.0,"gold_loss":0.0,"damage_taken":0.0},{"damage_healed":0.0,"max_hp_gain":0.0,"max_hp_loss":0.0,"gold_gain":0.0,"event_name":"Duplicator","player_choice":"Ignored","floor":37.0,"gold_loss":0.0,"damage_taken":0.0},{"cards_removed":["Defend_R"],"damage_healed":0.0,"max_hp_gain":0.0,"max_hp_loss":0.0,"gold_gain":0.0,"event_name":"Falling","player_choice":"Removed Skill","floor":45.0,"gold_loss":0.0,"damage_taken":0.0},{"damage_healed":0.0,"max_hp_gain":0.0,"max_hp_loss":0.0,"gold_gain":0.0,"event_name":"NoteForYourself","player_choice":"Ignored","floor":46.0,"gold_loss":0.0,"damage_taken":0.0}],"is_beta":false,"boss_relics":[{"not_picked":["Black Star","Astrolabe"],"picked":"Busted Crown"},{"not_picked":["Empty Cage","Runic Pyramid"],"picked":"SlaversCollar"}],"items_purged_floors":[0,53],"is_endless":false,"potions_floor_spawned":[3,5,7,11,12,14,16,18,21,22,24,27,28,29,31,33,35,36,39,41,47,48,54],"ascension_level":0}}