{"host":"pletss163z7s8pvv","time":1613967945,"event":{"mods":["AchievementEnabler","Act Like it!","AlwaysNeverKeys","BaseMod","Better Altar","Better Match","Better Note","Better Sensory Stone","Better Skull","Better Third Choice","BetterRewards","Bossed Relics","CapriCore","ChefMod","Clockwork Mod","Colored Map","Colored Powertips","Conspire","Dio Mod","Displayed Cursed Tome","Energized Spire","Evolution","Gensokyo","GifTheSpireLib","Hallownest","Hermit","Ironclad Rager","Jedi Mod","Marisa????????","Marked Mod","Minty Spire (QoL Compilation)","Reliquary","Replay The Spire","Retaliation","Reworked Bosses","Ruina","Somnambulant","Spicy Shops","StS++","StSLib","The Administrix","The Alterego","The Animator","The Blue Laboratory","The Bug Knight","The Construct","The Cursed","The Disciple","The Forsaken","The Hierophant","The Necromancer","The Saiyan","The Vixen","The Wild Card","TheVacant","Transform Curses"],"gold_per_floor":[117,17,17,28,28,58,58,6,6,6,6,19,30,30,30,30,30],"floor_reached":16,"language":"ENG","playtime":714,"items_purged":["Amnesia"],"score":148,"play_id":"21faddc8-642e-43f6-9643-4a1db122a213","local_time":"20210221222545","is_ascension_mode":false,"campfire_choices":[{"floor":7,"key":"RECALL"},{"data":"dioMod:DominatingPresence","floor":11,"key":"SMITH"},{"floor":15,"key":"REST"}],"circlet_count":0,"master_deck":["dioMod:DaggerToss","dioMod:DaggerToss","dioMod:Strike","dioMod:Strike","Bite","dioMod:Defend","dioMod:Defend","dioMod:Defend","dioMod:Defend+1","dioMod:Muda","dioMod:DominatingPresence+1","dioMod:ComboFever","dioMod:ComboFever+1","dioMod:ComboFever","dioMod:Muda","dioMod:SadisticLaugh","dioMod:TripleThreat"],"relics":["dioMod:VampireBlood","EVO:Axolotl","Strawberry","reliquary:Firecrackers","Gensokyo:CelestialsFlawlessClothing","construct:BoolHorns","ReplayTheSpireMod:CursedCoin","War Paint"],"acts_visited":["Exordium"],"potions_floor_usage":[16,16],"damage_taken":[{"damage":0,"enemies":"Gensokyo:3_Fairies","floor":1,"turns":2},{"damage":6,"enemies":"Gensokyo:2_Kodama","floor":4,"turns":2},{"damage":14,"enemies":"Gensokyo:Cirno","floor":6,"turns":4},{"damage":0,"enemies":"Gensokyo:Gryphon","floor":12,"turns":1},{"damage":0,"enemies":"Gensokyo:3_Kodama","floor":13,"turns":2},{"damage":153,"enemies":"Gensokyo:Reimu","floor":16,"turns":23}],"seed_played":"-7598215262365153924","potions_obtained":[{"floor":1,"key":"AttackPotion"},{"floor":4,"key":"blueLaboratory:CorrosionFlask"}],"is_trial":false,"path_per_floor":["M","?","?","M","?","E","R","$","T","$","R","M","M","?","R","B"],"character_chosen":"THE_DEFAULT","items_purchased":["ReplayTheSpireMod:CursedCoin","dioMod:ComboFever","dioMod:Muda"],"campfire_rested":1,"item_purchase_floors":[8,8,8],"current_hp_per_floor":[82,82,62,62,62,82,82,82,82,82,82,82,82,66,82,0,0],"gold":30,"neow_bonus":"RANDOM_COMMON_RELIC","is_daily":false,"chose_seed":false,"campfire_upgraded":1,"win_rate":0.0,"timestamp":1613967945,"path_taken":["M","?","?","M","?","E","R","?","T","$","R","?","M","?","R","BOSS"],"items_purchased_type":["Relic","Card","Card"],"build_version":"2020-12-22","purchased_purges":1,"victory":false,"max_hp_per_floor":[82,82,82,82,82,82,82,82,82,82,82,82,82,82,82,82,82],"card_choices":[{"not_picked":["dioMod:CutDeep","dioMod:BloodShield"],"picked":"dioMod:Muda","floor":1},{"not_picked":["dioMod:Freeze","dioMod:CautiousMuda"],"picked":"dioMod:DominatingPresence","floor":4},{"not_picked":["dioMod:BloodShield","dioMod:HeavyLifting"],"picked":"dioMod:ComboFever","floor":6},{"not_picked":["dioMod:Roundabout","dioMod:GoodbyeJojo"],"picked":"dioMod:SadisticLaugh","floor":12},{"not_picked":["dioMod:DisarmingVoice","dioMod:ComboFever"],"picked":"dioMod:TripleThreat","floor":13}],"player_experience":531416,"relics_obtained":[{"floor":6,"key":"construct:BoolHorns"}],"event_choices":[{"damage_healed":0,"gold_gain":0,"player_choice":"Leave","damage_taken":0,"max_hp_gain":0,"max_hp_loss":0,"event_name":"conspire:Investor","floor":5,"gold_loss":0}],"is_beta":false,"boss_relics":[],"items_purged_floors":[8],"is_endless":false,"potions_floor_spawned":[1,4],"killed_by":"Gensokyo:Reimu","ascension_level":0}}