{"host":"tqx2hwjda5x2l78j","time":1613981839,"event":{"mods":["2.2 Compatiblity","Act Like it!","BaseMod","Better Match","Better Third Choice","BetterRewards","Block Reminder","Bossed Relics","Card Filter","Colored Map","Dark Map","Downfall","GifTheSpireLib","Gremlin Skip","Hubris","Marisa????????","Minty Spire (QoL Compilation)","Quick Restart","Rare Cards Sparkle","StSLib","Stuff the Spire","The Alterego","The Animator","The Jungle","Unceasing Turn Reminder"],"gold_per_floor":[99,110,21,21,36,36,110,110,122,155,49,224,63,74,85,187,187,187,206,21,35,46,46,73,73,73,142,142,152,152,168,184,282,282,282,302,320,320,332,192,192,92,111,132,32,56,56,56,56],"floor_reached":47,"language":"ENG","playtime":2779,"items_purged":["hexamod:Strike","Doubt","hexamod:Defend"],"score":454,"play_id":"26935544-b1dc-45fe-bf79-741a0cbf43fe","local_time":"20210222021719","is_ascension_mode":false,"campfire_choices":[{"data":"hexamod:Float","floor":1.0,"key":"SMITH"},{"data":"hexamod:HexaLevel","floor":6.0,"key":"SMITH"},{"data":"hexamod:Rewind","floor":8.0,"key":"SMITH"},{"data":"hexamod:FastForward","floor":18,"key":"SMITH"},{"data":"hexamod:PowerFromBeyond","floor":23,"key":"SMITH"},{"floor":25,"key":"REST"},{"data":"hexamod:GhostOfSpirePast","floor":28,"key":"SMITH"},{"data":"hexamod:GhostOfSpirePast","floor":30,"key":"SMITH"},{"floor":35,"key":"RECALL"},{"data":"hexamod:UnlimitedPower","floor":42,"key":"SMITH"},{"floor":45,"key":"REST"}],"circlet_count":0,"master_deck":["hexamod:Strike","hexamod:Strike","hexamod:Defend","hexamod:Defend","hexamod:Defend","hexamod:Sear","hexamod:Float+1","hexamod:GhostOfSpireFuture","hexamod:FastForward","hexamod:Rewind+1","hexamod:HexaLevel+1","hexamod:GhostflameBarrier","hexamod:FastForward+1","hexamod:ShieldOfDarkness","hexamod:VolcanoVisage","Bandage Up","hexamod:GhostOfSpirePast+1","hexamod:FourthSeal","hexamod:ShieldOfDarkness","hexamod:PowerFromBeyond+1","hexamod:GhostOfSpirePast+1","hexamod:PowerFromBeyond","hexamod:GhostOfSpireFuture","hexamod:FastForward","hexamod:Hexaguard+1","hexamod:TimeWarp","hexamod:TimeOfNeed","hexamod:Hexaguard","hexamod:UnlimitedPower+1","hexamod:StepThrough+1","hexamod:SecondSeal","hexamod:GiftsFromTheDead"],"relics":["hexamod:SpiritBrand","Bottled Lightning","Tiny Chest","hexamod:IceCube","StuffTheSpire:Mouthbags","Mummified Hand","downfall:HeartBlessingRed","downfall:HeartBlessingBlue"],"acts_visited":["Exordium","TheCity","TheBeyond"],"potions_floor_usage":[16,16,16,16,16,19,19,22,29,33,33,37,39,40,40,44],"damage_taken":[{"damage":2.0,"enemies":"Jaw Worm","floor":2.0,"turns":4.0},{"damage":0.0,"enemies":"downfall:FleeingMerchant","floor":3.0,"turns":4.0},{"damage":0.0,"enemies":"Cultist","floor":5.0,"turns":4.0},{"damage":0.0,"enemies":"Small Slimes","floor":9.0,"turns":4.0},{"damage":39.0,"enemies":"Gremlin Nob","floor":10.0,"turns":6.0},{"damage":15.0,"enemies":"downfall:FleeingMerchant","floor":11.0,"turns":4.0},{"damage":1,"enemies":"downfall:FleeingMerchant","floor":13,"turns":4},{"damage":15,"enemies":"Exordium Thugs","floor":14,"turns":7},{"damage":7,"enemies":"Blue Slaver","floor":15,"turns":5},{"damage":4,"enemies":"DF_ARCHETYPE_STREAMLINE","floor":16,"turns":10},{"damage":0,"enemies":"Spheric Guardian","floor":19,"turns":1},{"damage":3,"enemies":"downfall:FleeingMerchant","floor":20,"turns":4},{"damage":17,"enemies":"downfall:LooterAlt2","floor":21,"turns":6},{"damage":27,"enemies":"Chosen and Byrds","floor":22,"turns":7},{"damage":0,"enemies":"Cultist and Chosen","floor":29,"turns":5},{"damage":4,"enemies":"Snecko","floor":31,"turns":5},{"damage":29,"enemies":"Chosen and Byrds","floor":32,"turns":9},{"damage":15,"enemies":"WA_ARCHETYPE_CALM","floor":33,"turns":10},{"damage":5,"enemies":"3 Shapes","floor":36,"turns":7},{"damage":24,"enemies":"3 Darklings","floor":37,"turns":5},{"damage":26,"enemies":"Jaw Worm Horde","floor":39,"turns":5},{"damage":6,"enemies":"downfall:FleeingMerchant","floor":40,"turns":4},{"damage":7,"enemies":"Transient","floor":43,"turns":5},{"damage":11,"enemies":"Sphere and 2 Shapes","floor":44,"turns":6},{"damage":50,"enemies":"Spire Growth","floor":46,"turns":7},{"damage":6,"enemies":"Nemesis","floor":47,"turns":2}],"seed_played":"-1828860589183715403","potions_obtained":[{"floor":9.0,"key":"Fruit Juice"},{"floor":14,"key":"ColorlessPotion"},{"floor":14,"key":"EntropicBrew"},{"floor":15,"key":"PowerPotion"},{"floor":16,"key":"LiquidMemories"},{"floor":16,"key":"Fire Potion"},{"floor":20,"key":"sneckomod:MuddlingPotion"},{"floor":21,"key":"Block Potion"},{"floor":22,"key":"Swift Potion"},{"floor":29,"key":"Energy Potion"},{"floor":31,"key":"EssenceOfSteel"},{"floor":32,"key":"Regen Potion"},{"floor":33,"key":"hexamod:EctoCoolerPotion"},{"floor":36,"key":"SkillPotion"},{"floor":36,"key":"hexamod:SoulburnPotion"},{"floor":37,"key":"hexamod:EctoCoolerPotion"},{"floor":37,"key":"PowerPotion"},{"floor":39,"key":"Block Potion"},{"floor":40,"key":"Slimebound:ThreeZeroPotion"},{"floor":43,"key":"SpeedPotion"},{"floor":44,"key":"GamblersBrew"}],"is_trial":false,"path_per_floor":["R","M","$","?","M","R","T","R","M","E","$","?","$","M","M","B",null,"R","M","$","M","M","R","T","R","?","T","R","M","R","M","M","B",null,"R","M","M","?","M","$","T","R","M","M","R","M","E"],"character_chosen":"THE_SPIRIT","items_purchased":["hexamod:HexaLevel","Bandage Up","hexamod:FourthSeal","hexamod:GhostOfSpireFuture"],"campfire_rested":2,"item_purchase_floors":[3,11,13,20],"current_hp_per_floor":[70,68,68,68,68,68,68,68,68,34,19,19,22,11,8,10,75,75,75,72,59,36,36,36,58,58,58,58,62,62,62,37,41,75,75,70,50,50,28,26,26,26,23,16,51,5,0,0,0],"gold":56,"neow_bonus":"TRANSFORM_CARD","is_daily":false,"chose_seed":false,"campfire_upgraded":8,"win_rate":0.0,"timestamp":1613981839,"path_taken":["R","M","$","?","?","R","T","R","M","E","$","?","?","M","M","BOSS","R","M","$","M","M","R","T","R","?","?","R","M","R","M","M","BOSS","R","M","M","?","M","$","T","R","M","M","R","M","E"],"items_purchased_type":["Card","Card","Card","Card"],"build_version":"2020-12-22","purchased_purges":3,"victory":false,"max_hp_per_floor":[70,70,70,70,70,70,70,70,70,75,75,75,75,75,75,75,75,75,75,75,75,75,75,75,75,75,75,75,75,75,75,75,75,75,75,75,75,75,75,75,75,75,75,75,85,85,85,85,85],"card_choices":[{"not_picked":["hexamod:HauntingEcho","hexamod:ShieldOfDarkness"],"picked":"hexamod:FastForward","floor":2.0},{"not_picked":["hexamod:UnleashSpirits","hexamod:HauntingEcho"],"picked":"hexamod:Rewind","floor":3.0},{"not_picked":["hexamod:ShieldOfDarkness","hexamod:Hexaguard"],"picked":"hexamod:GhostflameBarrier","floor":5.0},{"not_picked":["hexamod:RetreatToShadows","hexamod:Hexaguard"],"picked":"hexamod:FastForward","floor":9.0},{"not_picked":["hexamod:FastForward","hexamod:Hexaguard"],"picked":"hexamod:ShieldOfDarkness","floor":10.0},{"not_picked":["hexamod:HeatCrush","hexamod:FastForward"],"picked":"hexamod:VolcanoVisage","floor":11.0},{"not_picked":["hexamod:Hexaguard","hexamod:PhantomCloak"],"picked":"hexamod:GhostOfSpirePast","floor":13},{"not_picked":["hexamod:PhantomCloak","hexamod:EtherealExpedition"],"picked":"hexamod:ShieldOfDarkness","floor":14},{"not_picked":["hexamod:Hexaguard","hexamod:FastForward"],"picked":"hexamod:PowerFromBeyond","floor":15},{"not_picked":["hexamod:Toasty","hexamod:SearingWound"],"picked":"hexamod:TimeWarp","floor":16},{"not_picked":["hexamod:HauntingEcho","hexamod:Hexaguard"],"picked":"hexamod:GhostOfSpirePast","floor":19},{"not_picked":["hexamod:HeatCrush","hexamod:DynamicBlow"],"picked":"hexamod:PowerFromBeyond","floor":20},{"not_picked":["hexamod:Hexaguard","hexamod:ExtraCrispy"],"picked":"hexamod:FastForward","floor":21},{"not_picked":["hexamod:HauntingEcho","hexamod:FastForward+1"],"picked":"hexamod:Hexaguard+1","floor":22},{"not_picked":["hexamod:Hexaguard","hexamod:PowerFromBeyond"],"picked":"hexamod:TimeOfNeed","floor":29},{"not_picked":["hexamod:HauntingEcho+1","hexamod:ChargedBarrage"],"picked":"hexamod:Hexaguard","floor":31},{"not_picked":["hexamod:GhostflameBarrier","hexamod:FastForward","hexamod:Again"],"picked":"SKIP","floor":32},{"not_picked":["hexamod:TimeOfNeed","hexamod:ParanormalForm"],"picked":"hexamod:UnlimitedPower","floor":33},{"not_picked":["hexamod:ShieldOfDarkness","hexamod:Hexaguard+1","hexamod:HeatShield+1"],"picked":"SKIP","floor":36},{"not_picked":["hexamod:FastForward","hexamod:Hexaguard+1"],"picked":"hexamod:StepThrough+1","floor":37},{"not_picked":["hexamod:Hexaguard+1","hexamod:ExtraCrispy+1","hexamod:FastForward+1"],"picked":"SKIP","floor":39},{"not_picked":["hexamod:Hexaguard","hexamod:ShieldOfDarkness+1","hexamod:HauntingEcho+1"],"picked":"SKIP","floor":40},{"not_picked":["hexamod:ShieldOfDarkness+1","hexamod:HauntingEcho"],"picked":"hexamod:SecondSeal","floor":43},{"not_picked":["hexamod:FastForward+1","hexamod:Hexaguard","hexamod:HauntingEcho+1"],"picked":"SKIP","floor":44},{"not_picked":["hexamod:Hexaguard","hexamod:HauntingEcho"],"picked":"hexamod:GiftsFromTheDead","floor":46}],"player_experience":374798,"relics_obtained":[{"floor":7.0,"key":"Bottled Lightning"},{"floor":10.0,"key":"Tiny Chest"},{"floor":24,"key":"StuffTheSpire:Mouthbags"},{"floor":27,"key":"Mummified Hand"}],"event_choices":[],"is_beta":false,"boss_relics":[{"not_picked":["Empty Cage","Coffee Dripper"],"picked":"hexamod:IceCube"},{"not_picked":["StuffTheSpire:RunicConfusion","hubris:VirtuousBlindfold","Sozu"]}],"items_purged_floors":[13,20,40],"is_endless":false,"potions_floor_spawned":[9,14,15,16,21,29,31,36,37,44],"killed_by":"Nemesis","ascension_level":0}}