{"host":"otnudku6n3tqcmrv","time":1613988237,"event":{"mods":["BaseMod","Colored Map","DeckTracker","Keyboard Shortcuts","Minty Spire (QoL Compilation)","Quick Restart","StSLib","SuperFastMode","The Senshi","Waifu the Spire","everything is the same but u backflip on backflip"],"gold_per_floor":[116,116,41,41,116,16,36,76,123,167,167,42,61,86,86,209,209,230,230,230,230],"floor_reached":20,"language":"KOR","playtime":412,"items_purged":["theSenshi:SailorKick","theSenshi:SailorBlock","theSenshi:SailorKick"],"score":226,"play_id":"3fec3d8f-5380-4d28-8152-244dc351bcb8","local_time":"20210222190357","is_ascension_mode":true,"campfire_choices":[{"data":"theSenshi:MoonCosmicPowerMakeUp","floor":11,"key":"SMITH"},{"floor":15,"key":"REST"}],"circlet_count":0,"master_deck":["theSenshi:RoseThrow","theSenshi:MoonPrismPowerMakeUp","theSenshi:MoonPunch","theSenshi:TuxedoSmokingBomber","theSenshi:WarriorOfTheMoon","theSenshi:MoonCosmicPowerMakeUp+1","theSenshi:MoonSpiralHeartAttack","theSenshi:YouCanTalk","theSenshi:FatedKiss","theSenshi:MoonSpiralHeartAttack","theSenshi:ChibiMoonsLove","theSenshi:UranusStrength","theSenshi:YouCanTalk","theSenshi:MoonsReflection","theSenshi:PlutosSolemnity"],"relics":["theSenshi:TransformationBroochRelic","NeowsBlessing","Golden Idol","Pen Nib","Vajra","theSenshi:SailorFukuRelic","Pandora\u0027s Box"],"acts_visited":["Exordium","TheCity"],"potions_floor_usage":[16,20],"damage_taken":[{"damage":0,"enemies":"Jaw Worm","floor":1,"turns":1},{"damage":0,"enemies":"2 Louse","floor":7,"turns":1},{"damage":0,"enemies":"Gremlin Nob","floor":8,"turns":1},{"damage":21,"enemies":"3 Sentries","floor":10,"turns":7},{"damage":0,"enemies":"Cultist","floor":13,"turns":4},{"damage":18,"enemies":"Exordium Thugs","floor":14,"turns":6},{"damage":26,"enemies":"The Guardian","floor":16,"turns":11},{"damage":58,"enemies":"Spheric Guardian","floor":18,"turns":7},{"damage":22,"enemies":"Shell Parasite","floor":20,"turns":3}],"seed_played":"-82693165063438167","potions_obtained":[{"floor":1,"key":"Strength Potion"},{"floor":8,"key":"LiquidMemories"},{"floor":14,"key":"Explosive Potion"},{"floor":16,"key":"EssenceOfSteel"}],"is_trial":false,"path_per_floor":["M","?","$","?","?","$","M","E","T","E","R","$","M","M","R","B",null,"M","?","M"],"character_chosen":"THE_SENSHI","items_purchased":[],"campfire_rested":1,"item_purchase_floors":[],"current_hp_per_floor":[75,69,69,69,58,58,58,58,58,37,37,37,37,19,39,13,69,21,21,0,0],"gold":230,"neow_bonus":"THREE_ENEMY_KILL","is_daily":false,"chose_seed":false,"campfire_upgraded":1,"win_rate":0.0,"timestamp":1613988237,"path_taken":["M","?","$","?","?","?","?","E","T","E","R","$","M","M","R","BOSS","M","?","M"],"items_purchased_type":[],"build_version":"2020-12-22","purchased_purges":3,"victory":false,"max_hp_per_floor":[75,69,69,69,69,69,69,69,69,69,69,69,69,69,69,69,69,69,69,69,69],"card_choices":[{"not_picked":["theSenshi:LunaWiseMentor","theSenshi:SailorPlanetPower"],"picked":"theSenshi:MoonPunch","floor":1},{"not_picked":["theSenshi:SailorMercuryAssists","theSenshi:MoonPower"],"picked":"theSenshi:TuxedoSmokingBomber","floor":7},{"not_picked":["theSenshi:LunasBite","theSenshi:MoonPower"],"picked":"theSenshi:WarriorOfTheMoon","floor":8},{"not_picked":["theSenshi:LunaWiseMentor","theSenshi:MoonKick"],"picked":"theSenshi:MoonCosmicPowerMakeUp","floor":10},{"not_picked":["theSenshi:SailorMercuryAssists","theSenshi:TallSilhouette"],"picked":"theSenshi:MoonSpiralHeartAttack","floor":13},{"not_picked":["theSenshi:SailorChibiMoonAssists","theSenshi:MoonPrincessHalation"],"picked":"theSenshi:YouCanTalk","floor":14},{"not_picked":["theSenshi:GlimpseOfThePast","theSenshi:JupitersPower"],"picked":"theSenshi:FatedKiss","floor":16},{"not_picked":["theSenshi:MoonCosmicPowerMakeUp","theSenshi:LunasBite"],"picked":"theSenshi:PlutosSolemnity","floor":18}],"player_experience":1313260,"relics_obtained":[{"floor":8,"key":"Pen Nib"},{"floor":9,"key":"Vajra"},{"floor":10,"key":"theSenshi:SailorFukuRelic"}],"event_choices":[{"damage_healed":0,"gold_gain":0,"player_choice":"Lose Max HP","damage_taken":0,"relics_obtained":["Golden Idol"],"max_hp_gain":0,"max_hp_loss":6,"event_name":"Golden Idol","floor":2,"gold_loss":0},{"damage_healed":0,"gold_gain":0,"player_choice":"Ignored","damage_taken":0,"max_hp_gain":0,"max_hp_loss":0,"event_name":"Liars Game","floor":4,"gold_loss":0},{"damage_healed":0,"gold_gain":75,"player_choice":"Gather Gold","damage_taken":11,"max_hp_gain":0,"max_hp_loss":0,"event_name":"World of Goop","floor":5,"gold_loss":0},{"damage_healed":0,"gold_gain":0,"player_choice":"Ignored","damage_taken":0,"max_hp_gain":0,"max_hp_loss":0,"event_name":"Cursed Tome","floor":19,"gold_loss":0}],"is_beta":false,"boss_relics":[{"not_picked":["Black Star","Cursed Key"],"picked":"Pandora\u0027s Box"}],"items_purged_floors":[3,6,12],"is_endless":false,"potions_floor_spawned":[1,8,14,16],"killed_by":"Shell Parasite","ascension_level":2}}