{"host":"b9id4afcchnn1rfb","time":1613996196,"event":{"mods":["Act Like it!","BaseMod","Better Note","Colored Map","Colored Powertips","Hallownest","Hermit","Infinite Spire","Minty Spire (QoL Compilation)","StSLib","SuperFastMode","The Death Knight","The Necromancer"],"gold_per_floor":[119,119,0,0,10,37,57,57,84,102,114,142,142,160,160,160,160],"floor_reached":16,"language":"ENG","playtime":347,"items_purged":[],"score":196,"play_id":"d3be926d-f802-4740-9be5-fc00b9e187b1","local_time":"20210222131636","is_ascension_mode":true,"campfire_choices":[{"data":"Consume","floor":8,"key":"SMITH"},{"data":"Capacitor","floor":13,"key":"SMITH"},{"data":"Chill","floor":15,"key":"SMITH"}],"circlet_count":0,"master_deck":["AscendersBane","Strike_B","Strike_B","Strike_B","Strike_B","Defend_B","Defend_B","Defend_B","Defend_B","Zap","Dualcast","Loop+1","Force Field","Consume+1","Chill+1","Glacier","Capacitor+1","FTL","Barrage"],"relics":["Cracked Core","NeowsBlessing","infinitespire:Satchel","Hallownest:DreamNailRelic","Vajra","Toy Ornithopter","Art of War"],"acts_visited":["Exordium"],"potions_floor_usage":[12,16],"damage_taken":[{"damage":0,"enemies":"Hallownest:monsterHuskWarrior","floor":1,"turns":1},{"damage":0,"enemies":"Hallownest:monsterHuskGuard","floor":5,"turns":1},{"damage":0,"enemies":"Hallownest:eliteMossKnight","floor":6,"turns":1},{"damage":3,"enemies":"Hallownest:2_Baldur","floor":7,"turns":3},{"damage":2,"enemies":"Hallownest:monsterMossCharger","floor":10,"turns":3},{"damage":10,"enemies":"Hallownest:2_Tiktiks_1_Baldur_1_Crawlid","floor":11,"turns":8},{"damage":1,"enemies":"Hallownest:eliteVengeflyKing","floor":12,"turns":6},{"damage":18,"enemies":"Hallownest:Guard_and_Warrior","floor":14,"turns":5},{"damage":51,"enemies":"Hallownest:BossHornet","floor":16,"turns":5}],"seed_played":"2569098101017915130","potions_obtained":[{"floor":1,"key":"SneckoOil"},{"floor":5,"key":"GamblersBrew"},{"floor":10,"key":"SteroidPotion"},{"floor":12,"key":"GamblersBrew"},{"floor":14,"key":"Explosive Potion"}],"is_trial":false,"path_per_floor":["M","?","?","?","M","E","M","R","T","M","M","E","R","M","R","B"],"character_chosen":"DEFECT","items_purchased":[],"campfire_rested":0,"item_purchase_floors":[],"current_hp_per_floor":[68,68,68,68,68,68,65,65,65,63,53,57,57,39,39,0,0],"gold":160,"neow_bonus":"THREE_ENEMY_KILL","is_daily":false,"chose_seed":false,"campfire_upgraded":3,"win_rate":0.0,"timestamp":1613996196,"path_taken":["M","?","?","?","M","E","M","R","T","?","?","E","R","M","R","BOSS"],"items_purchased_type":[],"build_version":"2020-12-22","purchased_purges":0,"victory":false,"max_hp_per_floor":[75,75,75,75,75,75,75,75,75,75,75,75,75,75,75,75,75],"card_choices":[{"not_picked":["Cold Snap","Stack"],"picked":"Loop","floor":1},{"not_picked":["FTL","Redo"],"picked":"Force Field","floor":5},{"not_picked":["Double Energy","Turbo"],"picked":"Consume","floor":6},{"not_picked":["Barrage","Genetic Algorithm"],"picked":"Chill","floor":7},{"not_picked":["Scrape","Leap"],"picked":"Glacier","floor":10},{"not_picked":["Buffer","Sunder"],"picked":"Capacitor","floor":11},{"not_picked":["Auto Shields","Rip and Tear"],"picked":"FTL","floor":12},{"not_picked":["Sweeping Beam","Hologram"],"picked":"Barrage","floor":14}],"player_experience":503038,"relics_obtained":[{"floor":6,"key":"Vajra"},{"floor":9,"key":"Toy Ornithopter"},{"floor":12,"key":"Art of War"}],"event_choices":[],"is_beta":false,"boss_relics":[],"items_purged_floors":[],"is_endless":false,"potions_floor_spawned":[1,5,10,12,14],"killed_by":"Hallownest:BossHornet","ascension_level":10}}