{"host":"g907ck67u7c3hrs6","time":1613964578,"event":{"mods":["BaseMod","Colored Map","DeckTracker","Force Act Four","Highlight Path","Keyboard Shortcuts","Minty Spire (QoL Compilation)","Permanent Neow","Say the Spire","SuperFastMode"],"gold_per_floor":[114,189,229,229,244,244,259,279,279,294,309,309,309],"floor_reached":12,"language":"KOR","playtime":327,"items_purged":[],"score":122,"play_id":"a3d3d151-78cd-4941-8d26-c8113caced88","local_time":"20210222122938","daily_mods":["Shiny","Diverse","Binary"],"is_ascension_mode":false,"campfire_choices":[{"data":"Machine Learning","floor":6,"key":"SMITH"}],"circlet_count":0,"master_deck":["Judgement","ConjureBlade","MasterReality","Brilliance","Devotion","Blasphemy","Ragnarok","LessonLearned","Scrawl","Vault","Alpha","Wish","Omniscience","Establishment","SpiritShield","DevaForm","DeusExMachina","Multi-Cast","Hyperbeam","Thunder Strike","Biased Cognition","Machine Learning+1","Electrodynamics","Buffer","Rainbow","Seek","Meteor Strike","Echo Form","All For One","Reboot","Amplify","Creative AI","Fission","Core Surge","Venomology","Corpse Explosion","Malaise","Phantasmal Killer","Die Die Die","Adrenaline","Envenom","Doppelganger","Burst","Wraith Form v2","Tools of the Trade","Night Terror","Unload","After Image","Bullet Time","Storm of Steel","Glass Knife","A Thousand Cuts","Grand Finale","Double Tap","Demon Form","Bludgeon","Feed","Limit Break","Corruption","Barricade","Fiend Fire","Berserk","Impervious","Juggernaut","Brutality","Reaper","Exhume","Offering","Immolate","Backflip","Regret","Escape Plan"],"relics":["Cracked Core","Singing Bowl","Odd Mushroom","Mummified Hand"],"acts_visited":["Exordium"],"potions_floor_usage":[],"damage_taken":[{"damage":0,"enemies":"2 Louse","floor":1,"turns":3},{"damage":6,"enemies":"Small Slimes","floor":3,"turns":2},{"damage":11,"enemies":"Jaw Worm","floor":5,"turns":4},{"damage":0,"enemies":"2 Fungi Beasts","floor":7,"turns":2},{"damage":14,"enemies":"The Mushroom Lair","floor":8,"turns":6},{"damage":10,"enemies":"Gremlin Gang","floor":10,"turns":3},{"damage":22,"enemies":"Exordium Wildlife","floor":11,"turns":2},{"damage":14,"enemies":"Gremlin Nob","floor":12,"turns":2}],"seed_played":"-9004314451342404475","potions_obtained":[{"floor":8,"key":"SmokeBomb"},{"floor":10,"key":"FocusPotion"},{"floor":11,"key":"SneckoOil"}],"is_trial":false,"path_per_floor":["M","?","M","?","M","R","M","?","T","M","M","E"],"character_chosen":"DEFECT","items_purchased":[],"campfire_rested":0,"item_purchase_floors":[],"current_hp_per_floor":[75,64,58,58,49,49,52,40,40,32,12,0,0],"gold":309,"neow_bonus":"","is_daily":true,"chose_seed":false,"campfire_upgraded":1,"win_rate":0.0,"timestamp":1613964578,"path_taken":["M","?","M","?","M","R","M","?","T","M","?","E"],"items_purchased_type":[],"build_version":"2020-12-22","purchased_purges":0,"victory":false,"max_hp_per_floor":[75,75,75,75,77,77,80,82,82,84,86,86,86],"card_choices":[{"not_picked":["Underhanded Strike"],"picked":"Backflip","floor":1},{"not_picked":["Masterful Stab","Pommel Strike"],"picked":"SKIP","floor":3},{"not_picked":["Poisoned Stab","Entrench"],"picked":"Singing Bowl","floor":5},{"not_picked":["Flechettes"],"picked":"Escape Plan","floor":7},{"not_picked":["Crippling Poison","Wireheading"],"picked":"Singing Bowl","floor":8},{"not_picked":["CutThroughFate","Go for the Eyes"],"picked":"Singing Bowl","floor":10},{"not_picked":["Iron Wave","Redo"],"picked":"Singing Bowl","floor":11}],"player_experience":339311,"relics_obtained":[{"floor":8,"key":"Odd Mushroom"},{"floor":9,"key":"Mummified Hand"}],"event_choices":[{"damage_healed":0,"gold_gain":75,"player_choice":"Gather Gold","damage_taken":11,"max_hp_gain":0,"max_hp_loss":0,"event_name":"World of Goop","floor":2,"gold_loss":0},{"damage_healed":0,"gold_gain":0,"player_choice":"Box","damage_taken":0,"relics_obtained":["Singing Bowl"],"max_hp_gain":0,"max_hp_loss":0,"event_name":"Big Fish","floor":4,"gold_loss":0,"cards_obtained":["Regret"]},{"damage_healed":0,"gold_gain":0,"player_choice":"Fought Mushrooms","damage_taken":0,"max_hp_gain":0,"max_hp_loss":0,"event_name":"Mushrooms","floor":8,"gold_loss":0}],"is_beta":false,"boss_relics":[],"items_purged_floors":[],"is_endless":false,"potions_floor_spawned":[8,10,11],"killed_by":"Gremlin Nob","ascension_level":0}}