{"host":"117k4jqr844m944g","time":1613979322,"event":{"mods":["BaseMod","Downfall","Minty Spire (QoL Compilation)","StSLib","UnlockEverythingMod"],"gold_per_floor":[99,116,134,134,145,295,318,218,236,264,264,297,297,310,329,329,329,329],"floor_reached":16,"language":"ZHS","playtime":666,"items_purged":[],"score":140,"play_id":"e91e4095-9654-415b-b54c-5a3cbfdebfd3","local_time":"20210222153522","is_ascension_mode":true,"campfire_choices":[{"floor":1,"key":"RECALL"},{"data":"Guardian:MultiBeam","floor":8,"key":"SMITH"},{"data":"Guardian:RefractedBeam","floor":11,"key":"SMITH"},{"data":"Guardian:RefractedBeam+1","floor":13,"key":"SMITH"}],"circlet_count":0,"master_deck":["Guardian:Strike_Guardian","Guardian:Strike_Guardian","Guardian:Strike_Guardian","Guardian:Strike_Guardian","Guardian:Defend_Guardian","Guardian:Defend_Guardian","Guardian:Defend_Guardian","Guardian:Defend_Guardian","Guardian:CurlUp","Guardian:TwinSlam","Guardian:MultiBeam+1","Guardian:MultiBeam","Guardian:SentryBeam","downfall:Icky","Guardian:RefractedBeam+2","Guardian:ChargeUp","Guardian:Planning","Guardian:FuturePlans"],"relics":["Runic Pyramid","Tiny Chest","downfall:HeartBlessingRed","Smiling Mask","Pantograph"],"acts_visited":["Exordium"],"potions_floor_usage":[14],"damage_taken":[{"damage":0,"enemies":"Small Slimes","floor":2,"turns":3},{"damage":1,"enemies":"Cultist","floor":3,"turns":4},{"damage":2,"enemies":"Jaw Worm","floor":5,"turns":5},{"damage":11,"enemies":"Blue Slaver","floor":9,"turns":3},{"damage":10,"enemies":"3 Sentries","floor":10,"turns":4},{"damage":12,"enemies":"Lagavulin","floor":12,"turns":6},{"damage":9,"enemies":"Exordium Thugs","floor":14,"turns":3},{"damage":0,"enemies":"Gremlin Gang","floor":15,"turns":1},{"damage":63,"enemies":"WA_ARCHETYPE_RETAIN","floor":16,"turns":9}],"seed_played":"-3838852830313055408","potions_obtained":[{"floor":2,"key":"Energy Potion"},{"floor":9,"key":"Fire Potion"},{"floor":10,"key":"Slimebound:ThreeZeroPotion"}],"is_trial":false,"path_per_floor":["R","M","M","?","M","?","T","R","M","E","R","E","R","M","M","B"],"character_chosen":"GUARDIAN","items_purchased":[],"campfire_rested":0,"item_purchase_floors":[],"current_hp_per_floor":[80,80,79,79,77,77,77,77,66,56,56,44,44,35,35,0,0,0],"gold":329,"neow_bonus":"BOSS_RELIC","is_daily":false,"chose_seed":false,"campfire_upgraded":3,"win_rate":0.0,"timestamp":1613979322,"path_taken":["R","M","M","?","?","?","T","R","M","E","R","E","R","M","M","BOSS"],"items_purchased_type":[],"build_version":"2020-12-22","purchased_purges":0,"victory":false,"max_hp_per_floor":[80,80,80,80,80,80,80,80,80,80,80,80,80,80,80,80,80,80],"card_choices":[{"not_picked":["Guardian:Gem_Red","Guardian:FuturePlans"],"picked":"Guardian:MultiBeam","floor":2},{"not_picked":["Guardian:TimeBomb","Guardian:PrismaticBeam","Guardian:CrystalBeam"],"picked":"SKIP","floor":3},{"not_picked":["Guardian:PrimingBeam","Guardian:TimeBomb"],"picked":"Guardian:SentryBeam","floor":5},{"not_picked":["Guardian:VentSteam","Guardian:FloatingOrbs"],"picked":"Guardian:RefractedBeam","floor":9},{"not_picked":["Guardian:DonusPower","Guardian:DecasProtection"],"picked":"Guardian:ChargeUp","floor":10},{"not_picked":["Guardian:Recover","Guardian:Preprogram"],"picked":"Guardian:Planning","floor":12},{"not_picked":["Guardian:PiercingHide","Guardian:Gem_Lightblue","Guardian:TimeBomb"],"picked":"SKIP","floor":14},{"not_picked":["Guardian:TemporalShield","Guardian:PrimingBeam"],"picked":"Guardian:FuturePlans","floor":15}],"player_experience":105868,"relics_obtained":[{"floor":7,"key":"Tiny Chest"},{"floor":10,"key":"Smiling Mask"},{"floor":12,"key":"Pantograph"}],"event_choices":[],"is_beta":false,"boss_relics":[],"items_purged_floors":[],"is_endless":false,"potions_floor_spawned":[2,9,10],"killed_by":"WA_ARCHETYPE_RETAIN","ascension_level":5}}