{"host":"36t3qd3wjvajtu1z","time":1613952311,"event":{"mods":["2.2 Compatiblity","AchievementEnabler","BaseMod","Bestiary","Block Reminder","Colored Powertips","Curses Come First","Filter the Spire","Highlight Path","Minty Spire (QoL Compilation)","Permanent Neow","Quick Restart","Random Character Button","Rare Cards Sparkle","Relic Stats","Slay-I","StSLib","Unknown Chances"],"gold_per_floor":[109,122,122,134,35,35,63,63,87,99,115,141,141,174,174,245,245,260,274,274,290,62,62,75,104,131,131,148,174,188,221,221,221,221],"floor_reached":33,"language":"ENG","playtime":1809,"items_purged":[],"score":790,"play_id":"cbf40ea6-0570-41a1-a98e-fed642f558ae","local_time":"20210221160511","is_ascension_mode":true,"campfire_choices":[],"circlet_count":0,"master_deck":["AscendersBane","Strike_B","Strike_B","Defend_B","Defend_B","Defend_B","Defend_B","Dualcast","Dramatic Entrance","Defragment","Ball Lightning","Reprogram+1","Scrape","Scrape","Go for the Eyes","Machine Learning+1","FTL","Beam Cell+1","Echo Form","Conserve Battery+1","Fission+1","Skim+1","Dramatic Entrance","Melter","Blind+1","Hologram+1","Scrape","Gash+1","Steam+1","Steam+1","Steam Power+1","Conserve Battery+1"],"relics":["Cracked Core","Happy Flower","Bag of Preparation","Toy Ornithopter","Toxic Egg 2","Nuclear Battery","Frozen Egg 2","Anchor","Ornamental Fan","Lantern"],"acts_visited":["Exordium","TheCity"],"potions_floor_usage":[],"damage_taken":[],"seed_played":"713931389691454053","potions_obtained":[],"is_trial":false,"path_per_floor":[],"character_chosen":"DEFECT","items_purchased":[],"campfire_rested":3,"item_purchase_floors":[],"current_hp_per_floor":[],"gold":221,"neow_bonus":"RANDOM_COLORLESS","is_daily":false,"chose_seed":false,"campfire_upgraded":3,"win_rate":0.0,"timestamp":1613952311,"path_taken":[],"items_purchased_type":["Card","Card","Card","Card"],"build_version":"2020-12-22","purchased_purges":1,"victory":false,"max_hp_per_floor":[],"relic_stats":{"Happy Flower":[22],"counters":[19,81],"Ornamental Fan":[64],"Bag of Preparation":[30],"obtain_stats":[{"Anchor":26,"Lantern":31,"Happy Flower":7,"Ornamental Fan":29,"Bag of Preparation":9,"Toxic Egg 2":14,"Frozen Egg 2":25,"Cracked Core":0,"Toy Ornithopter":12,"Nuclear Battery":17},{"Anchor":14,"Lantern":18,"Happy Flower":4,"Ornamental Fan":16,"Bag of Preparation":4,"Toxic Egg 2":8,"Frozen Egg 2":14,"Cracked Core":0,"Toy Ornithopter":7,"Nuclear Battery":9},{"Anchor":56,"Lantern":72,"Happy Flower":14,"Ornamental Fan":63,"Bag of Preparation":14,"Toxic Egg 2":29,"Frozen Egg 2":56,"Cracked Core":0,"Toy Ornithopter":24,"Nuclear Battery":38}],"Toy Ornithopter":25},"card_choices":[],"player_experience":571311,"relics_obtained":[],"event_choices":[],"is_beta":false,"boss_relics":[],"items_purged_floors":[],"is_endless":false,"potions_floor_spawned":[],"killed_by":"Collector","ascension_level":17}}