{"host":"BaronFel","time":1613957705,"event":{"mods":["BaseMod","Filter the Spire","Highlight Path","Minty Spire (QoL Compilation)","Relic Stats","ojb\u0027s Info Mod"],"gold_per_floor":[365,46,58,74,74,74,91,101,101,132,132,132,163,174,174,248,248,260,278,278,7,57,57,77,104,131,131,151,151,151,151],"floor_reached":30,"language":"ENG","playtime":1779,"items_purged":[],"score":545,"play_id":"86112986-0ed8-4f8c-8b84-d290d8a101c4","local_time":"20210221193505","is_ascension_mode":true,"campfire_choices":[{"floor":6.0,"key":"REST"},{"floor":11.0,"key":"REST"},{"data":"Footwork","floor":15,"key":"SMITH"},{"data":"Crippling Poison","floor":23,"key":"SMITH"},{"floor":27,"key":"REST"},{"data":"Dodge and Roll","floor":29,"key":"SMITH"}],"circlet_count":0,"master_deck":["AscendersBane","Defend_G","Defend_G","Defend_G","Defend_G","Defend_G","Survivor","Neutralize","Blade Dance","Footwork+1","Phantasmal Killer","Blade Dance","Poisoned Stab","Dodge and Roll+1","Corpse Explosion","Sucker Punch+1","Crippling Poison+1","Bite","Bite","Bite","Bite","Bite","Dodge and Roll"],"relics":["Ring of the Snake","TwistedFunnel","Potion Belt","Incense Burner","Lizard Tail","Tough Bandages","Philosopher\u0027s Stone","Shuriken","Girya","Smiling Mask"],"acts_visited":["Exordium","TheCity"],"potions_floor_usage":[25,28],"damage_taken":[{"damage":30.0,"enemies":"Cultist","floor":1.0,"turns":7.0},{"damage":7.0,"enemies":"2 Louse","floor":3.0,"turns":2.0},{"damage":5.0,"enemies":"Small Slimes","floor":4.0,"turns":3.0},{"damage":5.0,"enemies":"3 Louse","floor":7.0,"turns":4.0},{"damage":0.0,"enemies":"2 Fungi Beasts","floor":8.0,"turns":2.0},{"damage":34.0,"enemies":"Gremlin Nob","floor":10.0,"turns":4.0},{"damage":30,"enemies":"Lagavulin","floor":13,"turns":6},{"damage":9,"enemies":"Exordium Wildlife","floor":14,"turns":3},{"damage":17,"enemies":"Hexaghost","floor":16,"turns":12},{"damage":7,"enemies":"3 Byrds","floor":18,"turns":3},{"damage":12,"enemies":"Chosen","floor":19,"turns":5},{"damage":15,"enemies":"Snake Plant","floor":24,"turns":5},{"damage":44,"enemies":"Slavers","floor":25,"turns":6},{"damage":48,"enemies":"Sentry and Sphere","floor":28,"turns":15},{"damage":20,"enemies":"Cultist and Chosen","floor":30,"turns":3}],"seed_played":"-4194701553085318238","potions_obtained":[{"floor":1.0,"key":"BlessingOfTheForge"},{"floor":4.0,"key":"Regen Potion"},{"floor":16,"key":"Regen Potion"},{"floor":25,"key":"BlessingOfTheForge"},{"floor":28,"key":"CultistPotion"}],"is_trial":false,"path_per_floor":["M","$","M","M","?","R","M","M","T","E","R","?","E","M","R","B",null,"M","M","?","$","?","R","M","E","T","R","M","R","M"],"character_chosen":"THE_SILENT","items_purchased":["TwistedFunnel","Potion Belt","Shuriken"],"campfire_rested":3,"item_purchase_floors":[2,2,21],"current_hp_per_floor":[29,29,22,17,17,36,31,31,31,9,28,33,3,35,35,18,58,51,39,39,39,39,39,34,11,11,25,12,12,0,0],"gold":151,"neow_bonus":"TWO_FIFTY_GOLD","is_daily":false,"chose_seed":false,"campfire_upgraded":3,"win_rate":0.0,"timestamp":1613957705,"path_taken":["M","?","M","M","?","R","M","M","T","E","R","?","E","M","R","BOSS","M","M","?","$","?","R","M","E","T","R","M","R","M"],"items_purchased_type":["Relic","Relic","Relic"],"build_version":"2020-12-18","purchased_purges":0,"victory":false,"max_hp_per_floor":[66,66,66,66,66,66,66,66,66,66,66,71,71,71,71,71,71,71,71,49,49,49,49,49,49,49,49,49,49,49,49],"relic_stats":{"Lizard Tail":35,"Tough Bandages":[18],"counters":[15,80],"Shuriken":[7],"Smiling Mask":0,"obtain_stats":[{"TwistedFunnel":2,"Potion Belt":2,"Girya":25,"Lizard Tail":10,"Tough Bandages":13,"Shuriken":21,"Philosopher\u0027s Stone":17,"Incense Burner":9,"Smiling Mask":26,"Ring of the Snake":0},{"TwistedFunnel":1,"Potion Belt":1,"Girya":13,"Lizard Tail":6,"Tough Bandages":7,"Shuriken":11,"Philosopher\u0027s Stone":9,"Incense Burner":5,"Smiling Mask":13,"Ring of the Snake":0},{"TwistedFunnel":7,"Potion Belt":7,"Girya":62,"Lizard Tail":22,"Tough Bandages":28,"Shuriken":51,"Philosopher\u0027s Stone":43,"Incense Burner":18,"Smiling Mask":62,"Ring of the Snake":0}],"Ring of the Snake":[30]},"card_choices":[{"not_picked":["Dagger Spray","Deflect"],"picked":"Blade Dance","floor":1.0},{"not_picked":["Prepared","Underhanded Strike","PiercingWail"],"picked":"SKIP","floor":3.0},{"not_picked":["Dodge and Roll","Cloak And Dagger"],"picked":"Footwork","floor":4.0},{"not_picked":["PiercingWail","Outmaneuver","Setup"],"picked":"SKIP","floor":7.0},{"not_picked":["PiercingWail","Outmaneuver","Setup"],"picked":"SKIP","floor":7.0},{"not_picked":["Dagger Spray","Slice"],"picked":"Phantasmal Killer","floor":8.0},{"not_picked":["Noxious Fumes","Heel Hook"],"picked":"Blade Dance","floor":10.0},{"not_picked":["Flying Knee","Dagger Spray"],"picked":"Poisoned Stab","floor":13},{"not_picked":["Deflect","Skewer"],"picked":"Dodge and Roll","floor":14},{"not_picked":["Unload","Night Terror"],"picked":"Corpse Explosion","floor":16},{"not_picked":["Quick Slash","Blur"],"picked":"Sucker Punch+1","floor":18},{"not_picked":["Backflip","Slice"],"picked":"Crippling Poison","floor":19},{"not_picked":["Underhanded Strike","Poisoned Stab","Bane"],"picked":"SKIP","floor":24},{"not_picked":["Bouncing Flask","Sucker Punch"],"picked":"Dodge and Roll","floor":25},{"not_picked":["Bane","Riddle With Holes","Sucker Punch+1"],"picked":"SKIP","floor":28}],"player_experience":1183119,"relics_obtained":[{"floor":9.0,"key":"Incense Burner"},{"floor":10.0,"key":"Lizard Tail"},{"floor":13,"key":"Tough Bandages"},{"floor":25,"key":"Girya"},{"floor":26,"key":"Smiling Mask"}],"event_choices":[{"cards_removed":["Normality"],"damage_healed":0.0,"max_hp_gain":0.0,"max_hp_loss":0.0,"gold_gain":0.0,"event_name":"Living Wall","player_choice":"Forget","floor":5.0,"gold_loss":0.0,"damage_taken":0.0},{"damage_healed":0.0,"max_hp_gain":5.0,"max_hp_loss":0.0,"gold_gain":0.0,"event_name":"Big Fish","player_choice":"Donut","floor":12.0,"gold_loss":0.0,"damage_taken":0.0},{"damage_healed":0,"gold_gain":0,"player_choice":"Became a vampire","damage_taken":0,"max_hp_gain":0,"max_hp_loss":22,"event_name":"Vampires","floor":20,"gold_loss":0,"cards_obtained":["Bite","Bite","Bite","Bite","Bite"]},{"damage_healed":0,"gold_gain":50,"player_choice":"Stole From Cult","damage_taken":0,"max_hp_gain":0,"max_hp_loss":0,"event_name":"Nest","floor":22,"gold_loss":0}],"is_beta":true,"boss_relics":[{"not_picked":["Velvet Choker","Tiny House"],"picked":"Philosopher\u0027s Stone"}],"items_purged_floors":[],"is_endless":false,"potions_floor_spawned":[1,4,16,25,28],"killed_by":"Cultist and Chosen","ascension_level":20}}