{"host":"i29s15dsg0c43zmx","time":1613998583,"event":{"mods":["AchievementEnabler","BaseMod","Colored Map","Minty Spire (QoL Compilation)","StSLib"],"gold_per_floor":[111,64,80,97,47,72,72,72,151,166,166,55,55,87,87,183,183,198,198,198],"floor_reached":19,"language":"ENG","playtime":663,"items_purged":["Strike_P"],"score":175,"play_id":"94871187-f1f2-4409-8279-bfa26e7069a5","local_time":"20210222135623","is_ascension_mode":false,"campfire_choices":[{"data":"Eruption","floor":7,"key":"SMITH"},{"floor":11,"key":"REST"},{"floor":13,"key":"REST"},{"floor":15,"key":"REST"}],"circlet_count":0,"master_deck":["Strike_P","Strike_P","Strike_P","Defend_P","Defend_P","Defend_P","Defend_P","Eruption+1","Vigilance","Consecrate","Consecrate","ThirdEye","EmptyFist+1","Protect","Worship","EmptyBody","FollowUp+1","Wish"],"relics":["Black Star","Tiny Chest","Strawberry","Molten Egg 2","PreservedInsect","Dream Catcher","Busted Crown"],"acts_visited":["Exordium","TheCity"],"potions_floor_usage":[16,16],"damage_taken":[{"damage":0,"enemies":"Cultist","floor":1,"turns":2},{"damage":0,"enemies":"2 Louse","floor":3,"turns":1},{"damage":12,"enemies":"Small Slimes","floor":4,"turns":3},{"damage":35,"enemies":"Lagavulin","floor":6,"turns":6},{"damage":22,"enemies":"2 Fungi Beasts","floor":10,"turns":3},{"damage":18,"enemies":"3 Sentries","floor":14,"turns":5},{"damage":57,"enemies":"Hexaghost","floor":16,"turns":13},{"damage":15,"enemies":"Shell Parasite","floor":18,"turns":5},{"damage":78,"enemies":"Masked Bandits","floor":19,"turns":5}],"seed_played":"6971172385987951168","potions_obtained":[{"floor":10,"key":"SkillPotion"},{"floor":14,"key":"Strength Potion"},{"floor":16,"key":"SteroidPotion"}],"is_trial":false,"path_per_floor":["M","$","M","M","$","E","R","?","T","M","R","$","R","E","R","B",null,"M","?"],"character_chosen":"WATCHER","items_purchased":["Consecrate","EmptyFist","Worship"],"campfire_rested":3,"item_purchase_floors":[2,5,12],"current_hp_per_floor":[72,72,72,60,60,32,32,32,32,10,33,33,56,38,61,4,79,64,0,0],"gold":198,"neow_bonus":"BOSS_RELIC","is_daily":false,"chose_seed":false,"campfire_upgraded":1,"win_rate":0.0,"timestamp":1613998583,"path_taken":["M","$","M","M","$","E","R","?","T","?","R","$","R","E","R","BOSS","M","?"],"items_purchased_type":["Card","Card","Card"],"build_version":"2020-12-22","purchased_purges":1,"victory":false,"max_hp_per_floor":[72,72,72,72,72,79,79,79,79,79,79,79,79,79,79,79,79,79,79,79],"card_choices":[{"not_picked":["JustLucky","InnerPeace"],"picked":"Consecrate","floor":1},{"not_picked":["LikeWater","FlyingSleeves","SashWhip"],"picked":"SKIP","floor":3},{"not_picked":["Crescendo","Protect"],"picked":"ThirdEye","floor":4},{"not_picked":["InnerPeace","SashWhip","BowlingBash"],"picked":"SKIP","floor":6},{"not_picked":["Wireheading","Consecrate+1"],"picked":"Protect","floor":10},{"not_picked":["Vengeance","BattleHymn"],"picked":"EmptyBody","floor":14},{"not_picked":["Crescendo","WindmillStrike+1"],"picked":"FollowUp+1","floor":15},{"not_picked":["Omniscience","MasterReality"],"picked":"Wish","floor":16},{"not_picked":["JustLucky+1"],"picked":"SKIP","floor":18}],"player_experience":111697,"relics_obtained":[{"floor":6,"key":"Tiny Chest"},{"floor":6,"key":"Strawberry"},{"floor":9,"key":"Molten Egg 2"},{"floor":14,"key":"PreservedInsect"},{"floor":14,"key":"Dream Catcher"}],"event_choices":[{"damage_healed":0,"gold_gain":0,"player_choice":"Forge","damage_taken":0,"max_hp_gain":0,"max_hp_loss":0,"event_name":"Accursed Blacksmith","floor":8,"gold_loss":0,"cards_upgraded":["EmptyFist"]},{"damage_healed":0,"gold_gain":0,"player_choice":"Fought Bandits","damage_taken":0,"max_hp_gain":0,"max_hp_loss":0,"event_name":"Masked Bandits","floor":19,"gold_loss":0}],"is_beta":false,"boss_relics":[{"not_picked":["SlaversCollar","Runic Dome"],"picked":"Busted Crown"}],"items_purged_floors":[12],"is_endless":false,"potions_floor_spawned":[10,14,16],"killed_by":"Masked Bandits","ascension_level":0}}