{"host":"js2su9tbbk4rmjfl","time":1613952070,"event":{"mods":["AchievementEnabler","BaseMod","Block Reminder","Colored Map","Colored Powertips","Highlight Path","Minty Spire (QoL Compilation)","Relic Stats"],"gold_per_floor":[118,118,118,118,81,81,101,132,132,171,171,171,171,189,189,287,287,308,308,321,334,355,355,51,51,77,77,77],"floor_reached":27,"language":"ENG","playtime":1553,"items_purged":["Strike_R"],"score":476,"play_id":"a3a212cf-88a9-4023-b997-8dd41f499a6e","local_time":"20210222010110","is_ascension_mode":true,"campfire_choices":[{"data":"Cleave","floor":6,"key":"SMITH"},{"data":"Ghostly Armor","floor":11,"key":"SMITH"},{"data":"Bash","floor":13,"key":"SMITH"},{"data":"Defend_R","floor":15,"key":"SMITH"},{"data":"Fire Breathing","floor":23,"key":"SMITH"},{"data":"Mayhem","floor":25,"key":"SMITH"}],"circlet_count":0,"master_deck":["AscendersBane","Strike_R","Strike_R","Strike_R","Strike_R","Defend_R+1","Defend_R+1","Defend_R","Bash+1","Cleave+1","Flame Barrier+1","Fire Breathing+1","Battle Trance","Ghostly Armor+1","Fiend Fire","Power Through","Dropkick+1","Mayhem+1","Evolve"],"relics":["Burning Blood","NeowsBlessing","Golden Idol","Bag of Preparation","Sundial","Pear","Philosopher\u0027s Stone","Nloth\u0027s Gift","Regal Pillow"],"acts_visited":["Exordium","TheCity"],"potions_floor_usage":[16,20,21,22],"damage_taken":[{"damage":0,"enemies":"Small Slimes","floor":1,"turns":1},{"damage":0,"enemies":"2 Louse","floor":7,"turns":1},{"damage":0,"enemies":"3 Sentries","floor":8,"turns":1},{"damage":30,"enemies":"Lagavulin","floor":10,"turns":7},{"damage":0,"enemies":"Cultist","floor":14,"turns":3},{"damage":25,"enemies":"Slime Boss","floor":16,"turns":7},{"damage":5,"enemies":"Chosen","floor":18,"turns":4},{"damage":10,"enemies":"3 Byrds","floor":20,"turns":4},{"damage":15,"enemies":"Centurion and Healer","floor":21,"turns":9},{"damage":11,"enemies":"3 Cultists","floor":22,"turns":5},{"damage":54,"enemies":"Book of Stabbing","floor":27,"turns":5}],"seed_played":"-1794087242080597878","potions_obtained":[{"floor":7,"key":"Explosive Potion"},{"floor":16,"key":"LiquidMemories"},{"floor":18,"key":"Dexterity Potion"},{"floor":21,"key":"Explosive Potion"}],"is_trial":false,"path_per_floor":["M","?","?","?","?","R","M","E","T","E","R","T","R","M","R","B",null,"M","?","M","M","M","R","$","R","T","E"],"character_chosen":"IRONCLAD","items_purchased":["Mayhem","Evolve"],"campfire_rested":0,"item_purchase_floors":[24,24],"current_hp_per_floor":[74,68,68,48,48,48,54,60,60,46,46,46,46,54,54,35,69,70,70,66,57,52,52,52,52,52,0,0],"gold":77,"neow_bonus":"THREE_ENEMY_KILL","is_daily":false,"chose_seed":false,"campfire_upgraded":6,"win_rate":0.0,"timestamp":1613952070,"path_taken":["M","?","?","?","?","R","M","E","T","E","R","?","R","?","R","BOSS","M","?","M","M","?","R","?","R","T","E"],"items_purchased_type":["Card","Card"],"build_version":"2020-12-22","purchased_purges":1,"victory":false,"max_hp_per_floor":[75,68,68,68,68,68,68,68,68,78,78,78,78,80,80,80,80,80,80,80,80,80,80,80,80,80,80,80],"relic_stats":{"Regal Pillow":0,"counters":[11,47],"Golden Idol":56,"Sundial":[10],"Bag of Preparation":[16],"Nloth\u0027s Gift":1,"obtain_stats":[{"Regal Pillow":26,"Pear":10,"NeowsBlessing":0,"Singing Bowl":12,"Golden Idol":2,"Sundial":9,"Philosopher\u0027s Stone":17,"Bag of Preparation":8,"Nloth\u0027s Gift":19,"Burning Blood":0},{"Regal Pillow":10,"Pear":4,"NeowsBlessing":0,"Singing Bowl":4,"Golden Idol":1,"Sundial":3,"Philosopher\u0027s Stone":6,"Bag of Preparation":3,"Nloth\u0027s Gift":7,"Burning Blood":0},{"Regal Pillow":42,"Pear":10,"NeowsBlessing":0,"Singing Bowl":10,"Golden Idol":1,"Sundial":3,"Philosopher\u0027s Stone":20,"Bag of Preparation":3,"Nloth\u0027s Gift":24,"Burning Blood":0}],"Burning Blood":60},"card_choices":[{"not_picked":["Armaments","Headbutt"],"picked":"Cleave","floor":1},{"not_picked":["Flex","Disarm"],"picked":"Fire Breathing","floor":7},{"not_picked":["Perfected Strike","Burning Pact"],"picked":"Battle Trance","floor":8},{"not_picked":["Battle Trance","Wild Strike"],"picked":"Ghostly Armor","floor":10},{"not_picked":["Searing Blow","Flex","Sword Boomerang"],"picked":"Singing Bowl","floor":14},{"not_picked":["Double Tap","Demon Form"],"picked":"Fiend Fire","floor":16},{"not_picked":["Pommel Strike+1","Warcry"],"picked":"Power Through","floor":18},{"not_picked":["Limit Break","Carnage","Clash"],"picked":"SKIP","floor":20},{"not_picked":["Havoc","Body Slam","Perfected Strike"],"picked":"SKIP","floor":21},{"not_picked":["Pommel Strike","Reaper"],"picked":"Dropkick+1","floor":22}],"player_experience":893221,"relics_obtained":[{"floor":8,"key":"Bag of Preparation"},{"floor":9,"key":"Sundial"},{"floor":10,"key":"Pear"},{"floor":12,"key":"Singing Bowl"},{"floor":26,"key":"Regal Pillow"}],"event_choices":[{"damage_healed":0,"gold_gain":0,"player_choice":"Lose Max HP","damage_taken":0,"relics_obtained":["Golden Idol"],"max_hp_gain":0,"max_hp_loss":7,"event_name":"Golden Idol","floor":2,"gold_loss":0},{"damage_healed":0,"gold_gain":0,"cards_transformed":["Defend_R"],"player_choice":"Change","damage_taken":0,"max_hp_gain":0,"max_hp_loss":0,"event_name":"Living Wall","floor":3,"gold_loss":0,"cards_obtained":["Flame Barrier"]},{"damage_healed":0,"gold_gain":0,"player_choice":"Entered Light","damage_taken":20,"max_hp_gain":0,"max_hp_loss":0,"event_name":"Shining Light","floor":4,"gold_loss":0,"cards_upgraded":["Defend_R","Flame Barrier"]},{"damage_healed":0,"gold_gain":0,"player_choice":"Left Gold","damage_taken":0,"max_hp_gain":0,"max_hp_loss":0,"event_name":"World of Goop","floor":5,"gold_loss":37},{"damage_healed":0,"gold_gain":0,"player_choice":"Traded Relic","damage_taken":0,"relics_obtained":["Nloth\u0027s Gift"],"max_hp_gain":0,"max_hp_loss":0,"event_name":"N\u0027loth","floor":19,"relics_lost":["Singing Bowl"],"gold_loss":0}],"is_beta":false,"boss_relics":[{"not_picked":["Coffee Dripper","Busted Crown"],"picked":"Philosopher\u0027s Stone"}],"items_purged_floors":[24],"is_endless":false,"potions_floor_spawned":[7,16,18,21],"killed_by":"Book of Stabbing","ascension_level":19}}