{"host":"9kaxb8gkmgtddido","time":1613972283,"event":{"mods":["2.2 Compatiblity","AchievementEnabler","AlwaysNeverKeys","Aspiration","BaseMod","BetterRewards","Colored Map","Colored Powertips","Custom Start","DeckTracker","Downfall","Googly Eyes","Gremlin Mod","Gremlin Skip","Highlight Path","Hubris","Minty Spire (QoL Compilation)","Permanent Neow","Quick Restart","Rare Cards Sparkle","Relic Filter","Relic Sorter","Replay The Spire","Shop Mod","StSLib","SuperFastMode","Synergy Search","TheBandit"],"gold_per_floor":[212,212,228,248,259,284,284,301,337,43,57,85,85,100,100,199,199,218,233,134,153,165,165,40,40,71,71,83,83,83,94,94,189,189,206,206,206,169,169,169,169],"floor_reached":40,"language":"ENG","playtime":1671,"items_purged":["Defend_G","Strike_G","Strike_G"],"score":400,"play_id":"a48b555b-1db9-4746-96d8-ccd35af908f0","local_time":"20210222133803","is_ascension_mode":false,"campfire_choices":[{"data":"Infinite Blades","floor":7.0,"key":"SMITH"},{"data":"Choke","floor":13.0,"key":"SMITH"},{"floor":15.0,"key":"REST"},{"data":"Cloak And Dagger","floor":23.0,"key":"SMITH"},{"data":"Glass Knife","floor":25.0,"key":"SMITH"},{"floor":27.0,"key":"REST"},{"data":"Blade Dance","floor":29.0,"key":"SMITH"},{"data":"Blade Dance","floor":32.0,"key":"SMITH"}],"circlet_count":0,"master_deck":["Strike_G","Strike_G","Strike_G","Defend_G","Defend_G","Defend_G","Defend_G","Survivor","Neutralize+1","Hidden Blade","Deflect","Choke+1","ReplayTheSpireMod:Speed Training","Infinite Blades+1","Prepared","Backstab","Dodge and Roll","Blade Dance+1","Cloak And Dagger+1","Glass Knife+1","Dodge and Roll+1","Quick Slash","Dagger Throw","Backflip","Backflip+1","Blade Dance+1","ReplayTheSpireMod:Shiv Toss+1","A Thousand Cuts","Deflect+1"],"relics":["Ring of the Snake","Bag of Marbles","MerchantsRug","ClockworkSouvenir","Vajra","Replay:Ringing Soul","ReplayTheSpireMod:DimensionalGlitch","hubris:Icosahedron","Replay:Mystery Machine"],"acts_visited":["Exordium","TheCity","TheBeyond"],"potions_floor_usage":[],"damage_taken":[{"damage":0.0,"enemies":"2 Louse","floor":1.0,"turns":4.0},{"damage":3.0,"enemies":"Cultist","floor":3.0,"turns":7.0},{"damage":0.0,"enemies":"Jaw Worm","floor":4.0,"turns":3.0},{"damage":3.0,"enemies":"Exordium Wildlife","floor":5.0,"turns":3.0},{"damage":22.0,"enemies":"Gremlin Nob","floor":6.0,"turns":4.0},{"damage":0.0,"enemies":"2 Fungi Beasts","floor":8.0,"turns":3.0},{"damage":11.0,"enemies":"Blue Slaver","floor":9.0,"turns":8.0},{"damage":4.0,"enemies":"Blue Slaver","floor":11.0,"turns":3.0},{"damage":17.0,"enemies":"3 Sentries","floor":12.0,"turns":8.0},{"damage":0.0,"enemies":"3 Louse","floor":14.0,"turns":2.0},{"damage":1.0,"enemies":"Hexaghost","floor":16.0,"turns":7.0},{"damage":17.0,"enemies":"Shell Parasite","floor":18.0,"turns":4.0},{"damage":4.0,"enemies":"Spheric Guardian","floor":19.0,"turns":4.0},{"damage":4.0,"enemies":"3 Cultists","floor":21.0,"turns":6.0},{"damage":13.0,"enemies":"Chosen and Byrds","floor":22.0,"turns":5.0},{"damage":1.0,"enemies":"Snecko","floor":26.0,"turns":5.0},{"damage":1.0,"enemies":"Snecko","floor":28.0,"turns":3.0},{"damage":5.0,"enemies":"Cultist and Chosen","floor":31.0,"turns":5.0},{"damage":50.0,"enemies":"hubris:MusketHawk","floor":33.0,"turns":9.0},{"damage":9.0,"enemies":"Orb Walker","floor":35.0,"turns":3.0},{"damage":10.0,"enemies":"3 Darklings","floor":38.0,"turns":6.0},{"damage":0,"enemies":"Reptomancer","floor":40,"turns":1}],"seed_played":"4165198601588904552","potions_obtained":[{"floor":3.0,"key":"Venom Potion"},{"floor":6.0,"key":"Poison Potion"},{"floor":8.0,"key":"FearPotion"},{"floor":12.0,"key":"SkillPotion"},{"floor":14.0,"key":"Strength Potion"},{"floor":18.0,"key":"Swift Potion"},{"floor":28.0,"key":"Explosive Potion"},{"floor":31.0,"key":"DistilledChaos"},{"floor":35.0,"key":"EssenceOfSteel"}],"is_trial":false,"path_per_floor":["M","?","M","M","M","E","R","M","MIM","$","M","E","R","M","R","B",null,"M","M","$","M","M","R","$","R","MIM","R","M","R","?","M","R","B",null,"M","?","?","M","T","E"],"character_chosen":"THE_SILENT","items_purchased":["MerchantsRug","Dodge and Roll","ClockworkSouvenir","Vajra","Dagger Throw"],"campfire_rested":2,"item_purchase_floors":[10,10,10,20,20],"current_hp_per_floor":[70,70,67,67,64,42,42,42,31,31,27,10,10,10,31,30,70,53,49,49,45,32,32,32,32,31,52,54,54,54,52,52,5,79,73,73,73,63,63,63,63],"gold":169,"neow_bonus":"HUNDRED_GOLD","is_daily":false,"chose_seed":false,"campfire_upgraded":6,"win_rate":0.0,"timestamp":1613972283,"path_taken":["M","?","M","M","M","E","R","M","MIM","$","M","E","R","M","R","BOSS","M","M","$","?","M","R","$","R","MIM","R","M","R","?","M","R","BOSS","M","?","?","M","?","E"],"items_purchased_type":["Relic","Card","Relic","Relic","Card"],"build_version":"2020-12-22","purchased_purges":3,"victory":false,"max_hp_per_floor":[70,70,70,70,70,70,70,70,70,70,70,70,70,70,70,70,70,70,70,70,70,70,70,70,70,70,70,73,73,73,76,76,79,79,82,78,78,78,78,78,78],"card_choices":[{"not_picked":["Acrobatics","Prepared"],"picked":"Hidden Blade","floor":1.0},{"not_picked":["Toxin Wave","Flying Knee"],"picked":"Deflect","floor":3.0},{"not_picked":["PiercingWail","hubris:Counter"],"picked":"Choke","floor":4.0},{"not_picked":["hubris:SlightOfHand","Heel Hook"],"picked":"ReplayTheSpireMod:Speed Training","floor":5.0},{"not_picked":["Slice","Noxious Fumes"],"picked":"Infinite Blades","floor":6.0},{"not_picked":["Poisoned Stab","Sneak Up"],"picked":"Prepared","floor":8.0},{"not_picked":["PiercingWail","Sucker Punch"],"picked":"Backstab","floor":9.0},{"not_picked":["Deadly Poison","ReplayTheSpireMod:Tripwire","Dagger Spray"],"picked":"SKIP","floor":11.0},{"not_picked":["Accuracy","Die Die Die"],"picked":"Blade Dance","floor":12.0},{"not_picked":["Eviscerate","hubris:TrickCloak"],"picked":"Cloak And Dagger","floor":14.0},{"not_picked":["Doppelganger","Poison Darts"],"picked":"Glass Knife","floor":16.0},{"not_picked":["Slice","Deadly Poison+1"],"picked":"Dodge and Roll+1","floor":18.0},{"not_picked":["Expertise","Bane"],"picked":"Quick Slash","floor":19.0},{"not_picked":["Bane","Masterful Stab+1"],"picked":"Backflip","floor":21.0},{"not_picked":["Distraction","Acrobatics+1"],"picked":"Backflip+1","floor":22.0},{"not_picked":["Bane","Skewer+1"],"picked":"Blade Dance","floor":28.0},{"not_picked":["Noxious Fumes","ReplayTheSpireMod:Tripwire"],"picked":"ReplayTheSpireMod:Shiv Toss+1","floor":31.0},{"not_picked":["Envenom","After Image"],"picked":"A Thousand Cuts","floor":33.0},{"not_picked":["PiercingWail+1","ReplayTheSpireMod:The Works+1"],"picked":"Deflect+1","floor":35.0},{"not_picked":["Quick Slash","Expertise+1","Acrobatics"],"picked":"SKIP","floor":38.0}],"player_experience":721124,"relics_obtained":[{"floor":6.0,"key":"hubris:Zylophone"},{"floor":9.0,"key":"Bag of Marbles"},{"floor":12.0,"key":"Centennial Puzzle"},{"floor":26.0,"key":"Replay:Ringing Soul"},{"floor":39.0,"key":"Replay:Mystery Machine"}],"event_choices":[{"damage_healed":0.0,"max_hp_gain":0.0,"max_hp_loss":0.0,"gold_gain":0.0,"event_name":"Accursed Blacksmith","player_choice":"Forge","floor":2.0,"gold_loss":0.0,"damage_taken":0.0,"cards_upgraded":["Neutralize"]},{"damage_healed":0.0,"max_hp_gain":0.0,"max_hp_loss":0.0,"gold_gain":0.0,"event_name":"The Mausoleum","player_choice":"Ignored","floor":30.0,"gold_loss":0.0,"damage_taken":0.0},{"damage_healed":0.0,"max_hp_gain":0.0,"max_hp_loss":4.0,"gold_gain":0.0,"event_name":"Winding Halls","player_choice":"Max HP","floor":36.0,"gold_loss":0.0,"damage_taken":0.0}],"is_beta":false,"boss_relics":[{"not_picked":["Replay:Wanted Poster","aspiration:IroncladSkillbook"],"picked":"SacredBark"},{"not_picked":["aspiration:RunicSpoon","Snecko Scales"],"picked":"ReplayTheSpireMod:DimensionalGlitch"}],"items_purged_floors":[10,20,24],"is_endless":false,"potions_floor_spawned":[3,6,8,12,14,18,28,31,35],"killed_by":"Reptomancer","ascension_level":0}}