{"host":"cfv8orgc8997ql4r","time":1613964416,"event":{"mods":["AchievementEnabler","BaseMod","DeckTracker","Keyboard Shortcuts","Minty Spire (QoL Compilation)"],"gold_per_floor":[109,59,59,59,72,103,123,123,146,45,45,88,88,109,109,240,240,256,256,256,109,145,178,178,178,225,225,239,29,50,50,50,189,189,202,202,234,234,234,234,306,306,383,71,71,16,16,16,16,16,16],"floor_reached":50,"language":"KOR","playtime":939,"items_purged":["Injury","Force Field","Sweeping Beam"],"score":605,"play_id":"7415b2c0-706a-4e34-bbc0-a1a1f501f3c3","local_time":"20210222122656","is_ascension_mode":true,"campfire_choices":[{"data":"Consume","floor":8,"key":"SMITH"},{"data":"Tempest","floor":13,"key":"SMITH"},{"data":"Zap","floor":15,"key":"SMITH"},{"floor":32,"key":"REST"},{"data":"Thunder Strike","floor":40,"key":"SMITH"},{"data":"Static Discharge","floor":42,"key":"SMITH"},{"floor":49,"key":"REST"}],"circlet_count":0,"master_deck":["Strike_B","Strike_B","Strike_B","Defend_B","Defend_B","Defend_B","Zap+1","Dualcast","Double Energy+1","Cold Snap","Consume+1","Tempest+1","Cold Snap","Core Surge","Static Discharge+1","Ball Lightning","Ball Lightning","Sweeping Beam","Turbo+1","Thunder Strike+1","Core Surge","Ball Lightning+1","Redo","Master of Strategy+1"],"relics":["Cracked Core","NeowsBlessing","Golden Idol","Bronze Scales","Orichalcum","Juzu Bracelet","Nuclear Battery","Red Mask","WingedGreaves","Happy Flower","CeramicFish","DataDisk","Philosopher\u0027s Stone","Pantograph","Ginger","Darkstone Periapt","Torii"],"acts_visited":["Exordium","TheCity","TheBeyond"],"potions_floor_usage":[12,16,33,33,33,37,50,50],"damage_taken":[{"damage":0,"enemies":"Jaw Worm","floor":1,"turns":1},{"damage":0,"enemies":"Small Slimes","floor":5,"turns":1},{"damage":0,"enemies":"Lagavulin","floor":6,"turns":1},{"damage":0,"enemies":"2 Louse","floor":7,"turns":1},{"damage":7,"enemies":"3 Sentries","floor":12,"turns":5},{"damage":0,"enemies":"2 Fungi Beasts","floor":14,"turns":2},{"damage":18,"enemies":"Hexaghost","floor":16,"turns":7},{"damage":1,"enemies":"Spheric Guardian","floor":18,"turns":3},{"damage":7,"enemies":"Masked Bandits","floor":22,"turns":2},{"damage":40,"enemies":"Book of Stabbing","floor":23,"turns":4},{"damage":3,"enemies":"Chosen","floor":28,"turns":3},{"damage":0,"enemies":"Sentry and Sphere","floor":30,"turns":2},{"damage":24,"enemies":"Automaton","floor":33,"turns":5},{"damage":9,"enemies":"3 Shapes","floor":35,"turns":3},{"damage":6,"enemies":"3 Darklings","floor":37,"turns":6},{"damage":27,"enemies":"Mind Bloom Boss Battle","floor":41,"turns":6},{"damage":87,"enemies":"Donu and Deca","floor":50,"turns":4}],"seed_played":"-5310598804719187833","potions_obtained":[{"floor":5,"key":"SpeedPotion"},{"floor":6,"key":"ColorlessPotion"},{"floor":12,"key":"DistilledChaos"},{"floor":16,"key":"SneckoOil"},{"floor":22,"key":"Swift Potion"},{"floor":23,"key":"Swift Potion"},{"floor":30,"key":"LiquidMemories"},{"floor":33,"key":"FearPotion"},{"floor":35,"key":"AttackPotion"},{"floor":41,"key":"FearPotion"}],"is_trial":false,"path_per_floor":["M","?","?","?","M","E","M","R","T","$","?","E","R","M","R","B",null,"M","?","?","$","?","E","?","T","T","?","M","$","M","$","R","B",null,"M","?","M","T","$","R","?","R","T","$","?","?","$","?","R","B"],"character_chosen":"DEFECT","items_purchased":["Sweeping Beam","Ball Lightning","Thunder Strike","DataDisk","Master of Strategy"],"campfire_rested":2,"item_purchase_floors":[10,21,29,29,44],"current_hp_per_floor":[75,75,68,68,68,68,68,68,68,68,68,61,61,61,61,43,75,74,74,74,74,67,27,27,27,27,27,24,24,24,24,46,22,75,66,66,60,60,60,60,48,48,48,48,48,48,48,48,70,0,0],"gold":16,"neow_bonus":"THREE_ENEMY_KILL","is_daily":false,"chose_seed":false,"campfire_upgraded":5,"win_rate":0.0,"timestamp":1613964416,"path_taken":["M","?","?","?","M","E","M","R","T","$","?","E","R","M","R","BOSS","M","?","?","$","?","E","?","?","T","?","M","?","M","$","R","BOSS","M","?","M","?","$","R","?","R","T","$","?","?","?","?","R","R","BOSS"],"items_purchased_type":["Card","Card","Card","Relic","Card"],"build_version":"2020-12-22","purchased_purges":3,"victory":false,"max_hp_per_floor":[75,75,75,75,75,75,75,75,75,75,75,75,75,75,75,75,75,75,75,75,75,75,75,75,75,75,75,75,75,75,75,75,75,75,75,75,75,75,75,75,75,75,75,75,75,75,75,75,75,75,75],"card_choices":[{"not_picked":["Conserve Battery","Auto Shields"],"picked":"Double Energy","floor":1},{"not_picked":["Ball Lightning","Conserve Battery"],"picked":"Doom and Gloom","floor":5},{"not_picked":["Sweeping Beam","Conserve Battery"],"picked":"Cold Snap","floor":6},{"not_picked":["Meteor Strike","Streamline"],"picked":"Consume","floor":7},{"not_picked":["Hello World","Capacitor"],"picked":"Tempest","floor":12},{"not_picked":["Rebound","Leap"],"picked":"Cold Snap","floor":14},{"not_picked":["Rainbow","All For One"],"picked":"Core Surge","floor":16},{"not_picked":["Leap","Barrage"],"picked":"Static Discharge","floor":18},{"not_picked":["Auto Shields","Consume"],"picked":"Sweeping Beam","floor":22},{"not_picked":["Steam","Sweeping Beam+1"],"picked":"Turbo+1","floor":23},{"not_picked":["Compile Driver","Reprogram+1","Go for the Eyes"],"picked":"SKIP","floor":28},{"not_picked":["Auto Shields","Genetic Algorithm+1","Barrage"],"picked":"SKIP","floor":30},{"not_picked":["Multi-Cast","Fission"],"picked":"Core Surge","floor":33},{"not_picked":["Turbo","White Noise","Redo"],"picked":"SKIP","floor":35},{"not_picked":["FTL","Reinforced Body+1"],"picked":"Ball Lightning+1","floor":37},{"not_picked":["Hologram+1","Tempest"],"picked":"Redo","floor":41}],"player_experience":210359,"relics_obtained":[{"floor":6,"key":"Bronze Scales"},{"floor":9,"key":"Orichalcum"},{"floor":12,"key":"Juzu Bracelet"},{"floor":22,"key":"Red Mask"},{"floor":23,"key":"WingedGreaves"},{"floor":25,"key":"Happy Flower"},{"floor":26,"key":"CeramicFish"},{"floor":38,"key":"Pantograph"},{"floor":41,"key":"Ginger"},{"floor":43,"key":"Darkstone Periapt"}],"event_choices":[{"cards_removed":["Strike_B"],"damage_healed":0,"gold_gain":0,"player_choice":"Card Removal","damage_taken":0,"max_hp_gain":0,"max_hp_loss":0,"event_name":"The Cleric","floor":2,"gold_loss":50},{"cards_removed":["Defend_B"],"damage_healed":0,"gold_gain":0,"player_choice":"Card Removal","damage_taken":7,"max_hp_gain":0,"max_hp_loss":0,"event_name":"Golden Wing","floor":3,"gold_loss":0},{"damage_healed":0,"gold_gain":0,"player_choice":"Take Wound","damage_taken":0,"relics_obtained":["Golden Idol"],"max_hp_gain":0,"max_hp_loss":0,"event_name":"Golden Idol","floor":4,"gold_loss":0,"cards_obtained":["Injury"]},{"damage_healed":0,"gold_gain":0,"player_choice":"Grow","damage_taken":0,"max_hp_gain":0,"max_hp_loss":0,"event_name":"Living Wall","floor":11,"gold_loss":0,"cards_upgraded":["Double Energy"]},{"damage_healed":0,"gold_gain":0,"player_choice":"Read","damage_taken":0,"max_hp_gain":0,"max_hp_loss":0,"event_name":"The Library","floor":19,"gold_loss":0,"cards_obtained":["Ball Lightning"]},{"damage_healed":0,"gold_gain":0,"cards_transformed":["Doom and Gloom"],"player_choice":"Transformed","damage_taken":0,"max_hp_gain":0,"max_hp_loss":0,"event_name":"Transmorgrifier","floor":20,"gold_loss":0,"cards_obtained":["Force Field"]},{"damage_healed":0,"gold_gain":0,"player_choice":"Fought Bandits","damage_taken":0,"max_hp_gain":0,"max_hp_loss":0,"event_name":"Masked Bandits","floor":22,"gold_loss":0},{"damage_healed":0,"gold_gain":0,"player_choice":"Ignored","damage_taken":0,"max_hp_gain":0,"max_hp_loss":0,"event_name":"Vampires","floor":24,"gold_loss":0},{"damage_healed":0,"gold_gain":0,"player_choice":"Ignored","damage_taken":0,"max_hp_gain":0,"max_hp_loss":0,"event_name":"Ghosts","floor":27,"gold_loss":0},{"damage_healed":0,"gold_gain":0,"player_choice":"Memory 1","damage_taken":0,"max_hp_gain":0,"max_hp_loss":0,"event_name":"SensoryStone","floor":36,"gold_loss":0},{"damage_healed":0,"gold_gain":0,"player_choice":"Fight","damage_taken":0,"max_hp_gain":0,"max_hp_loss":0,"event_name":"MindBloom","floor":41,"gold_loss":0},{"damage_healed":0,"gold_gain":0,"player_choice":"Forge","damage_taken":0,"max_hp_gain":0,"max_hp_loss":0,"event_name":"Accursed Blacksmith","floor":45,"gold_loss":0,"cards_upgraded":["Master of Strategy"]},{"damage_healed":0,"gold_gain":0,"player_choice":"Paid Gold","damage_taken":0,"relics_obtained":["Torii"],"max_hp_gain":0,"max_hp_loss":0,"event_name":"WeMeetAgain","floor":46,"gold_loss":55},{"damage_healed":0,"gold_gain":0,"player_choice":"Ignored","damage_taken":0,"max_hp_gain":0,"max_hp_loss":0,"event_name":"Mysterious Sphere","floor":48,"gold_loss":0}],"is_beta":false,"boss_relics":[{"not_picked":["Ectoplasm","Coffee Dripper"],"picked":"Nuclear Battery"},{"not_picked":["Cursed Key","Sozu"],"picked":"Philosopher\u0027s Stone"}],"items_purged_floors":[10,21,44],"is_endless":false,"potions_floor_spawned":[5,6,12,16,22,23,30,33,35,41],"killed_by":"Donu and Deca","ascension_level":4}}