{"host":"r4fh4z5myensb3zv","time":1613984066,"event":{"mods":["BaseMod","Colored Map","Colored Powertips","DeckTracker","Minty Spire (QoL Compilation)","Rare Cards Sparkle","Relic Stats","StSLib"],"gold_per_floor":[113,126,57,57,31,56,75,89,89,108,122,137,148,21,21,21,21],"floor_reached":16,"language":"ENG","playtime":1185,"items_purged":[],"score":131,"play_id":"f90eac7a-d36f-45a7-a596-ca5de5899d58","local_time":"20210222095426","is_ascension_mode":false,"campfire_choices":[{"floor":15,"key":"REST"}],"circlet_count":0,"master_deck":["Strike_P","Strike_P","Strike_P","Strike_P","Defend_P","Defend_P","Defend_P","Defend_P","Eruption","Vigilance","Pray","FearNoEvil","ReachHeaven","ThirdEye","LikeWater","SandsOfTime","ThirdEye","Evaluate","SignatureMove","Nirvana","ThirdEye"],"relics":["PureWater","NeowsBlessing","Omamori","PreservedInsect"],"acts_visited":["Exordium"],"potions_floor_usage":[12,12,16],"damage_taken":[{"damage":0,"enemies":"Cultist","floor":1,"turns":1},{"damage":0,"enemies":"2 Louse","floor":2,"turns":2},{"damage":0,"enemies":"3 Sentries","floor":6,"turns":2},{"damage":1,"enemies":"Jaw Worm","floor":7,"turns":3},{"damage":13,"enemies":"Exordium Thugs","floor":8,"turns":8},{"damage":0,"enemies":"Blue Slaver","floor":10,"turns":6},{"damage":6,"enemies":"Large Slime","floor":11,"turns":6},{"damage":5,"enemies":"Gremlin Gang","floor":12,"turns":4},{"damage":0,"enemies":"Blue Slaver","floor":13,"turns":5},{"damage":15,"enemies":"Hexaghost","floor":16,"turns":6}],"seed_played":"3677228701733173295","potions_obtained":[{"floor":1,"key":"BottledMiracle"},{"floor":8,"key":"Explosive Potion"},{"floor":11,"key":"Swift Potion"},{"floor":12,"key":"SteroidPotion"}],"is_trial":false,"path_per_floor":["M","M","$","?","$","E","M","M","T","M","M","M","M","$","R","B"],"character_chosen":"WATCHER","items_purchased":["ReachHeaven","ThirdEye","Nirvana","ThirdEye"],"campfire_rested":1,"item_purchase_floors":[3,5,14,14],"current_hp_per_floor":[72,72,72,72,72,72,71,58,58,58,52,47,47,47,68,53,53],"gold":21,"neow_bonus":"THREE_ENEMY_KILL","is_daily":false,"chose_seed":false,"campfire_upgraded":0,"win_rate":0.0,"timestamp":1613984066,"path_taken":["M","M","?","?","?","E","?","M","T","M","M","M","M","$","R","BOSS"],"items_purchased_type":["Card","Card","Card","Card"],"build_version":"2020-12-22","purchased_purges":0,"victory":false,"max_hp_per_floor":[72,72,72,72,72,72,72,72,72,72,72,72,72,72,72,72,72],"relic_stats":{"counters":[10,43],"PreservedInsect":0,"obtain_stats":[{"NeowsBlessing":0,"PreservedInsect":9,"Omamori":6,"PureWater":0},{"NeowsBlessing":0,"PreservedInsect":5,"Omamori":3,"PureWater":0},{"NeowsBlessing":0,"PreservedInsect":16,"Omamori":5,"PureWater":0}]},"card_choices":[{"not_picked":["Collect","Crescendo"],"picked":"Pray","floor":1},{"not_picked":["CrushJoints","FlyingSleeves"],"picked":"FearNoEvil","floor":2},{"not_picked":["Evaluate","SandsOfTime"],"picked":"LikeWater","floor":6},{"not_picked":["Tantrum","Halt"],"picked":"SandsOfTime","floor":7},{"not_picked":["Protect","Perseverance"],"picked":"ThirdEye","floor":8},{"not_picked":["FlurryOfBlows","Protect","BattleHymn"],"picked":"SKIP","floor":10},{"not_picked":["Fasting2","Indignation","FlyingSleeves"],"picked":"SKIP","floor":11},{"not_picked":["EmptyBody","WheelKick"],"picked":"Evaluate","floor":12},{"not_picked":["FlurryOfBlows","Crescendo"],"picked":"SignatureMove","floor":13}],"player_experience":137768,"relics_obtained":[{"floor":6,"key":"Omamori"},{"floor":9,"key":"PreservedInsect"}],"event_choices":[{"damage_healed":0,"gold_gain":0,"player_choice":"Leave","damage_taken":0,"max_hp_gain":0,"max_hp_loss":0,"event_name":"The Cleric","floor":4,"gold_loss":0}],"is_beta":false,"boss_relics":[],"items_purged_floors":[],"is_endless":false,"potions_floor_spawned":[1,8,11,12],"killed_by":"Hexaghost","ascension_level":0}}