{"host":"rb2p2z6v6vieend5","time":1613965209,"event":{"mods":["BaseMod","Block Reminder","Colored Map","DeckTracker","Highlight Path","Minty Spire (QoL Compilation)","Random Character Button","Relic Stats"],"gold_per_floor":[118,168,182,200,79,107,120,155,155,190,208,208,208,222,222,318,318,279,295,295,308,308,342,362,362,410,443,443,443,443],"floor_reached":29,"language":"ENG","playtime":1133,"items_purged":[],"score":556,"play_id":"cac286dc-2748-4f4b-b949-014c15db1576","local_time":"20210222044009","is_ascension_mode":true,"campfire_choices":[{"data":"Metallicize","floor":15,"key":"SMITH"},{"floor":25,"key":"REST"}],"circlet_count":0,"master_deck":["AscendersBane","Strike_R","Strike_R","Strike_R","Strike_R","Strike_R","Defend_R","Defend_R","Defend_R","Defend_R","Bash","Combust","Evolve","Metallicize+1","Spot Weakness","Blood for Blood","Anger","True Grit","Shockwave","Carnage","Rupture+1","Feed","Shrug It Off","Shrug It Off","Flame Barrier"],"relics":["Burning Blood","NeowsBlessing","Lantern","Red Skull","Bag of Marbles","Frozen Egg 2","Golden Idol","Champion Belt","Mark of Pain","Kunai","Omamori","MealTicket","The Courier"],"acts_visited":["Exordium","TheCity"],"potions_floor_usage":[8,10,19],"damage_taken":[{"damage":0,"enemies":"2 Louse","floor":1,"turns":1},{"damage":0,"enemies":"Cultist","floor":3,"turns":1},{"damage":0,"enemies":"Small Slimes","floor":4,"turns":2},{"damage":24,"enemies":"Lagavulin","floor":6,"turns":7},{"damage":16,"enemies":"Blue Slaver","floor":7,"turns":4},{"damage":11,"enemies":"3 Sentries","floor":8,"turns":6},{"damage":4,"enemies":"Gremlin Nob","floor":10,"turns":3},{"damage":7,"enemies":"Looter","floor":11,"turns":3},{"damage":8,"enemies":"2 Fungi Beasts","floor":14,"turns":3},{"damage":32,"enemies":"Slime Boss","floor":16,"turns":6},{"damage":25,"enemies":"2 Thieves","floor":18,"turns":5},{"damage":9,"enemies":"Chosen","floor":19,"turns":3},{"damage":26,"enemies":"Snecko","floor":21,"turns":6},{"damage":10,"enemies":"Gremlin Leader","floor":23,"turns":6},{"damage":25,"enemies":"Snake Plant","floor":24,"turns":3},{"damage":36,"enemies":"Book of Stabbing","floor":27,"turns":5},{"damage":16,"enemies":"3 Cultists","floor":29,"turns":3}],"seed_played":"4130320441606565901","potions_obtained":[{"floor":1,"key":"Block Potion"},{"floor":4,"key":"Weak Potion"},{"floor":7,"key":"AttackPotion"},{"floor":8,"key":"GamblersBrew"},{"floor":16,"key":"Dexterity Potion"},{"floor":18,"key":"Fire Potion"},{"floor":19,"key":"Ancient Potion"},{"floor":24,"key":"LiquidBronze"}],"is_trial":false,"path_per_floor":["M","?","M","M","$","E","M","E","T","E","M","?","T","M","R","B",null,"M","M","?","M","?","E","M","R","T","E","?","M"],"character_chosen":"IRONCLAD","items_purchased":["Spot Weakness","Blood for Blood"],"campfire_rested":1,"item_purchase_floors":[5,5],"current_hp_per_floor":[74,74,75,75,75,57,47,42,42,44,43,43,43,41,41,15,55,36,36,50,33,33,32,16,40,40,13,13,0,0],"gold":443,"neow_bonus":"THREE_ENEMY_KILL","is_daily":false,"chose_seed":false,"campfire_upgraded":1,"win_rate":0.0,"timestamp":1613965209,"path_taken":["M","?","M","?","$","E","M","E","T","E","M","?","?","M","R","BOSS","M","M","?","M","?","E","M","R","T","E","?","M"],"items_purchased_type":["Card","Card"],"build_version":"2020-12-22","purchased_purges":0,"victory":false,"max_hp_per_floor":[75,75,75,75,75,75,75,75,75,75,75,68,68,68,68,68,68,68,71,71,74,74,77,80,80,80,83,83,83,83],"relic_stats":{"counters":[17,67],"Golden Idol":50,"MealTicket":0,"Champion Belt":[32],"Kunai":[3],"obtain_stats":[{"Lantern":6,"NeowsBlessing":0,"Golden Idol":12,"The Courier":27,"Omamori":23,"Frozen Egg 2":10,"Burning Blood":0,"MealTicket":26,"Mark of Pain":17,"Bag of Marbles":9,"Champion Belt":13,"Kunai":22,"Red Skull":8},{"Lantern":4,"NeowsBlessing":0,"Golden Idol":8,"The Courier":16,"Omamori":14,"Frozen Egg 2":7,"Burning Blood":0,"MealTicket":15,"Mark of Pain":10,"Bag of Marbles":6,"Champion Belt":8,"Kunai":13,"Red Skull":6},{"Lantern":11,"NeowsBlessing":0,"Golden Idol":27,"The Courier":64,"Omamori":56,"Frozen Egg 2":24,"Burning Blood":0,"MealTicket":59,"Mark of Pain":36,"Bag of Marbles":21,"Champion Belt":27,"Kunai":50,"Red Skull":21}],"Burning Blood":85},"card_choices":[{"not_picked":["Pommel Strike","Iron Wave"],"picked":"Combust","floor":1},{"not_picked":["Heavy Blade","Warcry"],"picked":"Evolve","floor":3},{"not_picked":["Clash","Dark Embrace"],"picked":"Metallicize","floor":4},{"not_picked":["True Grit","Warcry"],"picked":"Anger","floor":6},{"not_picked":["Combust","Entrench"],"picked":"True Grit","floor":7},{"not_picked":["Intimidate","Entrench"],"picked":"Shockwave","floor":8},{"not_picked":["Body Slam","Combust+1","Reckless Charge"],"picked":"SKIP","floor":10},{"not_picked":["Havoc","Dual Wield"],"picked":"Carnage","floor":11},{"not_picked":["Spot Weakness","Warcry"],"picked":"Rupture+1","floor":14},{"not_picked":["Fiend Fire","Immolate"],"picked":"Feed","floor":16},{"not_picked":["Sword Boomerang","Armaments"],"picked":"Shrug It Off","floor":18},{"not_picked":["Headbutt","Seeing Red","Anger"],"picked":"SKIP","floor":19},{"not_picked":["Spot Weakness","True Grit"],"picked":"Shrug It Off","floor":21},{"not_picked":["Sentinel","Headbutt","True Grit"],"picked":"SKIP","floor":23},{"not_picked":["Anger","Thunderclap"],"picked":"Flame Barrier","floor":24},{"not_picked":["Anger+1","Infernal Blade","Offering"],"picked":"SKIP","floor":27}],"player_experience":807561,"relics_obtained":[{"floor":6,"key":"Lantern"},{"floor":8,"key":"Red Skull"},{"floor":9,"key":"Bag of Marbles"},{"floor":10,"key":"Frozen Egg 2"},{"floor":13,"key":"Champion Belt"},{"floor":23,"key":"Omamori"},{"floor":26,"key":"MealTicket"},{"floor":27,"key":"The Courier"}],"event_choices":[{"damage_healed":0,"gold_gain":50,"player_choice":"Pray","damage_taken":0,"max_hp_gain":0,"max_hp_loss":0,"event_name":"Golden Shrine","floor":2,"gold_loss":0},{"damage_healed":0,"gold_gain":0,"player_choice":"Lose Max HP","damage_taken":0,"relics_obtained":["Golden Idol"],"max_hp_gain":0,"max_hp_loss":7,"event_name":"Golden Idol","floor":12,"gold_loss":0},{"damage_healed":14,"gold_gain":0,"player_choice":"Heal","damage_taken":0,"max_hp_gain":0,"max_hp_loss":0,"event_name":"The Library","floor":20,"gold_loss":0},{"damage_healed":0,"gold_gain":0,"player_choice":"Opened","damage_taken":0,"relics_obtained":["Kunai"],"max_hp_gain":0,"max_hp_loss":0,"event_name":"The Mausoleum","floor":22,"gold_loss":0,"cards_obtained":["Writhe"]},{"cards_removed":["Writhe"],"damage_healed":0,"gold_gain":0,"player_choice":"Purged","damage_taken":0,"max_hp_gain":0,"max_hp_loss":0,"event_name":"Purifier","floor":28,"gold_loss":0}],"is_beta":false,"boss_relics":[{"not_picked":["Cursed Key","SlaversCollar"],"picked":"Mark of Pain"}],"items_purged_floors":[],"is_endless":false,"potions_floor_spawned":[1,4,7,8,16,18,19,24],"killed_by":"3 Cultists","ascension_level":19}}