{"host":"pletss163z7s8pvv","time":1613973683,"event":{"mods":["AchievementEnabler","Act Like it!","AlwaysNeverKeys","BaseMod","Better Altar","Better Match","Better Note","Better Sensory Stone","Better Skull","Better Third Choice","BetterRewards","Bossed Relics","CapriCore","ChefMod","Clockwork Mod","Colored Map","Colored Powertips","Conspire","Dio Mod","Displayed Cursed Tome","Energized Spire","Evolution","Gensokyo","GifTheSpireLib","Hallownest","Hermit","Ironclad Rager","Jedi Mod","Marisa????????","Marked Mod","Minty Spire (QoL Compilation)","Reliquary","Replay The Spire","Retaliation","Reworked Bosses","Ruina","Somnambulant","Spicy Shops","StS++","StSLib","The Administrix","The Alterego","The Animator","The Blue Laboratory","The Bug Knight","The Construct","The Cursed","The Disciple","The Forsaken","The Hierophant","The Necromancer","The Saiyan","The Vixen","The Wild Card","TheVacant","Transform Curses"],"gold_per_floor":[113,113,132,195,211,211,211,229,253,253,271,290,339,74,74,172,172,186,186,240,240,10,10,10,10,10,10,10,10,10,0,0,0,0,0],"floor_reached":34,"language":"ENG","playtime":1604,"items_purged":[],"score":392,"play_id":"2165b858-664f-49a0-8ed1-1d6700ce2ea9","local_time":"20210222000123","is_ascension_mode":false,"campfire_choices":[{"floor":6,"key":"REST"},{"floor":7,"key":"REST"},{"floor":15,"key":"REST"},{"floor":23,"key":"REST"},{"floor":27,"key":"REST"},{"floor":32,"key":"REST"}],"circlet_count":0,"master_deck":["Clockwork:Strike","Clockwork:Strike","Clockwork:Strike","Clockwork:Strike","Clockwork:Shield","Clockwork:Shield","Clockwork:Shield","Clockwork:Shield","Clockwork:Tinker","Clockwork:WarmUp","Clockwork:Roundhouse","Clockwork:ForgeStrike","Clockwork:CogBarrier","Clockwork:RitualDaggerMk0+1","Clockwork:CogToss","Clockwork:Improve","Apotheosis+1","Clockwork:WoundupStrike","Clockwork:CogToss+1","Clockwork:PerfectedStrike","Clockwork:InertialShield+1","Clockwork:ChargingBlade","Clockwork:PerfectForm+1","Clockwork:ForgeStrike","Clockwork:CogToss","Clockwork:CogToss+1","Clockwork:Pluck","Clockwork:Pluck","Clockwork:RampUp+1","Clockwork:WindupStrike"],"relics":["Clockwork:MomentumEngine","EVO:Axolotl","Clockwork:Varja","jedi:shrinkray","OrangePellets","reliquary:ThirdArm","jedi:ominousloannote","Replay:WaspNest","Orrery","Guide Book","Bag of Marbles","Clockwork:GoldenCog","Juzu Bracelet"],"acts_visited":["Exordium","TheCity","TheBeyond"],"potions_floor_usage":[16,16,25,33,33],"damage_taken":[{"damage":16,"enemies":"2 Louse","floor":1,"turns":5},{"damage":15,"enemies":"Small Slimes","floor":3,"turns":6},{"damage":6,"enemies":"Cultist","floor":5,"turns":5},{"damage":18,"enemies":"Looter","floor":8,"turns":5},{"damage":4,"enemies":"Large Slime","floor":11,"turns":6},{"damage":13,"enemies":"Red Slaver","floor":12,"turns":4},{"damage":27,"enemies":"Fading Forest","floor":16,"turns":11},{"damage":36,"enemies":"Spheric Guardian","floor":18,"turns":6},{"damage":38,"enemies":"Chosen","floor":21,"turns":7},{"damage":37,"enemies":"Centurion and Healer","floor":24,"turns":6},{"damage":25,"enemies":"conspire:HollyBat","floor":25,"turns":7},{"damage":20,"enemies":"Snecko","floor":29,"turns":4},{"damage":9,"enemies":"bossMod:newChamp","floor":33,"turns":8}],"seed_played":"-210316228547661538","potions_obtained":[{"floor":1,"key":"blueLaboratory:Moonshine"},{"floor":3,"key":"blueLaboratory:FrostheartPotion"},{"floor":4,"key":"Fire Potion"},{"floor":4,"key":"jedi:wingpotion"},{"floor":8,"key":"SpeedPotion"},{"floor":19,"key":"blueLaboratory:FruitPreserves"},{"floor":19,"key":"blueLaboratory:EnragingPotion"},{"floor":29,"key":"Block Potion"}],"is_trial":false,"path_per_floor":["M","$","M","?","M","R","R","M","T","?","M","M","T","$","R","B",null,"M","?","$","M","$","R","M","M","T","R","?","M","?","?","R","B",null],"character_chosen":"CLOCKWORK","items_purchased":["Apotheosis","OrangePellets","jedi:ominousloannote","Replay:WaspNest","Clockwork:PerfectedStrike","Orrery","Guide Book","Bag of Marbles"],"campfire_rested":6,"item_purchase_floors":[14,14,20,20,20,20,22,22],"current_hp_per_floor":[77,77,62,25,19,46,73,55,55,55,51,38,38,38,65,48,93,57,57,57,19,19,46,9,28,28,55,55,35,35,35,62,53,93,93],"gold":0,"neow_bonus":"TEN_PERCENT_HP_BONUS","is_daily":false,"chose_seed":false,"campfire_upgraded":0,"win_rate":0.0,"timestamp":1613973683,"path_taken":["M","$","M","?","M","R","R","M","T","?","M","M","?","$","R","BOSS","M","?","$","?","$","R","M","M","T","R","?","M","?","?","R","BOSS"],"items_purchased_type":["Card","Relic","Relic","Relic","Card","Relic","Relic","Relic"],"build_version":"2020-12-22","purchased_purges":0,"victory":false,"max_hp_per_floor":[93,93,93,93,93,93,93,93,93,93,93,93,93,93,93,93,93,93,93,93,93,93,93,93,93,93,93,93,93,93,93,93,93,93,93],"card_choices":[{"not_picked":["Clockwork:Roundhouse","Clockwork:FalseStart"],"picked":"Clockwork:CraftVarja","floor":1},{"not_picked":["Clockwork:TiltAWhirl","Clockwork:Selectivity"],"picked":"Clockwork:Roundhouse","floor":3},{"not_picked":["Clockwork:CogShield","Clockwork:Enhance"],"picked":"Clockwork:ForgeStrike","floor":4},{"not_picked":["Clockwork:SystemHardening","Clockwork:Improve"],"picked":"Clockwork:CogBarrier","floor":5},{"not_picked":["Clockwork:TimeWalk","Clockwork:Downsize"],"picked":"Clockwork:RitualDaggerMk0","floor":8},{"not_picked":["Clockwork:Friction","Clockwork:RampUp"],"picked":"Clockwork:CogToss","floor":11},{"not_picked":["Clockwork:Redundancy","Clockwork:SnapKeep"],"picked":"Clockwork:Improve","floor":12},{"not_picked":["Clockwork:Randomization","Clockwork:TimeWalk"],"picked":"Clockwork:WindupStrike","floor":16},{"not_picked":["Clockwork:CraftBloodPhial","Clockwork:ChargingShield+1"],"picked":"Clockwork:CogToss+1","floor":18},{"not_picked":["Clockwork:AdaptiveShield","Clockwork:Friction"],"picked":"Clockwork:InertialShield+1","floor":20},{"not_picked":["Clockwork:SystemHardening","Clockwork:SnapKeep+1"],"picked":"Clockwork:ChargingBlade","floor":20},{"not_picked":["Clockwork:Pluck+1","Clockwork:Improve"],"picked":"Clockwork:PerfectForm","floor":20},{"not_picked":["Clockwork:ChargingBlade","Clockwork:Friction"],"picked":"Clockwork:ForgeStrike","floor":20},{"not_picked":["Clockwork:ChargingShield","Clockwork:AeonShield"],"picked":"Clockwork:CogToss","floor":20},{"not_picked":["Clockwork:CraftBloodPhial","Clockwork:Roundhouse"],"picked":"Clockwork:CogToss+1","floor":21},{"not_picked":["Clockwork:LiteraryArmor","Clockwork:LogisticRegression"],"picked":"Clockwork:Pluck","floor":24},{"not_picked":["Clockwork:SearingStrike","Clockwork:CraftSomewhatSmoothStone"],"picked":"Clockwork:Pluck","floor":25},{"not_picked":["Clockwork:CraftBloodPhial","Clockwork:Friction"],"picked":"Clockwork:RampUp","floor":29},{"not_picked":["Clockwork:TimeWalk","Clockwork:SiegeStrike"],"picked":"Clockwork:WindupStrike","floor":33}],"player_experience":536059,"relics_obtained":[{"floor":9,"key":"jedi:shrinkray"},{"floor":26,"key":"Juzu Bracelet"}],"event_choices":[{"damage_healed":0,"gold_gain":0,"player_choice":"Grow","damage_taken":0,"max_hp_gain":0,"max_hp_loss":0,"event_name":"Living Wall","floor":10,"gold_loss":0,"cards_upgraded":["Clockwork:RitualDaggerMk0"]},{"damage_healed":0,"gold_gain":0,"player_choice":"Got Potions","damage_taken":0,"max_hp_gain":0,"max_hp_loss":0,"event_name":"Lab","floor":19,"gold_loss":0},{"damage_healed":0,"gold_gain":100,"player_choice":"Pray","damage_taken":0,"max_hp_gain":0,"max_hp_loss":0,"event_name":"Golden Shrine","floor":28,"gold_loss":0},{"damage_healed":0,"gold_gain":0,"player_choice":"Forge","damage_taken":0,"max_hp_gain":0,"max_hp_loss":0,"event_name":"Accursed Blacksmith","floor":30,"gold_loss":0,"cards_upgraded":["Clockwork:RampUp"]},{"damage_healed":0,"gold_gain":0,"player_choice":"Paid Fearfully","damage_taken":0,"max_hp_gain":0,"max_hp_loss":0,"event_name":"Masked Bandits","floor":31,"gold_loss":10}],"is_beta":false,"boss_relics":[{"not_picked":["Calling Bell","Velvet Choker"],"picked":"reliquary:ThirdArm"},{"not_picked":["StSpp:Magatama","Clockwork:PerpetualMotionMachine","Empty Cage"]}],"items_purged_floors":[],"is_endless":false,"potions_floor_spawned":[1,3,8,12,24,29],"ascension_level":0}}