{"host":"o3b7ow6d1xe49css","time":1613968392,"event":{"mods":["Act Like it!","Aspiration","BaseMod","Bestiary","Better Altar","Better Match","Better Note","Better Sensory Stone","Better Skull","Better Third Choice","Colored Powertips","Conspire","Energized Spire","Force Act Four","GifTheSpireLib","Halation","Hermit","Hubris","Infinite Spire","Lobotomy","Minty Spire (QoL Compilation)","Quick Restart","Rare Cards Sparkle","Relic Filter Mod","Reliquary","Replay The Spire","Spicy Shops","Spikes Relics","StSLib","Stuff the Spire","The Blue Laboratory","The Hierophant","The Jungle","Wandering Minibosses"],"gold_per_floor":[113,133,152,172,247,247,272,304,329,360,285,285,303,15,15,117,117,130,130,145,244,184,184,511,544,570,570,670,697,697,727,727,825,825,825,825],"floor_reached":35,"language":"ENG","playtime":995,"items_purged":["Strike_P","Strike_P"],"score":736,"play_id":"e1ee44f5-9892-46eb-8d46-e16e12305a3e","local_time":"20210221193312","daily_mods":["Heirloom","Flight"],"is_ascension_mode":true,"campfire_choices":[{"data":"BattleHymn","floor":6,"key":"SMITH"},{"floor":12,"key":"REST"},{"data":"Eruption","floor":15,"key":"SMITH"},{"data":"Study","floor":23,"key":"SMITH"},{"floor":27,"key":"REST"},{"floor":30,"key":"REST"},{"data":"Crescendo","floor":32,"key":"SMITH"}],"circlet_count":0,"master_deck":["Strike_P","Strike_P","Defend_P","Defend_P+1","Defend_P","Defend_P+1","Eruption+1","Vigilance","BattleHymn+1","Scorched","Crescendo+1","InnerPeace","Vault+1","Sanctity+1","Study+1","CutThroughFate","ReplayTheSpireMod:Splinters","Establishment","DevaForm"],"relics":["PureWater","Ring of Chaos","WizardHat","CogitoBucket","Gremlin Food","hubris:SphereOfDissonance","Toy Ornithopter","SkinProphecy","Quantum Egg","Black Star","aspiration:SneckoTail","Old Coin","reliquary:GummyVitamins","hubris:FunFungus","reliquary:MudwinsCradle","Lantern","reliquary:SilkGlove","hubris:Metronome","StuffTheSpire:GrapeVine","StuffTheSpire:Barrel","hubris:DisguiseKit","Fusion Hammer"],"acts_visited":["Exordium","TheCity","TheBeyond"],"potions_floor_usage":[4,10,13,24,33],"damage_taken":[{"damage":0,"enemies":"2 Louse","floor":1,"turns":2},{"damage":1,"enemies":"Small Slimes","floor":2,"turns":6},{"damage":1,"enemies":"conspire:RoseBush","floor":3,"turns":1},{"damage":0,"enemies":"Large Slime","floor":4,"turns":4},{"damage":25,"enemies":"Gremlin Nob","floor":7,"turns":4},{"damage":26,"enemies":"Replay:BlueRogue","floor":8,"turns":2},{"damage":10,"enemies":"3 Sentries","floor":10,"turns":4},{"damage":7,"enemies":"Lots of Slimes","floor":13,"turns":2},{"damage":0,"enemies":"Slime Boss","floor":16,"turns":3},{"damage":0,"enemies":"2 Thieves","floor":18,"turns":1},{"damage":0,"enemies":"conspire:FuzzyDice","floor":20,"turns":2},{"damage":11,"enemies":"conspire:Head Lice","floor":24,"turns":3},{"damage":0,"enemies":"Gremlin Leader","floor":25,"turns":3},{"damage":2,"enemies":"Nightmare","floor":29,"turns":4},{"damage":0,"enemies":"Gremlin Leader","floor":31,"turns":2},{"damage":42,"enemies":"Collector","floor":33,"turns":5},{"damage":70,"enemies":"3 Shapes","floor":35,"turns":4}],"seed_played":"-1405151353492907938","potions_obtained":[{"floor":1,"key":"blueLaboratory:SavagePotion"},{"floor":4,"key":"Elixir"},{"floor":10,"key":"Dexterity Potion"},{"floor":18,"key":"Elixir"},{"floor":20,"key":"Flashbang"},{"floor":29,"key":"blueLaboratory:BubblePotion"},{"floor":33,"key":"blueLaboratory:NullPotion"}],"is_trial":true,"path_per_floor":["M","M","M","M","?","R","E","E","T","E","$","R","M","$","R","B",null,"M","AVR","M","?","?","R","E","E","T","R","?","NM","R","E","R","B",null,"M"],"character_chosen":"WATCHER","items_purchased":["Quantum Egg","InnerPeace"],"campfire_rested":3,"item_purchase_floors":[14,14],"current_hp_per_floor":[72,71,70,70,59,59,34,8,8,3,3,24,22,22,22,18,60,56,56,52,52,52,52,42,38,38,62,62,57,82,79,79,41,76,0,0],"gold":825,"neow_bonus":"","is_daily":false,"chose_seed":false,"campfire_upgraded":4,"win_rate":0.0,"timestamp":1613968392,"path_taken":["M","M","M","M","?","R","E","E","T","E","$","R","M","$","R","BOSS","M","AVR","M","?","?","R","E","E","T","R","?","NM","R","E","R","BOSS","M"],"items_purchased_type":["Relic","Card"],"build_version":"2020-12-22","purchased_purges":2,"victory":false,"max_hp_per_floor":[72,72,72,72,72,72,72,72,72,72,72,72,72,72,72,74,74,76,76,78,78,78,78,80,82,82,82,82,84,84,86,86,88,88,92,92],"card_choices":[{"not_picked":["WaveOfTheHand","Replay:Anticipation"],"picked":"BattleHymn","floor":1},{"not_picked":["LittlePrince","CherryBlossoms","Bloodbath"],"picked":"Singing Bowl","floor":1},{"not_picked":["Wellcheers","WallGazer"],"picked":"Scorched","floor":2},{"not_picked":["DeceiveReality","Evaluate","FollowUp"],"picked":"SKIP","floor":2},{"not_picked":["PunishingBird","OSAHOGD","OldLady"],"picked":"Singing Bowl","floor":3},{"not_picked":["EmptyFist","Replay:Hum","DeceiveReality"],"picked":"SKIP","floor":3},{"not_picked":["SpiderBud","Wellcheers","MHz"],"picked":"Singing Bowl","floor":4},{"not_picked":["Replay:ManipulateFuture","SashWhip","PathToVictory"],"picked":"SKIP","floor":4},{"not_picked":["Replay:Battleflow","FlurryOfBlows"],"picked":"Crescendo","floor":7},{"not_picked":["Pray","JustLucky","ForeignInfluence"],"picked":"SKIP","floor":8},{"not_picked":["PathToVictory","LikeWater","JustLucky"],"picked":"SKIP","floor":10},{"not_picked":["OldLady","Wellcheers","FairyFestival"],"picked":"Singing Bowl","floor":13},{"not_picked":["Replay:Cycle","Evaluate","PathToVictory"],"picked":"SKIP","floor":13},{"not_picked":["Judgement","DevaForm"],"picked":"Vault","floor":16},{"not_picked":["CherryBlossoms","OldLady","Wellcheers"],"picked":"Singing Bowl","floor":16},{"not_picked":["Replay:ManipulateFuture","Tantrum"],"picked":"Sanctity+1","floor":18},{"not_picked":["SpiderBud","Variant","ShyLook"],"picked":"Singing Bowl","floor":18},{"not_picked":["CutThroughFate","Replay:ManipulateFuture"],"picked":"Study","floor":20},{"not_picked":["WallGazer","CrumblingArmor","MHz"],"picked":"Singing Bowl","floor":20},{"not_picked":["Study","Crescendo"],"picked":"CutThroughFate","floor":24},{"not_picked":["PathToVictory","CutThroughFate","DeceiveReality+1"],"picked":"SKIP","floor":25},{"not_picked":["LikeWater+1","Crescendo+1"],"picked":"Establishment","floor":28},{"not_picked":["WallGazer","ShyLook","Porccubus"],"picked":"Singing Bowl","floor":29},{"not_picked":["Sanctity","JustLucky+1","Vengeance"],"picked":"SKIP","floor":29},{"not_picked":["Halt","WheelKick","EmptyFist+1"],"picked":"SKIP","floor":31},{"not_picked":["BigBadWolf","Yin","BlackArmy"],"picked":"Singing Bowl","floor":31},{"not_picked":["Halt","WheelKick","EmptyFist+1"],"picked":"SKIP","floor":31},{"not_picked":["Ragnarok","Brilliance","Eclipse"],"picked":"DevaForm","floor":33}],"player_experience":1450772,"relics_obtained":[{"floor":7,"key":"Gremlin Food"},{"floor":8,"key":"hubris:SphereOfDissonance"},{"floor":9,"key":"Toy Ornithopter"},{"floor":24,"key":"Old Coin"},{"floor":24,"key":"reliquary:GummyVitamins"},{"floor":25,"key":"hubris:FunFungus"},{"floor":25,"key":"reliquary:MudwinsCradle"},{"floor":26,"key":"Lantern"},{"floor":28,"key":"reliquary:SilkGlove"},{"floor":29,"key":"hubris:Metronome"},{"floor":29,"key":"StuffTheSpire:GrapeVine"},{"floor":31,"key":"StuffTheSpire:Barrel"},{"floor":31,"key":"hubris:DisguiseKit"}],"event_choices":[{"damage_healed":0,"gold_gain":75,"player_choice":"Gold","damage_taken":11,"max_hp_gain":0,"max_hp_loss":0,"event_name":"betterThird:BetterGoop","floor":5,"gold_loss":0},{"damage_healed":0,"gold_gain":99,"player_choice":"Steal","damage_taken":0,"max_hp_gain":0,"max_hp_loss":0,"event_name":"betterThird:BetterNest","floor":21,"gold_loss":0}],"is_beta":false,"boss_relics":[{"not_picked":["Pandora\u0027s Box","halation:MonkeysPaw"],"picked":"Black Star"},{"not_picked":["conspire:SeveredTorchhead","Kintsugi"],"picked":"Fusion Hammer"}],"items_purged_floors":[11,19],"is_endless":false,"potions_floor_spawned":[1,4,10,18,20,29,33],"killed_by":"3 Shapes","ascension_level":5}}