{"host":"1poy056mauca3bbh","time":1613965908,"event":{"mods":["Ascension Unlocker","BaseMod","Bestiary","Block Reminder","Colored Map","Colored Powertips","Curses Come First","Highlight Path","Minty Spire (QoL Compilation)","Permanent Neow","Quick Restart","Rare Cards Sparkle","Relic Stats","Smile Girya","StSLib","UnlockEverythingMod"],"gold_per_floor":[113,113,113,8,21,21,42,42,42,42,58,78,78,90,90,162,162,180,180,14,28,28,28,28],"floor_reached":23,"language":"ENG","playtime":1106,"items_purged":["Regret"],"score":358,"play_id":"465556bb-32d7-4e0f-9571-03690ba7702d","local_time":"20210221225148","is_ascension_mode":true,"campfire_choices":[{"data":"Catalyst","floor":6.0,"key":"SMITH"},{"floor":8.0,"key":"REST"},{"data":"Infinite Blades","floor":13.0,"key":"SMITH"},{"floor":15.0,"key":"REST"}],"circlet_count":0,"master_deck":["AscendersBane","Survivor","Neutralize","Prepared","Infinite Blades+1","Underhanded Strike","Bane","Catalyst+1","Cloak And Dagger","Reflex","Envenom","PiercingWail","Wraith Form v2","Flying Knee","Sucker Punch","Backflip","Acrobatics","Poisoned Stab","Blur","Corpse Explosion","Slice+1","Heel Hook"],"relics":["Pandora\u0027s Box","Meat on the Bone","Odd Mushroom","Mercury Hourglass","Shuriken","Runic Pyramid","Toolbox"],"acts_visited":["Exordium","TheCity"],"potions_floor_usage":[23],"damage_taken":[{"damage":5.0,"enemies":"Small Slimes","floor":1.0,"turns":4.0},{"damage":7.0,"enemies":"Jaw Worm","floor":5.0,"turns":5.0},{"damage":24.0,"enemies":"The Mushroom Lair","floor":7.0,"turns":5.0},{"damage":0.0,"enemies":"Cultist","floor":11.0,"turns":4.0},{"damage":0.0,"enemies":"2 Fungi Beasts","floor":12.0,"turns":4.0},{"damage":19.0,"enemies":"Exordium Wildlife","floor":14.0,"turns":5.0},{"damage":53.0,"enemies":"The Guardian","floor":16.0,"turns":8.0},{"damage":6.0,"enemies":"Chosen","floor":18.0,"turns":5.0},{"damage":8.0,"enemies":"3 Byrds","floor":21.0,"turns":4.0},{"damage":61,"enemies":"Book of Stabbing","floor":23,"turns":5}],"seed_played":"6396378412946000332","potions_obtained":[{"floor":12.0,"key":"Poison Potion"},{"floor":14.0,"key":"FairyPotion"},{"floor":16.0,"key":"Fire Potion"}],"is_trial":false,"path_per_floor":["M","?","?","$","M","R","?","R","T","T","M","M","R","M","R","B",null,"M","?","$","M","?","E"],"character_chosen":"THE_SILENT","items_purchased":["Sucker Punch","Toolbox"],"campfire_rested":2,"item_purchase_floors":[4,20],"current_hp_per_floor":[54,54,54,54,47,47,35,54,54,54,54,54,54,35,54,13,53,47,47,47,39,39,0,0],"gold":28,"neow_bonus":"BOSS_RELIC","is_daily":false,"chose_seed":false,"campfire_upgraded":2,"win_rate":0.0,"timestamp":1613965908,"path_taken":["M","?","?","?","?","R","?","R","T","?","M","M","R","M","R","BOSS","M","?","$","M","?","E"],"items_purchased_type":["Card","Relic"],"build_version":"2020-12-22","purchased_purges":1,"victory":false,"max_hp_per_floor":[66,66,66,66,66,66,66,66,66,66,66,66,66,66,66,66,66,66,66,66,66,66,66,66],"relic_stats":{"counters":[10,49],"Shuriken":[13],"Pandora\u0027s Box":["Prepared","Infinite Blades","Underhanded Strike","Bane","Catalyst","Cloak And Dagger","Reflex","Envenom","PiercingWail","Wraith Form v2"],"obtain_stats":[{"Shuriken":10,"Toolbox":20,"Pandora\u0027s Box":0,"Odd Mushroom":7,"Ring of the Snake":0,"Meat on the Bone":3,"Mercury Hourglass":9,"Runic Pyramid":17},{"Shuriken":3,"Toolbox":8,"Pandora\u0027s Box":0,"Odd Mushroom":3,"Ring of the Snake":0,"Meat on the Bone":1,"Mercury Hourglass":3,"Runic Pyramid":7},{"Shuriken":14,"Toolbox":40,"Pandora\u0027s Box":0,"Odd Mushroom":14,"Ring of the Snake":0,"Meat on the Bone":4,"Mercury Hourglass":14,"Runic Pyramid":35}],"Meat on the Bone":24,"Mercury Hourglass":[134]},"card_choices":[{"not_picked":["Prepared","Acrobatics"],"picked":"Flying Knee","floor":1.0},{"not_picked":["Well Laid Plans","Dodge and Roll"],"picked":"Backflip","floor":5.0},{"not_picked":["PiercingWail","Dodge and Roll"],"picked":"Acrobatics","floor":7.0},{"not_picked":["Sucker Punch","Reflex","Bouncing Flask"],"picked":"SKIP","floor":11.0},{"not_picked":["Dodge and Roll","Acrobatics"],"picked":"Poisoned Stab","floor":12.0},{"not_picked":["Backflip","Unload"],"picked":"Blur","floor":14.0},{"not_picked":["Wraith Form v2","Malaise"],"picked":"Corpse Explosion","floor":16.0},{"not_picked":["Deflect+1","Backflip"],"picked":"Slice+1","floor":18.0},{"not_picked":["PiercingWail+1","Outmaneuver"],"picked":"Heel Hook","floor":21.0}],"player_experience":173417,"relics_obtained":[{"floor":7.0,"key":"Odd Mushroom"},{"floor":9.0,"key":"Mercury Hourglass"},{"floor":10.0,"key":"Shuriken"}],"event_choices":[{"damage_healed":0.0,"max_hp_gain":0.0,"max_hp_loss":0.0,"gold_gain":0.0,"event_name":"The Cleric","player_choice":"Leave","floor":2.0,"gold_loss":0.0,"damage_taken":0.0},{"damage_healed":0.0,"max_hp_gain":0.0,"max_hp_loss":0.0,"gold_gain":0.0,"event_name":"Big Fish","player_choice":"Box","floor":3.0,"gold_loss":0.0,"damage_taken":0.0,"relics_obtained":["Meat on the Bone"],"cards_obtained":["Regret"]},{"damage_healed":0.0,"max_hp_gain":0.0,"max_hp_loss":0.0,"gold_gain":0.0,"event_name":"Mushrooms","player_choice":"Fought Mushrooms","floor":7.0,"gold_loss":0.0,"damage_taken":0.0},{"damage_healed":0.0,"max_hp_gain":0.0,"max_hp_loss":0.0,"gold_gain":0.0,"event_name":"Beggar","player_choice":"Ignored","floor":19.0,"gold_loss":0.0,"damage_taken":0.0},{"damage_healed":0.0,"max_hp_gain":0.0,"max_hp_loss":0.0,"gold_gain":0.0,"event_name":"Lab","player_choice":"Got Potions","floor":22.0,"gold_loss":0.0,"damage_taken":0.0}],"is_beta":false,"boss_relics":[{"not_picked":["WristBlade","Empty Cage"],"picked":"Runic Pyramid"}],"items_purged_floors":[4],"is_endless":false,"potions_floor_spawned":[12,14,16,18],"killed_by":"Book of Stabbing","ascension_level":20}}