{"host":"y64g3erquapiaw2n","time":1613956573,"event":{"mods":["AchievementEnabler","BaseMod","Bestiary","Colored Map","Colored Powertips","DeckTracker","Downfall","Googly Eyes","Minty Spire (QoL Compilation)","Quick Restart","Rare Cards Sparkle","StSLib"],"gold_per_floor":[118,118,118,118,137,137,180,180,180,28,28,53,69,94,94,214,214,232,232,247,263,178,178,277,308,381,399,399,399],"floor_reached":28,"language":"ENG","playtime":1319,"items_purged":[],"score":263,"play_id":"052b73a1-6a31-43a1-838e-6da159ae5bb2","local_time":"20210221201613","is_ascension_mode":false,"campfire_choices":[{"floor":6.0,"key":"REST"},{"floor":8.0,"key":"REST"},{"floor":15.0,"key":"REST"},{"floor":23,"key":"REST"}],"circlet_count":0,"master_deck":["Defend_G","Defend_G","Defend_G","Defend_G","Defend_G","Survivor","Neutralize+1","Blade Dance+1","Blade Dance","Caltrops","Blade Dance+1","Sucker Punch","Caltrops","Dagger Spray","Glass Knife","Tactician","Bite","Bite","Bite","Bite","Bite","Terror"],"relics":["Ring of the Snake","PreservedInsect","Golden Idol","Strawberry","Bottled Tornado","DollysMirror","Sozu","Nunchaku","Ancient Tea Set"],"acts_visited":["Exordium","TheCity"],"potions_floor_usage":[16,16],"damage_taken":[{"damage":11.0,"enemies":"Jaw Worm","floor":1.0,"turns":3.0},{"damage":3.0,"enemies":"2 Louse","floor":5.0,"turns":2.0},{"damage":6.0,"enemies":"Lagavulin","floor":7.0,"turns":5.0},{"damage":10.0,"enemies":"Small Slimes","floor":12.0,"turns":2.0},{"damage":10.0,"enemies":"2 Fungi Beasts","floor":13.0,"turns":2.0},{"damage":25.0,"enemies":"Exordium Wildlife","floor":14.0,"turns":3.0},{"damage":46,"enemies":"The Guardian","floor":16,"turns":13},{"damage":10,"enemies":"Spheric Guardian","floor":18,"turns":3},{"damage":6,"enemies":"Chosen","floor":20,"turns":4},{"damage":24,"enemies":"Snake Plant","floor":21,"turns":4},{"damage":35,"enemies":"Gremlin Leader","floor":25,"turns":5},{"damage":20,"enemies":"Sentry and Sphere","floor":27,"turns":4},{"damage":24,"enemies":"Shelled Parasite and Fungi","floor":28,"turns":3}],"seed_played":"5577224551836359758","potions_obtained":[{"floor":7.0,"key":"LiquidBronze"},{"floor":13.0,"key":"BlessingOfTheForge"},{"floor":14.0,"key":"AttackPotion"},{"floor":16,"key":"hexamod:SoulburnPotion"}],"is_trial":false,"path_per_floor":["M","?","?","?","M","R","E","R","T","$","?","M","M","M","R","B",null,"M","?","M","M","?","R","?","E","T","M","M"],"character_chosen":"THE_SILENT","items_purchased":["DollysMirror"],"campfire_rested":4,"item_purchase_floors":[10],"current_hp_per_floor":[59,47,47,30,27,48,49,72,72,72,77,67,57,32,56,10,82,72,57,55,33,33,50,50,25,25,15,0,0],"gold":399,"neow_bonus":"UPGRADE_CARD","is_daily":false,"chose_seed":false,"campfire_upgraded":0,"win_rate":0.0,"timestamp":1613956573,"path_taken":["M","?","?","?","M","R","E","R","T","$","?","M","?","M","R","BOSS","M","?","M","M","?","R","?","E","T","?","M"],"items_purchased_type":["Relic"],"build_version":"2020-12-22","purchased_purges":0,"victory":false,"max_hp_per_floor":[70,70,70,70,70,70,77,77,77,77,82,82,82,82,82,82,82,82,57,57,57,57,57,57,57,57,57,57,57],"card_choices":[{"not_picked":["Slice","Outmaneuver"],"picked":"Blade Dance","floor":1.0},{"not_picked":["Distraction","Underhanded Strike"],"picked":"Blade Dance","floor":5.0},{"not_picked":["A Thousand Cuts","Leg Sweep"],"picked":"Caltrops","floor":7.0},{"not_picked":["Dash","Dagger Throw"],"picked":"Sucker Punch","floor":12.0},{"not_picked":["Dodge and Roll","Acrobatics"],"picked":"Caltrops","floor":13.0},{"not_picked":["Sucker Punch","Prepared"],"picked":"Dagger Spray","floor":14.0},{"not_picked":["Unload","Venomology"],"picked":"Glass Knife","floor":16},{"not_picked":["Deflect","Deadly Poison"],"picked":"Tactician","floor":18},{"not_picked":["Deflect","Prepared","Flying Knee"],"picked":"SKIP","floor":20},{"not_picked":["Bane","Malaise","Acrobatics"],"picked":"SKIP","floor":21},{"not_picked":["Leg Sweep+1","Wraith Form v2","PiercingWail"],"picked":"SKIP","floor":25},{"not_picked":["Dagger Throw","Escape Plan"],"picked":"Terror","floor":27}],"player_experience":78885,"relics_obtained":[{"floor":7.0,"key":"Strawberry"},{"floor":9.0,"key":"Bottled Tornado"},{"floor":25,"key":"Ancient Tea Set"}],"event_choices":[{"damage_healed":0.0,"max_hp_gain":0.0,"max_hp_loss":0.0,"gold_gain":0.0,"event_name":"Scrap Ooze","player_choice":"Success","floor":2.0,"gold_loss":0.0,"damage_taken":12.0,"relics_obtained":["PreservedInsect"]},{"damage_healed":0.0,"max_hp_gain":0.0,"max_hp_loss":0.0,"gold_gain":0.0,"event_name":"Living Wall","player_choice":"Grow","floor":3.0,"gold_loss":0.0,"damage_taken":0.0,"cards_upgraded":["Blade Dance"]},{"damage_healed":0.0,"max_hp_gain":0.0,"max_hp_loss":0.0,"gold_gain":0.0,"event_name":"Golden Idol","player_choice":"Take Damage","floor":4.0,"gold_loss":0.0,"damage_taken":17.0,"relics_obtained":["Golden Idol"]},{"damage_healed":0.0,"max_hp_gain":5.0,"max_hp_loss":0.0,"gold_gain":0.0,"event_name":"Big Fish","player_choice":"Donut","floor":11.0,"gold_loss":0.0,"damage_taken":0.0},{"damage_healed":0,"gold_gain":0,"player_choice":"Became a vampire","damage_taken":0,"max_hp_gain":0,"max_hp_loss":25,"event_name":"Vampires","floor":19,"gold_loss":0,"cards_obtained":["Bite","Bite","Bite","Bite","Bite"]},{"damage_healed":0,"gold_gain":0,"player_choice":"Obtained Relic","damage_taken":0,"relics_obtained":["Nunchaku"],"max_hp_gain":0,"max_hp_loss":0,"event_name":"Addict","floor":22,"gold_loss":85},{"damage_healed":0,"gold_gain":99,"player_choice":"Stole From Cult","damage_taken":0,"max_hp_gain":0,"max_hp_loss":0,"event_name":"Nest","floor":24,"gold_loss":0}],"is_beta":false,"boss_relics":[{"not_picked":["Velvet Choker","Ectoplasm"],"picked":"Sozu"}],"items_purged_floors":[],"is_endless":false,"potions_floor_spawned":[7,13,14,16,18,20],"killed_by":"Shelled Parasite and Fungi","ascension_level":0}}