{"host":"yqztwemefsbhfep8","time":1613969530,"event":{"mods":["BaseMod","Downfall","Minty Spire (QoL Compilation)","StSLib"],"gold_per_floor":[99,118,132,232,332,332,332,364,164,177,187,205,17,32,50,50,50,50],"floor_reached":16,"language":"ENG","playtime":655,"items_purged":[],"score":104,"play_id":"7d65434e-86bf-4c8f-9f80-2ed5db046f69","local_time":"20210221205210","is_ascension_mode":false,"campfire_choices":[{"data":"sneckomod:SnekBite","floor":1,"key":"SMITH"},{"floor":9,"key":"REST"}],"circlet_count":0,"master_deck":["sneckomod:Strike","sneckomod:Strike","sneckomod:Strike","sneckomod:Defend","sneckomod:Defend","sneckomod:Defend","sneckomod:TailWhip","sneckomod:SnekBite+1","sneckomod:Unknown","sneckomod:Unknown","Deep Breath","sneckomod:SoulDraw","sneckomod:ImprovisedGuard","sneckomod:DangerNoodle","sneckomod:ImprovisedAttack","sneckomod:UnknownX","sneckomod:Nope","sneckomod:IronFang"],"relics":["sneckomod:SneckoSoul","Kunai","White Beast Statue","downfall:HeartBlessingGreen","downfall:HeartBlessingBlue","Potion Belt"],"acts_visited":["Exordium"],"potions_floor_usage":[13,13,13,16],"damage_taken":[{"damage":3,"enemies":"Jaw Worm","floor":2,"turns":2},{"damage":0,"enemies":"2 Louse","floor":3,"turns":2},{"damage":28,"enemies":"Lagavulin","floor":8,"turns":6},{"damage":2,"enemies":"Cultist","floor":10,"turns":4},{"damage":6,"enemies":"Exordium Wildlife","floor":11,"turns":3},{"damage":24,"enemies":"Gremlin Gang","floor":12,"turns":5},{"damage":0,"enemies":"downfall:FleeingMerchant","floor":13,"turns":4},{"damage":12,"enemies":"Blue Slaver","floor":14,"turns":2},{"damage":6,"enemies":"3 Louse","floor":15,"turns":2},{"damage":94,"enemies":"WA_ARCHETYPE_RETAIN","floor":16,"turns":7}],"seed_played":"-3532999742495129317","potions_obtained":[{"floor":3,"key":"Strength Potion"},{"floor":10,"key":"SkillPotion"},{"floor":11,"key":"SpeedPotion"},{"floor":12,"key":"Regen Potion"},{"floor":13,"key":"SpeedPotion"},{"floor":14,"key":"LiquidMemories"},{"floor":15,"key":"GamblersBrew"}],"is_trial":false,"path_per_floor":["R","M","M","?","?","T","T","E","R","M","M","M","$","M","M","B"],"character_chosen":"THE_SNECKO","items_purchased":["Potion Belt","sneckomod:Nope"],"campfire_rested":1,"item_purchase_floors":[13,13],"current_hp_per_floor":[90,87,87,87,87,87,87,59,99,97,91,67,81,69,63,0,0,0],"gold":50,"neow_bonus":"RANDOM_COLORLESS","is_daily":false,"chose_seed":false,"campfire_upgraded":1,"win_rate":0.0,"timestamp":1613969530,"path_taken":["R","M","M","?","?","?","T","E","R","M","M","?","$","M","M","BOSS"],"items_purchased_type":["Relic","Card"],"build_version":"2020-12-22","purchased_purges":0,"victory":false,"max_hp_per_floor":[90,90,90,90,90,90,90,90,100,100,100,100,100,100,100,100,100,100],"card_choices":[{"not_picked":["Madness","Blind"],"picked":"Deep Breath","floor":0},{"not_picked":["sneckomod:DiceBlock","sneckomod:PureSnecko","sneckomod:UnknownCommonSkill"],"picked":"SKIP","floor":2},{"not_picked":["sneckomod:QuickBite","sneckomod:UnknownCommonAttack"],"picked":"sneckomod:SoulDraw","floor":3},{"not_picked":["sneckomod:UnknownCommonAttack","sneckomod:DiceBlock"],"picked":"sneckomod:ImprovisedGuard","floor":8},{"not_picked":["sneckomod:SlitherStrike","sneckomod:SoulDraw"],"picked":"sneckomod:DangerNoodle","floor":10},{"not_picked":["sneckomod:Unknown1Cost","sneckomod:WideSting"],"picked":"sneckomod:ImprovisedAttack","floor":11},{"not_picked":["sneckomod:SoulCleanse","sneckomod:UnknownDraw"],"picked":"sneckomod:UnknownX","floor":12},{"not_picked":["sneckomod:Unknown0Cost","sneckomod:Memorize","sneckomod:Nope"],"picked":"SKIP","floor":13},{"not_picked":["sneckomod:QuickBite","sneckomod:UnknownCommonAttack","sneckomod:WideSting"],"picked":"SKIP","floor":14},{"not_picked":["sneckomod:SoulDraw","sneckomod:DiceCrush"],"picked":"sneckomod:IronFang","floor":15}],"player_experience":341341,"relics_obtained":[{"floor":7,"key":"Kunai"},{"floor":8,"key":"White Beast Statue"}],"event_choices":[],"is_beta":false,"boss_relics":[],"items_purged_floors":[],"is_endless":false,"potions_floor_spawned":[3,10,11,12,13,14,15],"killed_by":"WA_ARCHETYPE_RETAIN","ascension_level":0}}