{"host":"7t8rqoeeopyy0nh0","time":1613965105,"event":{"mods":["AchievementEnabler","Aspiration","BaseMod","Better Third Choice","BetterRewards","Colored Map","Colored Powertips","Conspire","Downfall","Hubris","Minty Spire (QoL Compilation)","Permanent Neow","Quick Restart","Random Character Button","Rare Cards Sparkle","Reliquary","Replay The Spire","StSLib"],"gold_per_floor":[118,132,171,171,21,21,49,49,73,128,128,153,118,133,133,207,207,220,220,238,238,87,117,117,136,136,150,150,162,192,26,26,26,26],"floor_reached":33,"language":"ENG","playtime":1166,"items_purged":["Pain"],"score":753,"play_id":"a3a3e2ab-b3cd-44b5-a3a3-97f3e35bbd0d","local_time":"20210221223825","is_ascension_mode":true,"campfire_choices":[{"floor":6,"key":"REST"},{"data":"Skewer","floor":8,"key":"SMITH"},{"floor":11,"key":"REST"},{"data":"Replay:Bag of Tricks","floor":15,"key":"SMITH"},{"data":"Dash","floor":24,"key":"SMITH"},{"floor":32,"key":"REST"}],"circlet_count":0,"master_deck":["AscendersBane","Adrenaline+1","Strike_G","Strike_G","Strike_G","Strike_G","Strike_G+1","Defend_G","Defend_G","Defend_G","Defend_G","Defend_G","Survivor","Neutralize","Noxious Fumes","Dagger Spray","Masterful Stab","Blade Dance","All Out Attack","Skewer+1","Dagger Throw","Deadly Poison","Replay:Bag of Tricks+1","Dash+1","Malaise","CurseOfTheBell","PiercingWail","Necronomicurse","Deadly Poison+1","Crippling Poison","Adrenaline+1","True Grit+1","Flex","Finisher","Predator"],"relics":["Ring of the Snake","hubris:TenFootPole","hubris:AstralHammer","Orichalcum","hubris:TinFlute","Replay:Towering Pillar of Hats","Pear","reliquary:TatteredRug","Nunchaku","reliquary:PorcupineQuills","aspiration:ChemicalBlood","Calling Bell","Pet Ghost","Mirror","hubris:MedicalManual","Necronomicon","DollysMirror","hubris:DisguiseKit","Replay:Bottled Snecko","Juzu Bracelet","PreservedInsect"],"acts_visited":["Exordium","TheCity"],"potions_floor_usage":[7,7,20,23,23,27,29,30,33,33],"damage_taken":[{"damage":4,"enemies":"conspire:RoseBush","floor":1,"turns":4},{"damage":2,"enemies":"Jaw Worm","floor":2,"turns":3},{"damage":0,"enemies":"Lagavulin","floor":7,"turns":3},{"damage":25,"enemies":"Lagavulin Event","floor":10,"turns":4},{"damage":14,"enemies":"3 Sentries","floor":12,"turns":4},{"damage":5,"enemies":"Small Slimes","floor":14,"turns":2},{"damage":12,"enemies":"Hexaghost","floor":16,"turns":9},{"damage":0,"enemies":"3 Byrds","floor":18,"turns":3},{"damage":0,"enemies":"2 Thieves","floor":20,"turns":4},{"damage":14,"enemies":"Slavers","floor":23,"turns":4},{"damage":0,"enemies":"Centurion and Healer","floor":25,"turns":4},{"damage":0,"enemies":"Snake Plant","floor":27,"turns":1},{"damage":4,"enemies":"Shelled Parasite and Fungi","floor":29,"turns":3},{"damage":14,"enemies":"Book of Stabbing","floor":30,"turns":5},{"damage":69,"enemies":"Collector","floor":33,"turns":7}],"seed_played":"-6894013988632716755","potions_obtained":[{"floor":1,"key":"hexamod:SoulburnPotion"},{"floor":3,"key":"hexamod:SoulburnPotion"},{"floor":12,"key":"Dexterity Potion"},{"floor":16,"key":"Strength Potion"},{"floor":18,"key":"LiquidMemories"},{"floor":20,"key":"PowerPotion"},{"floor":20,"key":"hexamod:SoulburnPotion"},{"floor":25,"key":"DistilledChaos"},{"floor":27,"key":"AttackPotion"},{"floor":30,"key":"Regen Potion"}],"is_trial":false,"path_per_floor":["M","M","?","?","$","R","E","R","T","?","R","E","?","M","R","B",null,"M","?","M","?","$","E","R","M","T","M","?","M","E","$","R","B"],"character_chosen":"THE_SILENT","items_purchased":["hubris:TenFootPole","Noxious Fumes","Dagger Spray","Orichalcum","hubris:TinFlute","Dagger Throw","BlessingOfTheForge","DollysMirror","PreservedInsect","Predator"],"campfire_rested":3,"item_purchase_floors":[0,0,0,0,0,5,5,22,31,31],"current_hp_per_floor":[14,12,22,22,22,44,44,44,44,19,41,27,46,41,41,29,64,64,55,55,55,55,41,41,41,41,41,41,37,23,23,45,0,0],"gold":26,"neow_bonus":"","is_daily":false,"chose_seed":false,"campfire_upgraded":3,"win_rate":0.0,"timestamp":1613965105,"path_taken":["M","M","?","?","$","R","E","R","T","?","R","E","?","?","R","BOSS","M","?","M","?","$","E","R","?","T","M","?","M","E","$","R","BOSS"],"items_purchased_type":["Relic","Card","Card","Relic","Relic","Card","Potion","Relic","Relic","Card"],"build_version":"2020-12-22","purchased_purges":1,"victory":false,"max_hp_per_floor":[66,66,76,76,76,76,76,76,76,76,76,76,76,76,76,76,76,76,76,76,76,76,76,76,76,76,76,76,76,76,76,76,76,76],"card_choices":[{"not_picked":["Cloak And Dagger","Caltrops"],"picked":"Blade Dance","floor":1},{"not_picked":["PiercingWail","Underhanded Strike"],"picked":"All Out Attack","floor":2},{"not_picked":["Acrobatics","Deadly Poison"],"picked":"Skewer","floor":3},{"not_picked":["hubris:SlightOfHand","ReplayTheSpireMod:Scrap Shanks"],"picked":"Deadly Poison","floor":7},{"not_picked":["Dodge and Roll","Backflip"],"picked":"Replay:Bag of Tricks","floor":10},{"not_picked":["Deadly Poison","Terror","Flying Knee"],"picked":"SKIP","floor":12},{"not_picked":["Acrobatics","Slice"],"picked":"Dash","floor":14},{"not_picked":["Tools of the Trade","Grand Finale"],"picked":"Malaise","floor":16},{"not_picked":["Backflip","ReplayTheSpireMod:Shiv Toss"],"picked":"PiercingWail","floor":18},{"not_picked":["Cloak And Dagger","Masterful Stab"],"picked":"Deadly Poison+1","floor":20},{"not_picked":["ReplayTheSpireMod:Exploit Weakness+1","Flying Knee","Dodge and Roll"],"picked":"SKIP","floor":23},{"not_picked":["Dagger Throw","Underhanded Strike","Grand Finale","hubris:SharpeningStone"],"picked":"SKIP","floor":25},{"not_picked":["Sucker Punch","Acrobatics","Quick Slash"],"picked":"True Grit","floor":27},{"not_picked":["Backflip","Poisoned Stab","Underhanded Strike"],"picked":"Flex","floor":29},{"not_picked":["Heel Hook","Wraith Form v2","Iron Wave"],"picked":"Finisher","floor":30}],"player_experience":447517,"relics_obtained":[{"floor":3,"key":"Pear"},{"floor":7,"key":"reliquary:TatteredRug"},{"floor":9,"key":"Nunchaku"},{"floor":10,"key":"reliquary:PorcupineQuills"},{"floor":12,"key":"aspiration:ChemicalBlood"},{"floor":17,"key":"Pet Ghost"},{"floor":17,"key":"Mirror"},{"floor":17,"key":"hubris:MedicalManual"},{"floor":19,"key":"Necronomicon"},{"floor":23,"key":"hubris:DisguiseKit"},{"floor":26,"key":"Replay:Bottled Snecko"},{"floor":30,"key":"Juzu Bracelet"}],"event_choices":[{"damage_healed":0,"gold_gain":0,"player_choice":"Searched \u00271\u0027 times","damage_taken":0,"max_hp_gain":0,"max_hp_loss":0,"event_name":"Dead Adventurer","floor":10,"gold_loss":0},{"damage_healed":19,"gold_gain":0,"player_choice":"Healed","damage_taken":0,"max_hp_gain":0,"max_hp_loss":0,"event_name":"The Cleric","floor":13,"gold_loss":35},{"damage_healed":0,"gold_gain":0,"player_choice":"Obtained Book","damage_taken":21,"max_hp_gain":0,"max_hp_loss":0,"event_name":"Cursed Tome","floor":19,"gold_loss":0},{"damage_healed":0,"gold_gain":0,"player_choice":"Read","damage_taken":0,"max_hp_gain":0,"max_hp_loss":0,"event_name":"The Library","floor":21,"gold_loss":0,"cards_obtained":["Crippling Poison"]}],"is_beta":false,"boss_relics":[{"not_picked":["Replay:Drink Me","Painkiller Herb"],"picked":"Calling Bell"}],"items_purged_floors":[5],"is_endless":false,"potions_floor_spawned":[1,12,16,18,20,25,27,30],"killed_by":"Collector","ascension_level":15}}