{"host":"q57ekfojy3i00x9o","time":1613999072,"event":{"mods":["Act Like it!","Arknights","Aspiration","BaseMod","Colored Map","Energized Spire","Hermit","Minty Spire (QoL Compilation)","Quick Restart","Ruina","Spicy Shops","Spikes Relics","StSLib","slay the spire mod where everything is the same but ironclad has a cowboy hat"],"gold_per_floor":[119,119,99,99,114,114,264,264,340,340,265,265,208,233,233,323,323,346,360,360,410,410,410,193,193,193,19,19,19,19,38,38,38,38],"floor_reached":33,"language":"RUS","playtime":583,"items_purged":["ats:Strike C"],"score":431,"play_id":"5e122b5e-04bb-446a-b0b8-75d90b7340a0","local_time":"20210222180432","is_ascension_mode":true,"campfire_choices":[{"data":"ats:Closed Bolt Burst Fire","floor":6,"key":"SMITH"},{"data":"ats:Chain Hook","floor":8,"key":"SMITH"},{"data":"ats:Armor Crushing Shot","floor":10,"key":"SMITH"},{"data":"ats:Powerful Strike","floor":15,"key":"SMITH"},{"floor":23,"key":"REST"},{"data":"ats:Ambush","floor":28,"key":"SMITH"},{"data":"ats:True Silver Slash","floor":30,"key":"SMITH"},{"floor":32,"key":"REST"}],"circlet_count":0,"master_deck":["AscendersBane","ats:Strike G+1","ats:Strike S+1","ats:Strike V+1","ats:Armor Crushing Shot+1","ats:Defend+1","ats:Defend+1","ats:Defend+1","ats:Defend+1","ats:Emotion Absorption","CurseOfTheBell","ats:Chain Hook+1","ats:Closed Bolt Burst Fire+1","ats:Powerful Strike+1","ats:Charging Defense","ats:True Silver Slash+1","ats:Closed Bolt Burst Fire","ats:Flexible Camouflage","ats:Poison Spread","ats:Red Shift","ats:Ambush+1","ats:Consecutive Shot Auto"],"relics":["Calling Bell","Juzu Bracelet","Blue Candle","Torii","Boot","Pear","Golden Idol","energizedSpire:NeverEndingSparkler","Enchiridion","White Beast Statue"],"acts_visited":["Exordium","TheCity"],"potions_floor_usage":[5,33,33],"damage_taken":[{"damage":9,"enemies":"ats:Genji","floor":1,"turns":4},{"damage":1,"enemies":"2 Louse","floor":5,"turns":2},{"damage":1,"enemies":"Cultist","floor":14,"turns":3},{"damage":28,"enemies":"The Guardian","floor":16,"turns":13},{"damage":28,"enemies":"Spheric Guardian","floor":18,"turns":4},{"damage":0,"enemies":"Chosen","floor":19,"turns":3},{"damage":11,"enemies":"Snecko","floor":31,"turns":4},{"damage":64,"enemies":"Champ","floor":33,"turns":11}],"seed_played":"-8473920531418317129","potions_obtained":[{"floor":1,"key":"DuplicationPotion"},{"floor":3,"key":"Strength Potion"},{"floor":31,"key":"Energy Potion"}],"is_trial":false,"path_per_floor":["M","?","?","?","M","R","?","R","T","R","?","?","$","M","R","B",null,"M","M","?","?","?","R","$","?","T","$","R","?","R","M","R","B"],"character_chosen":"DOCTOR_CLASS","items_purchased":["ats:Powerful Strike","ats:Poison Spread","ats:Red Shift","ats:Ambush"],"campfire_rested":2,"item_purchase_floors":[13,24,24,27],"current_hp_per_floor":[56,61,61,56,55,55,55,55,65,65,65,65,65,64,64,36,68,40,40,19,19,19,42,42,42,42,42,42,42,42,31,54,0,0],"gold":38,"neow_bonus":"BOSS_RELIC","is_daily":false,"chose_seed":false,"campfire_upgraded":6,"win_rate":0.0,"timestamp":1613999072,"path_taken":["M","?","?","?","M","R","?","R","T","R","?","?","$","M","R","BOSS","M","M","?","?","?","R","?","?","T","$","R","?","R","M","R","BOSS"],"items_purchased_type":["Card","Card","Card","Card"],"build_version":"2020-12-22","purchased_purges":1,"victory":false,"max_hp_per_floor":[72,77,77,77,77,77,77,77,87,87,87,79,79,79,79,79,79,79,79,79,79,79,79,79,79,79,79,79,79,79,79,79,79,79],"card_choices":[{"not_picked":["ats:Absolute Focus","ats:Neurotoxin"],"picked":"ats:Chain Hook","floor":1},{"not_picked":["ats:Very Hot Blade","ats:Shell Defense"],"picked":"ats:Closed Bolt Burst Fire","floor":5},{"not_picked":["ats:Absolute Focus","ats:Literary Storm"],"picked":"ats:Charging Defense","floor":14},{"not_picked":["ats:Disruption Kick","ats:Echo Reverb"],"picked":"ats:True Silver Slash","floor":16},{"not_picked":["ats:Chain Hook","ats:Blood Oath"],"picked":"ats:Closed Bolt Burst Fire","floor":18},{"not_picked":["ats:Assault Order","ats:Guard Mode"],"picked":"ats:Flexible Camouflage","floor":19},{"not_picked":["ats:Shell Defense","ats:Phantom"],"picked":"ats:Consecutive Shot Auto","floor":31}],"player_experience":785643,"relics_obtained":[{"floor":0,"key":"Juzu Bracelet"},{"floor":0,"key":"Blue Candle"},{"floor":0,"key":"Torii"},{"floor":9,"key":"Pear"},{"floor":20,"key":"Enchiridion"},{"floor":26,"key":"White Beast Statue"}],"event_choices":[{"damage_healed":0,"gold_gain":0,"player_choice":"Donut","damage_taken":0,"max_hp_gain":5,"max_hp_loss":0,"event_name":"Big Fish","floor":2,"gold_loss":0},{"damage_healed":0,"gold_gain":0,"player_choice":"Bought 1 Potion","damage_taken":0,"max_hp_gain":0,"max_hp_loss":0,"event_name":"The Woman in Blue","floor":3,"gold_loss":0},{"damage_healed":0,"gold_gain":0,"player_choice":"Success","damage_taken":5,"relics_obtained":["Boot"],"max_hp_gain":0,"max_hp_loss":0,"event_name":"Scrap Ooze","floor":4,"gold_loss":0},{"damage_healed":0,"gold_gain":150,"player_choice":"AGREE","damage_taken":0,"max_hp_gain":0,"max_hp_loss":0,"event_name":"Liars Game","floor":7,"gold_loss":0,"cards_obtained":["Doubt"]},{"cards_removed":["Doubt"],"damage_healed":0,"gold_gain":0,"player_choice":"Card Removal","damage_taken":0,"max_hp_gain":0,"max_hp_loss":0,"event_name":"The Cleric","floor":11,"gold_loss":75},{"damage_healed":0,"gold_gain":0,"player_choice":"Lose Max HP","damage_taken":0,"relics_obtained":["Golden Idol"],"max_hp_gain":0,"max_hp_loss":8,"event_name":"Golden Idol","floor":12,"gold_loss":0},{"damage_healed":0,"gold_gain":0,"player_choice":"Obtained Book","damage_taken":21,"max_hp_gain":0,"max_hp_loss":0,"event_name":"Cursed Tome","floor":20,"gold_loss":0},{"damage_healed":0,"gold_gain":50,"player_choice":"Stole From Cult","damage_taken":0,"max_hp_gain":0,"max_hp_loss":0,"event_name":"Nest","floor":21,"gold_loss":0},{"damage_healed":0,"gold_gain":0,"player_choice":"Ignored","damage_taken":0,"max_hp_gain":0,"max_hp_loss":0,"event_name":"Ghosts","floor":22,"gold_loss":0},{"damage_healed":0,"gold_gain":0,"player_choice":"Simplicity","damage_taken":0,"max_hp_gain":0,"max_hp_loss":0,"event_name":"Back to Basics","floor":29,"gold_loss":0,"cards_upgraded":["ats:Strike G","ats:Strike S","ats:Strike V","ats:Defend","ats:Defend","ats:Defend","ats:Defend"]}],"is_beta":false,"boss_relics":[{"not_picked":["aspiration:RunicSpoon","energizedSpire:DeadBattery"],"picked":"energizedSpire:NeverEndingSparkler"}],"items_purged_floors":[24],"is_endless":false,"potions_floor_spawned":[1,31],"killed_by":"Champ","ascension_level":18}}