{"host":"wqi7jvkbznmdbtu0","time":1613997031,"event":{"mods":["Act Like it!","BaseMod","Downfall","Hermit","Hubris","Infinite Spire","Mimic Mod","Minty Spire (QoL Compilation)","Quick Restart","Ruina","StSLib","The Construct","The Jungle","The Mystic"],"gold_per_floor":[119,133,133,150,150,150,7,25,25,25,25,42,0,0,0,0,0],"floor_reached":16,"language":"ENG","playtime":622,"items_purged":[],"score":95,"play_id":"f0955819-95c0-4727-8266-95d0cecd61e5","local_time":"20210222123031","is_ascension_mode":true,"campfire_choices":[{"data":"Armaments","floor":6.0,"key":"SMITH"},{"data":"Flame Barrier","floor":11.0,"key":"SMITH"},{"data":"Inflame","floor":15.0,"key":"SMITH"}],"circlet_count":0,"master_deck":["Strike_R","Strike_R","Strike_R","Strike_R","Defend_R","Defend_R","Defend_R","Defend_R","Bash","Inflame+1","Flame Barrier+1","Armaments+1","Shrug It Off"],"relics":["Burning Blood","infinitespire:FocusingShard","Tiny Chest","Strawberry","FaceOfCleric"],"acts_visited":["Exordium"],"potions_floor_usage":[],"damage_taken":[{"damage":9.0,"enemies":"Cultist","floor":1.0,"turns":4.0},{"damage":12.0,"enemies":"2 Louse","floor":2.0,"turns":3.0},{"damage":20.0,"enemies":"Jaw Worm","floor":4.0,"turns":4.0},{"damage":1.0,"enemies":"Exordium Wildlife","floor":8.0,"turns":6.0},{"damage":0.0,"enemies":"3 Louse","floor":12.0,"turns":3.0},{"damage":7.0,"enemies":"Looter","floor":13.0,"turns":5.0},{"damage":0,"enemies":"The Guardian","floor":16,"turns":2}],"seed_played":"-8336138025983189531","potions_obtained":[{"floor":3.0,"key":"Energy Potion"},{"floor":3.0,"key":"SneckoOil"},{"floor":3.0,"key":"SmokeBomb"}],"is_trial":false,"path_per_floor":["M","M","?","M","T","R","$","M","T","?","R","M","M","$","R","B"],"character_chosen":"IRONCLAD","items_purchased":["Tiny Chest"],"campfire_rested":0,"item_purchase_floors":[7],"current_hp_per_floor":[77,71,71,57,57,57,57,62,69,69,69,76,76,76,76,76,76],"gold":0,"neow_bonus":"REMOVE_CARD","is_daily":false,"chose_seed":false,"campfire_upgraded":3,"win_rate":0.0,"timestamp":1613997031,"path_taken":["M","M","?","?","?","R","$","M","T","?","R","M","?","?","R","BOSS"],"items_purchased_type":["Relic"],"build_version":"2020-12-22","purchased_purges":0,"victory":false,"max_hp_per_floor":[80,80,80,80,80,80,80,80,87,87,87,88,89,89,89,89,89],"card_choices":[{"not_picked":["Dual Wield","hubris:CleavingFinish"],"picked":"Inflame","floor":1.0},{"not_picked":["Anger","Armaments"],"picked":"Flame Barrier","floor":2.0},{"not_picked":["Power Through","Body Slam"],"picked":"Armaments","floor":4.0},{"not_picked":["Limit Break","hubris:ReadiedAction","Havoc"],"picked":"SKIP","floor":8.0},{"not_picked":["True Grit","Second Wind"],"picked":"Shrug It Off","floor":12.0},{"not_picked":["Havoc","Rage","Flex"],"picked":"SKIP","floor":13.0}],"player_experience":81118,"relics_obtained":[{"floor":5.0,"key":"infinitespire:FocusingShard"},{"floor":9.0,"key":"Strawberry"}],"event_choices":[{"damage_healed":0.0,"max_hp_gain":0.0,"max_hp_loss":0.0,"gold_gain":0.0,"event_name":"Lab","player_choice":"Got Potions","floor":3.0,"gold_loss":0.0,"damage_taken":0.0},{"damage_healed":0.0,"max_hp_gain":0.0,"max_hp_loss":0.0,"gold_gain":0.0,"event_name":"FaceTrader","player_choice":"Trade","floor":10.0,"gold_loss":0.0,"damage_taken":0.0,"relics_obtained":["FaceOfCleric"]}],"is_beta":false,"boss_relics":[],"items_purged_floors":[],"is_endless":false,"potions_floor_spawned":[4,8],"killed_by":"The Guardian","ascension_level":1}}