{"host":"wbn3xdfsa5pc2kse","time":1613993740,"event":{"mods":["AchievementEnabler","BaseMod","Bestiary","Colored Map","Colored Powertips","Curses Come First","Highlight Path","Minty Spire (QoL Compilation)","Permanent Neow","Rare Cards Sparkle","Relic Stats","StSLib"],"gold_per_floor":[113,133,145,160,260,288,288,301,383,383,23,36,36,68,68,141,141,155,2,19,29,29,29,42,42,65,95,113,113,138,138,138,138,138],"floor_reached":33,"language":"ZHT","playtime":1021,"items_purged":["Strike_R","Strike_R"],"score":535,"play_id":"95827274-7495-4db3-b958-637ec49419fa","local_time":"20210222193540","is_ascension_mode":true,"campfire_choices":[{"data":"Fiend Fire","floor":7.0,"key":"SMITH"},{"data":"Blood for Blood","floor":10.0,"key":"SMITH"},{"data":"1","floor":15.0,"key":"LIFT"},{"data":"2","floor":23.0,"key":"LIFT"},{"data":"3","floor":25.0,"key":"LIFT"},{"floor":29.0,"key":"REST"},{"floor":32.0,"key":"REST"}],"circlet_count":0,"master_deck":["AscendersBane","Strike_R+1","Strike_R+1","Strike_R+1","Defend_R+1","Defend_R+1","Defend_R+1","Defend_R+1","Bash","Cleave","Blood for Blood+1","Fiend Fire+1","Shockwave","Spot Weakness","Blood for Blood","Shrug It Off","Shrug It Off","Demon Form","True Grit","Battle Trance","Sword Boomerang","Headbutt+1","Dual Wield"],"relics":["Burning Blood","Centennial Puzzle","Blue Candle","Shuriken","Mercury Hourglass","Girya","Unceasing Top","Philosopher\u0027s Stone","Red Skull","Oddly Smooth Stone","Paper Frog"],"acts_visited":["Exordium","TheCity"],"potions_floor_usage":[33],"damage_taken":[{"damage":6.0,"enemies":"Cultist","floor":1.0,"turns":4.0},{"damage":5.0,"enemies":"2 Louse","floor":2.0,"turns":3.0},{"damage":3.0,"enemies":"Jaw Worm","floor":3.0,"turns":5.0},{"damage":7.0,"enemies":"Looter","floor":4.0,"turns":4.0},{"damage":25.0,"enemies":"Lagavulin","floor":6.0,"turns":6.0},{"damage":13.0,"enemies":"Blue Slaver","floor":8.0,"turns":4.0},{"damage":5.0,"enemies":"2 Fungi Beasts","floor":12.0,"turns":3.0},{"damage":5.0,"enemies":"Gremlin Nob","floor":14.0,"turns":3.0},{"damage":23.0,"enemies":"Hexaghost","floor":16.0,"turns":9.0},{"damage":34.0,"enemies":"3 Byrds","floor":18.0,"turns":4.0},{"damage":0.0,"enemies":"2 Thieves","floor":20.0,"turns":2.0},{"damage":17.0,"enemies":"Snecko","floor":21.0,"turns":5.0},{"damage":9.0,"enemies":"Shelled Parasite and Fungi","floor":24.0,"turns":4.0},{"damage":7.0,"enemies":"Gremlin Leader","floor":27.0,"turns":2.0},{"damage":0.0,"enemies":"Snake Plant","floor":28.0,"turns":1.0},{"damage":17.0,"enemies":"Slavers","floor":30.0,"turns":5.0},{"damage":58,"enemies":"Collector","floor":33,"turns":5}],"seed_played":"7030227309610524117","potions_obtained":[{"floor":2.0,"key":"Energy Potion"},{"floor":8.0,"key":"ElixirPotion"},{"floor":12.0,"key":"Ancient Potion"},{"floor":14.0,"key":"Energy Potion"},{"floor":20.0,"key":"Ancient Potion"},{"floor":27.0,"key":"ColorlessPotion"},{"floor":30.0,"key":"DuplicationPotion"}],"is_trial":false,"path_per_floor":["M","M","M","M","?","E","R","M","T","R","$","M","T","E","R","B",null,"M","$","M","M","?","R","M","R","T","E","M","R","E","?","R","B"],"character_chosen":"IRONCLAD","items_purchased":["Mercury Hourglass","AttackPotion"],"campfire_rested":2,"item_purchase_floors":[11,19],"current_hp_per_floor":[68,69,72,71,71,52,52,45,45,45,45,46,46,47,47,30,64,36,36,42,31,31,31,28,28,28,27,33,55,44,23,47,0,0],"gold":138,"neow_bonus":"RANDOM_COMMON_RELIC","is_daily":false,"chose_seed":false,"campfire_upgraded":2,"win_rate":0.0,"timestamp":1613993740,"path_taken":["M","?","M","M","?","E","R","M","T","R","?","M","?","E","R","BOSS","M","$","M","M","?","R","M","R","T","E","M","R","E","?","R","BOSS"],"items_purchased_type":["Relic","Potion"],"build_version":"2020-12-22","purchased_purges":2,"victory":false,"max_hp_per_floor":[75,75,75,75,75,75,75,75,75,75,75,75,75,75,75,75,75,75,75,75,75,75,75,75,75,75,75,75,75,75,80,80,80,80],"relic_stats":{"Centennial Puzzle":[45],"counters":[17,68],"Shuriken":[3],"Blue Candle":[0],"obtain_stats":[{"Girya":13,"Centennial Puzzle":0,"Shuriken":9,"Blue Candle":6,"Oddly Smooth Stone":27,"Philosopher\u0027s Stone":17,"Burning Blood":0,"Unceasing Top":14,"Red Skull":26,"Mercury Hourglass":11,"Paper Frog":30},{"Girya":7,"Centennial Puzzle":0,"Shuriken":6,"Blue Candle":5,"Oddly Smooth Stone":14,"Philosopher\u0027s Stone":9,"Burning Blood":0,"Unceasing Top":8,"Red Skull":13,"Mercury Hourglass":6,"Paper Frog":16},{"Girya":29,"Centennial Puzzle":0,"Shuriken":26,"Blue Candle":22,"Oddly Smooth Stone":57,"Philosopher\u0027s Stone":41,"Burning Blood":0,"Unceasing Top":32,"Red Skull":55,"Mercury Hourglass":26,"Paper Frog":63}],"Burning Blood":96,"Unceasing Top":[2],"Mercury Hourglass":[182]},"card_choices":[{"not_picked":["True Grit","Combust"],"picked":"Cleave","floor":1.0},{"not_picked":["Headbutt","True Grit"],"picked":"Blood for Blood","floor":2.0},{"not_picked":["Shrug It Off","Clash"],"picked":"Fiend Fire","floor":3.0},{"not_picked":["Twin Strike","Body Slam"],"picked":"Shockwave","floor":4.0},{"not_picked":["Intimidate","Metallicize"],"picked":"Spot Weakness","floor":6.0},{"not_picked":["Perfected Strike","Cleave"],"picked":"Blood for Blood","floor":8.0},{"not_picked":["Cleave","Havoc"],"picked":"Shrug It Off","floor":12.0},{"not_picked":["Corruption","Infernal Blade"],"picked":"Shrug It Off","floor":14.0},{"not_picked":["Corruption","Berserk"],"picked":"Demon Form","floor":16.0},{"not_picked":["Armaments","Dark Embrace"],"picked":"True Grit","floor":18.0},{"not_picked":["Twin Strike","Blood for Blood","Iron Wave"],"picked":"SKIP","floor":20.0},{"not_picked":["Twin Strike","Blood for Blood","Iron Wave"],"picked":"SKIP","floor":20.0},{"not_picked":["Twin Strike","Blood for Blood","Iron Wave"],"picked":"SKIP","floor":20.0},{"not_picked":["Twin Strike","Metallicize"],"picked":"Battle Trance","floor":21.0},{"not_picked":["Sword Boomerang","Blood for Blood","Headbutt"],"picked":"SKIP","floor":24.0},{"not_picked":["Blood for Blood","Headbutt"],"picked":"Sword Boomerang","floor":24.0},{"not_picked":["Rampage","Havoc","Perfected Strike"],"picked":"SKIP","floor":27.0},{"not_picked":["Wild Strike","Clothesline"],"picked":"Headbutt+1","floor":28.0},{"not_picked":["Infernal Blade","Reckless Charge"],"picked":"Dual Wield","floor":30.0}],"player_experience":850271,"relics_obtained":[{"floor":6.0,"key":"Blue Candle"},{"floor":9.0,"key":"Shuriken"},{"floor":13.0,"key":"Girya"},{"floor":14.0,"key":"Unceasing Top"},{"floor":26.0,"key":"Red Skull"},{"floor":27.0,"key":"Oddly Smooth Stone"},{"floor":30.0,"key":"Paper Frog"}],"event_choices":[{"damage_healed":0.0,"max_hp_gain":0.0,"max_hp_loss":0.0,"gold_gain":100.0,"event_name":"Wheel of Change","player_choice":"Gold","floor":5.0,"gold_loss":0.0,"damage_taken":0.0},{"damage_healed":0.0,"max_hp_gain":0.0,"max_hp_loss":0.0,"gold_gain":0.0,"event_name":"Back to Basics","player_choice":"Simplicity","floor":22.0,"gold_loss":0.0,"damage_taken":0.0,"cards_upgraded":["Strike_R","Strike_R","Strike_R","Defend_R","Defend_R","Defend_R","Defend_R"]},{"damage_healed":0.0,"max_hp_gain":5.0,"max_hp_loss":0.0,"gold_gain":0.0,"event_name":"Forgotten Altar","player_choice":"Shed Blood","floor":31.0,"gold_loss":0.0,"damage_taken":26.0}],"is_beta":false,"boss_relics":[{"not_picked":["SlaversCollar","Black Blood"],"picked":"Philosopher\u0027s Stone"}],"items_purged_floors":[11,19],"is_endless":false,"potions_floor_spawned":[2,8,12,14,20,27,30],"killed_by":"Collector","ascension_level":16}}