{"host":"iv24d026eac8pm4e","time":1613971535,"event":{"mods":["BaseMod","Minty Spire (QoL Compilation)"],"gold_per_floor":[13,29,42,56,56,56,73,73,142,142,158,158,158],"floor_reached":12,"language":"ENG","playtime":406,"items_purged":[],"score":144,"play_id":"8f1ba2b2-ab50-43d0-bf35-8239543c8788","local_time":"20210221212535","is_ascension_mode":true,"campfire_choices":[{"data":"Distraction","floor":6,"key":"SMITH"}],"circlet_count":0,"master_deck":["AscendersBane","Strike_G","Strike_G","Strike_G","Strike_G","Defend_G","Defend_G+1","Defend_G","Defend_G","Defend_G","Survivor","Neutralize","PiercingWail+1","Distraction+1","Blade Dance","Caltrops","Setup","Footwork+1"],"relics":["Ring of the Snake","Frozen Egg 2","Peace Pipe"],"acts_visited":["Exordium"],"potions_floor_usage":[7,11],"damage_taken":[{"damage":12,"enemies":"Cultist","floor":1,"turns":5},{"damage":1,"enemies":"2 Louse","floor":2,"turns":3},{"damage":7,"enemies":"Jaw Worm","floor":3,"turns":6},{"damage":4,"enemies":"3 Louse","floor":4,"turns":4},{"damage":9,"enemies":"Exordium Thugs","floor":7,"turns":5},{"damage":1,"enemies":"Lots of Slimes","floor":11,"turns":4},{"damage":0,"enemies":"Gremlin Nob","floor":12,"turns":2}],"seed_played":"-3501924491750288445","potions_obtained":[{"floor":1,"key":"Block Potion"},{"floor":2,"key":"Fire Potion"}],"is_trial":false,"path_per_floor":["M","M","M","M","?","R","M","?","T","?","M","E"],"character_chosen":"THE_SILENT","items_purchased":[],"campfire_rested":0,"item_purchase_floors":[],"current_hp_per_floor":[59,58,51,47,47,47,38,15,15,4,3,3,3],"gold":158,"neow_bonus":"TWENTY_PERCENT_HP_BONUS","is_daily":false,"chose_seed":false,"campfire_upgraded":1,"win_rate":0.0,"timestamp":1613971535,"path_taken":["M","M","M","M","?","R","M","?","T","?","M","E"],"items_purchased_type":[],"build_version":"2020-12-22","purchased_purges":0,"victory":false,"max_hp_per_floor":[78,78,78,78,78,78,78,78,78,78,78,78,78],"card_choices":[{"not_picked":["Acrobatics","Eviscerate"],"picked":"PiercingWail","floor":1},{"not_picked":["Expertise","Tactician"],"picked":"Distraction","floor":2},{"not_picked":["Deadly Poison","Sucker Punch"],"picked":"Blade Dance","floor":3},{"not_picked":["PiercingWail","Sucker Punch"],"picked":"Caltrops","floor":4},{"not_picked":["Dagger Spray","Poisoned Stab","Deadly Poison"],"picked":"SKIP","floor":7},{"not_picked":["Slice","Distraction"],"picked":"Footwork+1","floor":11}],"player_experience":2570231,"relics_obtained":[{"floor":9,"key":"Frozen Egg 2"}],"event_choices":[{"damage_healed":0,"gold_gain":0,"cards_transformed":["Strike_G"],"player_choice":"Change","damage_taken":0,"max_hp_gain":0,"max_hp_loss":0,"event_name":"Living Wall","floor":5,"gold_loss":0,"cards_obtained":["Setup"]},{"damage_healed":0,"gold_gain":0,"player_choice":"Entered Light","damage_taken":23,"max_hp_gain":0,"max_hp_loss":0,"event_name":"Shining Light","floor":8,"gold_loss":0,"cards_upgraded":["Defend_G","PiercingWail"]},{"damage_healed":0,"gold_gain":0,"player_choice":"Success","damage_taken":11,"relics_obtained":["Peace Pipe"],"max_hp_gain":0,"max_hp_loss":0,"event_name":"Scrap Ooze","floor":10,"gold_loss":0}],"is_beta":false,"boss_relics":[],"items_purged_floors":[],"is_endless":false,"potions_floor_spawned":[1,2,4],"killed_by":"Gremlin Nob","ascension_level":20}}