{"host":"2se5dq1do2gp0x9k","time":1613961060,"event":{"mods":["AchievementEnabler","BaseMod","Block Reminder","Colored Map","Colored Powertips","Minty Spire (QoL Compilation)","Relic Stats","StSLib","SuperFastMode"],"gold_per_floor":[114,18,29,47,60,60,85,26,53,53,53,78,114,42,42,147,147,181,31,31,31],"floor_reached":20,"language":"ENG","playtime":544,"items_purged":["Strike_P"],"score":488,"play_id":"a7319f5f-87c6-4a08-8d19-6fab24eec36b","local_time":"20210221183100","is_ascension_mode":true,"campfire_choices":[{"data":"PathToVictory","floor":6.0,"key":"SMITH"},{"data":"Tantrum","floor":15.0,"key":"SMITH"}],"circlet_count":0,"master_deck":["AscendersBane","Strike_P","Strike_P","Strike_P","Defend_P","Defend_P","Defend_P","Defend_P","Eruption","Vigilance","PathToVictory","PathToVictory+1","FearNoEvil","Nirvana","JustLucky","Tantrum+1","TalkToTheHand","PathToVictory+1","ThirdEye","TalkToTheHand","Vault","SignatureMove+1","Tantrum"],"relics":["PureWater","NeowsBlessing","Bronze Scales","CeramicFish","Golden Idol","Lantern","Snecko Eye"],"acts_visited":["Exordium","TheCity"],"potions_floor_usage":[20],"damage_taken":[{"damage":0.0,"enemies":"Cultist","floor":1.0,"turns":1.0},{"damage":0.0,"enemies":"Jaw Worm","floor":3.0,"turns":1.0},{"damage":0.0,"enemies":"Small Slimes","floor":4.0,"turns":1.0},{"damage":10.0,"enemies":"Looter","floor":5.0,"turns":3.0},{"damage":35.0,"enemies":"3 Sentries","floor":7.0,"turns":7.0},{"damage":0.0,"enemies":"Large Slime","floor":12.0,"turns":4.0},{"damage":0.0,"enemies":"Gremlin Nob","floor":13.0,"turns":2.0},{"damage":0,"enemies":"Slime Boss","floor":16,"turns":6},{"damage":0,"enemies":"Chosen","floor":18,"turns":4},{"damage":15,"enemies":"Shell Parasite","floor":20,"turns":4}],"seed_played":"10441171386053113","potions_obtained":[{"floor":1.0,"key":"DistilledChaos"},{"floor":5.0,"key":"SteroidPotion"},{"floor":7.0,"key":"Block Potion"},{"floor":16,"key":"GamblersBrew"}],"is_trial":false,"path_per_floor":["M","$","M","M","M","R","E","$","T","?","?","M","E","$","R","B",null,"M","$","M"],"character_chosen":"WATCHER","items_purchased":["PathToVictory","FearNoEvil","PathToVictory","TalkToTheHand","Tantrum"],"campfire_rested":0,"item_purchase_floors":[2,2,8,14,19],"current_hp_per_floor":[61,61,61,61,51,51,16,16,16,16,16,16,16,16,16,16,51,51,51,36,36],"gold":31,"neow_bonus":"THREE_ENEMY_KILL","is_daily":false,"chose_seed":false,"campfire_upgraded":2,"win_rate":0.0,"timestamp":1613961060,"path_taken":["M","$","M","M","M","R","E","?","T","?","?","M","E","$","R","BOSS","M","$","M"],"items_purchased_type":["Card","Card","Card","Card","Card"],"build_version":"2020-12-22","purchased_purges":1,"victory":false,"max_hp_per_floor":[68,68,68,68,68,68,68,68,68,62,62,62,62,62,62,62,62,62,62,62,62],"relic_stats":{"counters":[10,33],"Golden Idol":34,"Bronze Scales":[6],"CeramicFish":45,"Snecko Eye":[7,15,17,15],"obtain_stats":[{"Lantern":13,"NeowsBlessing":0,"Golden Idol":10,"Bronze Scales":7,"CeramicFish":9,"Snecko Eye":17,"PureWater":0},{"Lantern":7,"NeowsBlessing":0,"Golden Idol":5,"Bronze Scales":5,"CeramicFish":5,"Snecko Eye":8,"PureWater":0},{"Lantern":19,"NeowsBlessing":0,"Golden Idol":13,"Bronze Scales":13,"CeramicFish":13,"Snecko Eye":25,"PureWater":0}]},"card_choices":[{"not_picked":["Evaluate","SashWhip"],"picked":"PathToVictory","floor":1.0},{"not_picked":["Crescendo","Protect"],"picked":"Nirvana","floor":3.0},{"not_picked":["Evaluate","FlyingSleeves"],"picked":"JustLucky","floor":4.0},{"not_picked":["Halt","SignatureMove"],"picked":"Tantrum","floor":5.0},{"not_picked":["Ragnarok","FlyingSleeves"],"picked":"TalkToTheHand","floor":7.0},{"not_picked":["FlurryOfBlows","FollowUp"],"picked":"ThirdEye","floor":12.0},{"not_picked":["Perseverance","Prostrate","CrushJoints"],"picked":"SKIP","floor":13.0},{"not_picked":["LessonLearned","Scrawl"],"picked":"Vault","floor":16},{"not_picked":["Crescendo","Sanctity"],"picked":"SignatureMove+1","floor":18}],"player_experience":4109944,"relics_obtained":[{"floor":7.0,"key":"Bronze Scales"},{"floor":9.0,"key":"CeramicFish"},{"floor":13.0,"key":"Lantern"}],"event_choices":[{"damage_healed":0.0,"max_hp_gain":0.0,"max_hp_loss":6.0,"gold_gain":0.0,"event_name":"Golden Idol","player_choice":"Lose Max HP","floor":10.0,"gold_loss":0.0,"damage_taken":0.0,"relics_obtained":["Golden Idol"]},{"damage_healed":0.0,"max_hp_gain":0.0,"max_hp_loss":0.0,"gold_gain":0.0,"event_name":"Upgrade Shrine","player_choice":"Upgraded","floor":11.0,"gold_loss":0.0,"damage_taken":0.0,"cards_upgraded":["PathToVictory"]}],"is_beta":false,"boss_relics":[{"not_picked":["Pandora\u0027s Box","Tiny House"],"picked":"Snecko Eye"}],"items_purged_floors":[19],"is_endless":false,"potions_floor_spawned":[1,5,7,16],"killed_by":"Shell Parasite","ascension_level":18}}