{"host":"8srk5r1dwtmjotwd","time":1613961801,"event":{"mods":["AchievementEnabler","Act Like it!","Aspiration","BaseMod","Beaked The Cultist","Bestiary","Better Note","Better Third Choice","Colored Map","Colored Powertips","Conspire","Custom Start","Friendly Minions","GifTheSpireLib","Halation","Hallownest","Hermit","Highlight Path","Hubris","Infinite Spire","Mimic Mod","Minty Spire (QoL Compilation)","Morshu Shopkeeper - ENHANCED","Quick Restart","Rare Cards Sparkle","Reliquary","Replay The Spire","Shop Mod","StSLib","SuperFastMode","Synergy Search","The Bug Knight","The Construct","The Cursed","The Disciple","The Marked","Thieving Mod","Wide Potions","Yohane!","everything is the same but u backflip on backflip","slay the spire mod where everything is the same but ironclad has a cowboy hat"],"gold_per_floor":[112,20,30,30,49,49,83,83,123,154,174,349,368,379,379,478,478,495,495,495,515,515,515,80,80,80,92,107,107,117,117,117],"floor_reached":31,"language":"ENG","playtime":1448,"items_purged":["Doubt"],"score":237,"play_id":"ca42c5ee-2511-48c3-82ba-8d24786014a7","local_time":"20210221214321","is_ascension_mode":false,"campfire_choices":[{"data":"construct:Anticipate","floor":6,"key":"SMITH"},{"floor":15,"key":"REST"},{"floor":23,"key":"REST"},{"floor":29,"key":"REST"}],"circlet_count":0,"master_deck":["Strike_R","Strike_R","Strike_R","Strike_R","Strike_R","Defend_R","Defend_R","Defend_R","Defend_R","Bash","Cleave","Iron Wave","construct:ForceCore","Flex","Whirlwind","Pummel","construct:ForceCore","Havoc","Iron Wave+1"],"relics":["Burning Blood","NeowsBlessing","hubris:DisguiseKit","reliquary:Vitrine","aspiration:Lifesprig","Replay:Wax Seal","aspiration:RitualStick","Chameleon Ring","reliquary:Knoch"],"acts_visited":["Exordium","TheCity"],"potions_floor_usage":[10,16,16,21,21,25,27],"damage_taken":[{"damage":0,"enemies":"2 Louse","floor":1,"turns":1},{"damage":0,"enemies":"Cultist","floor":3,"turns":1},{"damage":0,"enemies":"Small Slimes","floor":5,"turns":1},{"damage":42,"enemies":"HollowMod:MossKnight","floor":7,"turns":11},{"damage":18,"enemies":"Blue Slaver","floor":9,"turns":8},{"damage":13,"enemies":"Blue Slaver","floor":10,"turns":6},{"damage":12,"enemies":"Blue Slaver","floor":11,"turns":2},{"damage":13,"enemies":"Red Slaver","floor":13,"turns":2},{"damage":14,"enemies":"3 Louse","floor":14,"turns":3},{"damage":45,"enemies":"Hexaghost","floor":16,"turns":6},{"damage":43,"enemies":"conspire:FuzzyDice","floor":18,"turns":5},{"damage":9,"enemies":"Shell Parasite","floor":21,"turns":3},{"damage":32,"enemies":"3 Cultists","floor":27,"turns":5},{"damage":17,"enemies":"Centurion and Healer","floor":28,"turns":4},{"damage":39,"enemies":"Snake Plant","floor":30,"turns":4},{"damage":21,"enemies":"Cultist and Chosen","floor":31,"turns":4}],"seed_played":"542623334187331981","potions_obtained":[{"floor":3,"key":"BloodPotion"},{"floor":11,"key":"SteroidPotion"},{"floor":13,"key":"Venom Potion"},{"floor":16,"key":"Energy Potion"},{"floor":18,"key":"Explosive Potion"}],"is_trial":false,"path_per_floor":["M","?","M","?","M","R","E","?","MIM","MIM","M","?","M","M","R","B",null,"M","?","?","M","?","R","$","?","T","M","M","R","M","M"],"character_chosen":"IRONCLAD","items_purchased":["BloodPotion","Chameleon Ring","Adrenaline Potion"],"campfire_rested":3,"item_purchase_floors":[24,24,24],"current_hp_per_floor":[80,80,80,80,80,80,44,44,32,65,59,59,52,44,68,29,80,43,43,27,24,15,39,39,55,55,29,18,42,9,0,0],"gold":117,"neow_bonus":"THREE_ENEMY_KILL","is_daily":false,"chose_seed":false,"campfire_upgraded":1,"win_rate":0.0,"timestamp":1613961801,"path_taken":["M","?","?","?","M","R","E","?","MIM","?","M","?","?","M","R","BOSS","M","?","?","?","?","R","$","?","T","M","M","R","M","M"],"items_purchased_type":["Potion","Relic","Potion"],"build_version":"2020-12-22","purchased_purges":1,"victory":false,"max_hp_per_floor":[80,80,80,80,80,80,80,80,80,80,80,80,80,80,80,80,80,80,80,80,80,80,80,80,80,80,80,80,80,80,80,80],"card_choices":[{"not_picked":["True Grit","ReplayTheSpireMod:Limb From Limb"],"picked":"Cleave","floor":1},{"not_picked":["Headbutt","Wild Strike","Sword Boomerang"],"picked":"construct:Anticipate","floor":3},{"not_picked":["Warcry","Shrug It Off","construct:Missile"],"picked":"Iron Wave","floor":5},{"not_picked":["Defy Death","Hemokinesis","Shrug It Off"],"picked":"construct:ForceCore","floor":7},{"not_picked":["Twin Strike","Pommel Strike","construct:SaveState"],"picked":"Flex","floor":9},{"not_picked":["Clothesline","Run Through","construct:Construct_Overclock"],"picked":"Whirlwind","floor":10},{"not_picked":["Flex","Metallicize","construct:MemoryTap"],"picked":"Pummel","floor":11},{"not_picked":["Body Slam","Clash","Run Through","construct:ClockworkEgg"],"picked":"SKIP","floor":13},{"not_picked":["Blood for Blood","hubris:StunningStrike","ReplayReversal"],"picked":"construct:ForceCore","floor":14},{"not_picked":["Clothesline","Twin Strike","Dual Wield+1","construct:Overcharge"],"picked":"SKIP","floor":18},{"not_picked":["Rampage+1","Shrug It Off","construct:ShiftGuard"],"picked":"Havoc","floor":21},{"not_picked":["True Grit","Reckless Charge","Entrench+1","construct:ScrapCannon"],"picked":"SKIP","floor":27},{"not_picked":["Defy Death","Perfected Strike","Warcry","construct:QuickAttack"],"picked":"SKIP","floor":28},{"not_picked":["Armaments","Run Through+1","construct:Disrupt"],"picked":"Iron Wave+1","floor":30}],"player_experience":140163,"relics_obtained":[{"floor":7,"key":"reliquary:Vitrine"},{"floor":9,"key":"aspiration:Lifesprig"},{"floor":10,"key":"Replay:Wax Seal"},{"floor":26,"key":"reliquary:Knoch"}],"event_choices":[{"damage_healed":0,"gold_gain":0,"player_choice":"Paid Gold","damage_taken":0,"relics_obtained":["hubris:DisguiseKit"],"max_hp_gain":0,"max_hp_loss":0,"event_name":"WeMeetAgain","floor":2,"gold_loss":92},{"damage_healed":0,"gold_gain":0,"player_choice":"Leave","damage_taken":0,"max_hp_gain":0,"max_hp_loss":0,"event_name":"conspire:Investor","floor":4,"gold_loss":0},{"damage_healed":0,"gold_gain":175,"player_choice":"AGREE","damage_taken":174,"max_hp_gain":0,"max_hp_loss":0,"event_name":"betterThird:BetterSerpent","floor":12,"gold_loss":0},{"cards_removed":["construct:ForceCore"],"damage_healed":0,"gold_gain":0,"player_choice":"Give","damage_taken":0,"max_hp_gain":0,"max_hp_loss":0,"event_name":"betterNote:BetterNote","floor":19,"gold_loss":0,"cards_obtained":["construct:HeavyBolt"]},{"damage_healed":0,"gold_gain":0,"player_choice":"Stopped","damage_taken":9,"max_hp_gain":0,"max_hp_loss":0,"event_name":"Cursed Tome","floor":22,"gold_loss":0},{"damage_healed":0,"gold_gain":0,"player_choice":"Damaged","damage_taken":8,"max_hp_gain":0,"max_hp_loss":0,"event_name":"Wheel of Change","floor":25,"gold_loss":0}],"is_beta":false,"boss_relics":[{"not_picked":["Runic Pyramid","hubris:CrackedHourglass","hubris:HollowSoul"]}],"items_purged_floors":[24],"is_endless":false,"potions_floor_spawned":[3,11,13,16,18],"killed_by":"Cultist and Chosen","ascension_level":0}}