{"host":"v0dnu0zs4qo0v13s","time":1613953740,"event":{"mods":["BaseMod","Colored Map","Colored Powertips","Minty Spire (QoL Compilation)","Relic Stats","StSLib","SuperFastMode","everything is the same but u backflip on backflip"],"gold_per_floor":[114,114,289,364,364,364,398,416,440,440,114,132,132,132,132,261,561,579,579,579,579,262,262,301,0,72,106,106,127,148,163,163,284,284,309,309,323,336,336,336,350,78,131,164,18,18,59,9,9,9],"floor_reached":51,"language":"ENG","playtime":3360,"items_purged":["Strike_G","Defend_G","Strike_G","Regret","Doubt"],"score":1146,"play_id":"4c7d8417-7faf-439c-aa89-05d3a37ead0f","local_time":"20210221192900","is_ascension_mode":true,"campfire_choices":[{"data":"Neutralize","floor":6.0,"key":"SMITH"},{"data":"Bouncing Flask","floor":10.0,"key":"SMITH"},{"floor":15.0,"key":"REST"},{"data":"Malaise","floor":23.0,"key":"SMITH"},{"floor":28.0,"key":"REST"},{"floor":32.0,"key":"REST"},{"data":"Catalyst","floor":40.0,"key":"SMITH"},{"floor":46,"key":"REST"},{"floor":49,"key":"REST"}],"circlet_count":0,"master_deck":["Strike_G+1","Defend_G+1","Survivor","Neutralize+1","Dagger Spray","Bouncing Flask+1","Crippling Poison+1","Noxious Fumes","Injury","Doppelganger","CurseOfTheBell","Sucker Punch+1","Malaise+1","Backflip","Dramatic Entrance+1","Poisoned Stab+1","Calculated Gamble","Terror+1","Catalyst+1","Dagger Throw+1","Infinite Blades+1","Die Die Die+1","A Thousand Cuts+1","Night Terror+1","After Image+1","Acrobatics+1","Catalyst+1","Outmaneuver+1","Accuracy+1","Footwork","Tools of the Trade","Bullet Time"],"relics":["Ring of the Snake","NeowsBlessing","Boot","Blue Candle","Smiling Mask","Anchor","TwistedFunnel","Golden Idol","Calling Bell","Akabeko","Molten Egg 2","Old Coin","Enchiridion","Bag of Marbles","White Beast Statue","Kunai","Mummified Hand","Tingsha","Astrolabe","Bronze Scales","Ancient Tea Set","Nunchaku","War Paint","CaptainsWheel"],"acts_visited":["Exordium","TheCity","TheBeyond"],"potions_floor_usage":[50,50],"damage_taken":[{"damage":0.0,"enemies":"Jaw Worm","floor":1.0,"turns":1.0},{"damage":0.0,"enemies":"Lagavulin","floor":7.0,"turns":1.0},{"damage":0.0,"enemies":"2 Louse","floor":8.0,"turns":1.0},{"damage":4.0,"enemies":"Small Slimes","floor":12.0,"turns":3.0},{"damage":47.0,"enemies":"Hexaghost","floor":16.0,"turns":9.0},{"damage":3.0,"enemies":"3 Byrds","floor":18.0,"turns":3.0},{"damage":38.0,"enemies":"Book of Stabbing","floor":24.0,"turns":5.0},{"damage":0.0,"enemies":"Slavers","floor":27.0,"turns":2.0},{"damage":0.0,"enemies":"Shell Parasite","floor":29.0,"turns":2.0},{"damage":0.0,"enemies":"Snecko","floor":30.0,"turns":3.0},{"damage":3.0,"enemies":"Snake Plant","floor":31.0,"turns":2.0},{"damage":4.0,"enemies":"Collector","floor":33.0,"turns":6.0},{"damage":0.0,"enemies":"3 Darklings","floor":35.0,"turns":2.0},{"damage":0.0,"enemies":"Orb Walker","floor":37.0,"turns":2.0},{"damage":7.0,"enemies":"Sphere and 2 Shapes","floor":38.0,"turns":3.0},{"damage":16.0,"enemies":"Spire Growth","floor":41.0,"turns":4.0},{"damage":17.0,"enemies":"Reptomancer","floor":44.0,"turns":4.0},{"damage":2,"enemies":"Giant Head","floor":47,"turns":5},{"damage":55,"enemies":"Awakened One","floor":50,"turns":8}],"seed_played":"-8989236875986278867","potions_obtained":[{"floor":1.0,"key":"Regen Potion"},{"floor":8.0,"key":"Dexterity Potion"},{"floor":16.0,"key":"Poison Potion"},{"floor":27.0,"key":"SpeedPotion"},{"floor":29.0,"key":"Ancient Potion"},{"floor":33.0,"key":"SteroidPotion"},{"floor":35.0,"key":"Block Potion"},{"floor":37.0,"key":"PowerPotion"},{"floor":41.0,"key":"Poison Potion"},{"floor":44.0,"key":"Explosive Potion"},{"floor":47,"key":"CunningPotion"}],"is_trial":false,"path_per_floor":["M","?","?","?","T","R","E","M","T","R","$","M","?","?","R","B",null,"M","?","?","?","$","R","E","$","T","E","R","M","M","M","R","B",null,"M","?","M","M","?","R","M","$","T","E","$","R","E","$","R","B",null],"character_chosen":"THE_SILENT","items_purchased":["TwistedFunnel","Fire Potion","Noxious Fumes","Dramatic Entrance+1","Bag of Marbles","Poisoned Stab+1","Kunai","Bronze Scales","Footwork","War Paint"],"campfire_rested":5,"item_purchase_floors":[11,11,11,22,22,22,25,42,42,45],"current_hp_per_floor":[63,63,63,52,52,52,52,52,52,52,52,48,48,34,55,23,58,55,70,70,54,54,54,16,16,16,16,37,37,37,34,55,51,65,65,65,65,58,70,70,54,54,54,37,37,58,56,56,70,15],"gold":9,"neow_bonus":"THREE_ENEMY_KILL","is_daily":false,"chose_seed":false,"campfire_upgraded":4,"win_rate":0.0,"timestamp":1613953740,"path_taken":["M","?","?","?","?","R","E","M","T","R","$","M","?","?","R","BOSS","M","?","?","?","$","R","E","$","T","E","R","M","M","M","R","BOSS","M","?","?","M","?","R","M","$","T","E","?","R","E","$","R","BOSS"],"items_purchased_type":["Relic","Potion","Card","Card","Relic","Card","Relic","Relic","Card","Relic"],"build_version":"2020-12-22","purchased_purges":5,"victory":true,"max_hp_per_floor":[70,70,70,70,70,70,70,70,70,70,70,70,70,70,70,70,70,70,70,70,70,70,70,70,70,70,70,70,70,70,70,70,70,70,70,70,70,70,70,70,70,70,70,70,70,70,70,70,70,70],"relic_stats":{"counters":[19,66],"Golden Idol":135,"Blue Candle":[12],"Astrolabe":["A Thousand Cuts","Night Terror","After Image"],"Tingsha":[123],"War Paint":["Crippling Poison","Catalyst"],"Boot":[63],"Smiling Mask":375,"Nunchaku":[2],"Mummified Hand":[41],"Bronze Scales":[45],"Kunai":[15],"obtain_stats":[{"TwistedFunnel":11,"NeowsBlessing":0,"Golden Idol":13,"Blue Candle":5,"Astrolabe":34,"Enchiridion":21,"Tingsha":27,"War Paint":45,"Boot":2,"Smiling Mask":7,"Ancient Tea Set":43,"Akabeko":17,"White Beast Statue":24,"Old Coin":17,"Calling Bell":17,"Anchor":9,"Nunchaku":44,"CaptainsWheel":47,"Mummified Hand":26,"Bronze Scales":42,"Molten Egg 2":17,"Bag of Marbles":22,"Kunai":25,"Ring of the Snake":0},{"TwistedFunnel":3,"NeowsBlessing":0,"Golden Idol":4,"Blue Candle":1,"Astrolabe":12,"Enchiridion":6,"Tingsha":8,"War Paint":17,"Boot":1,"Smiling Mask":2,"Ancient Tea Set":16,"Akabeko":5,"White Beast Statue":7,"Old Coin":5,"Calling Bell":5,"Anchor":3,"Nunchaku":17,"CaptainsWheel":18,"Mummified Hand":7,"Bronze Scales":16,"Molten Egg 2":5,"Bag of Marbles":6,"Kunai":7,"Ring of the Snake":0},{"TwistedFunnel":3,"NeowsBlessing":0,"Golden Idol":6,"Blue Candle":1,"Astrolabe":38,"Enchiridion":18,"Tingsha":25,"War Paint":53,"Boot":1,"Smiling Mask":2,"Ancient Tea Set":49,"Akabeko":15,"White Beast Statue":23,"Old Coin":15,"Calling Bell":15,"Anchor":3,"Nunchaku":53,"CaptainsWheel":58,"Mummified Hand":23,"Bronze Scales":49,"Molten Egg 2":15,"Bag of Marbles":18,"Kunai":23,"Ring of the Snake":0}],"Ring of the Snake":[38]},"card_choices":[{"not_picked":["Endless Agony","Bane"],"picked":"Dagger Spray","floor":1.0},{"not_picked":["Glass Knife","Prepared"],"picked":"Bouncing Flask","floor":7.0},{"not_picked":["Dodge and Roll","Prepared"],"picked":"Crippling Poison","floor":8.0},{"not_picked":["Outmaneuver","Deadly Poison"],"picked":"Well Laid Plans","floor":12.0},{"not_picked":["Storm of Steel","Bullet Time"],"picked":"Doppelganger","floor":16.0},{"not_picked":["Dagger Spray+1","Reflex"],"picked":"Sucker Punch+1","floor":18.0},{"not_picked":["Outmaneuver","Skewer+1"],"picked":"Calculated Gamble","floor":24.0},{"not_picked":["Acrobatics","Die Die Die+1"],"picked":"Terror+1","floor":27.0},{"not_picked":["Dagger Throw+1","Outmaneuver"],"picked":"Catalyst","floor":29.0},{"not_picked":["Dodge and Roll","Deflect"],"picked":"Dagger Throw+1","floor":30.0},{"not_picked":["Blur+1","All Out Attack+1"],"picked":"Infinite Blades+1","floor":31.0},{"not_picked":["Bullet Time","Unload+1"],"picked":"Die Die Die+1","floor":33.0},{"not_picked":["Distraction","Blade Dance"],"picked":"Acrobatics+1","floor":35.0},{"not_picked":["Slice+1","Poisoned Stab+1"],"picked":"Outmaneuver+1","floor":37.0},{"not_picked":["Underhanded Strike+1","Dagger Spray+1","Backflip+1"],"picked":"SKIP","floor":38.0},{"not_picked":["Escape Plan","PiercingWail"],"picked":"Accuracy+1","floor":41.0},{"not_picked":["Backflip+1","Expertise"],"picked":"Tools of the Trade","floor":44.0},{"not_picked":["Flying Knee+1","Setup+1"],"picked":"Bullet Time","floor":47}],"player_experience":776534,"relics_obtained":[{"floor":5.0,"key":"Blue Candle"},{"floor":7.0,"key":"Smiling Mask"},{"floor":9.0,"key":"Anchor"},{"floor":17.0,"key":"Akabeko"},{"floor":17.0,"key":"Molten Egg 2"},{"floor":17.0,"key":"Old Coin"},{"floor":21.0,"key":"Enchiridion"},{"floor":24.0,"key":"White Beast Statue"},{"floor":26.0,"key":"Mummified Hand"},{"floor":27.0,"key":"Tingsha"},{"floor":43.0,"key":"Ancient Tea Set"},{"floor":44.0,"key":"Nunchaku"},{"floor":47,"key":"CaptainsWheel"}],"event_choices":[{"damage_healed":0.0,"max_hp_gain":0.0,"max_hp_loss":0.0,"gold_gain":0.0,"event_name":"Big Fish","player_choice":"Box","floor":2.0,"gold_loss":0.0,"damage_taken":0.0,"relics_obtained":["Boot"],"cards_obtained":["Regret"]},{"damage_healed":0.0,"max_hp_gain":0.0,"max_hp_loss":0.0,"gold_gain":175.0,"event_name":"Liars Game","player_choice":"AGREE","floor":3.0,"gold_loss":0.0,"damage_taken":0.0,"cards_obtained":["Doubt"]},{"damage_healed":0.0,"max_hp_gain":0.0,"max_hp_loss":0.0,"gold_gain":75.0,"event_name":"World of Goop","player_choice":"Gather Gold","floor":4.0,"gold_loss":0.0,"damage_taken":11.0},{"damage_healed":0.0,"max_hp_gain":0.0,"max_hp_loss":0.0,"gold_gain":0.0,"event_name":"Golden Idol","player_choice":"Take Wound","floor":13.0,"gold_loss":0.0,"damage_taken":0.0,"relics_obtained":["Golden Idol"],"cards_obtained":["Injury"]},{"damage_healed":0.0,"max_hp_gain":0.0,"max_hp_loss":0.0,"gold_gain":0.0,"event_name":"Shining Light","player_choice":"Entered Light","floor":14.0,"gold_loss":0.0,"damage_taken":14.0,"cards_upgraded":["Defend_G","Strike_G"]},{"damage_healed":23.0,"max_hp_gain":0.0,"max_hp_loss":0.0,"gold_gain":0.0,"event_name":"The Library","player_choice":"Heal","floor":19.0,"gold_loss":0.0,"damage_taken":0.0},{"damage_healed":0.0,"max_hp_gain":0.0,"max_hp_loss":0.0,"gold_gain":0.0,"cards_transformed":["Strike_G","Defend_G"],"event_name":"Drug Dealer","player_choice":"Became Test Subject","floor":20.0,"gold_loss":0.0,"damage_taken":0.0,"cards_obtained":["Malaise","Backflip"]},{"damage_healed":0.0,"max_hp_gain":0.0,"max_hp_loss":0.0,"gold_gain":0.0,"event_name":"Cursed Tome","player_choice":"Obtained Book","floor":21.0,"gold_loss":0.0,"damage_taken":16.0},{"damage_healed":0.0,"max_hp_gain":0.0,"max_hp_loss":0.0,"gold_gain":0.0,"event_name":"Duplicator","player_choice":"Copied","floor":36.0,"gold_loss":0.0,"damage_taken":0.0,"cards_obtained":["Catalyst"]},{"cards_removed":["Well Laid Plans"],"damage_healed":12.0,"max_hp_gain":0.0,"max_hp_loss":0.0,"gold_gain":0.0,"event_name":"Bonfire Elementals","player_choice":"Offered Uncommon","floor":39.0,"gold_loss":0.0,"damage_taken":0.0}],"is_beta":false,"boss_relics":[{"not_picked":["Tiny House","Ring of the Serpent"],"picked":"Calling Bell"},{"not_picked":["Runic Pyramid","Black Star"],"picked":"Astrolabe"}],"items_purged_floors":[11,22,25,42,48],"is_endless":false,"potions_floor_spawned":[1,8,16,18,27,29,30,31,33,35,37,38,41,44,47],"ascension_level":7}}