{"host":"cfqfeqi6u2qx5u0e","time":1613978392,"event":{"mods":["AchievementEnabler","BaseMod","Colored Powertips","Minty Spire (QoL Compilation)","Quick Restart","StSLib"],"gold_per_floor":[109,125,143,218,74,99,109,136,136,166,166,166,166,177,177,276,276,296,308,323,323,323,350,350,378,378,378,378,378],"floor_reached":28,"language":"ENG","playtime":1951,"items_purged":[],"score":304,"play_id":"d582e19e-24e0-496f-b660-011d5bad519e","local_time":"20210221231952","is_ascension_mode":true,"campfire_choices":[{"floor":12,"key":"REST"},{"floor":15,"key":"REST"},{"floor":24,"key":"REST"},{"floor":27,"key":"REST"}],"circlet_count":0,"master_deck":["Strike_B+1","Strike_B","Strike_B","Strike_B","Defend_B","Defend_B","Defend_B","Defend_B","Zap","Dualcast","Capacitor","Go for the Eyes","Beam Cell+1","Force Field","White Noise","Glacier","Double Energy","Go for the Eyes","Core Surge","Melter","Steam","Creative AI","Hologram","FTL+1","Aggregate","Pain"],"relics":["Cracked Core","Blood Vial","Peace Pipe","Bronze Scales","Whetstone","StrikeDummy","White Beast Statue","Cursed Key","Happy Flower","Bottled Tornado"],"acts_visited":["Exordium","TheCity"],"potions_floor_usage":[6,8,16,18,20,20,23,25,28],"damage_taken":[{"damage":3,"enemies":"2 Louse","floor":1,"turns":2},{"damage":14,"enemies":"Jaw Worm","floor":2,"turns":4},{"damage":6,"enemies":"Cultist","floor":3,"turns":4},{"damage":21,"enemies":"Gremlin Nob","floor":6,"turns":4},{"damage":8,"enemies":"Large Slime","floor":7,"turns":7},{"damage":12,"enemies":"3 Sentries","floor":8,"turns":4},{"damage":3,"enemies":"Lagavulin","floor":10,"turns":9},{"damage":1,"enemies":"Exordium Wildlife","floor":14,"turns":6},{"damage":37,"enemies":"The Guardian","floor":16,"turns":10},{"damage":7,"enemies":"Shell Parasite","floor":18,"turns":5},{"damage":12,"enemies":"Spheric Guardian","floor":19,"turns":4},{"damage":3,"enemies":"Shelled Parasite and Fungi","floor":20,"turns":4},{"damage":36,"enemies":"Book of Stabbing","floor":23,"turns":6},{"damage":35,"enemies":"Gremlin Leader","floor":25,"turns":9},{"damage":39,"enemies":"Slavers","floor":28,"turns":4}],"seed_played":"-466119688552021950","potions_obtained":[{"floor":1,"key":"FearPotion"},{"floor":7,"key":"Regen Potion"},{"floor":14,"key":"LiquidBronze"},{"floor":16,"key":"PowerPotion"},{"floor":18,"key":"Energy Potion"},{"floor":19,"key":"EssenceOfSteel"},{"floor":20,"key":"AttackPotion"},{"floor":23,"key":"PotionOfCapacity"},{"floor":25,"key":"CultistPotion"}],"is_trial":false,"path_per_floor":["M","M","M","?","$","E","M","E","T","E","?","R","T","M","R","B",null,"M","M","M","?","?","E","R","E","T","R","E"],"character_chosen":"DEFECT","items_purchased":["Blood Vial"],"campfire_rested":4,"item_purchase_floors":[5],"current_hp_per_floor":[79,65,59,48,48,29,23,25,25,24,24,48,48,49,73,38,82,75,65,64,64,48,14,40,7,7,33,0,0],"gold":378,"neow_bonus":"TEN_PERCENT_HP_BONUS","is_daily":false,"chose_seed":false,"campfire_upgraded":0,"win_rate":0.0,"timestamp":1613978392,"path_taken":["M","M","M","?","?","E","?","E","T","E","?","R","?","M","R","BOSS","M","M","M","?","?","E","R","E","T","R","E"],"items_purchased_type":["Relic"],"build_version":"2020-12-22","purchased_purges":0,"victory":false,"max_hp_per_floor":[82,82,82,82,82,82,82,82,82,82,82,82,82,82,82,82,82,82,82,82,82,87,87,87,87,87,87,87,87],"card_choices":[{"not_picked":["Barrage","Storm"],"picked":"Capacitor","floor":1},{"not_picked":["Steam","Coolheaded"],"picked":"Go for the Eyes","floor":2},{"not_picked":["Steam","Sweeping Beam"],"picked":"Beam Cell","floor":3},{"not_picked":["Leap","Hyperbeam"],"picked":"Force Field","floor":6},{"not_picked":["Barrage","Hologram"],"picked":"White Noise","floor":7},{"not_picked":["BootSequence","Go for the Eyes"],"picked":"Glacier","floor":8},{"not_picked":["Rip and Tear","Blizzard"],"picked":"Double Energy","floor":10},{"not_picked":["Redo","Compile Driver"],"picked":"Go for the Eyes","floor":14},{"not_picked":["Reboot","Amplify"],"picked":"Core Surge","floor":16},{"not_picked":["Steam Power","Beam Cell"],"picked":"Melter","floor":18},{"not_picked":["Ball Lightning","Recycle+1"],"picked":"Steam","floor":19},{"not_picked":["Stack+1","Hologram"],"picked":"Creative AI","floor":20},{"not_picked":["Stack+1","Chaos"],"picked":"FTL+1","floor":23},{"not_picked":["Hello World","Leap"],"picked":"Aggregate","floor":25}],"player_experience":108780,"relics_obtained":[{"floor":6,"key":"Peace Pipe"},{"floor":8,"key":"Bronze Scales"},{"floor":9,"key":"Whetstone"},{"floor":10,"key":"StrikeDummy"},{"floor":13,"key":"White Beast Statue"},{"floor":23,"key":"Happy Flower"},{"floor":25,"key":"Bottled Tornado"}],"event_choices":[{"damage_healed":0,"gold_gain":75,"player_choice":"Gather Gold","damage_taken":11,"max_hp_gain":0,"max_hp_loss":0,"event_name":"World of Goop","floor":4,"gold_loss":0},{"damage_healed":0,"gold_gain":0,"player_choice":"Ignored","damage_taken":0,"max_hp_gain":0,"max_hp_loss":0,"event_name":"Golden Wing","floor":11,"gold_loss":0},{"damage_healed":0,"gold_gain":0,"player_choice":"Read","damage_taken":0,"max_hp_gain":0,"max_hp_loss":0,"event_name":"The Library","floor":21,"gold_loss":0,"cards_obtained":["Hologram"]},{"damage_healed":0,"gold_gain":0,"player_choice":"Shed Blood","damage_taken":21,"max_hp_gain":5,"max_hp_loss":0,"event_name":"Forgotten Altar","floor":22,"gold_loss":0}],"is_beta":false,"boss_relics":[{"not_picked":["Empty Cage","Velvet Choker"],"picked":"Cursed Key"}],"items_purged_floors":[],"is_endless":false,"potions_floor_spawned":[1,7,14,16,18,19,20,23,25],"killed_by":"Slavers","ascension_level":2}}