{"host":"ryj999m4rfm064ad","time":1613959048,"event":{"mods":["BaseMod","Colored Map","Downfall","Highlight Path","Minty Spire (QoL Compilation)","Permanent Neow","StSLib","The Servant 0.9.4","UnlockEverythingMod"],"gold_per_floor":[115,194,207,219,238,238,273,273,345,345,357,370,62,88,88,189,189,208,158,168,168,180,180,196,212,212,70,169,84,84,99,99,201,201,219,219,144,164,164,164],"floor_reached":39,"language":"ENG","playtime":18702,"items_purged":["Defend_R","Strike_R","Inflame","Searing Blow"],"score":468,"play_id":"f39bd744-5c97-4f0c-a9c4-7d7525f43ada","local_time":"20210221205728","is_ascension_mode":false,"campfire_choices":[{"data":"Heavy Blade","floor":6,"key":"SMITH"},{"data":"Rupture","floor":8,"key":"SMITH"},{"data":"Heavy Blade","floor":10,"key":"SMITH"},{"data":"Demon Form","floor":15,"key":"SMITH"},{"data":"Armaments","floor":23,"key":"SMITH"},{"data":"Brutality","floor":30,"key":"SMITH"},{"floor":32,"key":"REST"}],"circlet_count":0,"master_deck":["Defend_R","Defend_R","Bash","Heavy Blade+1","Heavy Blade+1","Rupture+1","Bloodletting","Armaments+1","Demon Form+1","Cleave","Brutality+1","Bite","Bite","Bite","Bite","Bite"],"relics":["Burning Blood","NeowsBlessing","Pocketwatch","Self Forming Clay","Membership Card","Meat on the Bone","Nunchaku","MealTicket","Frozen Egg 2","Fusion Hammer"],"acts_visited":["Exordium","TheCity","TheBeyond"],"potions_floor_usage":[7,18,39],"damage_taken":[{"damage":0,"enemies":"Small Slimes","floor":1,"turns":2},{"damage":0,"enemies":"Jaw Worm","floor":3,"turns":1},{"damage":0,"enemies":"2 Louse","floor":4,"turns":1},{"damage":6,"enemies":"Large Slime","floor":5,"turns":6},{"damage":30,"enemies":"Lagavulin","floor":7,"turns":7},{"damage":6,"enemies":"Red Slaver","floor":11,"turns":3},{"damage":1,"enemies":"3 Louse","floor":12,"turns":4},{"damage":3,"enemies":"Gremlin Nob","floor":14,"turns":2},{"damage":29,"enemies":"Hexaghost","floor":16,"turns":4},{"damage":15,"enemies":"3 Byrds","floor":18,"turns":5},{"damage":22,"enemies":"2 Thieves","floor":20,"turns":3},{"damage":20,"enemies":"Snecko","floor":22,"turns":4},{"damage":32,"enemies":"Centurion and Healer","floor":24,"turns":5},{"damage":20,"enemies":"Shelled Parasite and Fungi","floor":25,"turns":4},{"damage":36,"enemies":"Snake Plant","floor":31,"turns":4},{"damage":23,"enemies":"Collector","floor":33,"turns":6},{"damage":22,"enemies":"Orb Walker","floor":35,"turns":3},{"damage":36,"enemies":"3 Darklings","floor":38,"turns":6},{"damage":50,"enemies":"4 Shapes","floor":39,"turns":3}],"seed_played":"-122772730057232723","potions_obtained":[{"floor":3,"key":"champ:CounterPotion"},{"floor":7,"key":"SkillPotion"},{"floor":14,"key":"CultistPotion"},{"floor":18,"key":"Dexterity Potion"},{"floor":25,"key":"LiquidBronze"}],"is_trial":false,"path_per_floor":["M","?","M","M","M","R","E","R","T","R","M","M","$","E","R","B",null,"M","$","M","?","M","R","M","M","T","$","?","?","R","M","R","B",null,"M","?","$","M","M"],"character_chosen":"IRONCLAD","items_purchased":["Membership Card","Meat on the Bone","MealTicket"],"campfire_rested":1,"item_purchase_floors":[13,13,27],"current_hp_per_floor":[80,80,80,80,80,80,56,56,56,56,56,61,61,64,64,53,80,71,71,55,55,47,47,40,40,40,40,40,40,40,34,50,53,56,50,50,56,37,0,0],"gold":164,"neow_bonus":"THREE_ENEMY_KILL","is_daily":false,"chose_seed":false,"campfire_upgraded":6,"win_rate":0.0,"timestamp":1613959048,"path_taken":["M","?","M","M","M","R","E","R","T","R","M","M","$","E","R","BOSS","M","$","M","?","M","R","M","M","T","$","?","?","R","M","R","BOSS","M","?","$","?","M"],"items_purchased_type":["Relic","Relic","Relic"],"build_version":"2020-12-22","purchased_purges":4,"victory":false,"max_hp_per_floor":[80,80,80,80,80,80,80,80,80,80,80,80,80,80,80,80,80,80,80,80,56,56,56,56,56,56,56,56,56,56,56,56,56,56,56,56,56,56,56,56],"card_choices":[{"not_picked":["Clash","Pommel Strike"],"picked":"Heavy Blade","floor":1},{"not_picked":["Headbutt","Flame Barrier"],"picked":"Inflame","floor":3},{"not_picked":["Clothesline","Disarm"],"picked":"Heavy Blade","floor":4},{"not_picked":["Power Through","Clash"],"picked":"Rupture","floor":5},{"not_picked":["Clothesline","Iron Wave"],"picked":"Bloodletting","floor":7},{"not_picked":["Seeing Red","Havoc"],"picked":"Armaments","floor":11},{"not_picked":["Flame Barrier","Flex"],"picked":"Demon Form","floor":12},{"not_picked":["Battle Trance","Sword Boomerang"],"picked":"Cleave","floor":14},{"not_picked":["Corruption","Barricade"],"picked":"Brutality","floor":16},{"not_picked":["Thunderclap","Wild Strike","Spot Weakness"],"picked":"SKIP","floor":18},{"not_picked":["Hemokinesis","Pommel Strike+1","Cleave+1"],"picked":"SKIP","floor":20},{"not_picked":["Fire Breathing","Sentinel+1","Battle Trance+1"],"picked":"SKIP","floor":22},{"not_picked":["Feel No Pain+1","Armaments+1","Dropkick"],"picked":"SKIP","floor":24},{"not_picked":["True Grit+1","Twin Strike+1","Seeing Red"],"picked":"SKIP","floor":25},{"not_picked":["Twin Strike","Flame Barrier","Feel No Pain+1"],"picked":"SKIP","floor":31},{"not_picked":["True Grit","Sentinel+1","Body Slam+1"],"picked":"SKIP","floor":35},{"not_picked":["Wild Strike","Pommel Strike+1","Twin Strike"],"picked":"SKIP","floor":38}],"player_experience":611485,"relics_obtained":[{"floor":7,"key":"Pocketwatch"},{"floor":9,"key":"Self Forming Clay"},{"floor":14,"key":"Nunchaku"}],"event_choices":[{"damage_healed":0,"gold_gain":79,"player_choice":"Gained Gold","damage_taken":0,"max_hp_gain":0,"max_hp_loss":0,"event_name":"Golden Wing","floor":2,"gold_loss":0},{"damage_healed":0,"gold_gain":0,"player_choice":"Became a vampire","damage_taken":0,"max_hp_gain":0,"max_hp_loss":24,"event_name":"Vampires","floor":21,"gold_loss":0,"cards_obtained":["Bite","Bite","Bite","Bite","Bite"]},{"damage_healed":0,"gold_gain":99,"player_choice":"Stole From Cult","damage_taken":0,"max_hp_gain":0,"max_hp_loss":0,"event_name":"Nest","floor":28,"gold_loss":0},{"damage_healed":0,"gold_gain":0,"player_choice":"Obtained Relic","damage_taken":0,"relics_obtained":["Frozen Egg 2"],"max_hp_gain":0,"max_hp_loss":0,"event_name":"Addict","floor":29,"gold_loss":85},{"damage_healed":0,"gold_gain":0,"cards_transformed":["Defend_R"],"player_choice":"Transformed","damage_taken":0,"max_hp_gain":0,"max_hp_loss":0,"event_name":"Transmorgrifier","floor":36,"gold_loss":0,"cards_obtained":["Searing Blow"]}],"is_beta":false,"boss_relics":[{"not_picked":["Mark of Pain","Pandora\u0027s Box","Runic Pyramid"]},{"not_picked":["Runic Cube","Velvet Choker"],"picked":"Fusion Hammer"}],"items_purged_floors":[13,19,27,37],"is_endless":false,"potions_floor_spawned":[3,7,14,18,25,33,35],"killed_by":"4 Shapes","ascension_level":0}}