{"host":"ppqll9nf92xyjrj9","time":1613965059,"event":{"mods":["Act Like it!","Arknights","BaseMod","Bestiary","Better Third Choice","Bossed Relics","Curses Come First","Ekko","Evolution","Hermit","Jorbs\u0027s Wanderer Trilogy","Keyboard Shortcuts","Marked Mod","Minty Spire (QoL Compilation)","Relic Stats","Shapeshifter Mod","Spicy Shops","StS++","StSLib","The Marked","The Runesmith","Weighted Paths","【遗物卡牌】REMEMod"],"gold_per_floor":[113,125,125,4,14,14,40,40,65,65,82,82,93,124,124,225,225,240,240,254,13,112,139,153,153,178,190,190,221,321,339,339,443,443,462,507,523,536,552,581,581,615,640,640,640,675,158,174,174,174],"floor_reached":51,"language":"ENG","playtime":2302,"items_purged":["Perfected Strike"],"score":1044,"play_id":"0bdaeaff-d056-4e71-9ccd-28fd365a8d6d","local_time":"20210221193739","is_ascension_mode":true,"campfire_choices":[{"data":"REME_ACTH","floor":6,"key":"SMITH"},{"data":"Whirlwind","floor":10,"key":"SMITH"},{"data":"REME_FearOfPain","floor":12,"key":"SMITH"},{"data":"Limit Break","floor":15,"key":"SMITH"},{"floor":28,"key":"REST"},{"floor":32,"key":"REST"},{"data":"REME_ACTH","floor":41,"key":"SMITH"},{"data":"REME_ACTH","floor":44,"key":"SMITH"},{"data":"REME_Flogging","floor":49,"key":"SMITH"}],"circlet_count":0,"master_deck":["Thunderclap","Headbutt","Strike_R","Strike_R","Strike_R","Defend_R","Defend_R","Defend_R+1","Bash","REME_ACTH+1","REME_BattleFury","Flex+1","REME_FearOfPain+1","Whirlwind+1","Spot Weakness","StSpp:Succumb","Limit Break+1","REME_ACTH+1","REME_FearOfPain","REME_FearOfPain","REME_BattleFury","Warcry","Heavy Blade+1","REME_TheLastStrike","REME_ACTH+1","Armaments+1","Demon Form","Warcry+1","Battle Trance+1","REME_Flogging+1","REME_ACTH","StSpp:Jab","Metallicize"],"relics":["Burning Blood","EVO:Axolotl","REME_ComplimentaryCards","GremlinMask","Champion Belt","Matryoshka","Orichalcum","Red Skull","Potion Belt","Black Star","Membership Card","Paper Frog","Pen Nib","Anchor","Juzu Bracelet","Calipers","War Paint","Unceasing Top","Mummified Hand","Astrolabe","Lizard Tail","Gremlin Horn","Self Forming Clay","Lantern","Omamori","PreservedInsect","Centennial Puzzle","Mango","Strange Spoon","Sling","Vajra"],"acts_visited":["Exordium","TheCity","TheBeyond"],"potions_floor_usage":[23,23,27,29,30,50,50,50],"damage_taken":[{"damage":15,"enemies":"2 Louse","floor":1,"turns":3},{"damage":0,"enemies":"Cultist","floor":2,"turns":2},{"damage":2,"enemies":"Jaw Worm","floor":5,"turns":3},{"damage":6,"enemies":"Gremlin Nob","floor":7,"turns":3},{"damage":6,"enemies":"3 Louse","floor":11,"turns":2},{"damage":0,"enemies":"Exordium Wildlife","floor":13,"turns":2},{"damage":12,"enemies":"Lagavulin","floor":14,"turns":4},{"damage":27,"enemies":"Hexaghost","floor":16,"turns":6},{"damage":17,"enemies":"2 Thieves","floor":18,"turns":2},{"damage":0,"enemies":"3 Byrds","floor":20,"turns":4},{"damage":38,"enemies":"Book of Stabbing","floor":23,"turns":5},{"damage":0,"enemies":"Snecko","floor":24,"turns":3},{"damage":21,"enemies":"Snake Plant","floor":27,"turns":3},{"damage":37,"enemies":"REME_1_Revenger","floor":29,"turns":5},{"damage":9,"enemies":"Colosseum Slavers","floor":30,"turns":2},{"damage":0,"enemies":"Colosseum Nobs","floor":30,"turns":2},{"damage":0,"enemies":"Cultist and Chosen","floor":31,"turns":2},{"damage":20,"enemies":"Automaton","floor":33,"turns":5},{"damage":8,"enemies":"Orb Walker","floor":35,"turns":3},{"damage":24,"enemies":"2 Orb Walkers","floor":36,"turns":4},{"damage":4,"enemies":"3 Darklings","floor":37,"turns":3},{"damage":6,"enemies":"Maw","floor":38,"turns":5},{"damage":0,"enemies":"Writhing Mass","floor":39,"turns":3},{"damage":31,"enemies":"Nemesis","floor":40,"turns":5},{"damage":0,"enemies":"Giant Head","floor":42,"turns":1},{"damage":0,"enemies":"Reptomancer","floor":46,"turns":1},{"damage":0,"enemies":"Transient","floor":48,"turns":3},{"damage":26,"enemies":"Time Eater","floor":50,"turns":4}],"seed_played":"7263156176534268377","potions_obtained":[{"floor":5,"key":"HeartOfIron"},{"floor":11,"key":"Strength Potion"},{"floor":13,"key":"SmokeBomb"},{"floor":16,"key":"Regen Potion"},{"floor":18,"key":"AttackPotion"},{"floor":23,"key":"SneckoOil"},{"floor":31,"key":"BlessingOfTheForge"},{"floor":33,"key":"Explosive Potion"},{"floor":36,"key":"Weak Potion"},{"floor":40,"key":"GamblersBrew"},{"floor":42,"key":"ColorlessPotion"}],"is_trial":false,"path_per_floor":["M","M","?","$","M","R","E","T","T","R","M","R","M","E","R","B",null,"M","?","M","$","?","E","M","?","T","M","R","E","?","M","R","B",null,"M","?","M","M","M","E","R","E","T","R","?","E","$","M","R","B",null],"character_chosen":"IRONCLAD","items_purchased":["REME_FearOfPain","Whirlwind","Membership Card","REME_BattleFury","Strange Spoon","Sling","Vajra","REME_Flogging","REME_ACTH","StSpp:Jab","SteroidPotion","LiquidMemories"],"campfire_rested":2,"item_purchase_floors":[4,4,21,21,47,47,47,47,47,47,47,47],"current_hp_per_floor":[63,69,69,69,72,72,72,72,72,72,72,72,72,66,66,45,72,61,61,67,67,67,35,41,41,41,26,47,16,24,30,51,37,72,70,52,54,54,60,35,35,41,41,41,41,61,61,67,67,47],"gold":174,"neow_bonus":"RANDOM_COLORLESS_2","is_daily":false,"chose_seed":false,"campfire_upgraded":7,"win_rate":0.0,"timestamp":1613965059,"path_taken":["M","M","?","?","M","R","E","?","T","R","M","R","M","E","R","BOSS","M","?","M","$","?","E","M","?","T","M","R","E","?","M","R","BOSS","M","?","M","M","M","E","R","E","T","R","?","E","$","M","R","BOSS"],"items_purchased_type":["Card","Card","Relic","Card","Relic","Relic","Relic","Card","Card","Card","Potion","Potion"],"build_version":"2020-12-22","purchased_purges":1,"victory":true,"max_hp_per_floor":[72,72,72,72,72,72,72,72,72,72,72,72,72,72,72,72,72,72,72,72,72,72,72,72,72,72,72,72,72,72,72,72,72,72,72,72,72,72,72,72,72,72,72,72,72,86,86,86,86,86],"relic_stats":{"Gremlin Horn":[1,2],"counters":[28,90],"Self Forming Clay":[15],"Astrolabe":[],"Pen Nib":[12],"PreservedInsect":59,"Juzu Bracelet":0,"Orichalcum":[96],"War Paint":["Defend_R","Flex"],"Burning Blood":161,"Strange Spoon":[11],"Lizard Tail":0,"Centennial Puzzle":[3],"Mummified Hand":[76],"Black Star":5,"Champion Belt":[39],"obtain_stats":[{"Lantern":42,"Calipers":29,"Gremlin Horn":40,"Vajra":47,"GremlinMask":3,"Mango":46,"Juzu Bracelet":26,"EVO:Axolotl":0,"Sling":47,"Burning Blood":0,"Lizard Tail":36,"Centennial Puzzle":46,"Matryoshka":8,"Mummified Hand":30,"Red Skull":9,"Paper Frog":23,"Potion Belt":14,"Self Forming Clay":40,"Astrolabe":34,"Pen Nib":23,"PreservedInsect":43,"Omamori":42,"Orichalcum":9,"War Paint":29,"Strange Spoon":47,"Anchor":26,"Black Star":17,"Champion Belt":7,"Membership Card":21,"Unceasing Top":30,"REME_ComplimentaryCards":0},{"Lantern":25,"Calipers":14,"Gremlin Horn":24,"Vajra":26,"GremlinMask":2,"Mango":26,"Juzu Bracelet":12,"EVO:Axolotl":0,"Sling":26,"Burning Blood":0,"Lizard Tail":20,"Centennial Puzzle":26,"Matryoshka":4,"Mummified Hand":16,"Red Skull":4,"Paper Frog":11,"Potion Belt":7,"Self Forming Clay":24,"Astrolabe":18,"Pen Nib":11,"PreservedInsect":25,"Omamori":25,"Orichalcum":4,"War Paint":14,"Strange Spoon":26,"Anchor":12,"Black Star":8,"Champion Belt":4,"Membership Card":10,"Unceasing Top":16,"REME_ComplimentaryCards":0},{"Lantern":82,"Calipers":47,"Gremlin Horn":81,"Vajra":83,"GremlinMask":5,"Mango":83,"Juzu Bracelet":39,"EVO:Axolotl":0,"Sling":83,"Burning Blood":0,"Lizard Tail":65,"Centennial Puzzle":83,"Matryoshka":11,"Mummified Hand":51,"Red Skull":11,"Paper Frog":36,"Potion Belt":19,"Self Forming Clay":81,"Astrolabe":58,"Pen Nib":36,"PreservedInsect":82,"Omamori":82,"Orichalcum":11,"War Paint":47,"Strange Spoon":83,"Anchor":39,"Black Star":25,"Champion Belt":11,"Membership Card":31,"Unceasing Top":51,"REME_ComplimentaryCards":0}],"Unceasing Top":[12]},"card_choices":[{"not_picked":["REME_WheelOfFate","Magnetism"],"picked":"REME_BattleFury","floor":0},{"not_picked":["Intimidate","Headbutt"],"picked":"Flex","floor":1},{"not_picked":["StSpp:Sprint","StSpp:TheBiggerTheyAre","Entrench"],"picked":"SKIP","floor":2},{"not_picked":["StSpp:MuscleMemory","Inflame"],"picked":"Spot Weakness","floor":5},{"not_picked":["Armaments","Cleave"],"picked":"StSpp:Succumb","floor":7},{"not_picked":["Anger","Cleave"],"picked":"Perfected Strike","floor":11},{"not_picked":["Iron Wave","Twin Strike"],"picked":"Limit Break","floor":13},{"not_picked":["Entrench","Shrug It Off","Clothesline"],"picked":"SKIP","floor":14},{"not_picked":["Corruption","StSpp:Turnabout"],"picked":"REME_ACTH","floor":16},{"not_picked":["Headbutt","REME_Scribble"],"picked":"REME_FearOfPain","floor":18},{"not_picked":["Ghostly Armor+1","True Grit+1","StSpp:Sprint"],"picked":"SKIP","floor":20},{"not_picked":["Twin Strike+1","Barricade","Clash"],"picked":"SKIP","floor":23},{"not_picked":["Headbutt","Perfected Strike"],"picked":"Warcry","floor":24},{"not_picked":["Pommel Strike","Shrug It Off","Clothesline+1"],"picked":"SKIP","floor":27},{"not_picked":["Burning Pact","Twin Strike","Shrug It Off"],"picked":"SKIP","floor":29},{"not_picked":["Perfected Strike","Clothesline"],"picked":"Heavy Blade+1","floor":30},{"not_picked":["Headbutt","Cleave+1"],"picked":"REME_TheLastStrike","floor":31},{"not_picked":["Corruption","Limit Break"],"picked":"REME_ACTH","floor":33},{"not_picked":["Twin Strike","Cleave+1"],"picked":"Armaments+1","floor":35},{"not_picked":["Thunderclap","Body Slam+1"],"picked":"Demon Form","floor":37},{"not_picked":["StSpp:Vengeance+1","Body Slam"],"picked":"Warcry+1","floor":38},{"not_picked":["Spot Weakness+1","Thunderclap+1","Body Slam"],"picked":"SKIP","floor":39},{"not_picked":["Armaments+1","Thunderclap+1"],"picked":"Battle Trance+1","floor":40},{"not_picked":["Warcry","Headbutt+1","StSpp:Vengeance+1"],"picked":"SKIP","floor":42},{"not_picked":["StSpp:TheBiggerTheyAre+1","Evolve","Iron Wave"],"picked":"SKIP","floor":46},{"not_picked":["Dropkick+1","Thunderclap+1"],"picked":"Metallicize","floor":48}],"player_experience":180834,"relics_obtained":[{"floor":7,"key":"Champion Belt"},{"floor":8,"key":"Matryoshka"},{"floor":9,"key":"Orichalcum"},{"floor":9,"key":"Red Skull"},{"floor":14,"key":"Potion Belt"},{"floor":23,"key":"Paper Frog"},{"floor":23,"key":"Pen Nib"},{"floor":26,"key":"Anchor"},{"floor":26,"key":"Juzu Bracelet"},{"floor":29,"key":"Calipers"},{"floor":29,"key":"War Paint"},{"floor":30,"key":"Unceasing Top"},{"floor":30,"key":"Mummified Hand"},{"floor":36,"key":"Lizard Tail"},{"floor":40,"key":"Gremlin Horn"},{"floor":40,"key":"Self Forming Clay"},{"floor":42,"key":"Lantern"},{"floor":42,"key":"Omamori"},{"floor":43,"key":"PreservedInsect"},{"floor":46,"key":"Centennial Puzzle"},{"floor":46,"key":"Mango"}],"event_choices":[{"damage_healed":0,"gold_gain":0,"player_choice":"Trade","damage_taken":0,"relics_obtained":["GremlinMask"],"max_hp_gain":0,"max_hp_loss":0,"event_name":"FaceTrader","floor":3,"gold_loss":0},{"damage_healed":0,"gold_gain":0,"player_choice":"Read","damage_taken":0,"max_hp_gain":0,"max_hp_loss":0,"event_name":"The Library","floor":19,"gold_loss":0,"cards_obtained":["REME_FearOfPain"]},{"damage_healed":0,"gold_gain":99,"player_choice":"Steal","damage_taken":0,"max_hp_gain":0,"max_hp_loss":0,"event_name":"betterThird:BetterNest","floor":22,"gold_loss":0},{"damage_healed":0,"gold_gain":0,"player_choice":"Ignored","damage_taken":0,"max_hp_gain":0,"max_hp_loss":0,"event_name":"Vampires","floor":25,"gold_loss":0},{"damage_healed":0,"gold_gain":0,"player_choice":"Fight","damage_taken":0,"max_hp_gain":0,"max_hp_loss":0,"event_name":"Colosseum","floor":30,"gold_loss":0},{"damage_healed":0,"gold_gain":0,"player_choice":"Fought Nobs","damage_taken":0,"max_hp_gain":0,"max_hp_loss":0,"event_name":"Colosseum","floor":30,"gold_loss":0},{"damage_healed":0,"gold_gain":0,"player_choice":"Fight","damage_taken":0,"max_hp_gain":0,"max_hp_loss":0,"event_name":"Mysterious Sphere","floor":36,"gold_loss":0},{"cards_removed":["Defend_R"],"damage_healed":0,"gold_gain":0,"player_choice":"Purged","damage_taken":0,"max_hp_gain":0,"max_hp_loss":0,"event_name":"Purifier","floor":45,"gold_loss":0}],"is_beta":false,"boss_relics":[{"not_picked":["Empty Cage","REME_ChargedStone"],"picked":"Black Star"},{"not_picked":["Runic Cube","Sozu"],"picked":"Astrolabe"}],"items_purged_floors":[47],"is_endless":false,"potions_floor_spawned":[5,11,13,16,18,23,30,31,33,36,40,42],"ascension_level":2}}