{"host":"c6u7e77myxvw4d0m","time":1614022122,"event":{"mods":["AchievementEnabler","BaseMod","Bestiary","Colored Map","Colored Powertips","Minty Spire (QoL Compilation)","Rare Cards Sparkle","Relic Stats","everything is the same but u backflip on backflip"],"gold_per_floor":[115,131,145,158,175,175,202,202,228,283,43,43,63,83,83,156,156,171,122,122],"floor_reached":19,"language":"ENG","playtime":1227,"items_purged":["Strike_G"],"score":346,"play_id":"c9719579-1708-4d16-879b-77a0758b6eda","local_time":"20210222212842","is_ascension_mode":true,"campfire_choices":[{"floor":6,"key":"REST"},{"floor":8,"key":"REST"},{"data":"Bouncing Flask","floor":12,"key":"SMITH"},{"floor":15,"key":"REST"}],"circlet_count":0,"master_deck":["AscendersBane","Strike_G","Strike_G","Strike_G","Strike_G","Defend_G","Defend_G","Defend_G","Defend_G","Defend_G","Survivor","Neutralize","Bouncing Flask+1","Masterful Stab","Cloak And Dagger","Calculated Gamble","Dash","Catalyst","Leg Sweep","Acrobatics","Malaise","Bane"],"relics":["HoveringKite","Peace Pipe","Regal Pillow","SlaversCollar"],"acts_visited":["Exordium","TheCity"],"potions_floor_usage":[7,13,16,19],"damage_taken":[{"damage":5,"enemies":"Small Slimes","floor":1,"turns":4},{"damage":7,"enemies":"Jaw Worm","floor":2,"turns":3},{"damage":0,"enemies":"Cultist","floor":3,"turns":4},{"damage":40,"enemies":"Exordium Thugs","floor":4,"turns":7},{"damage":0,"enemies":"Looter","floor":5,"turns":4},{"damage":13,"enemies":"Lagavulin","floor":7,"turns":7},{"damage":5,"enemies":"3 Louse","floor":13,"turns":2},{"damage":14,"enemies":"Large Slime","floor":14,"turns":8},{"damage":5,"enemies":"The Guardian","floor":16,"turns":7},{"damage":25,"enemies":"3 Byrds","floor":18,"turns":8},{"damage":16,"enemies":"2 Thieves","floor":19,"turns":5}],"seed_played":"-1105579833550699552","potions_obtained":[{"floor":1,"key":"Fire Potion"},{"floor":4,"key":"CultistPotion"},{"floor":7,"key":"PowerPotion"},{"floor":18,"key":"AttackPotion"},{"floor":19,"key":"Block Potion"}],"is_trial":false,"path_per_floor":["M","M","M","M","M","R","E","R","T","?","$","R","M","M","R","B",null,"M","M"],"character_chosen":"THE_SILENT","items_purchased":["Regal Pillow"],"campfire_rested":3,"item_purchase_floors":[11],"current_hp_per_floor":[54,47,47,7,7,26,13,32,32,32,32,32,27,13,47,42,60,35,19,19],"gold":122,"neow_bonus":"BOSS_RELIC","is_daily":false,"chose_seed":false,"campfire_upgraded":1,"win_rate":0.0,"timestamp":1614022122,"path_taken":["M","M","M","M","M","R","E","R","T","?","$","R","M","M","R","BOSS","M","M"],"items_purchased_type":["Relic"],"build_version":"2020-12-22","purchased_purges":1,"victory":false,"max_hp_per_floor":[66,66,66,66,66,66,66,66,66,66,66,66,66,66,66,66,66,66,66,66],"relic_stats":{"Peace Pipe":0,"Regal Pillow":15,"counters":[11,59],"HoveringKite":[19],"obtain_stats":[{"Peace Pipe":7,"SlaversCollar":17,"Regal Pillow":11,"HoveringKite":0,"Ring of the Snake":0},{"Peace Pipe":6,"SlaversCollar":9,"Regal Pillow":6,"HoveringKite":0,"Ring of the Snake":0},{"Peace Pipe":29,"SlaversCollar":46,"Regal Pillow":29,"HoveringKite":0,"Ring of the Snake":0}]},"card_choices":[{"not_picked":["Heel Hook","Blade Dance"],"picked":"Bouncing Flask","floor":1},{"not_picked":["Riddle With Holes","Backstab"],"picked":"Masterful Stab","floor":2},{"not_picked":["Finisher","Backflip"],"picked":"Cloak And Dagger","floor":3},{"not_picked":["Dodge and Roll","Backstab"],"picked":"Calculated Gamble","floor":4},{"not_picked":["Acrobatics","Phantasmal Killer"],"picked":"Dash","floor":5},{"not_picked":["Distraction","Tactician"],"picked":"Catalyst","floor":7},{"not_picked":["Terror","Slice"],"picked":"Leg Sweep","floor":13},{"not_picked":["Flying Knee","Bane"],"picked":"Acrobatics","floor":14},{"not_picked":["Die Die Die","Unload"],"picked":"Malaise","floor":16},{"not_picked":["Terror","Heel Hook"],"picked":"Bane","floor":18}],"player_experience":868099,"relics_obtained":[{"floor":7,"key":"Peace Pipe"}],"event_choices":[{"damage_healed":0,"gold_gain":55,"player_choice":"Gained Gold","damage_taken":0,"max_hp_gain":0,"max_hp_loss":0,"event_name":"Golden Wing","floor":10,"gold_loss":0}],"is_beta":false,"boss_relics":[{"not_picked":["Coffee Dripper","Philosopher\u0027s Stone"],"picked":"SlaversCollar"}],"items_purged_floors":[11],"is_endless":false,"potions_floor_spawned":[1,4,7,18,19],"killed_by":"2 Thieves","ascension_level":20}}