{"host":"3ybhqvo0i2lca5e4","time":1614013232,"event":{"mods":["Act Like it!","BaseMod","Colored Powertips","Hermit","Lobotomy","Marisa£®ÏF”Í°°ƒß¿Ì…≥£©","Minty Spire (QoL Compilation)","SIMod","StSLib","Youmu£®ªÍ∆«—˝√Œ£©"],"gold_per_floor":[117,130,130,147,165,197,197,197,269,303,303,303,313,328,328,424,424,436,71,87,186,197,197,208,240,240,240,240,251,251,19,19,19,19],"floor_reached":33,"language":"ZHS","playtime":10582,"items_purged":["Strike_B"],"score":277,"play_id":"0374fb6d-cc2b-4595-9ccb-27a5759c144a","local_time":"20210223010032","is_ascension_mode":false,"campfire_choices":[{"floor":8.0,"key":"REST"},{"floor":12.0,"key":"REST"},{"data":"Sunder","floor":15.0,"key":"SMITH"},{"data":"Loop","floor":23,"key":"SMITH"},{"floor":28,"key":"REST"},{"data":"Coolheaded","floor":30,"key":"SMITH"},{"data":"Conserve Battery","floor":32,"key":"SMITH"}],"circlet_count":0,"master_deck":["Strike_B","Strike_B","Strike_B","Defend_B","Defend_B+1","Defend_B","Defend_B+1","Zap+1","Dualcast+1","Electrodynamics","Redo+1","Glacier","Sunder+1","Barrage","Lockon","Conserve Battery+1","Gash","Leap","Rainbow","Loop+1","Cold Snap","Coolheaded+1","Gash","Barrage+1","Heatsinks+1"],"relics":["Cracked Core","Pocketwatch","InkBottle","Blood Vial","Bird Faced Urn","Black Star","Mercury Hourglass","Darkstone Periapt","Frozen Egg 2","Vajra","Membership Card","War Paint"],"acts_visited":["Exordium","TheCity"],"potions_floor_usage":[33],"damage_taken":[{"damage":0.0,"enemies":"Small Slimes","floor":1.0,"turns":3.0},{"damage":1.0,"enemies":"Cultist","floor":2.0,"turns":3.0},{"damage":1.0,"enemies":"Jaw Worm","floor":4.0,"turns":2.0},{"damage":2.0,"enemies":"Gremlin Gang","floor":5.0,"turns":4.0},{"damage":29.0,"enemies":"Lagavulin","floor":6.0,"turns":7.0},{"damage":7.0,"enemies":"3 Sentries","floor":10.0,"turns":5.0},{"damage":1.0,"enemies":"3 Louse","floor":13.0,"turns":2.0},{"damage":2.0,"enemies":"Blue Slaver","floor":14.0,"turns":3.0},{"damage":23.0,"enemies":"The Guardian","floor":16.0,"turns":9.0},{"damage":12.0,"enemies":"2 Thieves","floor":18.0,"turns":4.0},{"damage":10.0,"enemies":"Chosen","floor":20.0,"turns":4.0},{"damage":22,"enemies":"Centurion and Healer","floor":22,"turns":5},{"damage":19,"enemies":"Cultist and Chosen","floor":24,"turns":5},{"damage":9,"enemies":"Gremlin Leader","floor":25,"turns":6},{"damage":3,"enemies":"Chosen and Byrds","floor":29,"turns":4},{"damage":67,"enemies":"Collector","floor":33,"turns":7}],"seed_played":"1704574907760616528","potions_obtained":[{"floor":5.0,"key":"ColorlessPotion"},{"floor":6.0,"key":"DistilledChaos"},{"floor":10.0,"key":"FearPotion"},{"floor":22,"key":"ColorlessPotion"},{"floor":24,"key":"DistilledChaos"}],"is_trial":false,"path_per_floor":["M","M","?","M","M","E","?","R","T","E","T","R","M","M","R","B",null,"M","$","M","?","M","R","M","E","T","?","R","M","R","$","R","B"],"character_chosen":"DEFECT","items_purchased":["Mercury Hourglass","Cold Snap","Membership Card","War Paint"],"campfire_rested":3,"item_purchase_floors":[19,19,31,31],"current_hp_per_floor":[75,74,74,73,71,42,27,49,49,42,42,64,67,67,67,48,75,65,65,61,61,45,45,32,29,29,29,51,54,54,54,54,0,0],"gold":19,"neow_bonus":"ONE_RANDOM_RARE_CARD","is_daily":false,"chose_seed":false,"campfire_upgraded":4,"win_rate":0.0,"timestamp":1614013232,"path_taken":["M","M","?","?","M","E","?","R","T","E","?","R","M","?","R","BOSS","M","$","M","?","M","R","M","E","T","?","R","?","R","$","R","BOSS"],"items_purchased_type":["Relic","Card","Relic","Relic"],"build_version":"2020-12-22","purchased_purges":1,"victory":false,"max_hp_per_floor":[75,75,75,75,75,75,75,75,75,75,75,75,75,75,75,75,75,75,75,75,75,75,75,75,75,75,75,75,75,75,75,75,75,75],"card_choices":[{"not_picked":["Sweeping Beam","Turbo"],"picked":"Redo","floor":1.0},{"not_picked":["Beam Cell","Redo"],"picked":"Glacier","floor":2.0},{"not_picked":["Skim","Hologram"],"picked":"Sunder","floor":4.0},{"not_picked":["Steam","Hologram"],"picked":"Barrage","floor":5.0},{"not_picked":["Blizzard","Thunder Strike"],"picked":"Lockon","floor":6.0},{"not_picked":["Beam Cell","Hologram"],"picked":"Conserve Battery","floor":10.0},{"not_picked":["Reprogram","Coolheaded"],"picked":"Gash","floor":13.0},{"not_picked":["BootSequence","Barrage"],"picked":"Leap","floor":14.0},{"not_picked":["Multi-Cast","Echo Form"],"picked":"Rainbow","floor":16.0},{"not_picked":["Rebound","Ball Lightning"],"picked":"Loop","floor":18.0},{"not_picked":["Glacier","Stack"],"picked":"Coolheaded","floor":20.0},{"not_picked":["Hologram+1","Hello World"],"picked":"Gash","floor":22},{"not_picked":["Conserve Battery+1","Steam"],"picked":"Barrage+1","floor":24},{"not_picked":["Hologram","Reprogram+1","Undo"],"picked":"SKIP","floor":25},{"not_picked":["Beam Cell+1","Coolheaded"],"picked":"Heatsinks+1","floor":29}],"player_experience":46646,"relics_obtained":[{"floor":6.0,"key":"Pocketwatch"},{"floor":9.0,"key":"InkBottle"},{"floor":10.0,"key":"Blood Vial"},{"floor":11.0,"key":"Bird Faced Urn"},{"floor":25,"key":"Darkstone Periapt"},{"floor":25,"key":"Frozen Egg 2"},{"floor":26,"key":"Vajra"}],"event_choices":[{"damage_healed":0.0,"max_hp_gain":0.0,"max_hp_loss":0.0,"gold_gain":0.0,"event_name":"Accursed Blacksmith","player_choice":"Forge","floor":3.0,"gold_loss":0.0,"damage_taken":0.0,"cards_upgraded":["Redo"]},{"damage_healed":0.0,"max_hp_gain":0.0,"max_hp_loss":0.0,"gold_gain":0.0,"event_name":"Shining Light","player_choice":"Entered Light","floor":7.0,"gold_loss":0.0,"damage_taken":15.0,"cards_upgraded":["Defend_B","Zap"]},{"damage_healed":0.0,"max_hp_gain":0.0,"max_hp_loss":0.0,"gold_gain":99.0,"event_name":"Nest","player_choice":"Stole From Cult","floor":21.0,"gold_loss":0.0,"damage_taken":0.0},{"damage_healed":0,"gold_gain":0,"player_choice":"Ignored","damage_taken":0,"max_hp_gain":0,"max_hp_loss":0,"event_name":"Vampires","floor":27,"gold_loss":0}],"is_beta":false,"boss_relics":[{"not_picked":["Sozu","Fusion Hammer"],"picked":"Black Star"}],"items_purged_floors":[19],"is_endless":false,"potions_floor_spawned":[5,6,10,22,24],"killed_by":"Collector","ascension_level":0}}