{"host":"da27qkxi6drzokhl","time":1614016179,"event":{"mods":["BaseMod","Colored Powertips","Conspire","Downfall","Googly Eyes","Hermit","Infinite Spire","Minty Spire (QoL Compilation)","Replay The Spire","StSLib","The Animator","The Cursed","The Senshi","The Servant 0.9.4"],"gold_per_floor":[111,111,145,145,164,191,191,222,222,222,222],"floor_reached":10,"language":"ENG","playtime":465,"items_purged":[],"score":74,"play_id":"971a73d0-f2f0-499e-89b6-4c7f9ae1ad2c","local_time":"20210222184939","is_ascension_mode":false,"campfire_choices":[{"data":"TheCursedMod:Grudge","floor":7,"key":"SMITH"}],"circlet_count":0,"master_deck":["TheCursedMod:Strike_TheCursed","TheCursedMod:Strike_TheCursed","TheCursedMod:Strike_TheCursed","TheCursedMod:Strike_TheCursed","TheCursedMod:Defend_TheCursed","TheCursedMod:Defend_TheCursed","TheCursedMod:Defend_TheCursed","TheCursedMod:Defend_TheCursed","TheCursedMod:CursedWand","TheCursedMod:CleanUpWorkshop","TheCursedMod:Dregs","TheCursedMod:Stigma","TheCursedMod:Stretching","TheCursedMod:Grudge+1"],"relics":["TheCursedMod:BlackMagic101","NeowsBlessing","Letter Opener","GremlinMask","TheCursedMod:BloodyHarpoon","infinitespire:Satchel","infinitespire:PuzzleCube"],"acts_visited":["Exordium"],"potions_floor_usage":[],"damage_taken":[{"damage":0,"enemies":"Small Slimes","floor":1,"turns":1},{"damage":0,"enemies":"conspire:MimicChest","floor":3,"turns":1},{"damage":0,"enemies":"2 Louse","floor":5,"turns":1},{"damage":53,"enemies":"3 Sentries","floor":6,"turns":13},{"damage":11,"enemies":"Replay:BlueRogue","floor":8,"turns":9},{"damage":47,"enemies":"Gremlin Nob","floor":10,"turns":4}],"seed_played":"-6413834687997331993","potions_obtained":[{"floor":5,"key":"DistilledChaos"},{"floor":6,"key":"Flashbang"}],"is_trial":false,"path_per_floor":["M","$","?","?","M","E","R","E","T","E"],"character_chosen":"THE_CURSED","items_purchased":[],"campfire_rested":0,"item_purchase_floors":[],"current_hp_per_floor":[75,75,75,75,75,22,22,11,11,0,0],"gold":222,"neow_bonus":"THREE_ENEMY_KILL","is_daily":false,"chose_seed":false,"campfire_upgraded":1,"win_rate":0.0,"timestamp":1614016179,"path_taken":["M","$","?","?","M","E","R","E","T","E"],"items_purchased_type":[],"build_version":"2020-12-22","purchased_purges":0,"victory":false,"max_hp_per_floor":[75,75,75,75,75,75,75,75,75,75,75],"card_choices":[{"not_picked":["TheCursedMod:SaltUponWound","TheCursedMod:CursedArmor"],"picked":"TheCursedMod:Stigma","floor":1},{"not_picked":["TheCursedMod:CursedStaff","TheCursedMod:WearCloak"],"picked":"TheCursedMod:Stretching","floor":5},{"not_picked":["TheCursedMod:PrepareRite","TheCursedMod:CircleOfAmplification"],"picked":"TheCursedMod:Grudge","floor":6},{"not_picked":["TheCursedMod:RapidMovement","TheCursedMod:SpitefulStrike","TheCursedMod:Wield"],"picked":"SKIP","floor":8}],"player_experience":239747,"relics_obtained":[{"floor":3,"key":"Letter Opener"},{"floor":6,"key":"TheCursedMod:BloodyHarpoon"},{"floor":8,"key":"infinitespire:Satchel"},{"floor":9,"key":"infinitespire:PuzzleCube"}],"event_choices":[{"damage_healed":0,"gold_gain":0,"player_choice":"Trade","damage_taken":0,"relics_obtained":["GremlinMask"],"max_hp_gain":0,"max_hp_loss":0,"event_name":"FaceTrader","floor":4,"gold_loss":0}],"is_beta":false,"boss_relics":[],"items_purged_floors":[],"is_endless":false,"potions_floor_spawned":[5,6],"killed_by":"Gremlin Nob","ascension_level":0}}