{"host":"t6r1isv2bex5ovch","time":1614038225,"event":{"mods":["AchievementEnabler","Act Like it!","Aspiration","BaseMod","Better Altar","Better Match","Better Note","Better Sensory Stone","Better Skull","Better Third Choice","Better Vampires","Bossed Relics","Colored Powertips","Displayed Cursed Tome","Evolution","Fox Events","Hubris","Minty Spire (QoL Compilation)","Reliquary","Ruina","StSLib"],"gold_per_floor":[109,123,135,135,148,148,182,182,182,55,85,85,104,114,114,215,215,234,253,253,253,263,263,263],"floor_reached":23,"language":"ENG","playtime":1475,"items_purged":["Strike_G"],"score":262,"play_id":"8fb03b90-4041-4d24-b1e4-9efc45417e70","local_time":"20210223105705","is_ascension_mode":true,"campfire_choices":[{"floor":6,"key":"RECALL"},{"data":"Bullet Time","floor":8,"key":"SMITH"},{"data":"Bouncing Flask","floor":12,"key":"SMITH"},{"data":"Catalyst","floor":15,"key":"SMITH"}],"circlet_count":0,"master_deck":["Bane","Bane","Bane","Defend_G","Defend_G","Defend_G","Defend_G","Survivor","Neutralize","Bouncing Flask+1","Deadly Poison","Bullet Time+1","Poisoned Stab","Deadly Poison","Catalyst+1","Burst","Noxious Fumes","Venomology"],"relics":["Ring of the Snake","EVO:Axolotl","Gremlin Horn","Mummified Hand","hubris:SlimyHat","Empty Cage"],"acts_visited":["Exordium","ruina:Briah"],"potions_floor_usage":[7,16,16,19,23,23],"damage_taken":[{"damage":0,"enemies":"2 Louse","floor":1,"turns":4},{"damage":1,"enemies":"Small Slimes","floor":2,"turns":4},{"damage":2,"enemies":"Jaw Worm","floor":3,"turns":3},{"damage":1,"enemies":"2 Fungi Beasts","floor":5,"turns":3},{"damage":8,"enemies":"Gremlin Nob","floor":7,"turns":3},{"damage":37,"enemies":"3 Sentries","floor":11,"turns":8},{"damage":6,"enemies":"Exordium Wildlife","floor":13,"turns":4},{"damage":7,"enemies":"Large Slime","floor":14,"turns":4},{"damage":9,"enemies":"Slime Boss","floor":16,"turns":4},{"damage":29,"enemies":"ruina:BadWolf","floor":18,"turns":4},{"damage":18,"enemies":"ruina:Nosferatu","floor":19,"turns":4},{"damage":10,"enemies":"ruina:QueenOfHate","floor":22,"turns":2},{"damage":39,"enemies":"ruina:RoadHome","floor":23,"turns":3}],"seed_played":"4832586196418213278","potions_obtained":[{"floor":2,"key":"Swift Potion"},{"floor":13,"key":"Swift Potion"},{"floor":14,"key":"DistilledChaos"},{"floor":18,"key":"LiquidMemories"},{"floor":19,"key":"CunningPotion"}],"is_trial":false,"path_per_floor":["M","M","M","?","M","R","E","R","T","$","E","R","M","M","R","B",null,"M","M","?","?","M","E"],"character_chosen":"THE_SILENT","items_purchased":["Poisoned Stab"],"campfire_rested":0,"item_purchase_floors":[10],"current_hp_per_floor":[77,76,74,79,78,78,70,70,70,70,33,33,27,20,20,11,82,53,35,35,35,25,0,0],"gold":263,"neow_bonus":"TEN_PERCENT_HP_BONUS","is_daily":false,"chose_seed":false,"campfire_upgraded":3,"win_rate":0.0,"timestamp":1614038225,"path_taken":["M","M","M","?","M","R","E","R","T","$","E","R","M","M","R","BOSS","M","M","?","?","M","E"],"items_purchased_type":["Card"],"build_version":"2020-12-22","purchased_purges":1,"victory":false,"max_hp_per_floor":[77,77,77,82,82,82,82,82,82,82,82,82,82,82,82,82,82,82,82,82,82,82,82,82],"card_choices":[{"not_picked":["hubris:SlightOfHand","hubris:TrickCloak","Underhanded Strike"],"picked":"SKIP","floor":1},{"not_picked":["Dodge and Roll","Dagger Throw"],"picked":"Bouncing Flask","floor":2},{"not_picked":["Flying Knee","Sucker Punch"],"picked":"Deadly Poison","floor":3},{"not_picked":["Acrobatics","Outmaneuver","Finisher"],"picked":"SKIP","floor":5},{"not_picked":["hubris:Sniper","Bane"],"picked":"Bullet Time","floor":7},{"not_picked":["Underhanded Strike","Prepared","Eviscerate"],"picked":"SKIP","floor":11},{"not_picked":["Heel Hook","Accuracy"],"picked":"Deadly Poison","floor":13},{"not_picked":["Blur","Prepared"],"picked":"Catalyst","floor":14},{"not_picked":["Die Die Die","Tools of the Trade"],"picked":"Burst","floor":16},{"not_picked":["Dagger Spray","Dagger Throw","Backstab+1"],"picked":"SKIP","floor":18},{"not_picked":["Prepared+1","Flying Knee"],"picked":"Noxious Fumes","floor":19},{"not_picked":["Tactician","Dagger Throw"],"picked":"Venomology","floor":22}],"player_experience":369363,"relics_obtained":[{"floor":7,"key":"Gremlin Horn"},{"floor":9,"key":"Mummified Hand"},{"floor":11,"key":"hubris:SlimyHat"}],"event_choices":[{"damage_healed":0,"gold_gain":0,"player_choice":"Donut","damage_taken":0,"max_hp_gain":5,"max_hp_loss":0,"event_name":"Big Fish","floor":4,"gold_loss":0}],"is_beta":false,"boss_relics":[{"not_picked":["aspiration:SecretTechniqueScroll","Ectoplasm"],"picked":"Empty Cage"}],"items_purged_floors":[10],"is_endless":false,"potions_floor_spawned":[2,13,14,18,19],"killed_by":"ruina:RoadHome","ascension_level":3}}