{"host":"dkr0dog13pegamnp","time":1614002908,"event":{"mods":["AchievementEnabler","BaseMod","Minty Spire (QoL Compilation)","Rare Cards Sparkle","StSLib","SuperFastMode","everything is the same but u backflip on backflip"],"gold_per_floor":[117,117,131,143,155,155,184,184,209,229,258,258,272,290,290,395,395,408,333,333,433,450,450,450,450],"floor_reached":24,"language":"KOR","playtime":604,"items_purged":["Strike_G"],"score":317,"play_id":"7a912209-a7db-4c13-80e1-d9c17cb916d3","local_time":"20210222230828","is_ascension_mode":true,"campfire_choices":[{"data":"Dagger Spray","floor":6,"key":"SMITH"},{"data":"Blur","floor":8,"key":"SMITH"},{"data":"Well Laid Plans","floor":12,"key":"SMITH"},{"data":"Deadly Poison","floor":15,"key":"SMITH"},{"data":"Footwork","floor":23,"key":"SMITH"}],"circlet_count":0,"master_deck":["AscendersBane","Strike_G","Strike_G","Strike_G","Strike_G","Defend_G","Defend_G","Defend_G","Defend_G","Defend_G","Survivor","Neutralize","Dagger Spray+1","Blur+1","Backflip","PiercingWail","Well Laid Plans+1","Die Die Die","Deadly Poison+1","Footwork+1","Caltrops"],"relics":["Ring of the Snake","NeowsBlessing","Strawberry","Nunchaku","Odd Mushroom","Runic Pyramid"],"acts_visited":["Exordium","TheCity"],"potions_floor_usage":[7,11,16,18],"damage_taken":[{"damage":0,"enemies":"Small Slimes","floor":1,"turns":1},{"damage":0,"enemies":"Jaw Worm","floor":3,"turns":1},{"damage":0,"enemies":"2 Louse","floor":4,"turns":1},{"damage":7,"enemies":"Red Slaver","floor":5,"turns":5},{"damage":14,"enemies":"Gremlin Nob","floor":7,"turns":5},{"damage":0,"enemies":"3 Louse","floor":10,"turns":2},{"damage":0,"enemies":"The Mushroom Lair","floor":11,"turns":3},{"damage":16,"enemies":"Exordium Wildlife","floor":13,"turns":9},{"damage":0,"enemies":"Looter","floor":14,"turns":4},{"damage":27,"enemies":"The Guardian","floor":16,"turns":10},{"damage":27,"enemies":"2 Thieves","floor":18,"turns":4},{"damage":5,"enemies":"Shell Parasite","floor":22,"turns":8},{"damage":32,"enemies":"Gremlin Leader","floor":24,"turns":5}],"seed_played":"-3824094686184188919","potions_obtained":[{"floor":5,"key":"FearPotion"},{"floor":7,"key":"LiquidMemories"},{"floor":11,"key":"DuplicationPotion"},{"floor":16,"key":"Strength Potion"}],"is_trial":false,"path_per_floor":["M","?","M","M","M","R","E","R","T","M","?","R","M","M","R","B",null,"M","$","?","?","M","R","E"],"character_chosen":"THE_SILENT","items_purchased":[],"campfire_rested":0,"item_purchase_floors":[],"current_hp_per_floor":[63,68,68,68,61,61,54,54,54,54,54,54,38,38,38,11,64,37,37,37,37,32,32,0,0],"gold":450,"neow_bonus":"THREE_ENEMY_KILL","is_daily":false,"chose_seed":false,"campfire_upgraded":5,"win_rate":0.0,"timestamp":1614002908,"path_taken":["M","?","M","M","M","R","E","R","T","M","?","R","M","M","R","BOSS","M","$","?","?","M","R","E"],"items_purchased_type":[],"build_version":"2020-12-22","purchased_purges":1,"victory":false,"max_hp_per_floor":[70,75,75,75,75,75,82,82,82,82,82,82,82,82,82,82,82,82,82,82,82,82,82,82,82],"card_choices":[{"not_picked":["Prepared","Skewer"],"picked":"Dagger Spray","floor":1},{"not_picked":["Quick Slash","Bane"],"picked":"Blur","floor":3},{"not_picked":["Blade Dance","Underhanded Strike","Quick Slash"],"picked":"SKIP","floor":4},{"not_picked":["Cloak And Dagger","Deflect"],"picked":"Backflip","floor":5},{"not_picked":["Envenom","Poisoned Stab"],"picked":"PiercingWail","floor":7},{"not_picked":["Masterful Stab","Poisoned Stab"],"picked":"Well Laid Plans","floor":10},{"not_picked":["Underhanded Strike","Expertise"],"picked":"Die Die Die","floor":13},{"not_picked":["Prepared","Deadly Poison","Underhanded Strike"],"picked":"SKIP","floor":14},{"not_picked":["Prepared","Underhanded Strike"],"picked":"Deadly Poison","floor":14},{"not_picked":["Sucker Punch","Dagger Spray","Distraction"],"picked":"SKIP","floor":18},{"not_picked":["Heel Hook","Slice"],"picked":"Caltrops","floor":22}],"player_experience":90805,"relics_obtained":[{"floor":7,"key":"Strawberry"},{"floor":9,"key":"Nunchaku"},{"floor":11,"key":"Odd Mushroom"}],"event_choices":[{"damage_healed":0,"gold_gain":0,"player_choice":"Donut","damage_taken":0,"max_hp_gain":5,"max_hp_loss":0,"event_name":"Big Fish","floor":2,"gold_loss":0},{"damage_healed":0,"gold_gain":0,"player_choice":"Fought Mushrooms","damage_taken":0,"max_hp_gain":0,"max_hp_loss":0,"event_name":"Mushrooms","floor":11,"gold_loss":0},{"damage_healed":0,"gold_gain":0,"player_choice":"Read","damage_taken":0,"max_hp_gain":0,"max_hp_loss":0,"event_name":"The Library","floor":20,"gold_loss":0,"cards_obtained":["Footwork"]},{"damage_healed":0,"gold_gain":100,"player_choice":"Pray","damage_taken":0,"max_hp_gain":0,"max_hp_loss":0,"event_name":"Golden Shrine","floor":21,"gold_loss":0}],"is_beta":false,"boss_relics":[{"not_picked":["Tiny House","Cursed Key"],"picked":"Runic Pyramid"}],"items_purged_floors":[19],"is_endless":false,"potions_floor_spawned":[5,7,11,16],"killed_by":"Gremlin Leader","ascension_level":12}}