{"host":"z2o61o1qvcmvhuul","time":1614013370,"event":{"mods":["Act Like it!","BaseMod","Gensokyo","Minty Spire (QoL Compilation)","Quick Restart","StSLib","SuperFastMode"],"gold_per_floor":[13,13,29,43,53,79,79,90,90,90,15,15,48,80,80,185,185,198,198,208,228,228,228,256,256,283,79,99,130,147,160,160,257,257,271,282,64,64,84,84,84,102,127,127,127,127,127,127,127,127],"floor_reached":51,"language":"ZHS","playtime":1810,"items_purged":["Strike_G","Strike_G","Bouncing Flask"],"score":855,"play_id":"b4beffc3-e446-4e23-89fe-ecc4a04cc427","local_time":"20210223010250","is_ascension_mode":false,"campfire_choices":[{"data":"After Image","floor":15.0,"key":"SMITH"},{"data":"Blade Dance","floor":23,"key":"SMITH"},{"data":"Blade Dance","floor":25,"key":"SMITH"},{"data":"A Thousand Cuts","floor":32,"key":"SMITH"},{"data":"Concentrate","floor":40,"key":"SMITH"},{"data":"Acrobatics","floor":41,"key":"SMITH"},{"data":"Acrobatics","floor":44,"key":"SMITH"},{"data":"Accuracy","floor":45,"key":"SMITH"},{"data":"Panache","floor":46,"key":"SMITH"},{"data":"Wraith Form v2","floor":47,"key":"SMITH"},{"data":"Wraith Form v2","floor":49,"key":"SMITH"}],"circlet_count":0,"master_deck":["Neutralize","Blade Dance+1","Blade Dance+1","Backstab","After Image+1","Backstab","A Thousand Cuts+1","Backflip","Wraith Form v2+1","Acrobatics+1","Tools of the Trade","Dodge and Roll","Footwork+1","Acrobatics+1","Wraith Form v2+1","Dodge and Roll","Accuracy+1","Prepared","Concentrate+1","Panache+1","Tactician+1"],"relics":["Ring of the Snake","Gensokyo:Justice","CaptainsWheel","HornCleat","Kunai","Gensokyo:PortableGap","Gensokyo:CelestialsFlawlessClothing","Singing Bowl","Bottled Lightning","SlaversCollar","Gensokyo:SongOfSouls","Omamori","Lizard Tail","Smiling Mask","ClockworkSouvenir","Blue Candle","Pandora\u0027s Box","Oddly Smooth Stone","Meat on the Bone"],"acts_visited":["Exordium","Gensokyo:Gensokyo","Gensokyo:Gensokyoer"],"potions_floor_usage":[24,24,33,33,35,36,50],"damage_taken":[{"damage":3.0,"enemies":"Gensokyo:Python","floor":1.0,"turns":3.0},{"damage":0.0,"enemies":"Gensokyo:3_Fairies","floor":3.0,"turns":2.0},{"damage":0.0,"enemies":"Gensokyo:2_Kodama","floor":4.0,"turns":2.0},{"damage":2.0,"enemies":"Gensokyo:2_Rabbits","floor":5.0,"turns":3.0},{"damage":0.0,"enemies":"Gensokyo:Cirno","floor":6.0,"turns":4.0},{"damage":0.0,"enemies":"Gensokyo:Kitsune","floor":8.0,"turns":2.0},{"damage":0.0,"enemies":"Gensokyo:Aya","floor":13.0,"turns":4.0},{"damage":0.0,"enemies":"Gensokyo:Mamizou","floor":14.0,"turns":5.0},{"damage":23.0,"enemies":"Gensokyo:Kokoro","floor":16.0,"turns":10.0},{"damage":0.0,"enemies":"Gensokyo:2_Gloops","floor":18.0,"turns":3.0},{"damage":3,"enemies":"Gensokyo:AngelMirror","floor":20,"turns":4},{"damage":20,"enemies":"Gensokyo:Chomper_and_Gloop","floor":21,"turns":6},{"damage":3,"enemies":"Gensokyo:Tenshi","floor":24,"turns":5},{"damage":0,"enemies":"Gensokyo:Wraith","floor":28,"turns":4},{"damage":2,"enemies":"Gensokyo:Reisen","floor":29,"turns":8},{"damage":0,"enemies":"Gensokyo:Monolith_and_Dog","floor":30,"turns":7},{"damage":2,"enemies":"Gensokyo:Swordslinger","floor":31,"turns":5},{"damage":9,"enemies":"Gensokyo:Eiki","floor":33,"turns":9},{"damage":2,"enemies":"Gensokyo:3_Boulders","floor":35,"turns":7},{"damage":7,"enemies":"Gensokyo:AncientGuardian","floor":36,"turns":9},{"damage":0,"enemies":"Gensokyo:AtlasGolem","floor":39,"turns":4},{"damage":5,"enemies":"Gensokyo:Sharpion","floor":42,"turns":4},{"damage":0,"enemies":"Gensokyo:Scarlet_Devils","floor":50,"turns":6}],"seed_played":"7206190725205126908","potions_obtained":[{"floor":1.0,"key":"Dexterity Potion"},{"floor":8.0,"key":"ColorlessPotion"},{"floor":13.0,"key":"SkillPotion"},{"floor":18.0,"key":"LiquidMemories"},{"floor":24,"key":"FearPotion"},{"floor":28,"key":"FearPotion"},{"floor":30,"key":"Explosive Potion"},{"floor":33,"key":"Energy Potion"},{"floor":36,"key":"Weak Potion"}],"is_trial":false,"path_per_floor":["M","?","M","M","M","E","T","M","T","?","$","?","E","E","R","B",null,"M","?","M","M","?","R","E","R","T","$","M","E","M","M","R","B",null,"M","M","$","?","M","R","R","M","T","R","R","R","R","T","R","B",null],"character_chosen":"THE_SILENT","items_purchased":["ClockworkSouvenir","Panache"],"campfire_rested":0,"item_purchase_floors":[27,37],"current_hp_per_floor":[67,67,67,67,65,65,65,65,65,63,63,48,48,48,48,25,60,60,60,59,41,41,41,40,40,40,40,40,38,38,36,36,27,61,61,56,56,56,58,58,58,53,53,53,53,53,53,53,53,53],"gold":127,"neow_bonus":"REMOVE_TWO","is_daily":false,"chose_seed":false,"campfire_upgraded":11,"win_rate":0.0,"timestamp":1614013370,"path_taken":["M","?","M","M","M","E","?","M","T","?","?","?","E","E","R","BOSS","M","?","M","M","?","R","E","R","T","$","M","E","M","M","R","BOSS","M","M","$","?","?","R","R","?","T","R","R","R","R","?","R","BOSS"],"items_purchased_type":["Relic","Card"],"build_version":"2020-12-22","purchased_purges":3,"victory":true,"max_hp_per_floor":[70,70,70,70,70,70,70,70,70,63,63,63,60,60,60,60,60,60,60,62,64,59,59,61,61,61,61,61,61,61,61,61,61,61,63,65,65,65,67,64,64,64,64,61,58,55,55,55,55,55],"card_choices":[{"not_picked":["Infinite Blades","Bane"],"picked":"Dagger Spray","floor":1.0},{"not_picked":["Dagger Throw","Endless Agony"],"picked":"Blade Dance","floor":3.0},{"not_picked":["Deflect","Reflex"],"picked":"Blade Dance","floor":4.0},{"not_picked":["Heel Hook","Prepared"],"picked":"Backstab","floor":5.0},{"not_picked":["Outmaneuver","Terror"],"picked":"After Image","floor":6.0},{"not_picked":["Underhanded Strike","Sucker Punch"],"picked":"Backstab","floor":8.0},{"not_picked":["Predator","Slice"],"picked":"A Thousand Cuts","floor":13.0},{"not_picked":["Underhanded Strike","Blade Dance"],"picked":"Backflip","floor":14.0},{"not_picked":["Venomology","Grand Finale"],"picked":"Wraith Form v2","floor":16.0},{"not_picked":["Distraction+1","Poisoned Stab"],"picked":"Acrobatics","floor":18.0},{"not_picked":["Eviscerate","Dagger Spray","Leg Sweep"],"picked":"Singing Bowl","floor":20},{"not_picked":["Slice","Well Laid Plans","Deadly Poison"],"picked":"Singing Bowl","floor":21},{"not_picked":["Predator","Bouncing Flask","Quick Slash"],"picked":"Singing Bowl","floor":24},{"not_picked":["Well Laid Plans","Bane"],"picked":"Tools of the Trade","floor":28},{"not_picked":["Sucker Punch","Blade Dance"],"picked":"Dodge and Roll","floor":29},{"not_picked":["Dodge and Roll","Eviscerate"],"picked":"Footwork+1","floor":30},{"not_picked":["PiercingWail","Sucker Punch"],"picked":"Acrobatics","floor":31},{"not_picked":["Phantasmal Killer","Glass Knife"],"picked":"Wraith Form v2","floor":33},{"not_picked":["Finisher+1","Catalyst","PiercingWail"],"picked":"Singing Bowl","floor":35},{"not_picked":["Caltrops","Deadly Poison","Eviscerate"],"picked":"Singing Bowl","floor":36},{"not_picked":["Dash","Quick Slash+1","Catalyst"],"picked":"Singing Bowl","floor":39},{"not_picked":["Predator+1","Noxious Fumes"],"picked":"Tactician+1","floor":42}],"player_experience":67166,"relics_obtained":[{"floor":6.0,"key":"CaptainsWheel"},{"floor":7.0,"key":"HornCleat"},{"floor":9.0,"key":"Kunai"},{"floor":13.0,"key":"Singing Bowl"},{"floor":14.0,"key":"Bottled Lightning"},{"floor":24,"key":"Lizard Tail"},{"floor":26,"key":"Smiling Mask"},{"floor":29,"key":"Blue Candle"},{"floor":43,"key":"Oddly Smooth Stone"},{"floor":48,"key":"Meat on the Bone"}],"event_choices":[],"is_beta":false,"boss_relics":[{"not_picked":["Cursed Key","Ectoplasm"],"picked":"SlaversCollar"},{"not_picked":["HoveringKite","Velvet Choker"],"picked":"Pandora\u0027s Box"}],"items_purged_floors":[11,27,37],"is_endless":false,"potions_floor_spawned":[1,8,13,14,18,24,28,29,30,33,36],"ascension_level":0}}