{"host":"2d926qfvvz477zl6","time":1614020530,"event":{"mods":["Aspiration","BaseMod","Challenge The Spire","Conspire","Downfall","GifTheSpireLib","GungeonMod","Halation","Hermit","Hubris","Infinite Spire","Minty Spire (QoL Compilation)","Morshu Shopkeeper","Permanent Neow","Quick Restart","Rare Cards Sparkle","Reliquary","Replay The Spire","Shedinja","Somnambulant","Spicy Shops","StSLib","Stuff the Spire","Td1madao Mod","The Blue Laboratory","The Bug Knight","The Construct","The Cursed","The Disciple","The Forsaken","The Hierophant","TheFirefly","Wandering Minibosses","Wide Potions","everything is the same but u backflip on backflip","slay the spire mod where everything is the same but ironclad has a cowboy hat"],"gold_per_floor":[20,20,36,36,52,52,83,83,83,6,16,16,35,54,63,146,146,159,178,178,197,215,215,249,263,263,263,297,297,306,335,335,335,335],"floor_reached":33,"language":"ENG","playtime":1054,"items_purged":[],"score":485,"play_id":"5b638648-0e45-4d79-85b2-7a3b421059e8","local_time":"20210222140210","is_ascension_mode":true,"campfire_choices":[{"data":"Inflame","floor":6,"key":"SMITH"},{"data":"Perfected Strike","floor":23,"key":"SMITH"},{"floor":27,"key":"REST"},{"floor":29,"key":"REST"},{"floor":32,"key":"REST"}],"circlet_count":0,"master_deck":["AscendersBane","Strike_R+1","Strike_R+1","Strike_R+1","Strike_R+1","Strike_R+1","Defend_R","Defend_R","Defend_R","Bash","Apotheosis+1","Inflame+1","StuffTheSpire:Slingshot","Twin Strike","Anger+1","Pommel Strike","StuffTheSpire:Pyroclast","Perfected Strike+1","DemoMod:WhiteBlade","DemoMod:BlackBlade","hubris:StunningStrike+1","Dropkick","Anger+1","Demonic Infusion","Headbutt"],"relics":["Burning Blood","Pen Nib","aspiration:HummingbirdHeart","CeramicFish","Busted Crown","reliquary:Buckler","Replay:Accelerometer","wanderingMiniBosses:Inkheart","Replay:Bottled Eggs","reliquary:SharkskinSheath"],"acts_visited":["Exordium","TheCity"],"potions_floor_usage":[7,16,16],"damage_taken":[{"damage":2,"enemies":"Jaw Worm","floor":1,"turns":4},{"damage":30,"enemies":"Cultist","floor":3,"turns":5},{"damage":8,"enemies":"2 Louse","floor":5,"turns":3},{"damage":0,"enemies":"3 Sentries","floor":7,"turns":6},{"damage":8,"enemies":"Exordium Wildlife","floor":11,"turns":3},{"damage":0,"enemies":"Large Slime","floor":13,"turns":5},{"damage":3,"enemies":"Blue Slaver","floor":14,"turns":2},{"damage":25,"enemies":"Hexaghost","floor":16,"turns":4},{"damage":5,"enemies":"Chosen","floor":18,"turns":3},{"damage":39,"enemies":"Shell Parasite","floor":19,"turns":7},{"damage":1,"enemies":"Snecko","floor":21,"turns":3},{"damage":14,"enemies":"Snake Plant","floor":22,"turns":3},{"damage":5,"enemies":"Gremlin Leader","floor":24,"turns":4},{"damage":23,"enemies":"Shelled Parasite and Fungi","floor":25,"turns":5},{"damage":34,"enemies":"conspire:MimicChest","floor":28,"turns":4},{"damage":21,"enemies":"conspire:HollyBat","floor":31,"turns":6},{"damage":72,"enemies":"Collector","floor":33,"turns":6}],"seed_played":"4113958679960929977","potions_obtained":[{"floor":5,"key":"blueLaboratory:StoneskinPotion"},{"floor":7,"key":"Strength Potion"},{"floor":14,"key":"Dexterity Potion"},{"floor":18,"key":"blueLaboratory:BottledHope"},{"floor":19,"key":"blueLaboratory:LouseDecoction"}],"is_trial":false,"path_per_floor":["M","?","M","?","M","R","E","$","T","$","M","?","M","M","R","B",null,"M","M","AVR","M","M","R","E","M","T","R","?","R","?","M","R","B"],"character_chosen":"IRONCLAD","items_purchased":["CeramicFish"],"campfire_rested":3,"item_purchase_floors":[10],"current_hp_per_floor":[76,76,52,52,50,50,56,56,56,56,54,62,68,71,71,52,73,74,41,41,46,38,38,39,22,22,46,18,42,42,27,51,0,0],"gold":335,"neow_bonus":"RANDOM_COLORLESS_2","is_daily":false,"chose_seed":false,"campfire_upgraded":2,"win_rate":0.0,"timestamp":1614020530,"path_taken":["M","?","?","?","M","R","E","?","T","$","M","?","M","M","R","BOSS","M","M","AVR","M","M","R","E","M","T","R","?","R","?","?","R","BOSS"],"items_purchased_type":["Relic"],"build_version":"2020-12-22","purchased_purges":0,"victory":false,"max_hp_per_floor":[80,80,80,80,80,80,80,80,80,80,80,80,80,80,80,80,80,80,80,80,80,80,80,80,80,80,80,80,80,80,80,80,80,80],"card_choices":[{"not_picked":["Replay:Dark Deal","Panache"],"picked":"Apotheosis","floor":0},{"not_picked":["Spot Weakness","Heavy Blade"],"picked":"Inflame","floor":1},{"not_picked":["Havoc","Body Slam"],"picked":"StuffTheSpire:Slingshot","floor":3},{"not_picked":["Barricade","Clothesline"],"picked":"Anger","floor":5},{"not_picked":["Wild Strike","Havoc"],"picked":"Pommel Strike","floor":7},{"not_picked":["Entrench","Burning Pact","Juggernaut"],"picked":"SKIP","floor":11},{"not_picked":["Thunderclap","Sword Boomerang"],"picked":"StuffTheSpire:Pyroclast","floor":13},{"not_picked":["StuffTheSpire:Incineration","Carnage"],"picked":"Perfected Strike","floor":14},{"not_picked":["Fiend Fire","StuffTheSpire:TitanForm"],"picked":"hubris:StunningStrike","floor":16},{"not_picked":["Havoc"],"picked":"SKIP","floor":18},{"not_picked":[],"picked":"Dropkick","floor":19},{"not_picked":["StuffTheSpire:Slingshot"],"picked":"SKIP","floor":21},{"not_picked":["StuffTheSpire:Slingshot"],"picked":"SKIP","floor":22},{"not_picked":[],"picked":"Anger+1","floor":24},{"not_picked":["Shrug It Off"],"picked":"SKIP","floor":25},{"not_picked":[],"picked":"Headbutt","floor":31}],"player_experience":502693,"relics_obtained":[{"floor":7,"key":"Pen Nib"},{"floor":9,"key":"aspiration:HummingbirdHeart"},{"floor":24,"key":"Replay:Accelerometer"},{"floor":25,"key":"wanderingMiniBosses:Inkheart"},{"floor":26,"key":"Replay:Bottled Eggs"},{"floor":28,"key":"reliquary:SharkskinSheath"}],"event_choices":[{"damage_healed":0,"gold_gain":0,"player_choice":"Forge","damage_taken":0,"max_hp_gain":0,"max_hp_loss":0,"event_name":"Accursed Blacksmith","floor":2,"gold_loss":0,"cards_upgraded":["Apotheosis"]},{"damage_healed":0,"gold_gain":0,"cards_transformed":["Defend_R"],"player_choice":"Transformed","damage_taken":0,"max_hp_gain":0,"max_hp_loss":0,"event_name":"Transmorgrifier","floor":15,"gold_loss":0,"cards_obtained":["DemoMod:WhiteBlade"]},{"damage_healed":0,"gold_gain":0,"player_choice":"1 cards matched","damage_taken":0,"max_hp_gain":0,"max_hp_loss":0,"event_name":"Match and Keep!","floor":30,"gold_loss":0,"cards_obtained":["Demonic Infusion"]}],"is_beta":false,"boss_relics":[{"not_picked":["Painkiller Herb","ChewingGum"],"picked":"Busted Crown"}],"items_purged_floors":[],"is_endless":false,"potions_floor_spawned":[5,7,14,18,19,25,28],"killed_by":"Collector","ascension_level":13}}