{"host":"s41rn2jhghpwfrvz","time":1614026804,"event":{"mods":["BaseMod","Minty Spire (QoL Compilation)","Quick Restart","Relic Stats","SuperFastMode"],"gold_per_floor":[118,130,130,110,124,124,49,79,156,156,156,190,203,244,244,338,338,357,357,257,275,34,65,2,45,45,86,86,86,107,146,146,241,241,256,287,287,5,19,53,74,112,112,147,173,192,231,250,250,250,250,250,250,142,185,185],"floor_reached":57,"language":"ENG","playtime":1670,"items_purged":["Evaluate","Ghostly Armor","FTL","Sweeping Beam"],"score":3978,"play_id":"981cd949-568d-4d06-9f42-200000d50f01","local_time":"20210222224644","daily_mods":["SealedDeck","Diverse","Elite Swarm"],"is_ascension_mode":true,"campfire_choices":[{"data":"Body Slam","floor":6,"key":"SMITH"},{"data":"Barricade","floor":10,"key":"SMITH"},{"data":"Tactician","floor":15,"key":"SMITH"},{"floor":28,"key":"RECALL"},{"data":"Scrawl","floor":32,"key":"SMITH"},{"data":"Acrobatics","floor":49,"key":"SMITH"},{"data":"Adrenaline","floor":53,"key":"SMITH"}],"circlet_count":0,"master_deck":["AscendersBane","Burning Pact+1","Beam Cell+1","Body Slam+1","Acrobatics+1","Barricade+1","Adrenaline+1","Tactician+1","Backflip+1","Scrawl+1","Evolve","Body Slam+1","Core Surge+1","After Image"],"relics":["Burning Blood","Paper Frog","Gremlin Horn","Golden Idol","Bag of Preparation","Bird Faced Urn","Runic Cube","Membership Card","War Paint","Matryoshka","Girya","Centennial Puzzle","Kunai","Ginger","Calipers","Black Star","StoneCalendar","Turnip","Vajra","Molten Egg 2","Blood Vial","StrikeDummy","Bronze Scales","Red Skull","Boot","MealTicket","Orichalcum","Whetstone","Orrery","CaptainsWheel","Champion Belt"],"acts_visited":["Exordium","TheCity","TheBeyond","TheEnding"],"potions_floor_usage":[56,56,56],"damage_taken":[{"damage":0,"enemies":"2 Louse","floor":1,"turns":3},{"damage":7,"enemies":"Jaw Worm","floor":2,"turns":4},{"damage":0,"enemies":"Cultist","floor":5,"turns":3},{"damage":0,"enemies":"Gremlin Nob","floor":8,"turns":3},{"damage":5,"enemies":"Lagavulin","floor":12,"turns":5},{"damage":0,"enemies":"Looter","floor":13,"turns":2},{"damage":0,"enemies":"Gremlin Nob","floor":14,"turns":2},{"damage":0,"enemies":"Slime Boss","floor":16,"turns":8},{"damage":0,"enemies":"Chosen","floor":18,"turns":2},{"damage":0,"enemies":"Shell Parasite","floor":21,"turns":1},{"damage":0,"enemies":"Gremlin Leader","floor":23,"turns":1},{"damage":0,"enemies":"Slavers","floor":25,"turns":1},{"damage":0,"enemies":"Book of Stabbing","floor":27,"turns":1},{"damage":0,"enemies":"3 Cultists","floor":30,"turns":2},{"damage":0,"enemies":"Slavers","floor":31,"turns":1},{"damage":0,"enemies":"Champ","floor":33,"turns":1},{"damage":0,"enemies":"3 Darklings","floor":35,"turns":1},{"damage":0,"enemies":"Mind Bloom Boss Battle","floor":36,"turns":1},{"damage":0,"enemies":"Orb Walker","floor":39,"turns":1},{"damage":0,"enemies":"Reptomancer","floor":40,"turns":1},{"damage":0,"enemies":"4 Shapes","floor":41,"turns":1},{"damage":0,"enemies":"Nemesis","floor":42,"turns":1},{"damage":0,"enemies":"Reptomancer","floor":44,"turns":1},{"damage":0,"enemies":"Writhing Mass","floor":46,"turns":1},{"damage":0,"enemies":"Giant Head","floor":47,"turns":1},{"damage":0,"enemies":"Maw","floor":48,"turns":2},{"damage":6,"enemies":"Time Eater","floor":50,"turns":4},{"damage":0,"enemies":"Donu and Deca","floor":51,"turns":2},{"damage":0,"enemies":"Shield and Spear","floor":55,"turns":1},{"damage":0,"enemies":"The Heart","floor":56,"turns":4}],"seed_played":"-3529020422945540453","potions_obtained":[{"floor":4,"key":"ColorlessPotion"},{"floor":5,"key":"CultistPotion"},{"floor":21,"key":"BlessingOfTheForge"},{"floor":29,"key":"EntropicBrew"},{"floor":44,"key":"Swift Potion"}],"is_trial":true,"path_per_floor":["M","M","?","?","M","R","$","E","T","R","?","E","M","E","R","B",null,"M","?","$","M","$","E","$","E","T","E","R","?","M","E","R","B",null,"M","?","?","$","M","E","M","E","T","E","T","M","E","M","R","B","B",null,"R","$","E","B",null],"character_chosen":"IRONCLAD","items_purchased":["Membership Card","War Paint","Turnip","Evolve","Block Potion","Orrery"],"campfire_rested":0,"item_purchase_floors":[22,22,38,38,54,54],"current_hp_per_floor":[74,73,66,66,72,72,72,75,75,75,49,50,56,62,62,70,74,75,75,75,75,75,75,75,75,75,75,75,75,75,75,75,75,75,75,75,75,75,75,75,75,75,75,75,75,75,75,75,75,75,75,75,75,75,75,75],"gold":185,"neow_bonus":"","is_daily":false,"chose_seed":false,"campfire_upgraded":6,"win_rate":0.0,"timestamp":1614026804,"path_taken":["M","M","?","?","?","R","$","E","T","R","?","E","M","E","R","BOSS","M","?","?","M","$","E","$","E","T","E","R","?","M","E","R","BOSS","M","?","?","$","?","E","M","E","T","E","?","?","E","M","R","BOSS","BOSS","R","$","E","BOSS"],"items_purchased_type":["Relic","Relic","Relic","Card","Potion","Relic"],"build_version":"2020-12-22","purchased_purges":4,"victory":true,"max_hp_per_floor":[75,75,75,75,75,75,75,75,75,75,75,75,75,75,75,75,75,75,75,75,75,75,75,75,75,75,75,75,75,75,75,75,75,75,75,75,75,75,75,75,75,75,75,75,75,75,75,75,75,75,75,75,75,75,75,75],"relic_stats":{"Gremlin Horn":[21,21],"counters":[30,62],"Golden Idol":217,"StoneCalendar":[0],"Bag of Preparation":[50],"Ginger":[7],"Whetstone":["Beam Cell"],"War Paint":["Burning Pact","Backflip"],"Orichalcum":[0],"Boot":[16],"Burning Blood":51,"Blood Vial":0,"Centennial Puzzle":[3],"Bird Faced Urn":[3],"Bronze Scales":[75],"MealTicket":0,"Turnip":[7],"Black Star":5,"Kunai":[92],"Champion Belt":[12],"obtain_stats":[{"Calipers":31,"Gremlin Horn":9,"Vajra":40,"StoneCalendar":36,"Bag of Preparation":12,"Ginger":27,"Whetstone":47,"Boot":44,"Burning Blood":0,"Blood Vial":42,"Centennial Puzzle":26,"Matryoshka":23,"MealTicket":45,"Kunai":26,"Red Skull":44,"Paper Frog":8,"Runic Cube":17,"Girya":25,"Golden Idol":11,"War Paint":22,"Orichalcum":47,"CaptainsWheel":55,"Bird Faced Urn":14,"Bronze Scales":43,"Orrery":54,"Molten Egg 2":40,"Turnip":38,"Black Star":34,"Membership Card":22,"Champion Belt":55,"StrikeDummy":42},{"Calipers":15,"Gremlin Horn":4,"Vajra":20,"StoneCalendar":18,"Bag of Preparation":5,"Ginger":13,"Whetstone":25,"Boot":23,"Burning Blood":0,"Blood Vial":22,"Centennial Puzzle":12,"Matryoshka":11,"MealTicket":23,"Kunai":12,"Red Skull":23,"Paper Frog":4,"Runic Cube":8,"Girya":12,"Golden Idol":4,"War Paint":10,"Orichalcum":25,"CaptainsWheel":29,"Bird Faced Urn":7,"Bronze Scales":22,"Orrery":28,"Molten Egg 2":20,"Turnip":18,"Black Star":16,"Membership Card":10,"Champion Belt":29,"StrikeDummy":22},{"Calipers":39,"Gremlin Horn":13,"Vajra":44,"StoneCalendar":42,"Bag of Preparation":18,"Ginger":36,"Whetstone":49,"Boot":47,"Burning Blood":0,"Blood Vial":46,"Centennial Puzzle":35,"Matryoshka":34,"MealTicket":47,"Kunai":35,"Red Skull":47,"Paper Frog":13,"Runic Cube":30,"Girya":35,"Golden Idol":13,"War Paint":33,"Orichalcum":49,"CaptainsWheel":58,"Bird Faced Urn":22,"Bronze Scales":46,"Orrery":57,"Molten Egg 2":44,"Turnip":42,"Black Star":40,"Membership Card":33,"Champion Belt":58,"StrikeDummy":46}],"Runic Cube":[1]},"card_choices":[{"not_picked":["Armaments","Capacitor","Gash"],"picked":"SKIP","floor":1},{"not_picked":["Tantrum","Wireheading","Prepared"],"picked":"SKIP","floor":2},{"not_picked":["Dagger Spray","Bloodletting"],"picked":"Blur","floor":5},{"not_picked":["DevaForm","Establishment"],"picked":"Barricade","floor":8},{"not_picked":["Exhume","After Image"],"picked":"Adrenaline","floor":12},{"not_picked":["LikeWater","Fire Breathing"],"picked":"Tactician","floor":13},{"not_picked":["Amplify","Establishment","Wish"],"picked":"SKIP","floor":14},{"not_picked":["Dash","Dagger Spray"],"picked":"Backflip","floor":18},{"not_picked":["Flying Knee","Force Field","Blood for Blood"],"picked":"SKIP","floor":21},{"not_picked":["Wraith Form v2","Limit Break"],"picked":"Scrawl","floor":23},{"not_picked":["ConjureBlade","Echo Form","All For One"],"picked":"SKIP","floor":25},{"not_picked":["MasterReality","Tools of the Trade","Wish"],"picked":"SKIP","floor":27},{"not_picked":["Deflect","Recycle","ReachHeaven+1"],"picked":"SKIP","floor":30},{"not_picked":["Wraith Form v2","Scrawl","Bullet Time"],"picked":"SKIP","floor":31},{"not_picked":["Uppercut","Twin Strike","EmptyBody"],"picked":"SKIP","floor":35},{"not_picked":["Prostrate+1","Dagger Spray+1","SashWhip"],"picked":"SKIP","floor":39},{"not_picked":["Reaper+1","Omniscience","Wraith Form v2"],"picked":"SKIP","floor":40},{"not_picked":["Cold Snap+1","Flame Barrier"],"picked":"Body Slam+1","floor":41},{"not_picked":["Demon Form","Impervious"],"picked":"Core Surge+1","floor":42},{"not_picked":["Machine Learning","Multi-Cast","Judgement"],"picked":"SKIP","floor":44},{"not_picked":["EmptyFist+1","Sunder+1","Leap"],"picked":"SKIP","floor":46},{"not_picked":["Devotion","Ragnarok+1"],"picked":"After Image","floor":47},{"not_picked":["Deflect","SignatureMove+1","Consecrate+1"],"picked":"SKIP","floor":48},{"not_picked":["Corruption","Judgement","Core Surge+1"],"picked":"SKIP","floor":55}],"player_experience":1993448,"relics_obtained":[{"floor":8,"key":"Paper Frog"},{"floor":9,"key":"Gremlin Horn"},{"floor":12,"key":"Bag of Preparation"},{"floor":14,"key":"Bird Faced Urn"},{"floor":23,"key":"Matryoshka"},{"floor":25,"key":"Girya"},{"floor":26,"key":"Centennial Puzzle"},{"floor":26,"key":"Kunai"},{"floor":27,"key":"Ginger"},{"floor":31,"key":"Calipers"},{"floor":36,"key":"StoneCalendar"},{"floor":40,"key":"Vajra"},{"floor":40,"key":"Molten Egg 2"},{"floor":42,"key":"Blood Vial"},{"floor":42,"key":"StrikeDummy"},{"floor":43,"key":"Bronze Scales"},{"floor":44,"key":"Red Skull"},{"floor":44,"key":"Boot"},{"floor":45,"key":"MealTicket"},{"floor":47,"key":"Orichalcum"},{"floor":47,"key":"Whetstone"},{"floor":55,"key":"CaptainsWheel"},{"floor":55,"key":"Champion Belt"}],"event_choices":[{"cards_removed":["Hologram"],"damage_healed":0,"gold_gain":0,"player_choice":"Card Removal","damage_taken":7,"max_hp_gain":0,"max_hp_loss":0,"event_name":"Golden Wing","floor":3,"gold_loss":0},{"damage_healed":0,"gold_gain":0,"player_choice":"Bought 1 Potion","damage_taken":0,"max_hp_gain":0,"max_hp_loss":0,"event_name":"The Woman in Blue","floor":4,"gold_loss":0},{"damage_healed":0,"gold_gain":0,"player_choice":"Take Damage","damage_taken":26,"relics_obtained":["Golden Idol"],"max_hp_gain":0,"max_hp_loss":0,"event_name":"Golden Idol","floor":11,"gold_loss":0},{"cards_removed":["Noxious Fumes"],"damage_healed":0,"gold_gain":0,"player_choice":"Purged","damage_taken":0,"max_hp_gain":0,"max_hp_loss":0,"event_name":"Purifier","floor":19,"gold_loss":0},{"damage_healed":0,"gold_gain":0,"player_choice":"Got Potions","damage_taken":0,"max_hp_gain":0,"max_hp_loss":0,"event_name":"Lab","floor":29,"gold_loss":0},{"damage_healed":0,"gold_gain":0,"player_choice":"Fight","damage_taken":0,"max_hp_gain":0,"max_hp_loss":0,"event_name":"MindBloom","floor":36,"gold_loss":0},{"cards_removed":["Blur"],"damage_healed":0,"gold_gain":0,"player_choice":"Offered Uncommon","damage_taken":0,"max_hp_gain":0,"max_hp_loss":0,"event_name":"Bonfire Elementals","floor":37,"gold_loss":0}],"is_beta":false,"boss_relics":[{"not_picked":["Snecko Eye","SlaversCollar"],"picked":"Runic Cube"},{"not_picked":["Astrolabe","Calling Bell"],"picked":"Black Star"}],"items_purged_floors":[7,20,24,38],"is_endless":false,"potions_floor_spawned":[5,8,12,16,21,23,25,33,35,44,47,48,55],"ascension_level":20}}