{"host":"s8caws4n06h39s1x","time":1614016150,"event":{"mods":["BaseMod","Colored Powertips","Highlight Path","Minty Spire (QoL Compilation)","Quick Restart"],"gold_per_floor":[114,189,204,204,204,234,234,264,264,288,303,333,333,333,333,442,442,457,472,496,511,511,541,541,556,556,556,31,46,110,125,125,225,225,240,264,264,89,104,104,134,70,70,46,76,0,0,15,15,15],"floor_reached":51,"language":"ENG","playtime":5502,"items_purged":["Grand Finale"],"score":965,"play_id":"31766af8-b793-4c69-8a33-3400533a1ed7","local_time":"20210222184910","daily_mods":["Shiny","Diverse","Binary"],"is_ascension_mode":false,"campfire_choices":[{"floor":7.0,"key":"REST"},{"floor":13.0,"key":"REST"},{"data":"Echo Form","floor":15.0,"key":"SMITH"},{"data":"Buffer","floor":27.0,"key":"SMITH"},{"data":"1","floor":32.0,"key":"LIFT"},{"data":"2","floor":40.0,"key":"LIFT"},{"data":"3","floor":47.0,"key":"LIFT"},{"data":"Envenom","floor":49.0,"key":"SMITH"}],"circlet_count":0,"master_deck":["Judgement","ConjureBlade","MasterReality","Brilliance","Devotion","Blasphemy","Ragnarok","LessonLearned","Scrawl","Vault","Alpha","Wish","Omniscience","Establishment","SpiritShield","DevaForm","DeusExMachina","Multi-Cast","Hyperbeam","Thunder Strike","Biased Cognition","Machine Learning","Electrodynamics","Buffer+1","Rainbow","Seek","Meteor Strike","Echo Form+1","All For One","Reboot","Amplify","Creative AI","Fission","Core Surge","Venomology","Corpse Explosion","Malaise","Phantasmal Killer","Die Die Die","Adrenaline","Envenom+1","Doppelganger","Burst","Tools of the Trade","Night Terror","Unload","After Image","Bullet Time","Storm of Steel","Glass Knife","A Thousand Cuts","Double Tap","Demon Form","Bludgeon","Feed","Limit Break","Corruption","Barricade","Fiend Fire","Berserk","Impervious","Juggernaut","Brutality","Reaper","Exhume","Offering","Immolate","Wireheading","Tools of the Trade","Study","Brutality","Accuracy","Noxious Fumes","Footwork","Fasting2"],"relics":["Cracked Core","Singing Bowl","Bag of Preparation","CeramicFish","Mummified Hand","Pen Nib","Philosopher\u0027s Stone","Orichalcum","Eternal Feather","MutagenicStrength","Bird Faced Urn","DataDisk","Lee\u0027s Waffle","Oddly Smooth Stone","Girya","Nuclear Battery","Potion Belt","Letter Opener","Ancient Tea Set","Art of War","Red Mask"],"acts_visited":["Exordium","TheCity","TheBeyond"],"potions_floor_usage":[],"damage_taken":[{"damage":0.0,"enemies":"2 Louse","floor":1.0,"turns":4.0},{"damage":0.0,"enemies":"Small Slimes","floor":3.0,"turns":2.0},{"damage":28.0,"enemies":"Gremlin Nob","floor":6.0,"turns":5.0},{"damage":12.0,"enemies":"Lagavulin","floor":8.0,"turns":7.0},{"damage":0.0,"enemies":"Jaw Worm","floor":10.0,"turns":1.0},{"damage":4.0,"enemies":"2 Fungi Beasts","floor":11.0,"turns":2.0},{"damage":0.0,"enemies":"3 Sentries","floor":12.0,"turns":1.0},{"damage":0.0,"enemies":"Slime Boss","floor":16.0,"turns":5.0},{"damage":11.0,"enemies":"2 Thieves","floor":18.0,"turns":2.0},{"damage":11.0,"enemies":"Spheric Guardian","floor":19.0,"turns":3.0},{"damage":7.0,"enemies":"Centurion and Healer","floor":20.0,"turns":5.0},{"damage":2.0,"enemies":"Chosen and Byrds","floor":21.0,"turns":4.0},{"damage":43.0,"enemies":"Gremlin Leader","floor":23.0,"turns":5.0},{"damage":0.0,"enemies":"Snake Plant","floor":25.0,"turns":2.0},{"damage":29.0,"enemies":"Shelled Parasite and Fungi","floor":29.0,"turns":5.0},{"damage":9.0,"enemies":"Book of Stabbing","floor":30.0,"turns":6.0},{"damage":2.0,"enemies":"Centurion and Healer","floor":31.0,"turns":3.0},{"damage":0.0,"enemies":"Automaton","floor":33.0,"turns":6.0},{"damage":12.0,"enemies":"3 Darklings","floor":35.0,"turns":1.0},{"damage":12.0,"enemies":"3 Shapes","floor":36.0,"turns":1.0},{"damage":0.0,"enemies":"Transient","floor":39.0,"turns":6.0},{"damage":35.0,"enemies":"Giant Head","floor":41.0,"turns":7.0},{"damage":27.0,"enemies":"Reptomancer","floor":45.0,"turns":5.0},{"damage":0.0,"enemies":"Sphere and 2 Shapes","floor":48.0,"turns":2.0},{"damage":68,"enemies":"Time Eater","floor":50,"turns":9}],"seed_played":"-9004314451342404475","potions_obtained":[{"floor":6.0,"key":"SmokeBomb"},{"floor":10.0,"key":"SneckoOil"},{"floor":25.0,"key":"EssenceOfSteel"},{"floor":39.0,"key":"FearPotion"},{"floor":48.0,"key":"Energy Potion"}],"is_trial":false,"path_per_floor":["M","?","M","?","?","E","R","E","T","M","M","E","R","?","R","B",null,"M","M","M","M","?","E","?","M","T","R","$","M","E","M","R","B",null,"M","M","?","$","M","R","E","$","T","$","E","?","R","M","R","B",null],"character_chosen":"DEFECT","items_purchased":["DataDisk","Lee\u0027s Waffle","Oddly Smooth Stone","Noxious Fumes","Potion Belt","Footwork","Fasting2"],"campfire_rested":2,"item_purchase_floors":[28,28,28,38,38,42,44],"current_hp_per_floor":[75,64,67,72,69,43,67,57,57,57,55,57,83,98,98,98,98,89,80,73,73,73,40,40,42,42,84,115,108,117,119,119,121,121,115,105,105,105,125,125,115,115,115,115,129,129,129,131,131,98],"gold":15,"neow_bonus":"","is_daily":true,"chose_seed":false,"campfire_upgraded":3,"win_rate":0.0,"timestamp":1614016150,"path_taken":["M","?","M","?","?","E","R","E","T","M","?","E","R","?","R","BOSS","M","M","?","M","?","E","?","M","T","R","$","M","E","M","R","BOSS","M","M","?","$","M","R","E","$","T","?","E","?","R","M","R","BOSS"],"items_purchased_type":["Relic","Relic","Relic","Card","Relic","Card","Card"],"build_version":"2020-12-22","purchased_purges":1,"victory":true,"max_hp_per_floor":[75,75,75,80,80,82,82,84,84,84,86,88,88,98,98,98,98,100,102,102,104,104,106,106,108,108,108,115,117,117,119,119,121,121,123,123,123,123,125,125,127,127,127,127,129,129,129,131,131,131],"card_choices":[{"not_picked":["Underhanded Strike","Backflip"],"picked":"SKIP","floor":1.0},{"not_picked":["Masterful Stab","Pommel Strike"],"picked":"SKIP","floor":3.0},{"not_picked":["Poisoned Stab","Entrench"],"picked":"Singing Bowl","floor":6.0},{"not_picked":["Escape Plan","Flechettes"],"picked":"Singing Bowl","floor":8.0},{"not_picked":["Crippling Poison"],"picked":"Wireheading","floor":10.0},{"not_picked":["CutThroughFate","Go for the Eyes"],"picked":"Singing Bowl","floor":11.0},{"not_picked":["Iron Wave","Redo"],"picked":"Singing Bowl","floor":12.0},{"not_picked":["Venomology"],"picked":"Tools of the Trade","floor":16.0},{"not_picked":["Crescendo","ReachHeaven+1"],"picked":"Singing Bowl","floor":18.0},{"not_picked":["Havoc","PiercingWail+1"],"picked":"Singing Bowl","floor":19.0},{"not_picked":["Streamline"],"picked":"Study","floor":20.0},{"not_picked":["Bane","PiercingWail"],"picked":"Singing Bowl","floor":21.0},{"not_picked":["Hologram","FlyingSleeves+1"],"picked":"Singing Bowl","floor":23.0},{"not_picked":["Headbutt","Finisher"],"picked":"Singing Bowl","floor":25.0},{"not_picked":["Leap","EmptyBody"],"picked":"Singing Bowl","floor":29.0},{"not_picked":["Flex"],"picked":"Brutality","floor":30.0},{"not_picked":["Cloak And Dagger+1","Cold Snap"],"picked":"Singing Bowl","floor":31.0},{"not_picked":["Seek","Venomology"],"picked":"Singing Bowl","floor":33.0},{"not_picked":["Headbutt+1","Conclude"],"picked":"Singing Bowl","floor":35.0},{"not_picked":["Sentinel+1"],"picked":"Accuracy","floor":36.0},{"not_picked":["Twin Strike+1","Compile Driver+1"],"picked":"Singing Bowl","floor":39.0},{"not_picked":["Steam","JustLucky+1"],"picked":"Singing Bowl","floor":41.0},{"not_picked":["FollowUp","Distraction"],"picked":"Singing Bowl","floor":45.0},{"not_picked":["Skim","EmptyBody"],"picked":"Singing Bowl","floor":48.0}],"player_experience":491139,"relics_obtained":[{"floor":6.0,"key":"Bag of Preparation"},{"floor":8.0,"key":"CeramicFish"},{"floor":9.0,"key":"Mummified Hand"},{"floor":12.0,"key":"Pen Nib"},{"floor":23.0,"key":"Eternal Feather"},{"floor":26.0,"key":"Bird Faced Urn"},{"floor":30.0,"key":"Girya"},{"floor":41.0,"key":"Letter Opener"},{"floor":43.0,"key":"Ancient Tea Set"},{"floor":45.0,"key":"Art of War"}],"event_choices":[{"damage_healed":0.0,"max_hp_gain":0.0,"max_hp_loss":0.0,"gold_gain":75.0,"event_name":"World of Goop","player_choice":"Gather Gold","floor":2.0,"gold_loss":0.0,"damage_taken":11.0},{"damage_healed":0.0,"max_hp_gain":5.0,"max_hp_loss":0.0,"gold_gain":0.0,"event_name":"Big Fish","player_choice":"Donut","floor":4.0,"gold_loss":0.0,"damage_taken":0.0},{"damage_healed":0.0,"max_hp_gain":0.0,"max_hp_loss":0.0,"gold_gain":0.0,"event_name":"Scrap Ooze","player_choice":"Success","floor":5.0,"gold_loss":0.0,"damage_taken":3.0,"relics_obtained":["Singing Bowl"]},{"cards_removed":["Wraith Form v2"],"damage_healed":5.0,"max_hp_gain":10.0,"max_hp_loss":0.0,"gold_gain":0.0,"event_name":"Bonfire Elementals","player_choice":"Offered Rare","floor":14.0,"gold_loss":0.0,"damage_taken":0.0},{"damage_healed":0.0,"max_hp_gain":0.0,"max_hp_loss":0.0,"gold_gain":0.0,"event_name":"The Mausoleum","player_choice":"Opened","floor":22.0,"gold_loss":0.0,"damage_taken":0.0,"relics_obtained":["Orichalcum"]},{"damage_healed":0.0,"max_hp_gain":0.0,"max_hp_loss":0.0,"gold_gain":0.0,"event_name":"Drug Dealer","player_choice":"Inject Mutagens","floor":24.0,"gold_loss":0.0,"damage_taken":0.0,"relics_obtained":["MutagenicStrength"]},{"damage_healed":0.0,"max_hp_gain":0.0,"max_hp_loss":0.0,"gold_gain":0.0,"event_name":"Lab","player_choice":"Got Potions","floor":37.0,"gold_loss":0.0,"damage_taken":0.0},{"damage_healed":0.0,"max_hp_gain":0.0,"max_hp_loss":0.0,"gold_gain":0.0,"event_name":"Tomb of Lord Red Mask","player_choice":"Paid","floor":46.0,"gold_loss":76.0,"damage_taken":0.0,"relics_obtained":["Red Mask"]}],"is_beta":false,"boss_relics":[{"not_picked":["Velvet Choker","SacredBark"],"picked":"Philosopher\u0027s Stone"},{"not_picked":["Sozu","Busted Crown"],"picked":"Nuclear Battery"}],"items_purged_floors":[28],"is_endless":false,"potions_floor_spawned":[6,8,10,19,20,25,31,39,48],"ascension_level":0}}