{"host":"nug5xkek4sujf8as","time":1614021577,"event":{"mods":["Act Like it!","Aspiration","BaseMod","Booster Modes","CapriCore","Colored Powertips","Conspire","Energized Spire","Gensokyo","Minty Spire (QoL Compilation)","Permanent Neow","Quick Restart","Reimu£®≤©¿ˆ¡È√Œ£©","Replay The Spire","Shop Mod","Spicy Shops","StSLib","°æπ¶ƒ‹Mod°øªÏ„Á÷Æª∑–ﬁ∏¥≤π∂°","°æ“≈ŒÔø®≈∆°øREMEMod","ÛÙª÷∏ƒœ"],"gold_per_floor":[119,119,119,135,148,174,190,225,249,85,35,86,86,131,131,230,230,270,280,280,116,146,146,184,184,184,210,250,250,250,285,113,201,201,220,235,235,265,265,294,308,342,342,60,116,132,407,423,61,67,92,92,117,72,98,98],"floor_reached":57,"language":"ZHS","playtime":3150,"items_purged":["Regret","conspire:SpireCoStock","conspire:Purge"],"score":2770,"play_id":"2080fd06-b731-44a6-93ef-6268b9dfe43f","local_time":"20210223031937","is_ascension_mode":true,"campfire_choices":[{"floor":15.0,"key":"RECALL"},{"data":"Shockwave","floor":23.0,"key":"SMITH"},{"data":"Power Through","floor":25.0,"key":"SMITH"}],"circlet_count":0,"master_deck":["AscendersBane","Blasphemy+1","REME_SingleHolding","Feel No Pain","Second Wind","REME_TheLastStrike","Hemogenesis","Power Through+1","Berserk","Shockwave+1","Reaper","Thunderclap+1","Headbutt+1","Necronomicurse","Barricade","Wild Strike+1","Heavy Blade+1","Burning Pact","Battle Trance+1","Dark Embrace+1"],"relics":["Burning Blood","REME_ComplimentaryCards","FlyPower:ReiMu","aspiration:BabyByrd","Orichalcum","ReplayTheSpireMod:Shallot","REME_CardOfGreed","Pet Ghost","Replay:Bronze Core","Bag of Preparation","aspiration:Lifesprig","Necronomicon","Brimstone","Snecko Eye","Kunai","Fusion Hammer","Smiling Mask","ReplayTheSpireMod:TigerMarble","MerchantsRug","Vajra","Orrery","Gremlin Food"],"acts_visited":["Exordium","TheCity","TheBeyond","TheEnding"],"potions_floor_usage":[56,56,56,56],"damage_taken":[{"damage":1.0,"enemies":"2 Louse","floor":1.0,"turns":3.0},{"damage":3.0,"enemies":"Small Slimes","floor":4.0,"turns":3.0},{"damage":0.0,"enemies":"Cultist","floor":5.0,"turns":3.0},{"damage":28.0,"enemies":"Gremlin Nob","floor":6.0,"turns":4.0},{"damage":5.0,"enemies":"Red Slaver","floor":7.0,"turns":5.0},{"damage":0.0,"enemies":"Lagavulin","floor":8.0,"turns":2.0},{"damage":0.0,"enemies":"3 Sentries","floor":12.0,"turns":10.0},{"damage":1.0,"enemies":"Lagavulin","floor":14.0,"turns":5.0},{"damage":5.0,"enemies":"Slime Boss","floor":16.0,"turns":2.0},{"damage":0.0,"enemies":"3 Byrds","floor":18.0,"turns":6.0},{"damage":5.0,"enemies":"Chosen","floor":19.0,"turns":2.0},{"damage":5.0,"enemies":"Snake Plant","floor":22.0,"turns":2.0},{"damage":9.0,"enemies":"Slavers","floor":24.0,"turns":4.0},{"damage":0.0,"enemies":"Centurion and Healer","floor":27.0,"turns":6.0},{"damage":15.0,"enemies":"REME_1_Revenger","floor":28.0,"turns":4.0},{"damage":5.0,"enemies":"Cultist and Chosen","floor":31.0,"turns":4.0},{"damage":11.0,"enemies":"conspire:MysteriousRune","floor":33.0,"turns":5.0},{"damage":0.0,"enemies":"Orb Walker","floor":35.0,"turns":2.0},{"damage":0.0,"enemies":"3 Darklings","floor":36.0,"turns":2.0},{"damage":8.0,"enemies":"Transient","floor":38.0,"turns":6.0},{"damage":5.0,"enemies":"Reptomancer","floor":40.0,"turns":3.0},{"damage":0.0,"enemies":"Spire Growth","floor":41.0,"turns":1.0},{"damage":5.0,"enemies":"R_Hoarder","floor":42.0,"turns":6.0},{"damage":5.0,"enemies":"Reptomancer","floor":45.0,"turns":2.0},{"damage":5.0,"enemies":"Jaw Worm Horde","floor":46.0,"turns":2.0},{"damage":29.0,"enemies":"4 Shapes","floor":48.0,"turns":2.0},{"damage":12.0,"enemies":"Replay:Hell Engine","floor":50.0,"turns":5.0},{"damage":8.0,"enemies":"Donu and Deca","floor":51.0,"turns":5.0},{"damage":10,"enemies":"Shield and Spear","floor":55,"turns":4},{"damage":4,"enemies":"The Heart","floor":56,"turns":11}],"seed_played":"-8909961332304864667","potions_obtained":[{"floor":4.0,"key":"Explosive Potion"},{"floor":7.0,"key":"Swift Potion"},{"floor":8.0,"key":"Strength Potion"},{"floor":14.0,"key":"Weak Potion"},{"floor":16.0,"key":"Swift Potion"},{"floor":19.0,"key":"Weak Potion"},{"floor":22.0,"key":"Dexterity Potion"},{"floor":24.0,"key":"Block Potion"},{"floor":28.0,"key":"ColorlessPotion"},{"floor":38.0,"key":"Flashbang"},{"floor":41.0,"key":"DistilledChaos"},{"floor":55,"key":"GamblersBrew"}],"is_trial":false,"path_per_floor":["M","?","?","M","M","E","M","E","T","$","?","E","T","E","R","B",null,"M","M","?","$","M","R","E","R","T","M","E","?","?","M","R","B",null,"M","M","?","M","?","E","M","E","T","R","E","M","?","M","R","B","B",null,"R","$","E","B",null],"character_chosen":"IRONCLAD","items_purchased":["REME_CardOfGreed","Bag of Preparation","Brimstone","aspiration:SeaSaltIceCream","ReplayTheSpireMod:TigerMarble","MerchantsRug","Vajra","Flashbang","Orrery"],"campfire_rested":0,"item_purchase_floors":[10,21,32,44,49,49,49,54,54],"current_hp_per_floor":[73,73,73,75,75,53,54,60,60,60,60,66,66,71,71,72,74,75,75,75,75,75,75,75,75,75,75,71,71,56,73,73,81,81,81,81,87,87,87,87,87,87,87,87,87,87,93,70,70,78,93,93,93,93,89,93],"gold":98,"neow_bonus":"NOSTALGIA","is_daily":false,"chose_seed":false,"campfire_upgraded":2,"win_rate":0.0,"timestamp":1614021577,"path_taken":["M","?","?","M","M","E","M","E","T","$","?","E","?","E","R","BOSS","M","M","?","$","M","R","E","R","T","?","E","?","?","M","R","BOSS","M","M","?","?","?","E","M","E","T","R","E","M","?","?","R","BOSS","BOSS","R","$","E","BOSS"],"items_purchased_type":["Relic","Relic","Relic","Relic","Relic","Relic","Relic","Potion","Relic"],"build_version":"2020-12-22","purchased_purges":3,"victory":true,"max_hp_per_floor":[75,75,75,75,75,75,75,75,75,75,75,75,75,75,75,75,75,75,75,75,75,75,75,75,75,75,75,75,75,81,81,81,81,81,81,81,87,87,87,87,87,87,87,87,87,87,93,93,93,93,93,93,93,93,93,93],"card_choices":[{"not_picked":["Havoc","True Grit","Cleave"],"picked":"SKIP","floor":1.0},{"not_picked":["Rupture","Heavy Blade","ReplayTheSpireMod:Strike From Hell"],"picked":"SKIP","floor":4.0},{"not_picked":["Clothesline","ReplayTheSpireMod:Muscle Training"],"picked":"REME_SingleHolding","floor":5.0},{"not_picked":["Infernal Blade","Warcry"],"picked":"Feel No Pain","floor":6.0},{"not_picked":["Sever Soul","Infernal Blade"],"picked":"Second Wind","floor":7.0},{"not_picked":["Seeing Red","Carnage"],"picked":"REME_TheLastStrike","floor":8.0},{"not_picked":["Warcry","Twin Strike","Wild Strike"],"picked":"SKIP","floor":12.0},{"not_picked":["Perfected Strike","Clothesline"],"picked":"conspire:Purge","floor":14.0},{"not_picked":["Fiend Fire","Impervious"],"picked":"Hemogenesis","floor":16.0},{"not_picked":["Reckless Charge+1","Entrench","Fire Breathing"],"picked":"SKIP","floor":18.0},{"not_picked":["Sever Soul","Thunderclap"],"picked":"Power Through","floor":19.0},{"not_picked":["Run Through","Shrug It Off"],"picked":"Shockwave","floor":22.0},{"not_picked":["Sword Boomerang","Shrug It Off"],"picked":"Reaper","floor":24.0},{"not_picked":["Replay:Undeath\u0027s Touch+1","Clothesline+1"],"picked":"Thunderclap+1","floor":27.0},{"not_picked":["Body Slam+1","ReplayTheSpireMod:Muscle Training"],"picked":"Headbutt+1","floor":28.0},{"not_picked":["Havoc","ReplayTheSpireMod:Corrosion Curse","True Grit"],"picked":"SKIP","floor":31.0},{"not_picked":["Fiend Fire+1","Juggernaut"],"picked":"Barricade","floor":33.0},{"not_picked":["Shrug It Off","Warcry"],"picked":"Wild Strike+1","floor":35.0},{"not_picked":["Twin Strike+1","Body Slam+1"],"picked":"Heavy Blade+1","floor":36.0},{"not_picked":["Armaments","Replay:Undeath\u0027s Touch+1","Body Slam+1"],"picked":"SKIP","floor":38.0},{"not_picked":["Dropkick+1","Body Slam+1","Abandon"],"picked":"SKIP","floor":40.0},{"not_picked":["conspire:ExplosiveBarrier+1","REME_FearOfPain","Run Through+1"],"picked":"SKIP","floor":41.0},{"not_picked":["Clothesline+1","Twin Strike+1"],"picked":"Burning Pact","floor":42.0},{"not_picked":["Body Slam+1","Flame Barrier","Warcry"],"picked":"SKIP","floor":45.0},{"not_picked":["ReplayTheSpireMod:Strike From Hell+1","Sword Boomerang+1","Fire Breathing+1"],"picked":"SKIP","floor":46.0},{"not_picked":["Twin Strike+1","Whirlwind+1","Demonic Infusion"],"picked":"SKIP","floor":48.0},{"not_picked":["Heavy Blade","ReplayTheSpireMod:Strike From Hell"],"picked":"Battle Trance+1","floor":54.0},{"not_picked":["Immolate","Power Through"],"picked":"Dark Embrace+1","floor":54.0},{"not_picked":["Armaments","Replay:Undeath\u0027s Touch","Rage"],"picked":"SKIP","floor":55}],"player_experience":991163,"relics_obtained":[{"floor":6.0,"key":"Orichalcum"},{"floor":8.0,"key":"ReplayTheSpireMod:Shallot"},{"floor":9.0,"key":"Potion Belt"},{"floor":12.0,"key":"Pet Ghost"},{"floor":13.0,"key":"Darkstone Periapt"},{"floor":14.0,"key":"StrikeDummy"},{"floor":24.0,"key":"aspiration:Lifesprig"},{"floor":26.0,"key":"Molten Egg 2"},{"floor":28.0,"key":"Matryoshka"},{"floor":30.0,"key":"Necronomicon"},{"floor":40.0,"key":"conspire:Dentures"},{"floor":42.0,"key":"Kunai"},{"floor":43.0,"key":"ReplayTheSpireMod:Spearhead"},{"floor":45.0,"key":"Smiling Mask"},{"floor":55,"key":"Gremlin Food"}],"event_choices":[{"damage_healed":0.0,"max_hp_gain":0.0,"max_hp_loss":0.0,"gold_gain":0.0,"event_name":"conspire:Investor","player_choice":"Invest 1","floor":11.0,"gold_loss":0.0,"damage_taken":0.0},{"damage_healed":0.0,"max_hp_gain":0.0,"max_hp_loss":0.0,"gold_gain":0.0,"cards_transformed":["Defend_R"],"event_name":"Transmorgrifier","player_choice":"Transformed","floor":20.0,"gold_loss":0.0,"damage_taken":0.0,"cards_obtained":["Berserk"]},{"damage_healed":0.0,"max_hp_gain":0.0,"max_hp_loss":0.0,"gold_gain":0.0,"event_name":"Cursed Tome","player_choice":"Obtained Book","floor":30.0,"gold_loss":0.0,"damage_taken":21.0},{"damage_healed":0.0,"max_hp_gain":0.0,"max_hp_loss":0.0,"gold_gain":0.0,"event_name":"Accursed Blacksmith","player_choice":"Rummage","floor":37.0,"gold_loss":0.0,"damage_taken":0.0,"relics_obtained":["WarpedTongs"],"cards_obtained":["Pain"]},{"damage_healed":0.0,"max_hp_gain":0.0,"max_hp_loss":0.0,"gold_gain":0.0,"event_name":"Tomb of Lord Red Mask","player_choice":"Ignored","floor":39.0,"gold_loss":0.0,"damage_taken":0.0},{"damage_healed":0.0,"max_hp_gain":0.0,"max_hp_loss":0.0,"gold_gain":275.0,"event_name":"Golden Shrine","player_choice":"Desecrate","floor":47.0,"gold_loss":0.0,"damage_taken":0.0,"cards_obtained":["Regret"]}],"is_beta":false,"boss_relics":[{"not_picked":["Busted Crown","conspire:SeveredTorchhead"],"picked":"Replay:Bronze Core"},{"not_picked":["energizedSpire:MagnifyingGlass","ReplayTheSpireMod:DimensionalGlitch"],"picked":"Snecko Eye"}],"items_purged_floors":[49,53,53],"is_endless":false,"potions_floor_spawned":[4,7,8,14,16,19,22,24,28,38,41,46,48,55],"ascension_level":20}}