{"host":"rm0ctv8qd8mnbkg1","time":1614005696,"event":{"mods":["Aspiration","BaseMod","Beaked The Cultist","BetterRewards","Colored Map","DNKmod","Dark Map","Defuse TimeMaze Blight","Downfall","Friendly Minions","Hubris","Marisa????????","Minty Spire (QoL Compilation)","MostiFishMod","Permanent Neow","Rare Cards Sparkle","Relic Sorter","Reliquary","Replay The Spire","RumiaBox-????????","Shade Mod","Shop Mod","Spicy Shops","Spire Arcade","StSLib","The Construct","The Servant 0.9.4","TheVacant","Wandering Minibosses","[IsaacMod]????","??????REMEMod"],"gold_per_floor":[10020,9336,9336,9350,9366,9366,9391,9391,9462,8956,9767,9787,9263,9263,9263,9363,9413,9431,9431,9431,9451,8736,8761,8374,8402,8450,8450,8468,8468,7928,7942,7942,8045,8045,8058,8058,7675,7730,7730,7730,7756,7756,7801,7832,7832,7846,7846,7846,7846,7846],"floor_reached":51,"language":"ENG","playtime":1798,"items_purged":["Decay"],"score":1339,"play_id":"b81dd0b1-ceb5-4093-b400-b20fef288bf0","local_time":"20210222145456","is_ascension_mode":true,"campfire_choices":[{"data":"Slimebound:TagTeam","floor":6,"key":"SMITH"},{"data":"construct:ElectricArmor","floor":15,"key":"SMITH"},{"data":"construct:ClockworkEgg","floor":27,"key":"SMITH"},{"data":"construct:ClockworkEgg+1","floor":32,"key":"SMITH"},{"data":"construct:LaserCore+1","floor":40,"key":"SMITH"},{"data":"construct:ForceCore+1","floor":47,"key":"SMITH"},{"data":"construct:Backfire+1","floor":49,"key":"SMITH"}],"circlet_count":0,"master_deck":["construct:Strike_Gold+2","construct:Strike_Gold+1","construct:Strike_Gold+1","construct:Strike_Gold+1","construct:Strike_Gold+1","construct:Defend_Gold+1","construct:Defend_Gold+1","construct:Defend_Gold+1","construct:Defend_Gold+1","construct:Defend_Gold+1","construct:AttackMode+1","Slimebound:TagTeam+1","construct:Autoturret+2","construct:Autoturret+1","construct:ClusterMines+1","construct:Isolate+1","construct:ElectricArmor+2","Footwork+1","MostiFishMod:PerfectForm+1","construct:Synchronize+1","construct:Backfire+2","construct:GatlingGun+1","construct:Autoturret+1","construct:ShieldGenerator+1","construct:Hazardproof+1","construct:FlakBarrage+1","construct:BatteryCore+2","construct:Autoturret+1","REME_Flogging+1","construct:HammerDown+2","construct:PointDefense+1","construct:ClusterMines+1","construct:ForceCore+2","MostiFishMod:ButterFly+1","hubris:EnhanceAbility+1","hubris:EnhanceAbility+1","construct:FlameCore+1","construct:LaserCore+2","construct:Autoturret","construct:Autoturret+2"],"relics":["construct:ClockworkPhoenix","REME_ComplimentaryCards","DaveBox","HushsDoor","PillsDrop","ExusiaiGun","construct:MegaBattery","Gremlin Food","hubris:PeanutButter","ImprovedEquipment","Replay:Bottled Steam","EdensBlessing","bronze:DonusWashers","wanderingMiniBosses:MasterThiefsPresence","hexamod:CandleOfCauterizing","SecretRecord","construct:MasterCore","hubris:Towel","Tiny House","GuppysHead","Juzu Bracelet","aspiration:EmptySkull","Replay:Wax Seal","Chemical X","Guide Book","MoneyPower","reliquary:TatteredRug","Lantern","HandDrill","xbg","Mark of the Bloom","Sling","hubris:TenFootPole","Molten Egg 2","Toxic Egg 2","Frozen Egg 2","Peace Pipe","REME_HourglassOfDeath","Art of War","Bronze Scales"],"acts_visited":["Exordium","TheCity","TheBeyond"],"potions_floor_usage":[],"damage_taken":[{"damage":0,"enemies":"2 Louse","floor":1,"turns":1},{"damage":0,"enemies":"Jaw Worm","floor":4,"turns":1},{"damage":0,"enemies":"Cultist","floor":5,"turns":1},{"damage":0,"enemies":"Gremlin Nob","floor":7,"turns":1},{"damage":0,"enemies":"Lots of Slimes","floor":11,"turns":4},{"damage":0,"enemies":"3 Louse","floor":12,"turns":2},{"damage":0,"enemies":"The Guardian","floor":16,"turns":2},{"damage":0,"enemies":"Chosen","floor":18,"turns":1},{"damage":0,"enemies":"Shell Parasite","floor":21,"turns":2},{"damage":0,"enemies":"Book of Stabbing","floor":23,"turns":2},{"damage":0,"enemies":"Gremlin Leader","floor":25,"turns":2},{"damage":0,"enemies":"3 Cultists","floor":28,"turns":1},{"damage":0,"enemies":"Centurion and Healer","floor":31,"turns":2},{"damage":0,"enemies":"Collector","floor":33,"turns":1},{"damage":0,"enemies":"3 Shapes","floor":35,"turns":1},{"damage":0,"enemies":"2 Orb Walkers","floor":38,"turns":1},{"damage":0,"enemies":"Reptomancer","floor":41,"turns":1},{"damage":0,"enemies":"R_Hoarder","floor":44,"turns":1},{"damage":0,"enemies":"3 Darklings","floor":46,"turns":1},{"damage":0,"enemies":"hubris:GrandSnecko","floor":50,"turns":1}],"seed_played":"3955699144518665766","potions_obtained":[{"floor":7,"key":"bronze:BurnAndBuffPotion"}],"is_trial":false,"path_per_floor":["M","$","?","M","M","R","E","?","T","$","M","M","$","?","R","B",null,"M","?","?","M","$","E","$","E","T","R","M","?","$","M","R","B",null,"M","?","$","?","?","R","E","?","T","E","?","M","R","?","R","B",null],"character_chosen":"THE_CONSTRUCT_MOD","items_purchased":["construct:MegaBattery","construct:Autoturret","Gremlin Food","hubris:PeanutButter","EdensBlessing","bronze:DonusWashers","MostiFishMod:PerfectForm","construct:Synchronize","hexamod:CandleOfCauterizing","SecretRecord","construct:Autoturret","construct:MasterCore","GuppysHead","construct:ClockworkEgg","Juzu Bracelet","construct:Autoturret","REME_Flogging","Replay:Wax Seal","Chemical X","construct:PointDefense","Guide Book","Lantern","HandDrill","MostiFishMod:ButterFly","hubris:EnhanceAbility","hubris:EnhanceAbility","construct:FlameCore","Sling","hubris:TenFootPole","construct:Autoturret"],"campfire_rested":0,"item_purchase_floors":[2,2,2,2,10,10,10,10,13,13,13,13,17,17,22,22,22,24,24,24,24,30,30,30,30,34,34,37,37,37],"current_hp_per_floor":[1000,1000,1000,1000,1000,1000,1000,1000,1000,1000,1000,995,995,995,995,995,986,986,986,986,986,986,986,986,986,986,986,986,986,986,986,986,986,979,979,979,979,979,979,979,979,979,979,979,979,979,979,979,979,979],"gold":7846,"neow_bonus":"RANDOM_EVENT","is_daily":false,"chose_seed":false,"campfire_upgraded":7,"win_rate":0.0,"timestamp":1614005696,"path_taken":["M","$","?","M","M","R","E","?","T","?","?","?","$","?","R","BOSS","M","?","?","M","$","E","$","E","T","R","M","?","$","M","R","BOSS","M","?","$","?","?","R","E","?","T","E","?","M","R","?","R","BOSS"],"items_purchased_type":["Relic","Card","Relic","Relic","Relic","Relic","Card","Card","Relic","Relic","Card","Relic","Relic","Card","Relic","Card","Card","Relic","Relic","Card","Relic","Relic","Relic","Card","Card","Card","Card","Relic","Relic","Card"],"build_version":"2020-12-22","purchased_purges":1,"victory":true,"max_hp_per_floor":[1000,1000,1000,1000,1000,1000,1000,1000,1000,1000,1000,995,995,995,995,995,986,986,986,986,986,986,986,986,986,986,986,986,986,986,986,986,986,979,979,979,979,979,979,979,979,979,979,979,979,979,979,979,979,979],"card_choices":[{"not_picked":[],"picked":"SuicideKing","floor":0},{"not_picked":["construct:SaveState","construct:Backfire"],"picked":"construct:Autoturret","floor":1},{"not_picked":["construct:HeavyBolt","construct:ShiftGuard"],"picked":"construct:ClusterMines","floor":4},{"not_picked":["construct:SuppressiveFire","construct:FocusedBeam"],"picked":"construct:Isolate","floor":5},{"not_picked":["construct:Reinforce","construct:Missile"],"picked":"construct:ElectricArmor","floor":7},{"not_picked":["construct:Forcefield","construct:OmegaCannon"],"picked":"construct:Backfire","floor":11},{"not_picked":["construct:ClusterMines","construct:Autoturret"],"picked":"construct:GatlingGun","floor":12},{"not_picked":["construct:HyperBeam","construct:GatlingGun"],"picked":"construct:ShieldGenerator","floor":16},{"not_picked":["construct:VentSteam","construct:HastyRepair"],"picked":"construct:Hazardproof","floor":17},{"not_picked":["construct:Hazardproof","construct:Construct_Overclock+1"],"picked":"construct:FlakBarrage","floor":18},{"not_picked":["construct:Versatility","construct:Backfire+1"],"picked":"construct:BatteryCore","floor":21},{"not_picked":["construct:Accumulate","construct:ScrapCannon"],"picked":"construct:HammerDown","floor":23},{"not_picked":["construct:Anticipate","construct:Tumble"],"picked":"construct:ClusterMines","floor":25},{"not_picked":["construct:Tumble","construct:CriticalHit"],"picked":"construct:ForceCore","floor":28},{"not_picked":["construct:ShiftStrike","construct:Reinforce+1","construct:HeavyBolt"],"picked":"SKIP","floor":31},{"not_picked":["construct:Tumble+1","construct:ScrapCannon"],"picked":"construct:LaserCore","floor":35},{"not_picked":["construct:Multistage+1","construct:OmegaCannon+1","construct:Disrupt+1"],"picked":"SKIP","floor":41},{"not_picked":["construct:Multistage+1","construct:ShiftStrike+1","construct:MetalShell+1"],"picked":"SKIP","floor":44},{"not_picked":["construct:Backfire+1","construct:ClusterMines+1","construct:ShiftStrike+1"],"picked":"SKIP","floor":46}],"player_experience":401115,"relics_obtained":[{"floor":7,"key":"ImprovedEquipment"},{"floor":9,"key":"Replay:Bottled Steam"},{"floor":11,"key":"wanderingMiniBosses:MasterThiefsPresence"},{"floor":23,"key":"aspiration:EmptySkull"},{"floor":25,"key":"MoneyPower"},{"floor":26,"key":"reliquary:TatteredRug"},{"floor":38,"key":"Peace Pipe"},{"floor":41,"key":"REME_HourglassOfDeath"},{"floor":43,"key":"Art of War"},{"floor":44,"key":"Bronze Scales"}],"event_choices":[{"damage_healed":0,"gold_gain":0,"player_choice":"Ignored","damage_taken":0,"max_hp_gain":0,"max_hp_loss":0,"event_name":"Cursed Tome","floor":19,"gold_loss":0},{"damage_healed":0,"gold_gain":0,"player_choice":"Upgrade","damage_taken":0,"relics_obtained":["Mark of the Bloom"],"max_hp_gain":0,"max_hp_loss":0,"event_name":"MindBloom","floor":36,"gold_loss":0,"cards_upgraded":["construct:Strike_Gold","construct:Strike_Gold","construct:Strike_Gold","construct:Strike_Gold","construct:Strike_Gold","construct:Defend_Gold","construct:Defend_Gold","construct:Defend_Gold","construct:Defend_Gold","construct:Defend_Gold","construct:AttackMode","construct:Autoturret","construct:ClusterMines","construct:Isolate","construct:ElectricArmor","MostiFishMod:PerfectForm","construct:Synchronize","construct:Backfire","construct:GatlingGun","construct:Autoturret","construct:ShieldGenerator","construct:Hazardproof","construct:ClockworkEgg","construct:FlakBarrage","construct:BatteryCore","construct:Autoturret","REME_Flogging","construct:HammerDown","construct:PointDefense","construct:ClusterMines","construct:ForceCore","MostiFishMod:ButterFly","hubris:EnhanceAbility","hubris:EnhanceAbility","construct:FlameCore","construct:LaserCore"]},{"damage_healed":0,"gold_gain":0,"player_choice":"Fight","damage_taken":0,"max_hp_gain":0,"max_hp_loss":0,"event_name":"Mysterious Sphere","floor":38,"gold_loss":0},{"damage_healed":0,"gold_gain":0,"player_choice":"Copied","damage_taken":0,"max_hp_gain":0,"max_hp_loss":0,"event_name":"Duplicator","floor":45,"gold_loss":0,"cards_obtained":["construct:Autoturret"]},{"cards_removed":["SuicideKing"],"damage_healed":0,"gold_gain":0,"player_choice":"Removed Skill","damage_taken":0,"max_hp_gain":0,"max_hp_loss":0,"event_name":"Falling","floor":48,"gold_loss":0}],"is_beta":false,"boss_relics":[{"not_picked":["aspiration:RunicSpoon","BloodWine"],"picked":"Tiny House"},{"not_picked":[]},{"not_picked":["RhineFirstAidKit","SacredBark"],"picked":"xbg"},{"not_picked":[]}],"items_purged_floors":[30],"is_endless":false,"potions_floor_spawned":[7,11,21,25,31,38,44],"ascension_level":1}}