{"host":"e4udrxcgdvpx3wcj","time":1614030585,"event":{"mods":["Act Like it!","Aspiration","Astrologer","BaseMod","Gensokyo","Highlight Path","Infinite Spire","Koishi","Marisa????????","Minty Spire (QoL Compilation)","Replay The Spire","StSLib","SuperFastMode","The Bug Knight","The Construct","The Jungle","The Runesmith","The Servant 0.9.4","TheBandit"],"gold_per_floor":[117,137,137,61,61,72,100,100,100,100,115,133,161,3,3,3,3],"floor_reached":16,"language":"ENG","playtime":788,"items_purged":[],"score":191,"play_id":"4511868f-bf4b-4b8f-a77e-de378b70f213","local_time":"20210222164945","is_ascension_mode":true,"campfire_choices":[{"data":"BasicCrystalCard","floor":8.0,"key":"SMITH"},{"data":"Zap","floor":10.0,"key":"SMITH"},{"floor":15,"key":"REST"}],"circlet_count":0,"master_deck":["AscendersBane","Strike_B","Strike_B","Strike_B","Defend_B","Defend_B","Zap+1","Dualcast","Cold Snap","ReplayTheSpireMod:Calculation Training","Slice","Terror","Calculated Gamble","BasicCrystalCard+1","Panic Button","Chaos","Fusion","Defragment","Gensokyo:Shovel","Gensokyo:LockedMedkit","Gensokyo:TarnishedGold"],"relics":["Cracked Core","Strawberry","Gensokyo:OccultBall","Lizard Tail","infinitespire:SolderingIron","Cables"],"acts_visited":["Gensokyo:Gensokyo"],"potions_floor_usage":[16],"damage_taken":[{"damage":6.0,"enemies":"Gensokyo:Gryphon","floor":1.0,"turns":4.0},{"damage":1.0,"enemies":"Gensokyo:Python","floor":2.0,"turns":3.0},{"damage":0.0,"enemies":"Gensokyo:3_Fairies","floor":6.0,"turns":4.0},{"damage":18.0,"enemies":"Gensokyo:Mamizou","floor":7.0,"turns":6.0},{"damage":14.0,"enemies":"Gensokyo:CorruptedTreant","floor":11.0,"turns":3.0},{"damage":9.0,"enemies":"Gensokyo:5_Fairies","floor":12.0,"turns":5.0},{"damage":19.0,"enemies":"Gensokyo:Aya","floor":13.0,"turns":5.0},{"damage":68,"enemies":"Gensokyo:Reimu","floor":16,"turns":17}],"seed_played":"-6313568811881255981","potions_obtained":[{"floor":6.0,"key":"FocusPotion"},{"floor":11.0,"key":"Swift Potion"},{"floor":12.0,"key":"Elixir"}],"is_trial":false,"path_per_floor":["M","M","?","$","?","M","E","R","T","R","M","M","E","COS","R","B"],"character_chosen":"DEFECT","items_purchased":["Reinforced Body"],"campfire_rested":1,"item_purchase_floors":[4],"current_hp_per_floor":[65,64,64,64,64,64,46,46,46,46,32,23,4,4,27,0,0],"gold":3,"neow_bonus":"RANDOM_COMMON_RELIC","is_daily":false,"chose_seed":false,"campfire_upgraded":2,"win_rate":0.0,"timestamp":1614030585,"path_taken":["M","M","?","?","?","M","E","R","T","R","M","M","E","COS","R","BOSS"],"items_purchased_type":["Card"],"build_version":"2020-12-22","purchased_purges":0,"victory":false,"max_hp_per_floor":[78,78,78,78,78,78,78,78,78,78,78,78,78,78,78,78,78],"card_choices":[{"not_picked":["Rip and Tear","Consume"],"picked":"Cold Snap","floor":1.0},{"not_picked":["Loop","Chill"],"picked":"ReplayTheSpireMod:Calculation Training","floor":2.0},{"not_picked":["Tempest","Gash"],"picked":"BasicCrystalCard","floor":6.0},{"not_picked":["Heatsinks","Coolheaded"],"picked":"Panic Button","floor":7.0},{"not_picked":["Rebound","Steam"],"picked":"Chaos","floor":11.0},{"not_picked":["Sweeping Beam","Streamline"],"picked":"Fusion","floor":12.0},{"not_picked":["ReplayRNGCard","Gash"],"picked":"Defragment","floor":13.0}],"player_experience":2437418,"relics_obtained":[{"floor":7.0,"key":"Lizard Tail"},{"floor":9.0,"key":"infinitespire:SolderingIron"},{"floor":13.0,"key":"Gensokyo:OccultBall"},{"floor":13.0,"key":"Cables"}],"event_choices":[],"is_beta":false,"boss_relics":[],"items_purged_floors":[],"is_endless":false,"potions_floor_spawned":[6,11,12],"killed_by":"Gensokyo:Reimu","ascension_level":18}}