{"host":"kj5ejyofr70ax6r3","time":1614013293,"event":{"mods":["BaseMod","BetterRewards","Colored Map","Downfall","GifTheSpireLib","Minty Spire (QoL Compilation)","Replay The Spire","Shop Mod","StSLib"],"gold_per_floor":[112,19,19,19,33,33,64,80,103,113,113,129,129,142,142,245,245,257,257,274,274,234,234,245,264,264,281,281,281,315,9,9,9,9],"floor_reached":33,"language":"ENG","playtime":1434,"items_purged":[],"score":321,"play_id":"09b83158-815a-4785-a7ed-5390b107511c","local_time":"20210222110133","is_ascension_mode":true,"campfire_choices":[{"floor":6,"key":"REST"},{"floor":11,"key":"REST"},{"floor":13,"key":"REST"},{"floor":15,"key":"RECALL"},{"floor":23,"key":"REST"},{"floor":28,"key":"REST"},{"floor":32,"key":"REST"}],"circlet_count":0,"master_deck":["Defend_G","Defend_G","Defend_G","Defend_G","Defend_G+1","Survivor","Neutralize","Tactician","Hidden Blade","Accuracy","Blade Dance","Draining Mist","Bouncing Flask","Prepared","Outmaneuver","Caltrops","Envenom+1","Bane+1","Deadly Poison","Flying Knee","Tools of the Trade","Quick Slash+1","Slimebound:Tackle+1","Slimebound:Tackle+1","Slimebound:Tackle+1","Blade Dance"],"relics":["Ring of the Snake","NeowsBlessing","Pen Nib","Omamori","Lantern","Replay:Ancient Bell","Bronze Scales","Mummified Hand","Bird Faced Urn","Enchiridion","Onion Ring","TwistedFunnel"],"acts_visited":["Exordium","TheCity"],"potions_floor_usage":[16,16,16,24,27,30,33,33,33],"damage_taken":[{"damage":0,"enemies":"2 Louse","floor":1,"turns":1},{"damage":0,"enemies":"Cultist","floor":5,"turns":1},{"damage":0,"enemies":"Lagavulin","floor":7,"turns":1},{"damage":0,"enemies":"Jaw Worm","floor":8,"turns":3},{"damage":27,"enemies":"Large Slime","floor":10,"turns":6},{"damage":8,"enemies":"Lots of Slimes","floor":12,"turns":3},{"damage":4,"enemies":"Looter","floor":14,"turns":3},{"damage":45,"enemies":"The Guardian","floor":16,"turns":8},{"damage":12,"enemies":"3 Byrds","floor":18,"turns":3},{"damage":17,"enemies":"Shell Parasite","floor":20,"turns":4},{"damage":18,"enemies":"Cultist and Chosen","floor":24,"turns":5},{"damage":18,"enemies":"Snake Plant","floor":25,"turns":3},{"damage":31,"enemies":"Sentry and Sphere","floor":27,"turns":5},{"damage":36,"enemies":"Gremlin Leader","floor":30,"turns":5},{"damage":34,"enemies":"Collector","floor":33,"turns":5}],"seed_played":"-8841504804379187607","potions_obtained":[{"floor":1,"key":"LiquidMemories"},{"floor":8,"key":"PowerPotion"},{"floor":10,"key":"SkillPotion"},{"floor":12,"key":"Poison Potion"},{"floor":18,"key":"Weak Potion"},{"floor":20,"key":"hexamod:SoulburnPotion"},{"floor":25,"key":"BlessingOfTheForge"}],"is_trial":false,"path_per_floor":["M","$","?","?","M","R","E","M","T","M","R","M","R","M","R","B",null,"M","?","M","?","?","R","M","M","T","M","R","?","E","$","R","B"],"character_chosen":"THE_SILENT","items_purchased":["Hidden Blade","Accuracy","Block Potion","TwistedFunnel","Explosive Potion","hexamod:SoulburnPotion"],"campfire_rested":6,"item_purchase_floors":[2,2,31,31,31,31],"current_hp_per_floor":[70,70,56,38,38,59,59,59,59,32,53,45,66,62,62,17,70,58,58,45,29,29,50,40,28,28,7,28,28,2,2,23,0,0],"gold":9,"neow_bonus":"THREE_ENEMY_KILL","is_daily":false,"chose_seed":false,"campfire_upgraded":0,"win_rate":0.0,"timestamp":1614013293,"path_taken":["M","$","?","?","M","R","E","M","T","M","R","M","R","M","R","BOSS","M","?","?","?","?","R","M","M","T","?","R","?","E","$","R","BOSS"],"items_purchased_type":["Card","Card","Potion","Relic","Potion","Potion"],"build_version":"2020-12-22","purchased_purges":0,"victory":false,"max_hp_per_floor":[70,70,70,70,70,70,70,70,70,70,70,70,70,70,70,70,70,70,70,70,70,70,70,70,70,70,70,70,70,70,70,70,70,70],"card_choices":[{"not_picked":["Backflip","Slice"],"picked":"Tactician","floor":1},{"not_picked":["Dodge and Roll","Flechettes"],"picked":"Blade Dance","floor":5},{"not_picked":["Concentrate","Escape Plan"],"picked":"Draining Mist","floor":7},{"not_picked":["Dagger Throw","Concentrate"],"picked":"Bouncing Flask","floor":8},{"not_picked":["Tactician","Masterful Stab"],"picked":"Prepared","floor":10},{"not_picked":["Prepared","Blur"],"picked":"Outmaneuver","floor":12},{"not_picked":["Backflip","Sucker Punch"],"picked":"Caltrops","floor":14},{"not_picked":["Glass Knife","Storm of Steel"],"picked":"Envenom","floor":16},{"not_picked":["Voices","downfall:Aged"],"picked":"Sickly","floor":17},{"not_picked":["Decay","Looming Evil"],"picked":"CommonCold","floor":17},{"not_picked":["AbeCurse","Looming Evil"],"picked":"downfall:Aged","floor":17},{"not_picked":["Backflip","Leg Sweep"],"picked":"Bane+1","floor":18},{"not_picked":["Dash","All Out Attack"],"picked":"Deadly Poison","floor":20},{"not_picked":["Acrobatics+1","Dagger Spray+1"],"picked":"Flying Knee","floor":24},{"not_picked":["ReplayTheSpireMod:Shiv Toss","ReplayTheSpireMod:Exploit Weakness"],"picked":"Tools of the Trade","floor":25},{"not_picked":["Calculated Gamble","Sneak Up+1"],"picked":"Quick Slash+1","floor":27},{"not_picked":["Fluid Movement+1","PiercingWail+1"],"picked":"Blade Dance","floor":30}],"player_experience":193126,"relics_obtained":[{"floor":7,"key":"Omamori"},{"floor":9,"key":"Lantern"},{"floor":21,"key":"Enchiridion"},{"floor":30,"key":"Onion Ring"}],"event_choices":[{"damage_healed":0,"gold_gain":0,"player_choice":"Entered Light","damage_taken":14,"max_hp_gain":0,"max_hp_loss":0,"event_name":"Shining Light","floor":3,"gold_loss":0,"cards_upgraded":["Defend_G","Strike_G"]},{"damage_healed":0,"gold_gain":0,"player_choice":"Success","damage_taken":18,"relics_obtained":["Pen Nib"],"max_hp_gain":0,"max_hp_loss":0,"event_name":"Scrap Ooze","floor":4,"gold_loss":0},{"cards_removed":["downfall:Aged"],"damage_healed":0,"gold_gain":0,"player_choice":"Removed Curses","damage_taken":0,"max_hp_gain":0,"max_hp_loss":0,"event_name":"Fountain of Cleansing","floor":19,"gold_loss":0},{"damage_healed":0,"gold_gain":0,"player_choice":"Obtained Book","damage_taken":16,"max_hp_gain":0,"max_hp_loss":0,"event_name":"Cursed Tome","floor":21,"gold_loss":0},{"damage_healed":0,"gold_gain":0,"player_choice":"Upgrade","damage_taken":0,"max_hp_gain":0,"max_hp_loss":0,"event_name":"Designer","floor":22,"gold_loss":40,"cards_upgraded":["Envenom"]}],"is_beta":false,"boss_relics":[{"not_picked":["Pandora\u0027s Box","Runic Pyramid"],"picked":"Replay:Ancient Bell"},{"not_picked":["Vajra","Regal Pillow"],"picked":"Bronze Scales"},{"not_picked":["Replay:Bottled Flurry","Meat on the Bone"],"picked":"Mummified Hand"},{"not_picked":["Replay:Kaleidoscope","Old Coin"],"picked":"Bird Faced Urn"}],"items_purged_floors":[],"is_endless":false,"potions_floor_spawned":[1,8,10,12,14,18,20,25],"killed_by":"Collector","ascension_level":2}}