{"host":"gn4zoccfnie4id9c","time":1614023189,"event":{"mods":["AchievementEnabler","BaseMod","Colored Map","Minty Spire (QoL Compilation)"],"gold_per_floor":[209,209,224,224,224,224,258,268,293,293,293,303,381,395,395,498,498,517,537,452,475,475,475,494,505,528,498,498,517,527,527,527,527,527],"floor_reached":33,"language":"ENG","playtime":3377,"items_purged":[],"score":249,"play_id":"489dea47-6be3-48a7-a029-eb810ca32a05","local_time":"20210222144629","is_ascension_mode":false,"campfire_choices":[{"floor":6.0,"key":"REST"},{"floor":10.0,"key":"REST"},{"floor":15,"key":"REST"},{"floor":23,"key":"REST"},{"floor":32,"key":"REST"}],"circlet_count":0,"master_deck":["Strike_P","Strike_P","Strike_P","Strike_P","Defend_P","Defend_P+1","Defend_P","Defend_P+1","Eruption+1","Vigilance+1","SashWhip","EmptyFist+1","Meditate","Halt","Eruption","ClearTheMind","LessonLearned","WindmillStrike+1","BowlingBash","DeusExMachina","PathToVictory","CutThroughFate","Adaptation+1","Crescendo","Worship+1","Consecrate"],"relics":["HolyWater","Vajra","Bag of Preparation","Frozen Egg 2","Boot","Smiling Mask","Potion Belt"],"acts_visited":["Exordium","TheCity"],"potions_floor_usage":[16,18,28,33,33,33,33],"damage_taken":[{"damage":0.0,"enemies":"2 Louse","floor":1.0,"turns":2.0},{"damage":0.0,"enemies":"Small Slimes","floor":3.0,"turns":2.0},{"damage":10.0,"enemies":"Lagavulin","floor":7.0,"turns":5.0},{"damage":22.0,"enemies":"Jaw Worm","floor":8.0,"turns":2.0},{"damage":0.0,"enemies":"2 Fungi Beasts","floor":12.0,"turns":2.0},{"damage":27.0,"enemies":"Lots of Slimes","floor":14.0,"turns":6.0},{"damage":28,"enemies":"Slime Boss","floor":16,"turns":8},{"damage":25,"enemies":"3 Byrds","floor":18,"turns":3},{"damage":0,"enemies":"Spheric Guardian","floor":19,"turns":2},{"damage":48,"enemies":"Cultist and Chosen","floor":24,"turns":7},{"damage":0,"enemies":"Snecko","floor":25,"turns":3},{"damage":7,"enemies":"Chosen and Byrds","floor":28,"turns":2},{"damage":4,"enemies":"Centurion and Healer","floor":29,"turns":3},{"damage":19,"enemies":"3 Cultists","floor":30,"turns":5},{"damage":54,"enemies":"Collector","floor":33,"turns":6}],"seed_played":"-57672786474369560","potions_obtained":[{"floor":1.0,"key":"Swift Potion"},{"floor":8.0,"key":"FearPotion"},{"floor":14,"key":"FairyPotion"},{"floor":16,"key":"Explosive Potion"},{"floor":24,"key":"Ambrosia"},{"floor":25,"key":"Strength Potion"},{"floor":27,"key":"SmokeBomb"},{"floor":27,"key":"StancePotion"},{"floor":29,"key":"Dexterity Potion"}],"is_trial":false,"path_per_floor":["M","?","M","?","?","R","E","M","T","R","?","M","T","M","R","B",null,"M","M","?","T","?","R","M","M","T","?","M","M","M","?","R","B"],"character_chosen":"WATCHER","items_purchased":[],"campfire_rested":5,"item_purchase_floors":[],"current_hp_per_floor":[72,72,72,58,63,77,67,45,45,68,68,68,68,41,64,36,77,52,52,52,52,38,62,14,14,14,14,7,3,9,9,33,0,0],"gold":527,"neow_bonus":"HUNDRED_GOLD","is_daily":false,"chose_seed":false,"campfire_upgraded":0,"win_rate":0.0,"timestamp":1614023189,"path_taken":["M","?","M","?","?","R","E","?","T","R","?","?","?","M","R","BOSS","M","M","?","?","?","R","M","M","T","?","?","M","M","?","R","BOSS"],"items_purchased_type":[],"build_version":"2020-12-22","purchased_purges":0,"victory":false,"max_hp_per_floor":[72,72,72,72,77,77,77,77,77,77,77,77,77,77,77,77,77,77,77,77,77,82,82,82,82,82,82,82,82,82,82,82,82,82],"card_choices":[{"not_picked":["Sanctity","FlyingSleeves"],"picked":"SashWhip","floor":1.0},{"not_picked":["ThirdEye","BowlingBash"],"picked":"EmptyFist","floor":3.0},{"not_picked":["Scrawl","ReachHeaven"],"picked":"Meditate","floor":7.0},{"not_picked":["Collect","FlyingSleeves"],"picked":"Halt","floor":8.0},{"not_picked":["SignatureMove","ThirdEye"],"picked":"WindmillStrike","floor":12.0},{"not_picked":["ReachHeaven","CrushJoints"],"picked":"BowlingBash","floor":14},{"not_picked":["Omniscience","Vault"],"picked":"DeusExMachina","floor":16},{"not_picked":["Protect","FollowUp"],"picked":"PathToVictory","floor":18},{"not_picked":["LessonLearned","ClearTheMind"],"picked":"CutThroughFate","floor":19},{"not_picked":["FlyingSleeves","ReachHeaven"],"picked":"Adaptation+1","floor":24},{"not_picked":["PathToVictory","FollowUp"],"picked":"Crescendo","floor":25},{"not_picked":["Indignation","SandsOfTime+1"],"picked":"Worship+1","floor":29},{"not_picked":["Pray","WaveOfTheHand"],"picked":"Consecrate","floor":30}],"player_experience":110311,"relics_obtained":[{"floor":7.0,"key":"Vajra"},{"floor":9.0,"key":"Bag of Preparation"},{"floor":13.0,"key":"Frozen Egg 2"},{"floor":21,"key":"Smiling Mask"},{"floor":26,"key":"Potion Belt"}],"event_choices":[{"damage_healed":0.0,"max_hp_gain":0.0,"max_hp_loss":0.0,"gold_gain":0.0,"event_name":"Golden Wing","player_choice":"Ignored","floor":2.0,"gold_loss":0.0,"damage_taken":0.0},{"damage_healed":0.0,"max_hp_gain":0.0,"max_hp_loss":0.0,"gold_gain":0.0,"event_name":"Shining Light","player_choice":"Entered Light","floor":4.0,"gold_loss":0.0,"damage_taken":14.0,"cards_upgraded":["EmptyFist","Defend_P"]},{"damage_healed":0.0,"max_hp_gain":5.0,"max_hp_loss":0.0,"gold_gain":0.0,"event_name":"Big Fish","player_choice":"Donut","floor":5.0,"gold_loss":0.0,"damage_taken":0.0},{"damage_healed":0.0,"max_hp_gain":0.0,"max_hp_loss":0.0,"gold_gain":0.0,"event_name":"Match and Keep!","player_choice":"3 cards matched","floor":11.0,"gold_loss":0.0,"damage_taken":0.0,"cards_obtained":["Eruption","ClearTheMind","LessonLearned"]},{"damage_healed":0,"gold_gain":0,"player_choice":"Obtained Relic","damage_taken":0,"relics_obtained":["Boot"],"max_hp_gain":0,"max_hp_loss":0,"event_name":"Addict","floor":20,"gold_loss":85},{"damage_healed":0,"gold_gain":0,"player_choice":"Shed Blood","damage_taken":19,"max_hp_gain":5,"max_hp_loss":0,"event_name":"Forgotten Altar","floor":22,"gold_loss":0},{"damage_healed":0,"gold_gain":0,"player_choice":"Bought 2 Potions","damage_taken":0,"max_hp_gain":0,"max_hp_loss":0,"event_name":"The Woman in Blue","floor":27,"gold_loss":0},{"damage_healed":0,"gold_gain":0,"player_choice":"Ignored","damage_taken":0,"max_hp_gain":0,"max_hp_loss":0,"event_name":"Beggar","floor":31,"gold_loss":0}],"is_beta":false,"boss_relics":[{"not_picked":["Snecko Eye","Runic Pyramid"],"picked":"HolyWater"}],"items_purged_floors":[],"is_endless":false,"potions_floor_spawned":[1,8,14,16,24,25,28,29],"killed_by":"Collector","ascension_level":0}}