{"host":"tcdxiwht2vajk3tk","time":1614007144,"event":{"mods":["AchievementEnabler","BaseMod","Beaked The Cultist","Colored Powertips","Conspire","Defuse TimeMaze Blight","Downfall","Halation","Hermit","Hubris","Infinite Spire","Lobotomy","LobotomyExtend","Minty Spire (QoL Compilation)","Replay The Spire","Shop Mod","StSLib","The Cursed","The Disciple"],"gold_per_floor":[110,128,128,128,21,21,21,21,21,121,155,155,189,202,202,299,299,317,330,341,353,101,101,101,101],"floor_reached":24,"language":"ENG","playtime":1955,"items_purged":["NothingThere"],"score":330,"play_id":"22463368-6902-49ac-bf03-e774bb666fd3","local_time":"20210222101904","is_ascension_mode":true,"campfire_choices":[{"floor":6.0,"key":"REST"},{"floor":12.0,"key":"REST"},{"floor":15.0,"key":"REST"},{"floor":23,"key":"REST"}],"circlet_count":0,"master_deck":["Strike_G","Strike_G","Strike_G","Strike_G","Strike_G","Defend_G","Defend_G","Defend_G","Defend_G","Defend_G","Survivor","Neutralize","Scorched","Deflect","MHz","Slice","Caltrops","Toxin Wave","ShyLook","Catalyst","Terror","Backstab","WallGazer","conspire:PoisonWeapons","Outmaneuver","BeautyBeast","Envenom","OSAHOGD","Cloak And Dagger+1","NakedNest","Cloak And Dagger","FieryBird","Blade Dance","UniverseFragment","Infinite Blades+1","infinitespire:Neurotoxin+1","Footwork","Footwork"],"relics":["Ring of the Snake","CogitoBucket","RabbitCall","LetterFromLob","Happy Flower","LaetitiaHeart","halation:PinkSoulGem","Dream Catcher","halation:WeightlessCrab","Orichalcum","HellTrain"],"acts_visited":["Exordium","TheCity"],"potions_floor_usage":[20,20],"damage_taken":[{"damage":12.0,"enemies":"Jaw Worm","floor":1.0,"turns":8.0},{"damage":0.0,"enemies":"2 Louse","floor":2.0,"turns":2.0},{"damage":26.0,"enemies":"Gremlin Nob","floor":11.0,"turns":4.0},{"damage":6.0,"enemies":"Lagavulin","floor":13.0,"turns":6.0},{"damage":31.0,"enemies":"Cultist","floor":14.0,"turns":3.0},{"damage":2.0,"enemies":"Slime Boss","floor":16.0,"turns":5.0},{"damage":60.0,"enemies":"Spheric Guardian","floor":18.0,"turns":6.0},{"damage":0.0,"enemies":"Shell Parasite","floor":19.0,"turns":1.0},{"damage":50,"enemies":"Cultist and Chosen","floor":20,"turns":6},{"damage":36,"enemies":"3 Cultists","floor":21,"turns":4}],"seed_played":"1057195657600755031","potions_obtained":[{"floor":1.0,"key":"Strength Potion"},{"floor":14.0,"key":"AttackPotion"},{"floor":16.0,"key":"Weak Potion"},{"floor":21,"key":"sneckomod:MuddlingPotion"}],"is_trial":false,"path_per_floor":["M","M","?","?","$","R","E","?","T","?","E","R","E","M","R","B",null,"M","M","M","M","$","R","M"],"character_chosen":"THE_SILENT","items_purchased":["Caltrops","Toxin Wave","infinitespire:Neurotoxin+1","Footwork"],"campfire_rested":4,"item_purchase_floors":[5,5,22,22],"current_hp_per_floor":[58,58,46,46,46,67,67,67,67,67,41,65,59,40,64,83,83,56,74,48,41,41,65,0,0],"gold":101,"neow_bonus":"","is_daily":false,"chose_seed":false,"campfire_upgraded":0,"win_rate":0.0,"timestamp":1614007144,"path_taken":["M","M","?","?","$","R","E","?","T","?","E","R","E","M","R","BOSS","M","?","M","M","$","R","M"],"items_purchased_type":["Card","Card","Card","Card"],"build_version":"2020-12-22","purchased_purges":1,"victory":false,"max_hp_per_floor":[70,70,70,70,70,70,83,83,83,83,83,83,83,83,83,83,83,83,83,83,83,83,83,83,83],"card_choices":[{"not_picked":["VoidDream","LongBird"],"picked":"Scorched","floor":1.0},{"not_picked":["Backflip","Reflex"],"picked":"Deflect","floor":1.0},{"not_picked":["CrumblingArmor","RedShoes"],"picked":"MHz","floor":2.0},{"not_picked":["Escape Plan","Quick Slash"],"picked":"Slice","floor":2.0},{"not_picked":["FairyFestival","Woodsman"],"picked":"ShyLook","floor":11.0},{"not_picked":["Heel Hook","ReplayTheSpireMod:Scrap Shanks"],"picked":"Catalyst","floor":11.0},{"not_picked":["Expertise","Prepared"],"picked":"Terror","floor":12.0},{"not_picked":["NakedNest","Porccubus"],"picked":"NothingThere","floor":13.0},{"not_picked":["hubris:SlightOfHand","Setup"],"picked":"Backstab","floor":13.0},{"not_picked":["PunishingBird","Scarecrow"],"picked":"WallGazer","floor":14.0},{"not_picked":["Underhanded Strike","Quick Slash"],"picked":"conspire:PoisonWeapons","floor":14.0},{"not_picked":["Backflip","hubris:Counter"],"picked":"Outmaneuver","floor":15.0},{"not_picked":["Murderer","HappyTeddy","CherryBlossoms"],"picked":"Singing Bowl","floor":16.0},{"not_picked":["CherryBlossoms","HeroicMonk"],"picked":"BeautyBeast","floor":16.0},{"not_picked":["Storm of Steel","Unload"],"picked":"Envenom","floor":16.0},{"not_picked":["Porccubus","LittlePrince"],"picked":"OSAHOGD","floor":18.0},{"not_picked":["Dagger Spray","Wraith Form v2"],"picked":"Cloak And Dagger+1","floor":18.0},{"not_picked":["LittlePrince","Wellcheers"],"picked":"NakedNest","floor":19.0},{"not_picked":["Draining Mist","conspire:DoublingDagger"],"picked":"Cloak And Dagger","floor":19.0},{"not_picked":["Wellcheers","CherryBlossoms"],"picked":"FieryBird","floor":20},{"not_picked":["Dagger Throw","ReplayTheSpireMod:Shiv Toss+1"],"picked":"Blade Dance","floor":20},{"not_picked":["DespairKnight","CherryBlossoms","Rudolta"],"picked":"Singing Bowl","floor":21},{"not_picked":["CrumblingArmor","Yin"],"picked":"UniverseFragment","floor":21},{"not_picked":["Blade Dance","Quick Slash"],"picked":"Infinite Blades+1","floor":21},{"not_picked":["Glass Knife","Bane"],"picked":"Footwork","floor":23}],"player_experience":1850068,"relics_obtained":[{"floor":1.0,"key":"LetterFromLob"},{"floor":9.0,"key":"Dream Catcher"},{"floor":11.0,"key":"halation:WeightlessCrab"},{"floor":13.0,"key":"Orichalcum"}],"event_choices":[{"damage_healed":0.0,"max_hp_gain":0.0,"max_hp_loss":0.0,"gold_gain":0.0,"event_name":"Scrap Ooze","player_choice":"Success","floor":3.0,"gold_loss":0.0,"damage_taken":12.0,"relics_obtained":["Happy Flower"]},{"damage_healed":0.0,"max_hp_gain":0.0,"max_hp_loss":0.0,"gold_gain":0.0,"event_name":"Purifier","player_choice":"Ignored","floor":4.0,"gold_loss":0.0,"damage_taken":0.0},{"damage_healed":0.0,"max_hp_gain":0.0,"max_hp_loss":0.0,"gold_gain":100.0,"event_name":"Wheel of Change","player_choice":"Gold","floor":10.0,"gold_loss":0.0,"damage_taken":0.0}],"is_beta":false,"boss_relics":[{"not_picked":["hubris:VirtuousBlindfold","Kintsugi","halation:Risk"]}],"items_purged_floors":[22],"is_endless":false,"potions_floor_spawned":[1,14,16,21],"killed_by":"Snake Plant","ascension_level":4}}