{"host":"k690or6g1z6gw3a7","time":1614010971,"event":{"mods":["2.2 Compatiblity","Act Like it!","Aspiration","BaseMod","Better Note","Better Vampires","BetterRewards","Colored Map","Colored Powertips","Downfall","Hallownest","Highlight Path","Lobotomy","LobotomyExtend","Marisa£®ÏF”Í°°ƒß¿Ì…≥£©","Minty Spire (QoL Compilation)","Quick Restart","Replay The Spire","StSLib","SuperFastMode","The Alterego","Waifu the Spire"],"gold_per_floor":[114,114,114,129,147,147,172,190,213,56,231,265,265,277,277,377,377,395,381,381,408,240,265,281,150,174,185,204,237,250,285,285,356,356,373,373,384,54,64,90,90,119,142,160,160,176,195,223,223,223,223,223],"floor_reached":50,"language":"ZHS","playtime":6421,"items_purged":["Pain","Guardian:Strike_Guardian"],"score":809,"play_id":"7cff4a53-0fac-4209-b418-5df35dec3740","local_time":"20210223002251","is_ascension_mode":true,"campfire_choices":[{"data":"Guardian:EvasiveProtocol","floor":6.0,"key":"SMITH"},{"data":"Guardian:RevengeProtocol","floor":15.0,"key":"SMITH"},{"data":"Guardian:Preprogram","floor":32.0,"key":"SMITH"},{"data":"Apotheosis","floor":41.0,"key":"SMITH"}],"circlet_count":0,"master_deck":["Guardian:Strike_Guardian","Guardian:Strike_Guardian","Guardian:Defend_Guardian","Guardian:Defend_Guardian","Guardian:Defend_Guardian+1","Guardian:Defend_Guardian","Guardian:CurlUp","Guardian:TwinSlam","Guardian:VentSteam+1","Guardian:EvasiveProtocol+1","Wellcheers","CherryBlossoms","Guardian:Incinerate","Guardian:ArmoredProtocol","Guardian:RevengeProtocol+1","Guardian:StasisField+1","LongBird","Guardian:PiercingHide","ShyLook","Guardian:StasisStrike","Guardian:Preprogram+1","Guardian:Clone","Guardian:SpikerProtocol","Freischutz","Guardian:SphericShield","SilentOrchestra","Guardian:SpikerProtocol","Guardian:ShieldCharger","Guardian:SpikerProtocol","FieryBird","Guardian:ArmoredProtocol","Guardian:Suspension","Guardian:Harden","BlackArmy","Guardian:FastForward","Guardian:PrimingBeam+1","Guardian:Gem_Cyan","Apotheosis+1","CENSORED","DespairKnight","Guardian:TimeCapacitor+1","Guardian:VentSteam+1","Guardian:TemporalStrike+1","Bloodbath","Guardian:FloatingOrbs+1"],"relics":["Guardian:ModeShifter","CogitoBucket","LetterFromLob","WarpedTongs","Vajra","Tiny Chest","Torii","SkinProphecy","Replay:Bronze Core","Spirit Poop","War Paint","Replay:Baseball","TreeSap","Replay:Rubber Ducky","MealTicket","Lantern","Runic Pyramid","BackwardClock","Omamori","Incense Burner","Replay:Accelerometer","Gremlin Food","Centennial Puzzle","ReplayFunnel","Heaven_r","Gaze_r"],"acts_visited":["Exordium","TheCity","TheBeyond"],"potions_floor_usage":[],"damage_taken":[{"damage":3.0,"enemies":"Jaw Worm","floor":1.0,"turns":5.0},{"damage":6.0,"enemies":"Cultist","floor":4.0,"turns":5.0},{"damage":5.0,"enemies":"Small Slimes","floor":5.0,"turns":4.0},{"damage":15.0,"enemies":"Gremlin Nob","floor":7.0,"turns":4.0},{"damage":5.0,"enemies":"Looter","floor":8.0,"turns":3.0},{"damage":16.0,"enemies":"3 Sentries","floor":12.0,"turns":10.0},{"damage":4.0,"enemies":"Lots of Slimes","floor":14.0,"turns":15.0},{"damage":44.0,"enemies":"The Guardian","floor":16.0,"turns":16.0},{"damage":1.0,"enemies":"Chosen","floor":18.0,"turns":8.0},{"damage":11.0,"enemies":"2 Thieves","floor":19.0,"turns":5.0},{"damage":2.0,"enemies":"Book of Stabbing","floor":23.0,"turns":6.0},{"damage":33.0,"enemies":"Sentry and Sphere","floor":24.0,"turns":20.0},{"damage":7.0,"enemies":"Centurion and Healer","floor":27.0,"turns":10.0},{"damage":0.0,"enemies":"Snecko","floor":28.0,"turns":6.0},{"damage":17.0,"enemies":"Slavers","floor":29.0,"turns":7.0},{"damage":7.0,"enemies":"Shelled Parasite and Fungi","floor":30.0,"turns":5.0},{"damage":1.0,"enemies":"Book of Stabbing","floor":31.0,"turns":8.0},{"damage":45.0,"enemies":"Pondfish","floor":33.0,"turns":18.0},{"damage":57.0,"enemies":"3 Darklings","floor":35.0,"turns":9.0},{"damage":1.0,"enemies":"3 Shapes","floor":37.0,"turns":10.0},{"damage":0.0,"enemies":"Writhing Mass","floor":39.0,"turns":7.0},{"damage":12.0,"enemies":"R_Hoarder","floor":40.0,"turns":9.0},{"damage":62.0,"enemies":"Nemesis","floor":42.0,"turns":10.0},{"damage":44.0,"enemies":"Sphere and 2 Shapes","floor":44.0,"turns":10.0},{"damage":0.0,"enemies":"Jaw Worm Horde","floor":46.0,"turns":8.0},{"damage":1.0,"enemies":"Spire Growth","floor":47.0,"turns":9.0},{"damage":1.0,"enemies":"Reptomancer","floor":48.0,"turns":6.0},{"damage":115.0,"enemies":"Reptomancer","floor":49.0,"turns":6.0},{"damage":0.0,"enemies":"Reptomancer","floor":49.0,"turns":3.0},{"damage":316,"enemies":"FixerMidnight","floor":50,"turns":28}],"seed_played":"-8601052385080485866","potions_obtained":[{"floor":1.0,"key":"BlessingOfTheForge"},{"floor":7.0,"key":"Swift Potion"},{"floor":8.0,"key":"GamblersBrew"},{"floor":18.0,"key":"Languid Potion"},{"floor":19.0,"key":"Fire Potion"},{"floor":28.0,"key":"FairyPotion"},{"floor":31.0,"key":"Energy Potion"},{"floor":35.0,"key":"FearPotion"},{"floor":40.0,"key":"DistilledChaos"},{"floor":46.0,"key":"SneckoOil"},{"floor":47.0,"key":"Adrenaline Potion"},{"floor":48.0,"key":"FairyPotion"}],"is_trial":false,"path_per_floor":["M","?","?","M","M","R","E","M","T","$","?","E","?","M","R","B",null,"M","M","?","T","$","E","M","$","T","M","M","E","M","E","R","B",null,"M","?","M","$","M","E","R","E","T","M","T","M","M","E","R_BF","B"],"character_chosen":"GUARDIAN","items_purchased":["Guardian:ArmoredProtocol","Guardian:SpikerProtocol","Guardian:SpikerProtocol","Guardian:ShieldCharger","Omamori","Apotheosis"],"campfire_rested":0,"item_purchase_floors":[10,22,25,25,38,38],"current_hp_per_floor":[77,80,80,74,69,69,63,67,67,67,67,60,60,80,80,47,82,84,84,84,84,84,87,76,76,76,80,82,67,62,66,66,41,104,57,57,71,86,85,114,114,116,116,115,115,120,115,112,44,0,0,0],"gold":223,"neow_bonus":"","is_daily":false,"chose_seed":false,"campfire_upgraded":4,"win_rate":0.0,"timestamp":1614010971,"path_taken":["M","?","?","M","?","R","E","M","T","$","?","E","?","M","R","BOSS","M","M","?","?","$","E","?","$","T","M","M","E","M","E","R","BOSS","M","?","M","$","M","E","R","E","T","?","?","M","?","E","R_BF","BOSS"],"items_purchased_type":["Card","Card","Card","Card","Relic","Card"],"build_version":"2020-12-22","purchased_purges":2,"victory":false,"max_hp_per_floor":[80,80,80,80,80,80,80,80,80,80,80,80,80,80,80,82,82,84,86,86,86,86,88,92,92,92,94,96,98,100,102,102,104,104,108,108,110,110,112,114,114,116,116,118,118,120,122,124,128,130,130,130],"card_choices":[{"not_picked":["Guardian:WalkerClaw","Guardian:RefractedBeam"],"picked":"Guardian:VentSteam","floor":1.0},{"not_picked":["Guardian:PrimingBeam","Guardian:SentryBeam"],"picked":"Guardian:EvasiveProtocol","floor":4.0},{"not_picked":["SpiderBud","ShyLook"],"picked":"QueenOfHatred","floor":5.0},{"not_picked":["Guardian:DecasProtection","Guardian:ChargeCore","Guardian:TimeBomb"],"picked":"SKIP","floor":5.0},{"not_picked":["UniverseFragment","BeautyBeast"],"picked":"Wellcheers","floor":7.0},{"not_picked":["Guardian:Gem_Red","Guardian:ChargeCore"],"picked":"Guardian:Gem_Cyan","floor":7.0},{"not_picked":["MeatLantern","FairyFestival"],"picked":"CherryBlossoms","floor":8.0},{"not_picked":["Guardian:HyperBeam_Guardian","Guardian:FloatingOrbs"],"picked":"Guardian:Incinerate","floor":8.0},{"not_picked":["Guardian:BronzeArmor","Guardian:PrimingBeam"],"picked":"Guardian:RevengeProtocol","floor":12.0},{"not_picked":["WhitesApple","MHz"],"picked":"LongBird","floor":14.0},{"not_picked":["Guardian:PolyBeam","Guardian:WalkerClaw"],"picked":"Guardian:PiercingHide","floor":14.0},{"not_picked":["Rudolta","WallGazer"],"picked":"ShyLook","floor":16.0},{"not_picked":["Guardian:HyperBeam_Guardian","Guardian:Gem_Synthetic"],"picked":"Guardian:StasisStrike","floor":16.0},{"not_picked":["Guardian:Incinerate","Guardian:Planning+1"],"picked":"Guardian:Preprogram","floor":18.0},{"not_picked":["Guardian:BronzeOrb","Guardian:PrismaticBarrier"],"picked":"Guardian:Clone","floor":19.0},{"not_picked":["FairyFestival","MHz"],"picked":"Freischutz","floor":23.0},{"not_picked":["Guardian:PrimingBeam","Guardian:TemporalStrike"],"picked":"Guardian:SphericShield","floor":23.0},{"not_picked":["UniverseFragment","Variant"],"picked":"SilentOrchestra","floor":24.0},{"not_picked":["Guardian:Gem_Fragmented","Guardian:Gem_Green"],"picked":"Guardian:Gem_Purple","floor":24.0},{"not_picked":["Guardian:Gem_Fragmented","Guardian:PiercingHide"],"picked":"Guardian:SpikerProtocol","floor":27.0},{"not_picked":["Bloodbath","Rudolta"],"picked":"FieryBird","floor":28.0},{"not_picked":["Guardian:Emergency","Guardian:PrismaticBarrier"],"picked":"Guardian:ArmoredProtocol","floor":28.0},{"not_picked":["Guardian:Gem_Fragmented","Guardian:RollAttack"],"picked":"Guardian:Suspension","floor":29.0},{"not_picked":["Guardian:Reroute","Guardian:Gem_Lightblue"],"picked":"Guardian:Suspension","floor":30.0},{"not_picked":["Guardian:EvasiveProtocol","Guardian:Repulse+1"],"picked":"Guardian:Harden","floor":31.0},{"not_picked":["Scarecrow","Rudolta"],"picked":"BlackArmy","floor":33.0},{"not_picked":["Guardian:AncientConstruct","Guardian:Gem_Synthetic"],"picked":"Guardian:FastForward","floor":33.0},{"not_picked":["Guardian:TemporalShield+1","Guardian:Gem_Lightblue"],"picked":"Guardian:PrimingBeam+1","floor":35.0},{"not_picked":["Guardian:Reroute+1","Guardian:Gem_Green","Guardian:WalkerClaw"],"picked":"SKIP","floor":37.0},{"not_picked":["LaLuna","HappyTeddy"],"picked":"CENSORED","floor":39.0},{"not_picked":["Guardian:Suspension","Guardian:SphericShield","Guardian:WalkerClaw"],"picked":"SKIP","floor":39.0},{"not_picked":["WallGazer","Yin"],"picked":"DespairKnight","floor":40.0},{"not_picked":["Guardian:Reroute+1","Guardian:ShieldSpikes+1"],"picked":"Guardian:TimeCapacitor+1","floor":40.0},{"not_picked":["Guardian:BronzeArmor+1","Guardian:Harden"],"picked":"Guardian:Gem_White","floor":42.0},{"not_picked":["Guardian:PiercingHide","Guardian:ChargeCore+1"],"picked":"Guardian:VentSteam+1","floor":44.0},{"not_picked":["Guardian:PrismaticBarrier","Guardian:Reroute","Guardian:WalkerClaw+1"],"picked":"SKIP","floor":46.0},{"not_picked":["Guardian:Gem_Red","Guardian:ChargeCore+1"],"picked":"Guardian:TemporalStrike+1","floor":47.0},{"not_picked":["QueenBee","MeltingLove"],"picked":"Bloodbath","floor":48.0},{"not_picked":["Guardian:DecasProtection","Guardian:TemporalStrike+1"],"picked":"Guardian:FloatingOrbs+1","floor":48.0}],"player_experience":120079,"relics_obtained":[{"floor":1.0,"key":"LetterFromLob"},{"floor":7.0,"key":"Vajra"},{"floor":9.0,"key":"Tiny Chest"},{"floor":12.0,"key":"Torii"},{"floor":21.0,"key":"War Paint"},{"floor":23.0,"key":"Replay:Baseball"},{"floor":26.0,"key":"Replay:Rubber Ducky"},{"floor":29.0,"key":"MealTicket"},{"floor":31.0,"key":"Lantern"},{"floor":40.0,"key":"Incense Burner"},{"floor":42.0,"key":"Replay:Accelerometer"},{"floor":43.0,"key":"Gremlin Food"},{"floor":45.0,"key":"Centennial Puzzle"},{"floor":48.0,"key":"ReplayFunnel"}],"event_choices":[{"damage_healed":0.0,"max_hp_gain":0.0,"max_hp_loss":0.0,"gold_gain":175.0,"event_name":"Liars Game","player_choice":"AGREE","floor":11.0,"gold_loss":0.0,"damage_taken":0.0,"cards_obtained":["Doubt"]},{"cards_removed":["Doubt"],"damage_healed":0.0,"max_hp_gain":0.0,"max_hp_loss":0.0,"gold_gain":0.0,"event_name":"Bonfire Elementals","player_choice":"Offered Curse","floor":20.0,"gold_loss":0.0,"damage_taken":0.0,"relics_obtained":["Spirit Poop"]},{"damage_healed":0.0,"max_hp_gain":0.0,"max_hp_loss":0.0,"gold_gain":0.0,"cards_transformed":["Guardian:Suspension"],"event_name":"Transmorgrifier","player_choice":"Transformed","floor":36.0,"gold_loss":0.0,"damage_taken":0.0,"cards_obtained":["Guardian:Gem_Cyan"]}],"is_beta":false,"boss_relics":[{"not_picked":["Ectoplasm","Velvet Choker"],"picked":"Replay:Bronze Core"},{"not_picked":["bronze:MakeshiftBattery","SacredBark"],"picked":"Runic Pyramid"}],"items_purged_floors":[10,22],"is_endless":false,"potions_floor_spawned":[1,7,8,18,19,28,31,35,40,46,47,48,49],"killed_by":"FixerMidnight","ascension_level":1}}