{"host":"fuszjwm6fqgjjp4d","time":1614031436,"event":{"mods":["BaseMod","Colored Map","Minty Spire (QoL Compilation)","Permanent Neow","Relic Sorter","Relic Stats","StSLib"],"gold_per_floor":[118,43,43,43,43,43,15,56,56,72,72,72,97,131,131,221,221,234,234,159,159,159,159,198,198,198,198,198,198],"floor_reached":28,"language":"ENG","playtime":518,"items_purged":[],"score":476,"play_id":"3d28041d-63a1-49b4-b782-b3f15137316b","local_time":"20210222160356","is_ascension_mode":true,"campfire_choices":[{"data":"Evaluate","floor":6.0,"key":"SMITH"},{"floor":12.0,"key":"REST"},{"data":"BattleHymn","floor":15.0,"key":"SMITH"},{"data":"Perseverance","floor":23.0,"key":"SMITH"},{"data":"Vigilance","floor":27.0,"key":"SMITH"}],"circlet_count":0,"master_deck":["AscendersBane","Defend_P","Defend_P+1","Defend_P","Eruption+1","Vigilance+1","Evaluate+1","FlyingSleeves","Tantrum","BattleHymn+1","FearNoEvil","EmptyBody","Tantrum","DevaForm","Protect","Perseverance+1","MentalFortress"],"relics":["PureWater","Juzu Bracelet","Golden Idol","Dream Catcher","Calipers","Dead Branch","Oddly Smooth Stone","Snecko Eye","Vajra","White Beast Statue"],"acts_visited":["Exordium","TheCity"],"potions_floor_usage":[],"damage_taken":[{"damage":9.0,"enemies":"2 Louse","floor":1.0,"turns":4.0},{"damage":19.0,"enemies":"3 Sentries","floor":8.0,"turns":8.0},{"damage":0.0,"enemies":"Cultist","floor":10.0,"turns":3.0},{"damage":4.0,"enemies":"Jaw Worm","floor":13.0,"turns":2.0},{"damage":8.0,"enemies":"Gremlin Nob","floor":14.0,"turns":3.0},{"damage":5.0,"enemies":"Hexaghost","floor":16.0,"turns":6.0},{"damage":9.0,"enemies":"Shell Parasite","floor":18.0,"turns":3.0},{"damage":2.0,"enemies":"Slavers","floor":24.0,"turns":3.0},{"damage":41,"enemies":"Gremlin Leader","floor":28,"turns":2}],"seed_played":"5324676717399481928","potions_obtained":[{"floor":1.0,"key":"Swift Potion"},{"floor":14.0,"key":"BlessingOfTheForge"},{"floor":21.0,"key":"Strength Potion"}],"is_trial":false,"path_per_floor":["M","?","?","?","T","R","$","E","T","M","?","R","M","E","R","B",null,"M","?","?","?","?","R","E","?","T","R","E"],"character_chosen":"WATCHER","items_purchased":["FlyingSleeves"],"campfire_rested":1,"item_purchase_floors":[7],"current_hp_per_floor":[52,52,52,33,33,33,33,14,14,14,14,32,28,20,20,15,50,41,41,41,41,41,41,39,39,39,39,0,0],"gold":198,"neow_bonus":"RANDOM_COMMON_RELIC","is_daily":false,"chose_seed":false,"campfire_upgraded":4,"win_rate":0.0,"timestamp":1614031436,"path_taken":["M","?","?","?","?","R","$","E","T","M","?","R","M","E","R","BOSS","M","?","?","?","?","R","E","?","T","R","E"],"items_purchased_type":["Card"],"build_version":"2020-12-22","purchased_purges":0,"victory":false,"max_hp_per_floor":[68,68,62,62,62,62,62,62,62,62,62,62,62,62,62,62,62,62,62,62,62,62,62,62,62,62,62,62,62],"relic_stats":{"Dream Catcher":1,"counters":[9,34],"Golden Idol":52,"Dead Branch":[21],"Snecko Eye":[12,14,15,14],"Juzu Bracelet":2,"obtain_stats":[{"Dream Catcher":5,"Calipers":8,"Golden Idol":3,"Dead Branch":9,"Oddly Smooth Stone":14,"Snecko Eye":17,"Vajra":24,"Juzu Bracelet":0,"PureWater":0,"White Beast Statue":26},{"Dream Catcher":1,"Calipers":2,"Golden Idol":1,"Dead Branch":2,"Oddly Smooth Stone":5,"Snecko Eye":6,"Vajra":8,"Juzu Bracelet":0,"PureWater":0,"White Beast Statue":8},{"Dream Catcher":4,"Calipers":12,"Golden Idol":4,"Dead Branch":12,"Oddly Smooth Stone":20,"Snecko Eye":26,"Vajra":32,"Juzu Bracelet":0,"PureWater":0,"White Beast Statue":32}]},"card_choices":[{"not_picked":["Indignation","ThirdEye"],"picked":"Evaluate","floor":1.0},{"not_picked":["Crescendo","Alpha"],"picked":"Tantrum","floor":8.0},{"not_picked":["Prostrate","Adaptation"],"picked":"BattleHymn","floor":10.0},{"not_picked":["SashWhip","Halt"],"picked":"FearNoEvil","floor":12.0},{"not_picked":["Halt","InnerPeace"],"picked":"EmptyBody","floor":13.0},{"not_picked":["Judgement","Evaluate"],"picked":"Tantrum","floor":14.0},{"not_picked":["Alpha","Vault"],"picked":"DevaForm","floor":16.0},{"not_picked":["Prostrate","FearNoEvil"],"picked":"Protect","floor":18.0},{"not_picked":["PathToVictory+1","SandsOfTime","JustLucky"],"picked":"SKIP","floor":24.0}],"player_experience":1518154,"relics_obtained":[{"floor":5.0,"key":"Dream Catcher"},{"floor":8.0,"key":"Calipers"},{"floor":9.0,"key":"Dead Branch"},{"floor":14.0,"key":"Oddly Smooth Stone"},{"floor":24.0,"key":"Vajra"},{"floor":26.0,"key":"White Beast Statue"}],"event_choices":[{"cards_removed":["Strike_P"],"damage_healed":0.0,"max_hp_gain":0.0,"max_hp_loss":0.0,"gold_gain":0.0,"event_name":"The Cleric","player_choice":"Card Removal","floor":2.0,"gold_loss":75.0,"damage_taken":0.0},{"damage_healed":0.0,"max_hp_gain":0.0,"max_hp_loss":6.0,"gold_gain":0.0,"event_name":"Golden Idol","player_choice":"Lose Max HP","floor":3.0,"gold_loss":0.0,"damage_taken":0.0,"relics_obtained":["Golden Idol"]},{"damage_healed":0.0,"max_hp_gain":0.0,"max_hp_loss":0.0,"gold_gain":0.0,"event_name":"Shining Light","player_choice":"Entered Light","floor":4.0,"gold_loss":0.0,"damage_taken":19.0,"cards_upgraded":["Defend_P","Eruption"]},{"damage_healed":0.0,"max_hp_gain":0.0,"max_hp_loss":0.0,"gold_gain":0.0,"event_name":"Liars Game","player_choice":"Ignored","floor":11.0,"gold_loss":0.0,"damage_taken":0.0},{"damage_healed":0.0,"max_hp_gain":0.0,"max_hp_loss":0.0,"gold_gain":0.0,"event_name":"Ghosts","player_choice":"Ignored","floor":19.0,"gold_loss":0.0,"damage_taken":0.0},{"cards_removed":["Strike_P"],"damage_healed":0.0,"max_hp_gain":0.0,"max_hp_loss":0.0,"gold_gain":0.0,"event_name":"Beggar","player_choice":"Gave Gold","floor":20.0,"gold_loss":75.0,"damage_taken":0.0},{"damage_healed":0.0,"max_hp_gain":0.0,"max_hp_loss":0.0,"gold_gain":0.0,"event_name":"Lab","player_choice":"Got Potions","floor":21.0,"gold_loss":0.0,"damage_taken":0.0},{"damage_healed":0.0,"max_hp_gain":0.0,"max_hp_loss":0.0,"gold_gain":0.0,"cards_transformed":["Strike_P","Defend_P"],"event_name":"Drug Dealer","player_choice":"Became Test Subject","floor":22.0,"gold_loss":0.0,"damage_taken":0.0,"cards_obtained":["Perseverance","MentalFortress"]},{"cards_removed":["Strike_P"],"damage_healed":0.0,"max_hp_gain":0.0,"max_hp_loss":0.0,"gold_gain":0.0,"event_name":"Back to Basics","player_choice":"Elegance","floor":25.0,"gold_loss":0.0,"damage_taken":0.0}],"is_beta":false,"boss_relics":[{"not_picked":["Ectoplasm","Runic Dome"],"picked":"Snecko Eye"}],"items_purged_floors":[],"is_endless":false,"potions_floor_spawned":[1,14],"killed_by":"Gremlin Leader","ascension_level":20}}