{"host":"9fn1ov3xgd76xgeg","time":1614034680,"event":{"mods":["AchievementEnabler","BaseMod","Colored Map","Colored Powertips","Minty Spire (QoL Compilation)","Relic Stats","StSLib","Together in Spire"],"gold_per_floor":[117,117,31,31,47,82,82,93,144,175,175,22,34,52,52,152,152,163,182,182,182,201,201,232,232,532,547,234,254,270,288,288,384,384,399,416,10,10,26,58,58,58,84,84,103,121,133,161,161,161],"floor_reached":51,"language":"ENG","playtime":3057,"items_purged":["Decay","Swivel"],"score":566,"play_id":"4854e764-4393-4be0-9f50-09bf504e28c1","local_time":"20210222235800","is_ascension_mode":false,"campfire_choices":[{"floor":7,"key":"REST"},{"floor":15,"key":"REST"},{"floor":23,"key":"REST"},{"floor":25,"key":"REST"},{"floor":32,"key":"REST"}],"circlet_count":0,"master_deck":["Eruption","Vigilance","Tantrum","Judgement","Evaluate","Study","FollowUp","FollowUp","Consecrate+1","Halt","SashWhip+1","Halt","DeusExMachina","Sanctity","Study","EmptyBody","Tantrum","Brilliance","Indignation","CarveReality+1","J.A.X.","Wallop","Wallop+1","BowlingBash","InnerPeace","FlurryOfBlows","SandsOfTime","Vault","Prostrate","Perseverance+1","DevaForm","Panacea","Metamorphosis","Finesse","Crescendo+1","Crescendo","JustLucky+1","Adaptation","FollowUp+1"],"relics":["Fusion Hammer","Nunchaku","Bronze Scales","Mango","HornCleat","HandDrill","Pandora\u0027s Box","Happy Flower","Old Coin","Gremlin Horn","Coffee Dripper","Bag of Preparation","Pear","Whetstone","Bottled Lightning"],"acts_visited":["Exordium","TheCity","TheBeyond"],"potions_floor_usage":[16,29,33,40,46,50,50,50],"damage_taken":[{"damage":2,"enemies":"2 Louse","floor":1,"turns":3},{"damage":0,"enemies":"Small Slimes","floor":5,"turns":1},{"damage":5,"enemies":"Lagavulin","floor":6,"turns":3},{"damage":3,"enemies":"Jaw Worm","floor":8,"turns":2},{"damage":21,"enemies":"3 Sentries","floor":10,"turns":5},{"damage":5,"enemies":"Blue Slaver","floor":13,"turns":2},{"damage":0,"enemies":"Large Slime","floor":14,"turns":2},{"damage":41,"enemies":"Hexaghost","floor":16,"turns":4},{"damage":12,"enemies":"2 Thieves","floor":18,"turns":3},{"damage":0,"enemies":"Spheric Guardian","floor":19,"turns":2},{"damage":3,"enemies":"Chosen and Byrds","floor":22,"turns":2},{"damage":6,"enemies":"Book of Stabbing","floor":24,"turns":4},{"damage":15,"enemies":"Shelled Parasite and Fungi","floor":27,"turns":2},{"damage":4,"enemies":"Cultist and Chosen","floor":29,"turns":4},{"damage":0,"enemies":"Sentry and Sphere","floor":30,"turns":2},{"damage":3,"enemies":"3 Cultists","floor":31,"turns":4},{"damage":10,"enemies":"Champ","floor":33,"turns":5},{"damage":0,"enemies":"3 Darklings","floor":35,"turns":3},{"damage":11,"enemies":"3 Shapes","floor":36,"turns":3},{"damage":0,"enemies":"Spire Growth","floor":39,"turns":2},{"damage":25,"enemies":"Reptomancer","floor":40,"turns":4},{"damage":3,"enemies":"3 Darklings","floor":45,"turns":2},{"damage":18,"enemies":"Writhing Mass","floor":46,"turns":3},{"damage":0,"enemies":"Spire Growth","floor":47,"turns":2},{"damage":3,"enemies":"Giant Head","floor":48,"turns":4},{"damage":22,"enemies":"Time Eater","floor":50,"turns":5}],"seed_played":"-2312241774191384838","potions_obtained":[{"floor":1,"key":"Weak Potion"},{"floor":8,"key":"Ancient Potion"},{"floor":14,"key":"PowerPotion"},{"floor":16,"key":"Strength Potion"},{"floor":18,"key":"Weak Potion"},{"floor":24,"key":"Fire Potion"},{"floor":29,"key":"Strength Potion"},{"floor":33,"key":"SkillPotion"},{"floor":35,"key":"SpeedPotion"},{"floor":40,"key":"SkillPotion"},{"floor":46,"key":"Ambrosia"}],"is_trial":false,"path_per_floor":["M","?","$","?","M","E","R","M","T","E","T","$","M","M","R","B",null,"M","M","?","?","M","R","E","R","T","M","$","M","M","M","R","B",null,"M","M","$","?","M","E","R","?","T","R","M","M","M","E","R","B",null],"character_chosen":"WATCHER","items_purchased":["Evaluate","Study","HandDrill","Gremlin Horn","DevaForm","Bag of Preparation"],"campfire_rested":5,"item_purchase_floors":[3,3,12,28,37,37],"current_hp_per_floor":[70,70,70,63,63,58,72,69,69,62,62,62,57,57,82,41,86,74,74,74,74,71,86,80,86,86,71,71,67,67,64,86,76,86,86,75,75,65,65,50,50,50,50,50,47,29,29,26,26,4],"gold":161,"neow_bonus":"BOSS_RELIC","is_daily":false,"chose_seed":false,"campfire_upgraded":0,"win_rate":0.0,"timestamp":1614034680,"path_taken":["M","?","$","?","M","E","R","M","T","E","?","$","M","?","R","BOSS","M","M","?","?","M","R","E","R","T","M","$","?","M","M","R","BOSS","M","M","$","?","M","E","R","?","T","R","M","M","M","E","R","BOSS"],"items_purchased_type":["Card","Card","Relic","Relic","Card","Relic"],"build_version":"2020-12-22","purchased_purges":2,"victory":true,"max_hp_per_floor":[72,72,72,72,72,72,72,72,72,86,86,86,86,86,86,86,86,86,86,86,86,86,86,86,86,86,86,86,86,86,86,86,86,86,86,86,86,86,86,96,96,96,96,96,96,96,96,96,96,96],"relic_stats":{"Nunchaku":[15],"Happy Flower":[15],"Gremlin Horn":[14,13],"counters":[26,78],"Bronze Scales":[150],"Pandora\u0027s Box":["Sanctity","Study","EmptyBody","Tantrum","Swivel","Brilliance"],"HandDrill":[22],"Bag of Preparation":[14],"Whetstone":["SashWhip","Consecrate"],"obtain_stats":[{"Pear":40,"Happy Flower":24,"Gremlin Horn":28,"Mango":10,"Bag of Preparation":37,"Whetstone":43,"Old Coin":26,"Nunchaku":6,"HornCleat":11,"Bronze Scales":9,"Pandora\u0027s Box":17,"Fusion Hammer":0,"HandDrill":12,"Coffee Dripper":34,"Bottled Lightning":48,"PureWater":0},{"Pear":21,"Happy Flower":12,"Gremlin Horn":13,"Mango":5,"Bag of Preparation":19,"Whetstone":21,"Old Coin":12,"Nunchaku":3,"HornCleat":5,"Bronze Scales":4,"Pandora\u0027s Box":8,"Fusion Hammer":0,"HandDrill":5,"Coffee Dripper":17,"Bottled Lightning":25,"PureWater":0},{"Pear":62,"Happy Flower":33,"Gremlin Horn":35,"Mango":14,"Bag of Preparation":56,"Whetstone":62,"Old Coin":33,"Nunchaku":7,"HornCleat":14,"Bronze Scales":9,"Pandora\u0027s Box":22,"Fusion Hammer":0,"HandDrill":14,"Coffee Dripper":50,"Bottled Lightning":73,"PureWater":0}]},"card_choices":[{"not_picked":["Wallop","ThirdEye"],"picked":"Tantrum","floor":1},{"not_picked":["Weave","Study"],"picked":"FollowUp","floor":5},{"not_picked":["Swivel","WreathOfFlame"],"picked":"FollowUp","floor":6},{"not_picked":["ThirdEye","FollowUp"],"picked":"Consecrate","floor":8},{"not_picked":["WaveOfTheHand","EmptyMind"],"picked":"Halt","floor":10},{"not_picked":["Tantrum","CrushJoints"],"picked":"SashWhip","floor":13},{"not_picked":["Perseverance","JustLucky"],"picked":"Halt","floor":14},{"not_picked":["Scrawl","Judgement"],"picked":"DeusExMachina","floor":16},{"not_picked":["Perseverance","ThirdEye+1"],"picked":"Indignation","floor":18},{"not_picked":["Study","FlyingSleeves"],"picked":"CarveReality+1","floor":19},{"not_picked":["EmptyFist","ClearTheMind"],"picked":"Wallop","floor":22},{"not_picked":["Swivel","ClearTheMind"],"picked":"Wallop+1","floor":24},{"not_picked":["PathToVictory","CrushJoints"],"picked":"BowlingBash","floor":27},{"not_picked":["Weave","Crescendo"],"picked":"InnerPeace","floor":29},{"not_picked":["FlyingSleeves","EmptyBody"],"picked":"FlurryOfBlows","floor":30},{"not_picked":["DeceiveReality+1","EmptyBody+1"],"picked":"SandsOfTime","floor":31},{"not_picked":["Blasphemy","Brilliance"],"picked":"Vault","floor":33},{"not_picked":["InnerPeace+1","FlyingSleeves"],"picked":"Prostrate","floor":35},{"not_picked":["Crescendo","FlurryOfBlows+1"],"picked":"Perseverance+1","floor":36},{"not_picked":["Good Instincts","Enlightenment"],"picked":"Panacea","floor":38},{"not_picked":["Chrysalis","Good Instincts"],"picked":"Metamorphosis","floor":38},{"not_picked":["The Bomb","Dramatic Entrance"],"picked":"Finesse","floor":38},{"not_picked":["Sanctity+1","JustLucky"],"picked":"Crescendo+1","floor":39},{"not_picked":["CutThroughFate+1","FollowUp"],"picked":"Blasphemy","floor":40},{"not_picked":["EmptyFist+1","Nirvana"],"picked":"Crescendo","floor":45},{"not_picked":["EmptyBody+1","WheelKick"],"picked":"JustLucky+1","floor":46},{"not_picked":["Prostrate+1","EmptyFist"],"picked":"Adaptation","floor":47},{"not_picked":["FlyingSleeves","Evaluate"],"picked":"FollowUp+1","floor":48}],"player_experience":46130,"relics_obtained":[{"floor":6,"key":"Nunchaku"},{"floor":9,"key":"Bronze Scales"},{"floor":10,"key":"Mango"},{"floor":11,"key":"HornCleat"},{"floor":24,"key":"Happy Flower"},{"floor":26,"key":"Old Coin"},{"floor":40,"key":"Pear"},{"floor":43,"key":"Whetstone"},{"floor":48,"key":"Bottled Lightning"}],"event_choices":[{"damage_healed":0,"gold_gain":0,"cards_transformed":["Strike_P"],"player_choice":"Change","damage_taken":0,"max_hp_gain":0,"max_hp_loss":0,"event_name":"Living Wall","floor":2,"gold_loss":0,"cards_obtained":["Judgement"]},{"cards_removed":["Defend_P"],"damage_healed":0,"gold_gain":0,"player_choice":"Card Removal","damage_taken":7,"max_hp_gain":0,"max_hp_loss":0,"event_name":"Golden Wing","floor":4,"gold_loss":0},{"damage_healed":0,"gold_gain":0,"player_choice":"Obtain J.A.X.","damage_taken":0,"max_hp_gain":0,"max_hp_loss":0,"event_name":"Drug Dealer","floor":20,"gold_loss":0,"cards_obtained":["J.A.X."]},{"damage_healed":0,"gold_gain":0,"player_choice":"Cursed","damage_taken":0,"max_hp_gain":0,"max_hp_loss":0,"event_name":"Wheel of Change","floor":21,"gold_loss":0,"cards_obtained":["Decay"]},{"damage_healed":0,"gold_gain":0,"player_choice":"Memory 3","damage_taken":10,"max_hp_gain":0,"max_hp_loss":0,"event_name":"SensoryStone","floor":38,"gold_loss":0},{"cards_removed":["Blasphemy"],"damage_healed":0,"gold_gain":0,"player_choice":"Removed Skill","damage_taken":0,"max_hp_gain":0,"max_hp_loss":0,"event_name":"Falling","floor":42,"gold_loss":0}],"is_beta":false,"boss_relics":[{"not_picked":["Astrolabe","Velvet Choker"],"picked":"Pandora\u0027s Box"},{"not_picked":["Philosopher\u0027s Stone","Busted Crown"],"picked":"Coffee Dripper"}],"items_purged_floors":[28,37],"is_endless":false,"potions_floor_spawned":[1,8,14,16,18,24,29,31,33,35,40,46,47],"ascension_level":0}}