{"host":"f7rb14kzcw8hx1r1","time":1614005046,"event":{"mods":["BaseMod","Better Note","Better Third Choice","Colored Map","Curses Come First","Highlight Path","Hubris","Minty Spire (QoL Compilation)","Reliquary","Replay The Spire","StSLib","The Forsaken"],"gold_per_floor":[112,125,125,50,70,70,100,100,100,111,144,18,38,54,54,152,152,164,39,489,504,504,504,530,548,597,597,624,640,640,113,113,208,208,218,218,218,43,53,53,53,53,53,87,87,103,122,122,122,122],"floor_reached":51,"language":"ENG","playtime":1660,"items_purged":["Strike_R","Strike_R","Strike_R","Strike_R","Strike_R"],"score":748,"play_id":"f56fce58-99f2-4a52-ae1f-e8fb226c2670","local_time":"20210222154406","is_ascension_mode":false,"campfire_choices":[{"data":"Disarm","floor":6.0,"key":"SMITH"},{"data":"Run Through","floor":8.0,"key":"SMITH"},{"data":"Iron Wave","floor":15.0,"key":"SMITH"},{"data":"Evolve","floor":23.0,"key":"SMITH"},{"data":"ReplayTheSpireMod:Stacked","floor":27.0,"key":"SMITH"},{"data":"Spot Weakness","floor":30.0,"key":"SMITH"},{"data":"ReplayTheSpireMod:Limb From Limb","floor":32.0,"key":"SMITH"},{"data":"Impervious","floor":40,"key":"SMITH"},{"data":"Metallicize","floor":42,"key":"SMITH"},{"data":"Ghostly Armor","floor":45,"key":"SMITH"},{"data":"Headbutt","floor":49,"key":"SMITH"}],"circlet_count":0,"master_deck":["Defend_R","Defend_R","Defend_R","Bash+1","Disarm+1","Run Through+1","Spot Weakness+1","Headbutt+1","Iron Wave+1","Evolve+1","Ghostly Armor+1","Impervious+1","Body Slam+1","ReplayTheSpireMod:Stacked+1","Neutralize+1","ReplayTheSpireMod:Stacked+1","Dropkick","Pommel Strike+1","ReplayTheSpireMod:Limb From Limb+1","hubris:StunningStrike","Wild Strike+1","Pommel Strike+1","Metallicize+1","Burning Pact+1"],"relics":["Burning Blood","Replay:WaspNest","reliquary:Crutches","Onion Ring","hubris:RunicObelisk","StrikeDummy","Strawberry","ReplayTheSpireMod:Lightbulb","Omamori","Bag of Marbles","Snecko Heart","Oddly Smooth Stone","theForsaken:ScaryMask","ReplayTheSpireMod:Ninjato"],"acts_visited":["Exordium","TheCity","TheBeyond"],"potions_floor_usage":[50,50],"damage_taken":[{"damage":21.0,"enemies":"Jaw Worm","floor":1.0,"turns":5.0},{"damage":5.0,"enemies":"Cultist","floor":2.0,"turns":4.0},{"damage":3.0,"enemies":"Small Slimes","floor":5.0,"turns":3.0},{"damage":40.0,"enemies":"3 Sentries","floor":7.0,"turns":14.0},{"damage":8.0,"enemies":"Red Slaver","floor":10.0,"turns":5.0},{"damage":29.0,"enemies":"Lagavulin","floor":11.0,"turns":7.0},{"damage":10.0,"enemies":"Large Slime","floor":13.0,"turns":5.0},{"damage":0.0,"enemies":"Exordium Wildlife","floor":14.0,"turns":2.0},{"damage":8.0,"enemies":"The Guardian","floor":16.0,"turns":12.0},{"damage":3.0,"enemies":"3 Byrds","floor":18.0,"turns":5.0},{"damage":0.0,"enemies":"2 Thieves","floor":21.0,"turns":4.0},{"damage":1.0,"enemies":"Book of Stabbing","floor":24.0,"turns":5.0},{"damage":0.0,"enemies":"Cultist and Chosen","floor":25.0,"turns":4.0},{"damage":22.0,"enemies":"Slavers","floor":28.0,"turns":5.0},{"damage":10.0,"enemies":"Sentry and Sphere","floor":29.0,"turns":4.0},{"damage":33.0,"enemies":"Champ","floor":33.0,"turns":9.0},{"damage":0,"enemies":"Orb Walker","floor":35,"turns":2},{"damage":0,"enemies":"3 Shapes","floor":39,"turns":2},{"damage":4,"enemies":"Giant Head","floor":44,"turns":7},{"damage":0,"enemies":"Transient","floor":46,"turns":5},{"damage":0,"enemies":"Jaw Worm Horde","floor":47,"turns":3},{"damage":4,"enemies":"Time Eater","floor":50,"turns":8}],"seed_played":"7863769047939920723","potions_obtained":[{"floor":1.0,"key":"SteroidPotion"},{"floor":5.0,"key":"Swift Potion"},{"floor":11.0,"key":"LiquidBronze"},{"floor":13.0,"key":"Block Potion"},{"floor":24.0,"key":"Elixir"},{"floor":44,"key":"PowerPotion"},{"floor":46,"key":"HeartOfIron"}],"is_trial":false,"path_per_floor":["M","M","?","$","M","R","E","R","T","M","E","$","M","M","R","B",null,"M","$","?","M","?","R","E","M","T","R","E","M","R","$","R","B",null,"M","?","T","$","M","R","?","R","T","E","R","M","M","?","R","B",null],"character_chosen":"IRONCLAD","items_purchased":["Iron Wave","Omamori","Bag of Marbles","ReplayTheSpireMod:Limb From Limb"],"campfire_rested":0,"item_purchase_floors":[12,31,31,31],"current_hp_per_floor":[70,71,71,71,74,74,40,40,40,38,15,15,11,17,17,15,85,85,85,39,45,45,45,50,56,63,63,47,43,43,43,43,16,92,92,92,92,92,92,92,92,92,92,92,92,92,92,92,92,92],"gold":122,"neow_bonus":"RANDOM_EVENT","is_daily":false,"chose_seed":false,"campfire_upgraded":11,"win_rate":0.0,"timestamp":1614005046,"path_taken":["M","M","?","$","M","R","E","R","T","M","E","?","M","M","R","BOSS","M","$","?","M","?","R","E","M","T","R","E","M","R","$","R","BOSS","M","?","?","$","M","R","?","R","T","E","R","?","M","?","R","BOSS"],"items_purchased_type":["Card","Relic","Relic","Card"],"build_version":"2020-12-22","purchased_purges":5,"victory":true,"max_hp_per_floor":[85,85,85,85,85,85,85,85,85,85,85,85,85,85,85,85,85,85,85,85,85,85,85,85,85,92,92,92,92,92,92,92,92,92,92,92,92,92,92,92,92,92,92,92,92,92,92,92,92,92],"card_choices":[{"not_picked":["Ghostly Armor","Intimidate","Life Link"],"picked":"SKIP","floor":1.0},{"not_picked":["Havoc","hubris:ReadiedAction","Seeing Red"],"picked":"SKIP","floor":2.0},{"not_picked":["hubris:ReadiedAction","Flex"],"picked":"Disarm","floor":5.0},{"not_picked":["Havoc","Uppercut"],"picked":"Run Through","floor":7.0},{"not_picked":["Clash","Twin Strike"],"picked":"Spot Weakness","floor":10.0},{"not_picked":["ReplayTheSpireMod:Corrosion Curse","Combust"],"picked":"Headbutt","floor":11.0},{"not_picked":["hubris:ReadiedAction","Life Link"],"picked":"Evolve","floor":13.0},{"not_picked":["Feel No Pain","Sentinel"],"picked":"Ghostly Armor","floor":14.0},{"not_picked":["Hemogenesis","Immolate"],"picked":"Impervious","floor":16.0},{"not_picked":["Cleave","ReplayTheSpireMod:Strike From Hell"],"picked":"Body Slam+1","floor":18.0},{"not_picked":["Rampage","hubris:ReadiedAction"],"picked":"ReplayTheSpireMod:Stacked","floor":21.0},{"not_picked":["Cleave","ReplayTheSpireMod:Strike From Hell+1"],"picked":"ReplayTheSpireMod:Stacked+1","floor":24.0},{"not_picked":["Warcry","Clothesline"],"picked":"Dropkick","floor":25.0},{"not_picked":["Power Through","ReplayTheSpireMod:Stacked"],"picked":"Pommel Strike+1","floor":28.0},{"not_picked":["Brutality","Headbutt","hubris:SharpeningStone"],"picked":"SKIP","floor":29.0},{"not_picked":["Double Tap","Hemogenesis"],"picked":"hubris:StunningStrike","floor":33.0},{"not_picked":["Twin Strike","Abandon+1"],"picked":"Wild Strike+1","floor":35},{"not_picked":["Searing Blow","Rage+1"],"picked":"Pommel Strike+1","floor":39},{"not_picked":["Wild Strike","Headbutt"],"picked":"Burning Pact+1","floor":44},{"not_picked":["Cleave+1","Shrug It Off+1","Flex"],"picked":"SKIP","floor":46},{"not_picked":["Perfected Strike","True Grit","Armaments"],"picked":"SKIP","floor":47}],"player_experience":989379,"relics_obtained":[{"floor":7.0,"key":"Replay:WaspNest"},{"floor":9.0,"key":"reliquary:Crutches"},{"floor":11.0,"key":"Onion Ring"},{"floor":24.0,"key":"StrikeDummy"},{"floor":26.0,"key":"Strawberry"},{"floor":28.0,"key":"ReplayTheSpireMod:Lightbulb"},{"floor":37,"key":"Oddly Smooth Stone"},{"floor":43,"key":"theForsaken:ScaryMask"},{"floor":44,"key":"ReplayTheSpireMod:Ninjato"}],"event_choices":[{"damage_healed":0.0,"max_hp_gain":5.0,"max_hp_loss":0.0,"gold_gain":0.0,"event_name":"Big Fish","player_choice":"Donut","floor":0.0,"gold_loss":0.0,"damage_taken":0.0},{"damage_healed":0.0,"max_hp_gain":0.0,"max_hp_loss":0.0,"gold_gain":0.0,"event_name":"Accursed Blacksmith","player_choice":"Forge","floor":3.0,"gold_loss":0.0,"damage_taken":0.0,"cards_upgraded":["Bash"]},{"damage_healed":0.0,"max_hp_gain":0.0,"max_hp_loss":0.0,"gold_gain":450.0,"event_name":"Knowing Skull","player_choice":"GOLD GOLD GOLD GOLD GOLD ","floor":20.0,"potions_obtained":[],"gold_loss":0.0,"damage_taken":46.0,"cards_obtained":[]},{"cards_removed":["Disarm"],"damage_healed":0.0,"max_hp_gain":0.0,"max_hp_loss":0.0,"gold_gain":0.0,"event_name":"betterNote:BetterNote","player_choice":"Take \u0026 Give","floor":22.0,"gold_loss":0.0,"damage_taken":0.0,"cards_obtained":["Neutralize"]},{"damage_healed":0,"gold_gain":0,"player_choice":"Ignored","damage_taken":0,"max_hp_gain":0,"max_hp_loss":0,"event_name":"Tomb of Lord Red Mask","floor":36,"gold_loss":0},{"damage_healed":0,"gold_gain":0,"cards_transformed":["Defend_R"],"player_choice":"Transformed","damage_taken":0,"max_hp_gain":0,"max_hp_loss":0,"event_name":"Transmorgrifier","floor":41,"gold_loss":0,"cards_obtained":["Metallicize"]}],"is_beta":false,"boss_relics":[{"not_picked":["Runic Cube","reliquary:Ember"],"picked":"hubris:RunicObelisk"},{"not_picked":["Kintsugi","theForsaken:PaleLantern"],"picked":"Snecko Heart"}],"items_purged_floors":[4,12,19,31,38],"is_endless":false,"potions_floor_spawned":[1,5,11,13,24,44,46],"ascension_level":0}}