{"host":"kkrscngvy5grivrr","time":1614015092,"event":{"mods":["BaseMod","Better Sensory Stone","BetterRewards","Minty Spire (QoL Compilation)","Rare Cards Sparkle","Remove Card Discount Mod","StSLib"],"gold_per_floor":[118,135,153,153,153,153,153],"floor_reached":6,"language":"ZHS","playtime":396,"items_purged":[],"score":43,"play_id":"fa558465-5f38-4d2f-b266-64afbba58e47","local_time":"20210222123132","is_ascension_mode":true,"campfire_choices":[],"circlet_count":0,"master_deck":["Strike_B","Strike_B","Strike_B","Strike_B","Defend_B","Defend_B","Defend_B","Defend_B","Zap","Dualcast","Shame","Secret Technique","Heatsinks","Stack","Defragment","Regret"],"relics":["Cracked Core","Golden Idol","Omamori"],"acts_visited":["Exordium"],"potions_floor_usage":[],"damage_taken":[{"damage":0,"enemies":"Small Slimes","floor":1,"turns":2},{"damage":8,"enemies":"Jaw Worm","floor":2,"turns":4},{"damage":7,"enemies":"2 Louse","floor":3,"turns":3},{"damage":59,"enemies":"Gremlin Nob","floor":6,"turns":4}],"seed_played":"1942515219223501094","potions_obtained":[{"floor":3,"key":"EssenceOfDarkness"}],"is_trial":false,"path_per_floor":["M","M","M","?","?","E"],"character_chosen":"DEFECT","items_purchased":[],"campfire_rested":0,"item_purchase_floors":[],"current_hp_per_floor":[75,67,60,42,42,0,0],"gold":153,"neow_bonus":"RANDOM_COLORLESS_2","is_daily":false,"chose_seed":false,"campfire_upgraded":0,"win_rate":0.0,"timestamp":1614015092,"path_taken":["M","M","M","?","?","E"],"items_purchased_type":[],"build_version":"2020-12-22","purchased_purges":0,"victory":false,"max_hp_per_floor":[75,75,75,75,75,75,75],"card_choices":[{"not_picked":["Violence","Panache"],"picked":"Secret Technique","floor":0},{"not_picked":["Sweeping Beam","Scrape"],"picked":"Heatsinks","floor":1},{"not_picked":["Reprogram","Go for the Eyes"],"picked":"Stack","floor":2},{"not_picked":["Redo","Blizzard"],"picked":"Defragment","floor":3}],"player_experience":65218,"relics_obtained":[],"event_choices":[{"damage_healed":0,"gold_gain":0,"player_choice":"Take Damage","damage_taken":18,"relics_obtained":["Golden Idol"],"max_hp_gain":0,"max_hp_loss":0,"event_name":"Golden Idol","floor":4,"gold_loss":0},{"damage_healed":0,"gold_gain":0,"player_choice":"Box","damage_taken":0,"relics_obtained":["Omamori"],"max_hp_gain":0,"max_hp_loss":0,"event_name":"Big Fish","floor":5,"gold_loss":0,"cards_obtained":["Regret"]}],"is_beta":false,"boss_relics":[],"items_purged_floors":[],"is_endless":false,"potions_floor_spawned":[3],"killed_by":"Gremlin Nob","ascension_level":4}}