{"host":"sav7uxregyirlf69","time":1614022313,"event":{"mods":["AchievementEnabler","BaseMod","Colored Map","DeckTracker","Keyboard Shortcuts","Minty Spire (QoL Compilation)","READ ME - Guardian Mod","StSLib","SuperFastMode"],"gold_per_floor":[111,36,54,54,74,74,22,37,37,63,63,82,82,99,99,175,225,238,256,256,159,159,159,29,29,29],"floor_reached":25,"language":"KOR","playtime":481,"items_purged":[],"score":402,"play_id":"e932e54d-b94f-4044-b42b-a1664f990d00","local_time":"20210223043153","is_ascension_mode":true,"campfire_choices":[{"data":"Shockwave","floor":6,"key":"SMITH"},{"data":"Carnage","floor":13,"key":"SMITH"},{"data":"Disarm","floor":15,"key":"SMITH"},{"data":"Armaments","floor":23,"key":"SMITH"}],"circlet_count":0,"master_deck":["AscendersBane","Strike_R","Strike_R","Defend_R","Defend_R","Defend_R+1","Bash","Sword Boomerang","Shockwave+1","Disarm+1","Flex","Carnage+1","Inflame","Barricade","Entrench","Armaments+1"],"relics":["Burning Blood","Pocketwatch","Magic Flower","The Courier","Tiny House","TheAbacus"],"acts_visited":["Exordium","TheCity"],"potions_floor_usage":[10,10,19],"damage_taken":[{"damage":16,"enemies":"Small Slimes","floor":1,"turns":7},{"damage":6,"enemies":"Cultist","floor":3,"turns":3},{"damage":9,"enemies":"Jaw Worm","floor":5,"turns":3},{"damage":8,"enemies":"Red Slaver","floor":8,"turns":5},{"damage":42,"enemies":"3 Sentries","floor":10,"turns":10},{"damage":1,"enemies":"Blue Slaver","floor":12,"turns":4},{"damage":8,"enemies":"Looter","floor":14,"turns":3},{"damage":2,"enemies":"The Guardian","floor":16,"turns":12},{"damage":19,"enemies":"Shell Parasite","floor":18,"turns":4},{"damage":18,"enemies":"3 Byrds","floor":19,"turns":6},{"damage":24,"enemies":"Snake Plant","floor":25,"turns":1}],"seed_played":"11422822141221072","potions_obtained":[{"floor":5,"key":"Energy Potion"},{"floor":8,"key":"Energy Potion"},{"floor":10,"key":"SpeedPotion"},{"floor":17,"key":"Weak Potion"},{"floor":19,"key":"CultistPotion"}],"is_trial":false,"path_per_floor":["M","?","M","?","M","R","$","M","T","E","T","M","R","M","R","B",null,"M","M","?","$","?","R","$","M"],"character_chosen":"IRONCLAD","items_purchased":["Flex","Entrench","Armaments","TheAbacus"],"campfire_rested":0,"item_purchase_floors":[7,21,21,24],"current_hp_per_floor":[58,58,58,58,55,55,55,53,53,17,17,25,25,26,26,33,64,54,45,45,45,24,24,24,0,0],"gold":29,"neow_bonus":"REMOVE_TWO","is_daily":false,"chose_seed":false,"campfire_upgraded":4,"win_rate":0.0,"timestamp":1614022313,"path_taken":["M","?","M","?","M","R","$","?","T","E","?","?","R","M","R","BOSS","M","M","?","$","?","R","$","M"],"items_purchased_type":["Card","Card","Card","Relic"],"build_version":"2020-12-22","purchased_purges":0,"victory":false,"max_hp_per_floor":[68,68,68,68,68,68,68,68,68,68,68,68,68,68,68,68,73,73,73,73,73,78,78,78,78,78],"card_choices":[{"not_picked":["Clash","Seeing Red"],"picked":"Sword Boomerang","floor":1},{"not_picked":["Heavy Blade","Body Slam"],"picked":"Shockwave","floor":3},{"not_picked":["Reckless Charge","Perfected Strike"],"picked":"Disarm","floor":5},{"not_picked":["Heavy Blade","Perfected Strike","Clothesline"],"picked":"SKIP","floor":8},{"not_picked":["Heavy Blade","Warcry"],"picked":"Carnage","floor":10},{"not_picked":["Armaments","Thunderclap","Anger"],"picked":"SKIP","floor":12},{"not_picked":["Impervious","Combust"],"picked":"Inflame","floor":14},{"not_picked":["Corruption","Fiend Fire"],"picked":"Barricade","floor":16},{"not_picked":["Thunderclap","Anger","Metallicize"],"picked":"SKIP","floor":18},{"not_picked":["True Grit","Thunderclap+1","Pommel Strike"],"picked":"SKIP","floor":19}],"player_experience":1659980,"relics_obtained":[{"floor":9,"key":"Pocketwatch"},{"floor":10,"key":"Magic Flower"},{"floor":11,"key":"The Courier"}],"event_choices":[{"cards_removed":["Strike_R"],"damage_healed":0,"gold_gain":0,"player_choice":"Card Removal","damage_taken":0,"max_hp_gain":0,"max_hp_loss":0,"event_name":"The Cleric","floor":2,"gold_loss":75},{"cards_removed":["Defend_R"],"damage_healed":0,"gold_gain":0,"player_choice":"Offered Basic","damage_taken":0,"max_hp_gain":0,"max_hp_loss":0,"event_name":"Bonfire Elementals","floor":4,"gold_loss":0},{"damage_healed":0,"gold_gain":0,"player_choice":"Ignored","damage_taken":0,"max_hp_gain":0,"max_hp_loss":0,"event_name":"Cursed Tome","floor":20,"gold_loss":0},{"damage_healed":0,"gold_gain":0,"player_choice":"Shed Blood","damage_taken":26,"max_hp_gain":5,"max_hp_loss":0,"event_name":"Forgotten Altar","floor":22,"gold_loss":0}],"is_beta":false,"boss_relics":[{"not_picked":["Runic Cube","Ectoplasm"],"picked":"Tiny House"}],"items_purged_floors":[],"is_endless":false,"potions_floor_spawned":[5,8,10,19],"killed_by":"Snake Plant","ascension_level":20}}