{"host":"l1pzlbpva2o8t11s","time":1614031647,"event":{"mods":["AchievementEnabler","BaseMod","Block Reminder","Colored Map","Minty Spire (QoL Compilation)","Random Character Button","Relic Stats","StSLib","The Jungle"],"gold_per_floor":[119,119,294,294,294,294,9,44,44,73,90,90,120,45,45,140,190,205,49,61,61,76,76,76,95,120,138,162,179,179,30,330,330,330],"floor_reached":33,"language":"ENG","playtime":1500,"items_purged":["Doubt"],"score":377,"play_id":"704886aa-341f-4a39-aaed-6e229bf3c440","local_time":"20210222230727","is_ascension_mode":true,"campfire_choices":[{"data":"Tempest","floor":6,"key":"SMITH"},{"floor":15,"key":"DIG"},{"floor":23,"key":"DIG"},{"floor":30,"key":"REST"},{"floor":32,"key":"DIG"}],"circlet_count":0,"master_deck":["Strike_B+1","Strike_B","Strike_B","Defend_B","Defend_B","Defend_B","Defend_B+1","Zap+1","Dualcast","Tempest+1","Sunder+1","Creative AI","Sunder","Defragment","Ball Lightning","Loop+1","Echo Form"],"relics":["Cracked Core","NeowsBlessing","Shovel","Boot","Darkstone Periapt","Pear","Anchor","Meat on the Bone","Tiny House","Tiny Chest","White Beast Statue","Juzu Bracelet","Lee\u0027s Waffle","Old Coin"],"acts_visited":["Exordium","TheCity"],"potions_floor_usage":[16,16,16,20,25,29,33,33],"damage_taken":[{"damage":0,"enemies":"Small Slimes","floor":1,"turns":1},{"damage":0,"enemies":"3 Sentries","floor":8,"turns":1},{"damage":0,"enemies":"Lagavulin","floor":10,"turns":1},{"damage":1,"enemies":"Jaw Worm","floor":11,"turns":2},{"damage":22,"enemies":"3 Sentries","floor":13,"turns":4},{"damage":18,"enemies":"Slime Boss","floor":16,"turns":7},{"damage":0,"enemies":"Chosen","floor":18,"turns":4},{"damage":6,"enemies":"3 Byrds","floor":20,"turns":5},{"damage":15,"enemies":"Snecko","floor":22,"turns":3},{"damage":28,"enemies":"Centurion and Healer","floor":25,"turns":4},{"damage":30,"enemies":"Snake Plant","floor":27,"turns":4},{"damage":32,"enemies":"Sentry and Sphere","floor":29,"turns":5},{"damage":103,"enemies":"Collector","floor":33,"turns":9}],"seed_played":"-3951482366590367113","potions_obtained":[{"floor":1,"key":"ColorlessPotion"},{"floor":10,"key":"Fire Potion"},{"floor":13,"key":"Fruit Juice"},{"floor":17,"key":"SpeedPotion"},{"floor":22,"key":"AttackPotion"},{"floor":25,"key":"PotionOfCapacity"},{"floor":27,"key":"Energy Potion"},{"floor":29,"key":"Weak Potion"}],"is_trial":false,"path_per_floor":["M","?","?","?","?","R","$","E","T","E","M","?","E","$","R","B",null,"M","$","M","?","M","R","?","M","T","M","T","M","R","$","R","B"],"character_chosen":"DEFECT","items_purchased":["Shovel","Tiny Chest","Lee\u0027s Waffle"],"campfire_rested":1,"item_purchase_floors":[7,19,31],"current_hp_per_floor":[75,68,68,73,57,57,57,57,57,67,66,66,44,44,44,43,100,100,100,94,94,79,79,79,51,51,33,33,13,43,107,107,4,4],"gold":330,"neow_bonus":"THREE_ENEMY_KILL","is_daily":false,"chose_seed":false,"campfire_upgraded":1,"win_rate":0.0,"timestamp":1614031647,"path_taken":["M","?","?","?","?","R","$","E","T","E","M","?","E","$","R","BOSS","M","?","M","?","M","R","?","?","T","M","?","M","R","$","R","BOSS"],"items_purchased_type":["Relic","Relic","Relic"],"build_version":"2020-12-22","purchased_purges":1,"victory":false,"max_hp_per_floor":[75,75,75,80,80,80,80,80,80,90,90,90,90,90,90,95,100,100,100,100,100,100,100,100,100,100,100,100,100,100,107,107,107,107],"relic_stats":{"Darkstone Periapt":0,"Lee\u0027s Waffle":64,"Shovel":3,"counters":[13,50],"Tiny Chest":1,"Juzu Bracelet":0,"Boot":[13],"obtain_stats":[{"Darkstone Periapt":9,"Lee\u0027s Waffle":31,"Pear":10,"Tiny House":17,"NeowsBlessing":0,"Juzu Bracelet":28,"Boot":8,"White Beast Statue":23,"Old Coin":32,"Anchor":13,"Shovel":7,"Tiny Chest":19,"Cracked Core":0,"Meat on the Bone":15},{"Darkstone Periapt":2,"Lee\u0027s Waffle":12,"Pear":3,"Tiny House":6,"NeowsBlessing":0,"Juzu Bracelet":11,"Boot":2,"White Beast Statue":9,"Old Coin":12,"Anchor":5,"Shovel":1,"Tiny Chest":7,"Cracked Core":0,"Meat on the Bone":5},{"Darkstone Periapt":2,"Lee\u0027s Waffle":41,"Pear":3,"Tiny House":16,"NeowsBlessing":0,"Juzu Bracelet":36,"Boot":2,"White Beast Statue":28,"Old Coin":41,"Anchor":9,"Shovel":1,"Tiny Chest":20,"Cracked Core":0,"Meat on the Bone":9}],"Meat on the Bone":36},"card_choices":[{"not_picked":["Beam Cell","Sweeping Beam"],"picked":"Tempest","floor":1},{"not_picked":["Coolheaded","Barrage","Seek"],"picked":"SKIP","floor":8},{"not_picked":["Undo","Amplify"],"picked":"Sunder","floor":10},{"not_picked":["Cold Snap","Glacier","Go for the Eyes"],"picked":"SKIP","floor":11},{"not_picked":["Sweeping Beam","Barrage","Leap"],"picked":"SKIP","floor":13},{"not_picked":["Rainbow","Biased Cognition"],"picked":"Creative AI","floor":16},{"not_picked":["Go for the Eyes","Beam Cell"],"picked":"Sunder","floor":17},{"not_picked":["Doom and Gloom+1","Aggregate+1","Skim"],"picked":"SKIP","floor":18},{"not_picked":["Auto Shields","Loop"],"picked":"Defragment","floor":20},{"not_picked":["Glacier","Auto Shields"],"picked":"Ball Lightning","floor":22},{"not_picked":["Redo","Fusion+1","Barrage"],"picked":"SKIP","floor":25},{"not_picked":["Coolheaded","Rebound+1"],"picked":"Loop+1","floor":27},{"not_picked":["White Noise","Coolheaded"],"picked":"Echo Form","floor":29}],"player_experience":205665,"relics_obtained":[{"floor":8,"key":"Boot"},{"floor":9,"key":"Darkstone Periapt"},{"floor":10,"key":"Pear"},{"floor":13,"key":"Anchor"},{"floor":15,"key":"Meat on the Bone"},{"floor":23,"key":"White Beast Statue"},{"floor":28,"key":"Juzu Bracelet"},{"floor":32,"key":"Old Coin"}],"event_choices":[{"cards_removed":["Strike_B"],"damage_healed":0,"gold_gain":0,"player_choice":"Card Removal","damage_taken":7,"max_hp_gain":0,"max_hp_loss":0,"event_name":"Golden Wing","floor":2,"gold_loss":0},{"damage_healed":0,"gold_gain":175,"player_choice":"AGREE","damage_taken":0,"max_hp_gain":0,"max_hp_loss":0,"event_name":"Liars Game","floor":3,"gold_loss":0,"cards_obtained":["Doubt"]},{"damage_healed":0,"gold_gain":0,"player_choice":"Donut","damage_taken":0,"max_hp_gain":5,"max_hp_loss":0,"event_name":"Big Fish","floor":4,"gold_loss":0},{"damage_healed":0,"gold_gain":0,"player_choice":"Entered Light","damage_taken":16,"max_hp_gain":0,"max_hp_loss":0,"event_name":"Shining Light","floor":5,"gold_loss":0,"cards_upgraded":["Zap","Strike_B"]},{"damage_healed":0,"gold_gain":0,"player_choice":"Forge","damage_taken":0,"max_hp_gain":0,"max_hp_loss":0,"event_name":"Accursed Blacksmith","floor":12,"gold_loss":0,"cards_upgraded":["Sunder"]},{"damage_healed":0,"gold_gain":0,"player_choice":"Ignored","damage_taken":0,"max_hp_gain":0,"max_hp_loss":0,"event_name":"Cursed Tome","floor":21,"gold_loss":0},{"damage_healed":0,"gold_gain":0,"player_choice":"Ignored","damage_taken":0,"max_hp_gain":0,"max_hp_loss":0,"event_name":"Ghosts","floor":24,"gold_loss":0}],"is_beta":false,"boss_relics":[{"not_picked":["Philosopher\u0027s Stone","FrozenCore"],"picked":"Tiny House"}],"items_purged_floors":[14],"is_endless":false,"potions_floor_spawned":[1,10,13,22,25,27,29],"killed_by":"Collector","ascension_level":1}}