{"host":"4gkev1dtxxhiue3x","time":1614009179,"event":{"mods":["AchievementEnabler","BaseMod","Better Altar","Better Match","Better Note","Better Sensory Stone","Better Skull","Better Third Choice","Colored Powertips","Friendly Minions","Hermit","Minty Spire (QoL Compilation)","Relic Stats","Robot Space Explorer","Shop Mod","StSLib","The Disciple","The Hierophant"],"gold_per_floor":[115,129,142,156,156,156,182,182,236,236,265,265,277,149,149,244,244,263,282,232,242,242,242,242,275,298,298,298,298,298,398,398,495,495,507,524,538,117,136,171,171,186,186,236,263,276,276,11,11,11],"floor_reached":51,"language":"ENG","playtime":4204,"items_purged":["Strike_B","Strike_B","Defend_B","Defend_B"],"score":808,"play_id":"7890d7ef-6bdc-41ae-ae80-f060fb137089","local_time":"20210222165259","is_ascension_mode":true,"campfire_choices":[{"floor":6.0,"key":"REST"},{"floor":10,"key":"REST"},{"data":"Echo Form","floor":15,"key":"SMITH"},{"data":"Rainbow","floor":23,"key":"SMITH"},{"data":"Chill","floor":27,"key":"SMITH"},{"data":"Capacitor","floor":29,"key":"SMITH"},{"floor":32,"key":"REST"},{"floor":41,"key":"REST"},{"floor":49,"key":"REST"}],"circlet_count":0,"master_deck":["Defend_B","Zap","Dualcast","Rainbow+1","Glacier","Streamline+1","Coolheaded+1","Sunder+1","Echo Form+1","Defragment","Rainbow+1","Fusion+1","Chill+1","Cold Snap","Capacitor+1","Buffer","Necronomicurse","Multi-Cast","White Noise+1","Blizzard","Amplify","Barrage+1","White Noise","Defragment"],"relics":["Cracked Core","Centennial Puzzle","DataDisk","Gremlin Horn","Happy Flower","Toy Ornithopter","Shuriken","Busted Crown","Art of War","Necronomicon","Emotion Chip","Inserter","Chemical X","MerchantsRug","Boot","Ginger","Bag of Preparation","Letter Opener"],"acts_visited":["Exordium","TheCity","TheBeyond"],"potions_floor_usage":[11,16,18,25,31,46],"damage_taken":[{"damage":8.0,"enemies":"2 Louse","floor":1.0,"turns":2.0},{"damage":4.0,"enemies":"Cultist","floor":2.0,"turns":3.0},{"damage":0.0,"enemies":"Small Slimes","floor":3.0,"turns":3.0},{"damage":2.0,"enemies":"Blue Slaver","floor":4.0,"turns":4.0},{"damage":2.0,"enemies":"3 Sentries","floor":7.0,"turns":6.0},{"damage":13,"enemies":"Gremlin Nob","floor":11,"turns":4},{"damage":0,"enemies":"2 Fungi Beasts","floor":13,"turns":3},{"damage":19,"enemies":"The Guardian","floor":16,"turns":9},{"damage":0,"enemies":"2 Thieves","floor":18,"turns":2},{"damage":10,"enemies":"Shell Parasite","floor":19,"turns":5},{"damage":5,"enemies":"Shelled Parasite and Fungi","floor":21,"turns":5},{"damage":19,"enemies":"Slavers","floor":25,"turns":5},{"damage":2,"enemies":"Colosseum Slavers","floor":31,"turns":3},{"damage":1,"enemies":"Colosseum Nobs","floor":31,"turns":3},{"damage":10,"enemies":"Collector","floor":33,"turns":7},{"damage":2,"enemies":"3 Darklings","floor":35,"turns":4},{"damage":0,"enemies":"3 Shapes","floor":36,"turns":5},{"damage":19,"enemies":"Writhing Mass","floor":37,"turns":4},{"damage":7,"enemies":"Sphere and 2 Shapes","floor":39,"turns":4},{"damage":28,"enemies":"Nemesis","floor":40,"turns":5},{"damage":0,"enemies":"3 Darklings","floor":42,"turns":3},{"damage":0,"enemies":"Mind Bloom Boss Battle","floor":44,"turns":4},{"damage":0,"enemies":"Spire Growth","floor":46,"turns":4},{"damage":0,"enemies":"Awakened One","floor":50,"turns":9}],"seed_played":"-3231369830651583850","potions_obtained":[{"floor":2.0,"key":"DistilledChaos"},{"floor":3.0,"key":"Ancient Potion"},{"floor":7,"key":"Swift Potion"},{"floor":13,"key":"Fruit Juice"},{"floor":16,"key":"DistilledChaos"},{"floor":19,"key":"LiquidBronze"},{"floor":21,"key":"Strength Potion"},{"floor":25,"key":"SneckoOil"},{"floor":35,"key":"Dexterity Potion"},{"floor":40,"key":"Swift Potion"},{"floor":44,"key":"BlessingOfTheForge"},{"floor":46,"key":"Fire Potion"}],"is_trial":false,"path_per_floor":["M","M","M","M","?","R","E","?","T","R","E","?","M","$","R","B",null,"M","M","$","M","?","R","?","E","T","R","T","R","?","?","R","B",null,"M","M","M","$","M","E","R","M","T","?","T","M","?","$","R","B",null],"character_chosen":"DEFECT","items_purchased":["Defragment","Blizzard","Chemical X","MerchantsRug","Letter Opener","Defragment"],"campfire_rested":5,"item_purchase_floors":[14,38,38,38,48,48],"current_hp_per_floor":[60,56,56,54,5,25,23,20,20,40,32,32,32,32,32,18,68,68,58,58,53,53,53,53,39,39,39,39,39,23,25,45,35,68,66,66,47,47,40,12,32,32,32,32,32,42,42,42,63,63],"gold":11,"neow_bonus":"THREE_RARE_CARDS","is_daily":false,"chose_seed":false,"campfire_upgraded":4,"win_rate":0.0,"timestamp":1614009179,"path_taken":["M","M","M","M","?","R","E","?","T","R","E","?","?","$","R","BOSS","M","M","$","M","?","R","?","E","T","R","?","R","?","?","R","BOSS","M","M","M","$","M","E","R","M","T","?","?","M","?","$","R","BOSS"],"items_purchased_type":["Card","Card","Relic","Relic","Relic","Card"],"build_version":"2020-12-22","purchased_purges":4,"victory":true,"max_hp_per_floor":[68,68,68,68,68,68,68,68,68,68,68,68,68,68,68,68,68,68,68,68,68,68,68,68,68,68,68,68,68,68,68,68,68,68,68,68,68,68,68,68,68,68,68,68,68,73,73,73,73,73],"relic_stats":{"Inserter":[20],"Gremlin Horn":[23,23],"Happy Flower":[29],"counters":[24,106],"Bag of Preparation":[4],"Ginger":[0],"Letter Opener":[15],"Boot":[0],"Centennial Puzzle":[39],"Emotion Chip":[36,8,22,5,1],"Busted Crown":28,"Shuriken":[14],"Art of War":[16],"Necronomicon":[25],"Chemical X":[5],"obtain_stats":[{"MerchantsRug":38,"Inserter":34,"Gremlin Horn":7,"Happy Flower":8,"Blue Candle":31,"Bag of Preparation":45,"Whetstone":25,"Ginger":44,"Letter Opener":48,"War Paint":28,"Smiling Mask":5,"Boot":40,"Centennial Puzzle":5,"DataDisk":5,"Emotion Chip":31,"Busted Crown":17,"Shuriken":11,"Art of War":26,"Necronomicon":30,"Chemical X":38,"Cracked Core":0,"Toy Ornithopter":9},{"MerchantsRug":18,"Inserter":15,"Gremlin Horn":5,"Happy Flower":5,"Blue Candle":14,"Bag of Preparation":22,"Whetstone":12,"Ginger":22,"Letter Opener":23,"War Paint":12,"Smiling Mask":4,"Boot":20,"Centennial Puzzle":4,"DataDisk":4,"Emotion Chip":14,"Busted Crown":8,"Shuriken":6,"Art of War":12,"Necronomicon":12,"Chemical X":18,"Cracked Core":0,"Toy Ornithopter":5},{"MerchantsRug":77,"Inserter":64,"Gremlin Horn":18,"Happy Flower":18,"Blue Candle":57,"Bag of Preparation":93,"Whetstone":51,"Ginger":93,"Letter Opener":97,"War Paint":51,"Smiling Mask":12,"Boot":86,"Centennial Puzzle":12,"DataDisk":12,"Emotion Chip":57,"Busted Crown":34,"Shuriken":22,"Art of War":51,"Necronomicon":51,"Chemical X":77,"Cracked Core":0,"Toy Ornithopter":18}],"Toy Ornithopter":25},"card_choices":[{"not_picked":["Fission","Machine Learning"],"picked":"Rainbow","floor":0.0},{"not_picked":["Sweeping Beam","Coolheaded"],"picked":"Glacier","floor":1.0},{"not_picked":["White Noise","Cold Snap"],"picked":"Streamline","floor":2.0},{"not_picked":["Barrage","Ball Lightning"],"picked":"Coolheaded","floor":3.0},{"not_picked":["Hello World","Turbo"],"picked":"Sunder","floor":4.0},{"not_picked":["BootSequence","Redo"],"picked":"Echo Form","floor":7},{"not_picked":["Streamline","Consume","Barrage"],"picked":"SKIP","floor":11},{"not_picked":["Cold Snap","Leap"],"picked":"Hologram","floor":13},{"not_picked":["Multi-Cast","Reboot"],"picked":"Rainbow","floor":16},{"not_picked":[],"picked":"Fusion+1","floor":18},{"not_picked":["Genetic Algorithm"],"picked":"SKIP","floor":19},{"not_picked":["Hello World+1"],"picked":"SKIP","floor":21},{"not_picked":[],"picked":"Buffer","floor":25},{"not_picked":[],"picked":"Multi-Cast","floor":33},{"not_picked":[],"picked":"White Noise+1","floor":35},{"not_picked":["Stack"],"picked":"SKIP","floor":36},{"not_picked":["Recycle"],"picked":"SKIP","floor":37},{"not_picked":["Go for the Eyes+1"],"picked":"SKIP","floor":39},{"not_picked":[],"picked":"Amplify","floor":40},{"not_picked":[],"picked":"Barrage+1","floor":42},{"not_picked":[],"picked":"White Noise","floor":44},{"not_picked":["Steam+1"],"picked":"SKIP","floor":46}],"player_experience":242191,"relics_obtained":[{"floor":7,"key":"Gremlin Horn"},{"floor":9,"key":"Toy Ornithopter"},{"floor":11,"key":"Shuriken"},{"floor":25,"key":"Whetstone"},{"floor":26,"key":"Art of War"},{"floor":28,"key":"War Paint"},{"floor":30,"key":"Necronomicon"},{"floor":31,"key":"Emotion Chip"},{"floor":31,"key":"Blue Candle"},{"floor":40,"key":"Boot"},{"floor":44,"key":"Ginger"},{"floor":45,"key":"Bag of Preparation"}],"event_choices":[{"damage_healed":0.0,"max_hp_gain":0.0,"max_hp_loss":0.0,"gold_gain":0.0,"event_name":"betterSkull:BetterSkull","player_choice":"RE RE RE ","floor":5.0,"gold_loss":0.0,"damage_taken":55.0,"cards_upgraded":[],"relics_obtained":["Centennial Puzzle","DataDisk","Smiling Mask"]},{"damage_healed":0,"gold_gain":0,"player_choice":"Relic ","damage_taken":3,"max_hp_gain":0,"max_hp_loss":0,"event_name":"betterThird:BetterScrap","floor":8,"gold_loss":0,"cards_obtained":["Choke"]},{"cards_removed":["Strike_B"],"damage_healed":0,"gold_gain":0,"player_choice":"Purged","damage_taken":0,"max_hp_gain":0,"max_hp_loss":0,"event_name":"Purifier","floor":12,"gold_loss":0},{"damage_healed":0,"gold_gain":0,"cards_transformed":["Strike_B","Defend_B"],"player_choice":"Became Test Subject","damage_taken":0,"max_hp_gain":0,"max_hp_loss":0,"event_name":"Drug Dealer","floor":22,"gold_loss":0,"cards_obtained":["Chill","Cold Snap"]},{"damage_healed":0,"gold_gain":0,"player_choice":"Read","damage_taken":0,"max_hp_gain":0,"max_hp_loss":0,"event_name":"The Library","floor":24,"gold_loss":0,"cards_obtained":["Capacitor"]},{"damage_healed":0,"gold_gain":0,"player_choice":"Obtained Book","damage_taken":16,"max_hp_gain":0,"max_hp_loss":0,"event_name":"Cursed Tome","floor":30,"gold_loss":0},{"damage_healed":0,"gold_gain":0,"player_choice":"Fight","damage_taken":0,"max_hp_gain":0,"max_hp_loss":0,"event_name":"Colosseum","floor":31,"gold_loss":0},{"damage_healed":0,"gold_gain":0,"player_choice":"Fought Nobs","damage_taken":0,"max_hp_gain":0,"max_hp_loss":0,"event_name":"Colosseum","floor":31,"gold_loss":0},{"damage_healed":0,"gold_gain":0,"player_choice":"Fight","damage_taken":0,"max_hp_gain":0,"max_hp_loss":0,"event_name":"MindBloom","floor":44,"gold_loss":0},{"cards_removed":["Hologram"],"damage_healed":0,"gold_gain":0,"player_choice":"Removed Skill","damage_taken":0,"max_hp_gain":0,"max_hp_loss":0,"event_name":"Falling","floor":47,"gold_loss":0}],"is_beta":false,"boss_relics":[{"not_picked":["Tiny House","Astrolabe"],"picked":"Busted Crown"},{"not_picked":["SlaversCollar","Velvet Choker"],"picked":"Inserter"}],"items_purged_floors":[14,20,38,48],"is_endless":false,"potions_floor_spawned":[2,3,7,13,16,19,21,25,35,40,44,46],"ascension_level":3}}