{"host":"og21o26alpnbwmz8","time":1614005836,"event":{"mods":["2.2 Compatiblity","A Magickal Journey","Act Like it!","Aspiration","BaseMod","Conspire","Downfall","Gensokyo","GungeonMod","Halation","Hubris","Jedi Mod","Mimic Mod","Minty Spire (QoL Compilation)","Pale of the Ancients","Reliquary","Replay The Spire","Shop Mod","Spikes Relics","StSLib","The Alterego","The Animator","The Blue Laboratory","The Bug Knight","The Exalted","The Florist","The Poker Player","The Saiyan","Waifu the Spire","Yuri Mod"],"gold_per_floor":[99,111,122,132,132,132,183,195,207,217,217,25,25,43,55,55,55,55],"floor_reached":16,"language":"ENG","playtime":629,"items_purged":["Slimebound:Strike_Slimebound","Slimebound:Strike_Slimebound"],"score":96,"play_id":"ada58236-fbf5-4cea-8d04-cfd1908592af","local_time":"20210222095716","is_ascension_mode":false,"campfire_choices":[{"data":"Slimebound:Split","floor":1,"key":"SMITH"},{"data":"Slimebound:LevelUp","floor":11,"key":"SMITH"}],"circlet_count":0,"master_deck":["Slimebound:Defend_Slimebound","Slimebound:Defend_Slimebound","Slimebound:Defend_Slimebound","Slimebound:Defend_Slimebound","Slimebound:Split+1","Slimebound:LevelUp+1","Slimebound:SplitBruiser","Slimebound:SplitAcid","Slimebound:LevelUp","Slimebound:Prepare","animator:Curse_Greed","Slimebound:LevelUp"],"relics":["Slimebound:AbsorbEndCombat","MiniBlackHole","hubris:Towel","jedi:cryingmask"],"acts_visited":["Exordium"],"potions_floor_usage":[16,16],"damage_taken":[{"damage":7,"enemies":"Small Slimes","floor":2,"turns":3},{"damage":6,"enemies":"2 Louse","floor":3,"turns":2},{"damage":1,"enemies":"Cultist","floor":4,"turns":3},{"damage":0,"enemies":"Large Slime","floor":8,"turns":5},{"damage":0,"enemies":"Exordium Wildlife","floor":9,"turns":3},{"damage":0,"enemies":"Gremlin Gang","floor":10,"turns":4},{"damage":9,"enemies":"downfall:FleeingMerchant","floor":12,"turns":4},{"damage":0,"enemies":"Large Slime","floor":14,"turns":5},{"damage":0,"enemies":"downfall:LooterAlt","floor":15,"turns":4},{"damage":66,"enemies":"IC_STATUS_ARCHETYPE","floor":16,"turns":13}],"seed_played":"6659817939841535116","potions_obtained":[{"floor":2,"key":"blueLaboratory:PolymorphPotion"},{"floor":3,"key":"LiquidMemories"},{"floor":8,"key":"blueLaboratory:PhilterOfMotion"}],"is_trial":false,"path_per_floor":["R","M","M","M","?","?","T","M","M","M","R","$","?","M","M","B"],"character_chosen":"SLIMEBOUND","items_purchased":["Slimebound:Prepare"],"campfire_rested":0,"item_purchase_floors":[12],"current_hp_per_floor":[65,62,58,61,61,61,61,65,65,65,65,60,60,60,60,0,0,0],"gold":55,"neow_bonus":"REMOVE_CARD","is_daily":false,"chose_seed":false,"campfire_upgraded":2,"win_rate":0.0,"timestamp":1614005836,"path_taken":["R","M","M","M","?","?","T","M","M","M","R","$","?","M","M","BOSS"],"items_purchased_type":["Card"],"build_version":"2020-12-22","purchased_purges":2,"victory":false,"max_hp_per_floor":[65,65,65,65,65,65,65,65,65,65,65,65,65,65,65,65,65,65],"card_choices":[{"not_picked":["Slimebound:SpikyOuterGoop","Slimebound:Replication"],"picked":"Slimebound:RejuvenatingLick","floor":2},{"not_picked":["Slimebound:ProtectTheBoss","Slimebound:SplitAcid"],"picked":"Slimebound:LevelUp","floor":3},{"not_picked":["Slimebound:ViciousTackle","Slimebound:GoopSpray","Slimebound:LeechingTouch"],"picked":"SKIP","floor":4},{"not_picked":["Slimebound:LeechingTouch","Slimebound:HauntingLick","Slimebound:Recollect"],"picked":"SKIP","floor":8},{"not_picked":["Slimebound:Nibble","Slimebound:ItLooksTasty"],"picked":"Slimebound:SplitBruiser","floor":9},{"not_picked":["Slimebound:GoopTackle","Slimebound:ProtectTheBoss"],"picked":"Slimebound:SplitAcid","floor":10},{"not_picked":["Slimebound:SplitBruiser","Slimebound:LeechEnergy"],"picked":"Slimebound:LevelUp","floor":12},{"not_picked":["Slimebound:LivingWall","Slimebound:ComboTackle"],"picked":"Slimebound:LevelUp","floor":14},{"not_picked":["Slimebound:ComboTackle","Slimebound:Prepare","Slimebound:GoopSpray"],"picked":"SKIP","floor":15}],"player_experience":423333,"relics_obtained":[{"floor":7,"key":"jedi:cryingmask"}],"event_choices":[],"is_beta":false,"boss_relics":[],"items_purged_floors":[12,12],"is_endless":false,"potions_floor_spawned":[2,3,8,14,15],"killed_by":"IC_STATUS_ARCHETYPE","ascension_level":0}}