{"host":"crmowuwgj9wiiaqp","time":1614020553,"event":{"mods":["Act Like it!","Astrologer","Aya Shameimaru","Bard","BaseMod","ChefMod","Colored Map","Hermit","Mathematician","Mathemortician","Minty Spire (QoL Compilation)","QueenMod","Relic Stats","Ruina","Spire Arcade","StSLib","Wide Potions"],"gold_per_floor":[113,123,123,142,142,177,191,219,274,274,286,286,298,309,309,408,408,427,441,441,441],"floor_reached":20,"language":"ENG","playtime":1779,"items_purged":[],"score":188,"play_id":"b22706ab-a494-41e4-bacb-af0fbf0297f1","local_time":"20210222120233","is_ascension_mode":false,"campfire_choices":[{"data":"QueenMod:GatheringSwarm","floor":10.0,"key":"SMITH"},{"data":"QueenMod:Recruit","floor":12.0,"key":"SMITH"},{"floor":15.0,"key":"REST"}],"circlet_count":0,"master_deck":["QueenMod:Strike","QueenMod:Strike","QueenMod:Strike","QueenMod:Defend","QueenMod:Defend","QueenMod:Defend","QueenMod:Defend","QueenMod:QuickJabs","QueenMod:Recruit+1","QueenMod:Infest","QueenMod:Conscripts","QueenMod:Conscripts","QueenMod:Conscripts","QueenMod:PopulateOrder","QueenMod:Assimilate","QueenMod:GatheringSwarm+1","QueenMod:Flyby","QueenMod:Gather","QueenMod:PollenBlast","QueenMod:HoneyShield","QueenMod:Parry"],"relics":["QueenMod:QueensBanner","Mercury Hourglass","Singing Bowl","Oddly Smooth Stone","Black Star"],"acts_visited":["Exordium","Exordium"],"potions_floor_usage":[20],"damage_taken":[{"damage":4.0,"enemies":"Cultist","floor":1.0,"turns":4.0},{"damage":8.0,"enemies":"Jaw Worm","floor":2.0,"turns":5.0},{"damage":0.0,"enemies":"Small Slimes","floor":4.0,"turns":3.0},{"damage":16.0,"enemies":"Lagavulin","floor":6.0,"turns":9.0},{"damage":0.0,"enemies":"Blue Slaver","floor":7.0,"turns":4.0},{"damage":19.0,"enemies":"Gremlin Nob","floor":8.0,"turns":4.0},{"damage":9.0,"enemies":"2 Fungi Beasts","floor":11.0,"turns":3.0},{"damage":3.0,"enemies":"Exordium Wildlife","floor":13.0,"turns":3.0},{"damage":4.0,"enemies":"Gremlin Gang","floor":14.0,"turns":4.0},{"damage":39.0,"enemies":"The Guardian","floor":16.0,"turns":10.0},{"damage":35.0,"enemies":"ruina:BadWolf","floor":18.0,"turns":6.0},{"damage":12.0,"enemies":"ruina:2_Scarecrows","floor":19.0,"turns":6.0},{"damage":41,"enemies":"ruina:Woodsman","floor":20,"turns":5}],"seed_played":"4590578483545686310","potions_obtained":[{"floor":1.0,"key":"Swift Potion"},{"floor":7.0,"key":"PowerPotion"},{"floor":18.0,"key":"Swift Potion"}],"is_trial":false,"path_per_floor":["M","M","?","M","?","E","M","E","T","R","M","R","M","M","R","B",null,"M","M","M"],"character_chosen":"THE_QUEEN","items_purchased":[],"campfire_rested":1,"item_purchase_floors":[],"current_hp_per_floor":[78,70,70,70,70,54,54,35,35,35,26,26,23,19,43,4,82,49,37,0,0],"gold":441,"neow_bonus":"TEN_PERCENT_HP_BONUS","is_daily":false,"chose_seed":false,"campfire_upgraded":2,"win_rate":0.0,"timestamp":1614020553,"path_taken":["M","M","?","M","?","E","?","E","T","R","M","R","M","M","R","BOSS","M","M","M"],"items_purchased_type":[],"build_version":"2020-12-22","purchased_purges":0,"victory":false,"max_hp_per_floor":[82,82,82,82,82,82,82,82,82,82,82,82,82,82,82,82,82,84,84,84,84],"relic_stats":{"Singing Bowl":2,"counters":[13,66],"Black Star":0,"obtain_stats":[{"Frozen Eye":19,"Singing Bowl":8,"QueenMod:QueensBanner":0,"Oddly Smooth Stone":9,"Black Star":17,"Mercury Hourglass":6},{"Frozen Eye":11,"Singing Bowl":6,"QueenMod:QueensBanner":0,"Oddly Smooth Stone":6,"Black Star":10,"Mercury Hourglass":4},{"Frozen Eye":55,"Singing Bowl":29,"QueenMod:QueensBanner":0,"Oddly Smooth Stone":29,"Black Star":49,"Mercury Hourglass":21}],"Mercury Hourglass":[166]},"card_choices":[{"not_picked":["QueenMod:MatingDance","QueenMod:HoldPosition"],"picked":"QueenMod:OverwhelmingForce","floor":1.0},{"not_picked":["QueenMod:HoneycombSmash","QueenMod:HoldPosition"],"picked":"QueenMod:Infest","floor":2.0},{"not_picked":["QueenMod:Parry","QueenMod:HoldPosition"],"picked":"QueenMod:Conscripts","floor":4.0},{"not_picked":["QueenMod:SplitStrike","QueenMod:MilitaryHandbook"],"picked":"QueenMod:PopulateOrder","floor":6.0},{"not_picked":["QueenMod:AttackOrder","QueenMod:Incubate"],"picked":"QueenMod:Assimilate","floor":7.0},{"not_picked":["QueenMod:Advisor","QueenMod:HoldPosition"],"picked":"QueenMod:GatheringSwarm","floor":8.0},{"not_picked":["QueenMod:Lunge","QueenMod:WarTrumpet"],"picked":"QueenMod:Flyby","floor":11.0},{"not_picked":["QueenMod:Mark","QueenMod:HoldPosition"],"picked":"QueenMod:Gather","floor":13.0},{"not_picked":["QueenMod:Fleche","QueenMod:HexGuard"],"picked":"QueenMod:PollenBlast","floor":14.0},{"not_picked":["QueenMod:ForcedMarch","QueenMod:SecretWeapon"],"picked":"QueenMod:HoneyShield","floor":16.0},{"not_picked":["QueenMod:CrossGuard+1","QueenMod:Conscripts","QueenMod:Rally"],"picked":"Singing Bowl","floor":18.0},{"not_picked":["QueenMod:GnatSquadron","QueenMod:HiveDefenses"],"picked":"QueenMod:Parry","floor":19.0}],"player_experience":1436748,"relics_obtained":[{"floor":6.0,"key":"Mercury Hourglass"},{"floor":8.0,"key":"Singing Bowl"},{"floor":9.0,"key":"Oddly Smooth Stone"}],"event_choices":[{"cards_removed":["QueenMod:Strike"],"damage_healed":0.0,"max_hp_gain":0.0,"max_hp_loss":0.0,"gold_gain":0.0,"event_name":"Bonfire Elementals","player_choice":"Offered Basic","floor":5.0,"gold_loss":0.0,"damage_taken":0.0}],"is_beta":false,"boss_relics":[{"not_picked":["Velvet Choker","Coffee Dripper"],"picked":"Black Star"}],"items_purged_floors":[],"is_endless":false,"potions_floor_spawned":[1,7,11,18],"killed_by":"ruina:Woodsman","ascension_level":0}}