{"host":"i0avyit1s6jb1siw","time":1614028684,"event":{"mods":["BaseMod","DeckTracker","Dota2Spire","Minty Spire (QoL Compilation)","Quick Restart","StSLib","SuperFastMode"],"gold_per_floor":[15,28,28,41,41,41,79,79,102,102,125,90,111,149,149,149,243,243,266,280,44,59,75,75,100,100,100,100,100,100,124,158,158,158,158,158],"floor_reached":35,"language":"ENG","playtime":667,"items_purged":["Strike_R"],"score":574,"play_id":"7fddf69e-63d8-4302-98c7-899ee861fcdd","local_time":"20210222221804","is_ascension_mode":true,"campfire_choices":[{"data":"Apotheosis","floor":6.0,"key":"SMITH"},{"data":"Spot Weakness","floor":16,"key":"SMITH"},{"floor":24,"key":"REST"},{"floor":26,"key":"REST"},{"data":"True Grit","floor":29,"key":"SMITH"},{"floor":34,"key":"REST"}],"circlet_count":0,"master_deck":["AscendersBane","Strike_R+1","Strike_R+1","Strike_R+1","Strike_R+1","Defend_R+1","Defend_R+1","Defend_R+1","Defend_R+1","Bash","Apotheosis+1","Wild Strike","Clothesline","Spot Weakness+1","Whirlwind","Sword Boomerang","Demon Form","Uppercut","True Grit+1","Metallicize"],"relics":["Burning Blood","Golden Idol","Orichalcum","Dota2Spire:BladeMail","Dota2Spire:Desolator","Nunchaku","Dota2Spire:Bloodstone","War Paint","Dota2Spire:BlackKingBar","PreservedInsect","Turnip"],"acts_visited":["Exordium","TheCity"],"potions_floor_usage":[13,14,20,25,35],"damage_taken":[{"damage":10.0,"enemies":"2 Louse","floor":1.0,"turns":4.0},{"damage":10.0,"enemies":"Small Slimes","floor":2.0,"turns":4.0},{"damage":4.0,"enemies":"Cultist","floor":4.0,"turns":3.0},{"damage":35.0,"enemies":"Gremlin Nob","floor":7.0,"turns":4.0},{"damage":11.0,"enemies":"Red Slaver","floor":11.0,"turns":4.0},{"damage":0,"enemies":"Gremlin Gang","floor":13,"turns":3},{"damage":17,"enemies":"3 Sentries","floor":14,"turns":8},{"damage":21,"enemies":"Hexaghost","floor":17,"turns":8},{"damage":6,"enemies":"3 Byrds","floor":19,"turns":3},{"damage":9,"enemies":"Chosen","floor":20,"turns":3},{"damage":28,"enemies":"Centurion and Healer","floor":22,"turns":7},{"damage":16,"enemies":"Snake Plant","floor":23,"turns":3},{"damage":33,"enemies":"Cultist and Chosen","floor":25,"turns":5},{"damage":14,"enemies":"Centurion and Healer","floor":31,"turns":6},{"damage":11,"enemies":"Book of Stabbing","floor":32,"turns":3},{"damage":59,"enemies":"Champ","floor":35,"turns":8}],"seed_played":"-5975819445745532749","potions_obtained":[{"floor":2.0,"key":"SkillPotion"},{"floor":4.0,"key":"Explosive Potion"},{"floor":14,"key":"SteroidPotion"},{"floor":15,"key":"Block Potion"},{"floor":22,"key":"FearPotion"},{"floor":32,"key":"AttackPotion"}],"is_trial":false,"path_per_floor":["M","M","?","M","$","R","E","?","T","T","M","?","M","E","?","R","B",null,"M","M","$","M","M","R","M","R","T","T","R","?","M","E","?","R","B"],"character_chosen":"IRONCLAD","items_purchased":["War Paint"],"campfire_rested":3,"item_purchase_floors":[21],"current_hp_per_floor":[64,60,60,62,62,62,33,33,33,33,28,45,51,40,40,40,25,57,57,54,54,32,22,42,15,35,35,35,35,35,27,22,22,42,0,0],"gold":158,"neow_bonus":"RANDOM_COLORLESS_2","is_daily":false,"chose_seed":false,"campfire_upgraded":3,"win_rate":0.0,"timestamp":1614028684,"path_taken":["M","M","?","M","$","R","E","?","T","T","M","?","M","E","?","R","BOSS","M","?","?","M","?","R","M","R","T","T","R","?","M","E","?","R","BOSS"],"items_purchased_type":["Relic"],"build_version":"2020-12-22","purchased_purges":1,"victory":false,"max_hp_per_floor":[75,75,68,68,68,68,68,68,68,68,68,68,68,68,68,68,68,68,68,68,68,68,68,68,68,68,68,68,68,68,68,68,68,68,68,68],"card_choices":[{"not_picked":["Sadistic Nature","Chrysalis"],"picked":"Apotheosis","floor":0.0},{"not_picked":["Clash","Dropkick"],"picked":"Wild Strike","floor":1.0},{"not_picked":["Wild Strike","Iron Wave"],"picked":"Clothesline","floor":2.0},{"not_picked":["Armaments","Juggernaut"],"picked":"Spot Weakness","floor":4.0},{"not_picked":["Armaments","Cleave","Entrench"],"picked":"SKIP","floor":7.0},{"not_picked":["Havoc","Warcry"],"picked":"Whirlwind","floor":11.0},{"not_picked":["Pummel","Warcry","Seeing Red"],"picked":"SKIP","floor":13},{"not_picked":["Iron Wave","Havoc"],"picked":"Sword Boomerang","floor":14},{"not_picked":["Exhume","Barricade"],"picked":"Demon Form","floor":17},{"not_picked":["Thunderclap","Flex","Pommel Strike"],"picked":"SKIP","floor":19},{"not_picked":["Clash","Iron Wave"],"picked":"Uppercut","floor":20},{"not_picked":["Havoc","Sword Boomerang","Juggernaut"],"picked":"SKIP","floor":22},{"not_picked":["Iron Wave","Warcry","Infernal Blade"],"picked":"SKIP","floor":23},{"not_picked":["Perfected Strike+1","Rage"],"picked":"True Grit","floor":25},{"not_picked":["Whirlwind","Headbutt","Spot Weakness"],"picked":"SKIP","floor":31},{"not_picked":["Heavy Blade","Blood for Blood+1"],"picked":"Metallicize","floor":32}],"player_experience":2486519,"relics_obtained":[{"floor":7.0,"key":"Orichalcum"},{"floor":9.0,"key":"Dota2Spire:BladeMail"},{"floor":10.0,"key":"Dota2Spire:Desolator"},{"floor":14,"key":"Nunchaku"},{"floor":27,"key":"Dota2Spire:BlackKingBar"},{"floor":28,"key":"PreservedInsect"},{"floor":32,"key":"Turnip"}],"event_choices":[{"damage_healed":0.0,"max_hp_gain":0.0,"max_hp_loss":7.0,"gold_gain":0.0,"event_name":"Golden Idol","player_choice":"Lose Max HP","floor":3.0,"gold_loss":0.0,"damage_taken":0.0,"relics_obtained":["Golden Idol"]},{"damage_healed":0.0,"max_hp_gain":0.0,"max_hp_loss":0.0,"gold_gain":0.0,"event_name":"Scrap Ooze","player_choice":"Fled","floor":8.0,"gold_loss":0.0,"damage_taken":0.0},{"damage_healed":17.0,"max_hp_gain":0.0,"max_hp_loss":0.0,"gold_gain":0.0,"event_name":"The Cleric","player_choice":"Healed","floor":12.0,"gold_loss":35.0,"damage_taken":0.0},{"damage_healed":0,"gold_gain":0,"player_choice":"Got Potions","damage_taken":0,"max_hp_gain":0,"max_hp_loss":0,"event_name":"Lab","floor":15,"gold_loss":0},{"damage_healed":0,"gold_gain":0,"player_choice":"Ignored","damage_taken":0,"max_hp_gain":0,"max_hp_loss":0,"event_name":"Cursed Tome","floor":30,"gold_loss":0},{"damage_healed":0,"gold_gain":0,"player_choice":"Simplicity","damage_taken":0,"max_hp_gain":0,"max_hp_loss":0,"event_name":"Back to Basics","floor":33,"gold_loss":0,"cards_upgraded":["Strike_R","Strike_R","Strike_R","Strike_R","Defend_R","Defend_R"]}],"is_beta":false,"boss_relics":[{"not_picked":["Runic Cube","SacredBark"],"picked":"Dota2Spire:Bloodstone"}],"items_purged_floors":[21],"is_endless":false,"potions_floor_spawned":[2,4,14,19,22,32],"killed_by":"Champ","ascension_level":20}}