{"host":"snd6571rw3150vxe","time":1614012445,"event":{"mods":["AchievementEnabler","BaseMod","Bestiary","Colored Powertips","Highlight Path","Minty Spire (QoL Compilation)","Quick Restart","Random Character Button","Relic Stats","StSLib","slay the spire mod where everything is the same but ironclad has a cowboy hat"],"gold_per_floor":[117,192,117,117,137,169,169,188,256,53,79,98,98,114,114,216,216,216,216,216,189,205,205,205],"floor_reached":23,"language":"ENG","playtime":725,"items_purged":["Strike_R","Defend_R"],"score":226,"play_id":"bfe905d2-daac-4375-ac76-801c81e79b3f","local_time":"20210222184725","is_ascension_mode":false,"campfire_choices":[{"data":"Bash","floor":7,"key":"SMITH"},{"floor":15,"key":"REST"}],"circlet_count":0,"master_deck":["Strike_R","Strike_R","Strike_R","Strike_R","Defend_R","Defend_R","Defend_R","Bash+1"],"relics":["Black Blood","NeowsBlessing","Lantern","Dead Branch","The Courier","Strawberry","White Beast Statue","MutagenicStrength"],"acts_visited":["Exordium","TheCity"],"potions_floor_usage":[12,14,16,16,18,21,23],"damage_taken":[{"damage":0,"enemies":"Cultist","floor":1,"turns":1},{"damage":0,"enemies":"Jaw Worm","floor":5,"turns":1},{"damage":0,"enemies":"Lagavulin","floor":6,"turns":1},{"damage":0,"enemies":"2 Louse","floor":8,"turns":3},{"damage":36,"enemies":"3 Sentries","floor":11,"turns":6},{"damage":4,"enemies":"Gremlin Gang","floor":12,"turns":3},{"damage":7,"enemies":"Blue Slaver","floor":14,"turns":3},{"damage":55,"enemies":"Slime Boss","floor":16,"turns":10},{"damage":0,"enemies":"Spheric Guardian","floor":18,"turns":1},{"damage":29,"enemies":"2 Thieves","floor":21,"turns":5},{"damage":42,"enemies":"Snake Plant","floor":22,"turns":5},{"damage":72,"enemies":"Book of Stabbing","floor":23,"turns":4}],"seed_played":"3857290638872109622","potions_obtained":[{"floor":1,"key":"Fire Potion"},{"floor":5,"key":"DuplicationPotion"},{"floor":11,"key":"FairyPotion"},{"floor":12,"key":"FearPotion"},{"floor":14,"key":"BlessingOfTheForge"},{"floor":16,"key":"SmokeBomb"},{"floor":20,"key":"Block Potion"},{"floor":20,"key":"Ancient Potion"},{"floor":21,"key":"PowerPotion"}],"is_trial":false,"path_per_floor":["M","?","$","?","M","E","R","M","T","$","E","M","$","M","R","B",null,"M","?","?","M","M","E"],"character_chosen":"IRONCLAD","items_purchased":["Strawberry"],"campfire_rested":1,"item_purchase_floors":[10],"current_hp_per_floor":[80,69,69,51,57,63,63,69,69,76,46,48,48,47,73,24,87,87,87,87,70,40,0,0],"gold":205,"neow_bonus":"THREE_ENEMY_KILL","is_daily":false,"chose_seed":false,"campfire_upgraded":1,"win_rate":0.0,"timestamp":1614012445,"path_taken":["M","?","$","?","?","E","R","M","T","$","E","M","?","M","R","BOSS","M","?","?","?","M","E"],"items_purchased_type":["Relic"],"build_version":"2020-12-22","purchased_purges":2,"victory":false,"max_hp_per_floor":[80,80,80,80,80,80,80,80,80,87,87,87,87,87,87,87,87,87,87,87,87,87,87,87],"relic_stats":{"counters":[12,43],"Dead Branch":[16],"Black Blood":66,"obtain_stats":[{"Lantern":4,"NeowsBlessing":0,"Dead Branch":6,"Strawberry":10,"MutagenicStrength":19,"Black Blood":17,"The Courier":9,"Burning Blood":0,"White Beast Statue":11},{"Lantern":1,"NeowsBlessing":0,"Dead Branch":3,"Strawberry":4,"MutagenicStrength":9,"Black Blood":8,"The Courier":4,"Burning Blood":0,"White Beast Statue":5},{"Lantern":1,"NeowsBlessing":0,"Dead Branch":3,"Strawberry":6,"MutagenicStrength":29,"Black Blood":28,"The Courier":6,"Burning Blood":0,"White Beast Statue":12}]},"card_choices":[{"not_picked":["Bloodletting","Pommel Strike","Perfected Strike"],"picked":"SKIP","floor":1},{"not_picked":["Headbutt","Twin Strike","Clothesline"],"picked":"SKIP","floor":5},{"not_picked":["Flex","Fiend Fire","Seeing Red"],"picked":"SKIP","floor":6},{"not_picked":["Evolve","Pommel Strike","Wild Strike"],"picked":"SKIP","floor":8},{"not_picked":["Rage","Cleave","Armaments"],"picked":"SKIP","floor":11},{"not_picked":["Feel No Pain","Iron Wave","Warcry"],"picked":"SKIP","floor":12},{"not_picked":["Rupture","Wild Strike","Perfected Strike"],"picked":"SKIP","floor":14},{"not_picked":["Sword Boomerang","Disarm","True Grit"],"picked":"SKIP","floor":21},{"not_picked":["Havoc","Thunderclap","Ghostly Armor"],"picked":"SKIP","floor":22}],"player_experience":384196,"relics_obtained":[{"floor":6,"key":"Dead Branch"},{"floor":9,"key":"The Courier"},{"floor":11,"key":"White Beast Statue"}],"event_choices":[{"damage_healed":0,"gold_gain":75,"player_choice":"Gather Gold","damage_taken":11,"max_hp_gain":0,"max_hp_loss":0,"event_name":"World of Goop","floor":2,"gold_loss":0},{"damage_healed":0,"gold_gain":0,"player_choice":"Success","damage_taken":18,"relics_obtained":["Lantern"],"max_hp_gain":0,"max_hp_loss":0,"event_name":"Scrap Ooze","floor":4,"gold_loss":0},{"damage_healed":0,"gold_gain":0,"player_choice":"Inject Mutagens","damage_taken":0,"relics_obtained":["MutagenicStrength"],"max_hp_gain":0,"max_hp_loss":0,"event_name":"Drug Dealer","floor":19,"gold_loss":0},{"damage_healed":0,"gold_gain":0,"player_choice":"Got Potions","damage_taken":0,"max_hp_gain":0,"max_hp_loss":0,"event_name":"Lab","floor":20,"gold_loss":0}],"is_beta":false,"boss_relics":[{"not_picked":["SlaversCollar","Sozu"],"picked":"Black Blood"}],"items_purged_floors":[3,10],"is_endless":false,"potions_floor_spawned":[1,5,11,12,14,16,18,21,22],"killed_by":"Book of Stabbing","ascension_level":0}}