{"host":"e1pm3b7xpcm97e5w","time":1614024563,"event":{"mods":["BaseMod","Better Skull","Googly Eyes","Minty Spire (QoL Compilation)","Relic Stats","Shop Mod","Spicy Shops","StSLib"],"gold_per_floor":[112,123,138,138,15,41,41,72,72,92,92,108,108,29,29,108,108,126,126,126,126,66,66],"floor_reached":22,"language":"ENG","playtime":786,"items_purged":["Strike_B"],"score":317,"play_id":"c10bbf32-6144-4e59-be18-1124fbc481a2","local_time":"20210222150923","is_ascension_mode":true,"campfire_choices":[{"data":"Multi-Cast","floor":11,"key":"SMITH"},{"data":"Gash","floor":13,"key":"SMITH"},{"floor":15,"key":"REST"}],"circlet_count":0,"master_deck":["AscendersBane","Strike_B","Strike_B+1","Defend_B","Defend_B+1","Defend_B","Defend_B","Zap","Dualcast","Gash+1","Go for the Eyes","BootSequence","Sweeping Beam","Multi-Cast+1","Glacier","Cold Snap","Glacier","Loop","Reboot","Gash","Necronomicurse"],"relics":["Cracked Core","StoneCalendar","Pantograph","Incense Burner","Gambling Chip","Philosopher\u0027s Stone","Necronomicon"],"acts_visited":["Exordium","TheCity"],"potions_floor_usage":[8,16],"damage_taken":[{"damage":1,"enemies":"Cultist","floor":1,"turns":4},{"damage":2,"enemies":"Jaw Worm","floor":2,"turns":3},{"damage":8,"enemies":"2 Louse","floor":3,"turns":2},{"damage":2,"enemies":"Lagavulin","floor":6,"turns":7},{"damage":18,"enemies":"Gremlin Nob","floor":8,"turns":4},{"damage":0,"enemies":"Looter","floor":10,"turns":2},{"damage":0,"enemies":"2 Fungi Beasts","floor":12,"turns":4},{"damage":10,"enemies":"The Guardian","floor":16,"turns":10},{"damage":33,"enemies":"3 Byrds","floor":18,"turns":5},{"damage":23,"enemies":"2 Thieves","floor":22,"turns":2}],"seed_played":"6766419556938722108","potions_obtained":[{"floor":1,"key":"SteroidPotion"},{"floor":3,"key":"LiquidBronze"},{"floor":8,"key":"CultistPotion"},{"floor":10,"key":"FocusPotion"}],"is_trial":false,"path_per_floor":["M","M","M","?","$","E","?","E","T","M","R","M","R","$","R","B",null,"M","?","?","?","M"],"character_chosen":"DEFECT","items_purchased":["Sweeping Beam","Loop"],"campfire_rested":1,"item_purchase_floors":[5,14],"current_hp_per_floor":[67,65,57,43,43,41,34,16,16,16,16,16,16,16,36,51,64,31,31,31,15,0,0],"gold":66,"neow_bonus":"ONE_RARE_RELIC","is_daily":false,"chose_seed":false,"campfire_upgraded":2,"win_rate":0.0,"timestamp":1614024563,"path_taken":["M","?","M","?","$","E","?","E","T","M","R","M","R","?","R","BOSS","M","?","?","?","M"],"items_purchased_type":["Card","Card"],"build_version":"2020-12-22","purchased_purges":1,"victory":false,"max_hp_per_floor":[68,68,68,68,68,68,68,68,68,68,68,68,68,68,68,68,68,68,68,68,68,68,68],"relic_stats":{"counters":[10,43],"Pantograph":25,"Gambling Chip":[9],"StoneCalendar":[101],"Necronomicon":[0],"obtain_stats":[{"Pantograph":6,"Gambling Chip":9,"StoneCalendar":0,"Philosopher\u0027s Stone":17,"Incense Burner":8,"Necronomicon":21,"Cracked Core":0},{"Pantograph":4,"Gambling Chip":5,"StoneCalendar":0,"Philosopher\u0027s Stone":8,"Incense Burner":5,"Necronomicon":9,"Cracked Core":0},{"Pantograph":16,"Gambling Chip":20,"StoneCalendar":0,"Philosopher\u0027s Stone":36,"Incense Burner":20,"Necronomicon":41,"Cracked Core":0}]},"card_choices":[{"not_picked":["Storm","Scrape"],"picked":"Gash","floor":1},{"not_picked":["Heatsinks","Beam Cell"],"picked":"Go for the Eyes","floor":2},{"not_picked":["Rebound","Redo"],"picked":"BootSequence","floor":3},{"not_picked":["Darkness","Stack"],"picked":"Multi-Cast","floor":6},{"not_picked":["Force Field","Storm"],"picked":"Glacier","floor":8},{"not_picked":["Static Discharge","FTL"],"picked":"Cold Snap","floor":10},{"not_picked":["Force Field","Turbo"],"picked":"Glacier","floor":12},{"not_picked":["Hyperbeam","Fission"],"picked":"Reboot","floor":16},{"not_picked":["Conserve Battery","Coolheaded+1"],"picked":"Gash","floor":18}],"player_experience":723396,"relics_obtained":[{"floor":6,"key":"Pantograph"},{"floor":8,"key":"Incense Burner"},{"floor":9,"key":"Gambling Chip"},{"floor":21,"key":"Necronomicon"}],"event_choices":[{"damage_healed":0,"gold_gain":0,"player_choice":"Entered Light","damage_taken":14,"max_hp_gain":0,"max_hp_loss":0,"event_name":"Shining Light","floor":4,"gold_loss":0,"cards_upgraded":["Defend_B","Strike_B"]},{"cards_removed":["Strike_B"],"damage_healed":0,"gold_gain":0,"player_choice":"Card Removal","damage_taken":7,"max_hp_gain":0,"max_hp_loss":0,"event_name":"Golden Wing","floor":7,"gold_loss":0},{"damage_healed":0,"gold_gain":0,"player_choice":"Ignored","damage_taken":0,"max_hp_gain":0,"max_hp_loss":0,"event_name":"The Mausoleum","floor":19,"gold_loss":0},{"damage_healed":0,"gold_gain":0,"player_choice":"Ignored","damage_taken":0,"max_hp_gain":0,"max_hp_loss":0,"event_name":"Vampires","floor":20,"gold_loss":0},{"damage_healed":0,"gold_gain":0,"player_choice":"Obtained Book","damage_taken":16,"max_hp_gain":0,"max_hp_loss":0,"event_name":"Cursed Tome","floor":21,"gold_loss":0}],"is_beta":false,"boss_relics":[{"not_picked":["Pandora\u0027s Box","Tiny House"],"picked":"Philosopher\u0027s Stone"}],"items_purged_floors":[5],"is_endless":false,"potions_floor_spawned":[1,3,8,10],"killed_by":"2 Thieves","ascension_level":13}}