{"host":"wqwfknj40rilnol1","time":1614006991,"event":{"mods":["BaseMod","BetterRewards","Block Reminder","Colored Map","Hubris","Minty Spire (QoL Compilation)","Permanent Neow","Relic Stats","StSLib","The Cursed"],"gold_per_floor":[115,115,115,131,131,170,195,195,195],"floor_reached":8,"language":"ENG","playtime":353,"items_purged":[],"score":56,"play_id":"50c94ff9-aa92-4e31-9975-1f32e8f4610d","local_time":"20210222161631","is_ascension_mode":false,"campfire_choices":[],"circlet_count":0,"master_deck":["TheCursedMod:Strike_TheCursed","TheCursedMod:Strike_TheCursed","TheCursedMod:Strike_TheCursed","TheCursedMod:Strike_TheCursed","TheCursedMod:Defend_TheCursed","TheCursedMod:Defend_TheCursed","TheCursedMod:Defend_TheCursed","TheCursedMod:Defend_TheCursed","TheCursedMod:CursedWand","TheCursedMod:CleanUpWorkshop","TheCursedMod:Dregs","Writhe","TheCursedMod:CursedBoomerang","Injury","TheCursedMod:WearCloak","TheCursedMod:SpitefulPray","TheCursedMod:SpitefulStrike","TheCursedMod:LuckyCharm"],"relics":["TheCursedMod:BlackMagic101","Torii","Golden Idol","hubris:Towel","Juzu Bracelet"],"acts_visited":["Exordium"],"potions_floor_usage":[6],"damage_taken":[{"damage":0,"enemies":"2 Louse","floor":1,"turns":3},{"damage":0,"enemies":"Small Slimes","floor":4,"turns":4},{"damage":28,"enemies":"3 Sentries","floor":6,"turns":11},{"damage":0,"enemies":"Cultist","floor":7,"turns":3},{"damage":53,"enemies":"Gremlin Nob","floor":8,"turns":5}],"seed_played":"-4679492666600196777","potions_obtained":[{"floor":1,"key":"SteroidPotion"},{"floor":7,"key":"SpeedPotion"}],"is_trial":false,"path_per_floor":["M","?","?","M","?","E","M","E"],"character_chosen":"THE_CURSED","items_purchased":[],"campfire_rested":0,"item_purchase_floors":[],"current_hp_per_floor":[75,75,75,75,75,47,47,0,0],"gold":195,"neow_bonus":"ONE_RARE_RELIC","is_daily":false,"chose_seed":false,"campfire_upgraded":0,"win_rate":0.0,"timestamp":1614006991,"path_taken":["M","?","?","M","?","E","M","E"],"items_purchased_type":[],"build_version":"2020-12-22","purchased_purges":0,"victory":false,"max_hp_per_floor":[75,75,75,75,75,75,75,75,75],"relic_stats":{"Torii":8,"counters":[5,26],"Golden Idol":16,"Juzu Bracelet":0,"obtain_stats":[{"TheCursedMod:BlackMagic101":0,"Torii":0,"Golden Idol":2,"Juzu Bracelet":6,"hubris:Towel":5},{"TheCursedMod:BlackMagic101":0,"Torii":0,"Golden Idol":1,"Juzu Bracelet":3,"hubris:Towel":2},{"TheCursedMod:BlackMagic101":0,"Torii":0,"Golden Idol":3,"Juzu Bracelet":18,"hubris:Towel":7}]},"card_choices":[{"not_picked":["TheCursedMod:TacticalStrike","TheCursedMod:Stretching"],"picked":"TheCursedMod:CursedBoomerang","floor":1},{"not_picked":["TheCursedMod:TroublousMinions","TheCursedMod:Obscuration"],"picked":"TheCursedMod:SpitefulPray","floor":4},{"not_picked":["TheCursedMod:ManaBullet","TheCursedMod:FuryStrike"],"picked":"TheCursedMod:SpitefulStrike","floor":6},{"not_picked":["TheCursedMod:CursedArmor","TheCursedMod:TacticalStrike"],"picked":"TheCursedMod:LuckyCharm","floor":7}],"player_experience":288739,"relics_obtained":[{"floor":6,"key":"Juzu Bracelet"}],"event_choices":[{"damage_healed":0,"gold_gain":0,"player_choice":"Take Wound","damage_taken":0,"relics_obtained":["Golden Idol"],"max_hp_gain":0,"max_hp_loss":0,"event_name":"Golden Idol","floor":2,"gold_loss":0,"cards_obtained":["Injury"]}],"is_beta":false,"boss_relics":[],"items_purged_floors":[],"is_endless":false,"potions_floor_spawned":[1,7],"killed_by":"Gremlin Nob","ascension_level":0}}