{"host":"Tom","time":1614005767,"event":{"mods":["BaseMod","Downfall","Hermit","Jorbs\u0027s Wanderer Trilogy","Minty Spire (QoL Compilation)","Replay The Spire","Shop Mod","StSLib","The Animator","The Cursed","The Hierophant"],"gold_per_floor":[99,117,133,1,16,91,136,311,311,311,331,358,378,392,404,404,404,404],"floor_reached":16,"language":"ENG","playtime":1059,"items_purged":[],"score":104,"play_id":"cc1601cb-8314-49d1-a318-0e985f14a123","local_time":"20210222235607","is_ascension_mode":false,"campfire_choices":[{"data":"Slimebound:Split","floor":1,"key":"SMITH"},{"floor":10,"key":"REST"}],"circlet_count":0,"master_deck":["Slimebound:Strike_Slimebound","Slimebound:Strike_Slimebound","Slimebound:Strike_Slimebound","Slimebound:Tackle","Slimebound:Defend_Slimebound","Slimebound:Defend_Slimebound","Slimebound:Defend_Slimebound","Slimebound:Defend_Slimebound","Slimebound:Split+1","Slimebound:CorrosiveSpit","Slimebound:DivideAndConquer","Slimebound:ForwardTackle","Slimebound:Prepare","Slimebound:LeadByExample","Slimebound:ComboTackle","Slimebound:ComboTackle","Slimebound:Teamwork","Doubt","Slimebound:MegaLick","Slimebound:ItLooksTasty","Slimebound:GoopSpray","Slimebound:Gluttony"],"relics":["Slimebound:AbsorbEndCombat","Akabeko","Bottled Lightning"],"acts_visited":["Exordium"],"potions_floor_usage":[4,11,12,16,16],"damage_taken":[{"damage":8,"enemies":"Small Slimes","floor":2,"turns":4},{"damage":4,"enemies":"Jaw Worm","floor":3,"turns":3},{"damage":19,"enemies":"downfall:FleeingMerchant","floor":4,"turns":4},{"damage":5,"enemies":"2 Louse","floor":5,"turns":3},{"damage":19,"enemies":"Lots of Slimes","floor":11,"turns":3},{"damage":28,"enemies":"3 Sentries","floor":12,"turns":4},{"damage":0,"enemies":"downfall:LooterAlt","floor":13,"turns":1},{"damage":7,"enemies":"Gremlin Gang","floor":14,"turns":4},{"damage":13,"enemies":"Red Slaver","floor":15,"turns":2},{"damage":26,"enemies":"SI_SHIV_ARCHETYPE","floor":16,"turns":7}],"seed_played":"-5193993667412429956","potions_obtained":[{"floor":2,"key":"Energy Potion"},{"floor":5,"key":"Slimebound:SlimedPotion"},{"floor":9,"key":"DuplicationPotion"},{"floor":9,"key":"Adrenaline Potion"},{"floor":11,"key":"GamblersBrew"},{"floor":14,"key":"Languid Potion"}],"is_trial":false,"path_per_floor":["R","M","M","$","M","?","T","?","?","R","M","E","M","M","M","B"],"character_chosen":"SLIMEBOUND","items_purchased":["Slimebound:LeadByExample","Slimebound:ComboTackle"],"campfire_rested":1,"item_purchase_floors":[4,4],"current_hp_per_floor":[71,63,63,52,49,49,49,49,49,70,51,29,29,28,15,0,0,0],"gold":404,"neow_bonus":"TEN_PERCENT_HP_BONUS","is_daily":false,"chose_seed":false,"campfire_upgraded":1,"win_rate":0.0,"timestamp":1614005767,"path_taken":["R","M","M","$","M","?","T","?","?","R","?","E","M","M","M","BOSS"],"items_purchased_type":["Card","Card"],"build_version":"2020-12-18","purchased_purges":0,"victory":false,"max_hp_per_floor":[71,71,71,71,71,71,71,71,71,71,71,71,71,71,71,71,71,71],"card_choices":[{"not_picked":["Slimebound:SlimeBrawl","Slimebound:ProtectTheBoss"],"picked":"Slimebound:DivideAndConquer","floor":2},{"not_picked":["Slimebound:SplitAcid","Slimebound:TongueLash"],"picked":"Slimebound:ForwardTackle","floor":3},{"not_picked":["Slimebound:LeechEnergy","Slimebound:FlameTackle"],"picked":"Slimebound:Prepare","floor":4},{"not_picked":["Slimebound:FinishingTackle","Slimebound:ViciousTackle"],"picked":"Slimebound:Teamwork","floor":5},{"not_picked":["Slimebound:SplitMire","Slimebound:LeechingTouch"],"picked":"Slimebound:MegaLick","floor":11},{"not_picked":["Slimebound:SlimeSpikes","Slimebound:GoopTackle"],"picked":"Slimebound:ItLooksTasty","floor":12},{"not_picked":["Slimebound:LivingWall","Slimebound:RollThrough"],"picked":"Slimebound:GoopSpray","floor":13},{"not_picked":["Slimebound:FirmFortitude","Slimebound:Schlurp","Slimebound:LivingWall"],"picked":"SKIP","floor":14},{"not_picked":["Slimebound:FinishingTackle","Slimebound:ViciousTackle"],"picked":"Slimebound:Gluttony","floor":15}],"player_experience":275577,"relics_obtained":[{"floor":7,"key":"Akabeko"},{"floor":12,"key":"Bottled Lightning"}],"event_choices":[{"damage_healed":0,"gold_gain":0,"player_choice":"Got Potions","damage_taken":0,"max_hp_gain":0,"max_hp_loss":0,"event_name":"Lab","floor":9,"gold_loss":0}],"is_beta":true,"boss_relics":[],"items_purged_floors":[],"is_endless":false,"potions_floor_spawned":[2,5,11,14],"killed_by":"SI_SHIV_ARCHETYPE","ascension_level":0}}