{"host":"Stephanie","time":1614015986,"event":{"mods":["BaseMod","Colored Powertips","Minty Spire (QoL Compilation)","Rare Cards Sparkle","Relic Stats","StSLib","The Marked"],"gold_per_floor":[114,133,146,321,341,373,373,390,390,415,415,449,399,409,409,514,514,531,543,642,657,677,706,706,724,724,197,147,172,187,222,222,324,324,335,347,358,186,200,231,231,264,264,281,295,295,315,343,343,343,343,343,15,48,48,48],"floor_reached":55,"language":"ENG","playtime":4091,"items_purged":["theMarked:Strike"],"score":910,"play_id":"da52462d-ee72-4bfa-ac1f-9dbf60ec99a4","local_time":"20210222124626","is_ascension_mode":true,"campfire_choices":[{"data":"theMarked:SoldierOfQuellstein","floor":7.0,"key":"SMITH"},{"data":"theMarked:SelfDefenseTraining","floor":15.0,"key":"SMITH"},{"data":"theMarked:EmpowerWeapon","floor":24,"key":"SMITH"},{"data":"theMarked:AttractMetal","floor":32,"key":"SMITH"},{"floor":46,"key":"RECALL"},{"floor":49,"key":"REST"},{"data":"theMarked:EmpowerWeapon","floor":52,"key":"SMITH"}],"circlet_count":0,"master_deck":["theMarked:Strike","theMarked:Strike","theMarked:Strike","theMarked:Strike","theMarked:Defend","theMarked:Defend","theMarked:Defend","theMarked:Defend","theMarked:SoldierOfQuellstein+1","theMarked:SelfDefenseTraining+1","theMarked:ElectricStrings","theMarked:HeightenedSenses","theMarked:MuscleMemory","theMarked:BiggerThanFate","theMarked:Levitate","theMarked:AttractMetal+1","theMarked:Improvise+1","theMarked:Levitate","theMarked:EmpowerWeapon+1","theMarked:SwordAndMagic+1","theMarked:ResourceFulStrike","theMarked:Panic","theMarked:Toughness","theMarked:BiggerThanFate","theMarked:TwofoldDefense+1","theMarked:Opportunist","theMarked:EmpowerWeapon+1","theMarked:StartUp","theMarked:TwofoldDefense+1","theMarked:SwordAndMagic+1","theMarked:Electrify+1","theMarked:PowerFlow","theMarked:ComboAttacks","theMarked:PowerFlow+1"],"relics":["theMarked:SpiritSword","Ancient Tea Set","StrikeDummy","Meat on the Bone","theMarked:Gun","Cursed Key","Blood Vial","Toy Ornithopter","Oddly Smooth Stone","Omamori","Akabeko","Snecko Eye","Potion Belt","Regal Pillow","MealTicket","Strange Spoon","Blue Candle"],"acts_visited":["Exordium","TheCity","TheBeyond","TheEnding"],"potions_floor_usage":[29,29,29,31,33,36,45,47,54,55,55,55,55],"damage_taken":[{"damage":0.0,"enemies":"Small Slimes","floor":1.0,"turns":3.0},{"damage":0.0,"enemies":"2 Louse","floor":2.0,"turns":2.0},{"damage":7.0,"enemies":"Cultist","floor":3.0,"turns":5.0},{"damage":0.0,"enemies":"Looter","floor":5.0,"turns":3.0},{"damage":18.0,"enemies":"Gremlin Nob","floor":6.0,"turns":6.0},{"damage":6.0,"enemies":"Exordium Wildlife","floor":8.0,"turns":5.0},{"damage":22.0,"enemies":"Lagavulin","floor":10.0,"turns":9.0},{"damage":8.0,"enemies":"3 Sentries","floor":12.0,"turns":6.0},{"damage":6.0,"enemies":"Large Slime","floor":14.0,"turns":7.0},{"damage":7.0,"enemies":"The Guardian","floor":16.0,"turns":12.0},{"damage":8.0,"enemies":"3 Byrds","floor":18.0,"turns":6.0},{"damage":5.0,"enemies":"Chosen","floor":19.0,"turns":6.0},{"damage":15.0,"enemies":"Snecko","floor":21.0,"turns":8.0},{"damage":7.0,"enemies":"Shelled Parasite and Fungi","floor":22.0,"turns":4.0},{"damage":28.0,"enemies":"Gremlin Leader","floor":23.0,"turns":8.0},{"damage":10,"enemies":"Snake Plant","floor":25,"turns":4},{"damage":27,"enemies":"Book of Stabbing","floor":29,"turns":4},{"damage":6,"enemies":"Cultist and Chosen","floor":30,"turns":6},{"damage":18,"enemies":"Slavers","floor":31,"turns":4},{"damage":17,"enemies":"Champ","floor":33,"turns":7},{"damage":0,"enemies":"3 Darklings","floor":35,"turns":4},{"damage":7,"enemies":"Orb Walker","floor":36,"turns":3},{"damage":5,"enemies":"Transient","floor":37,"turns":5},{"damage":16,"enemies":"Jaw Worm Horde","floor":39,"turns":4},{"damage":0,"enemies":"Giant Head","floor":40,"turns":5},{"damage":0,"enemies":"Nemesis","floor":42,"turns":3},{"damage":0,"enemies":"Sphere and 2 Shapes","floor":44,"turns":3},{"damage":5,"enemies":"Writhing Mass","floor":45,"turns":3},{"damage":0,"enemies":"Transient","floor":47,"turns":5},{"damage":24,"enemies":"Reptomancer","floor":48,"turns":6},{"damage":37,"enemies":"Donu and Deca","floor":50,"turns":5},{"damage":14,"enemies":"Shield and Spear","floor":54,"turns":5},{"damage":85,"enemies":"The Heart","floor":55,"turns":5}],"seed_played":"4387458005246250938","potions_obtained":[{"floor":2.0,"key":"SkillPotion"},{"floor":3.0,"key":"ColorlessPotion"},{"floor":5.0,"key":"Weak Potion"},{"floor":6.0,"key":"SkillPotion"},{"floor":10.0,"key":"FearPotion"},{"floor":21.0,"key":"GamblersBrew"},{"floor":29,"key":"theMarked:HoverShot"},{"floor":30,"key":"PowerPotion"},{"floor":35,"key":"SkillPotion"},{"floor":36,"key":"DistilledChaos"},{"floor":42,"key":"SkillPotion"},{"floor":47,"key":"Fruit Juice"},{"floor":54,"key":"Dexterity Potion"}],"is_trial":false,"path_per_floor":["M","M","M","?","M","E","R","M","T","E","?","E","?","M","R","B",null,"M","M","?","M","M","E","R","M","T","$","?","E","M","E","R","B",null,"M","M","M","$","M","E","?","E","T","M","M","R","M","E","R","B",null,"R","$","E","B"],"character_chosen":"THE_DEFAULT","items_purchased":["EntropicBrew","Toy Ornithopter","Oddly Smooth Stone","theMarked:ResourceFulStrike","CultistPotion","theMarked:StartUp","Strange Spoon","theMarked:ComboAttacks","Energy Potion","FearPotion"],"campfire_rested":1,"item_purchase_floors":[27,27,27,27,38,38,53,53,53,53],"current_hp_per_floor":[72,72,65,65,65,47,47,41,41,19,24,28,28,34,34,39,77,69,64,64,49,42,26,26,30,30,30,30,32,40,41,41,43,77,77,75,72,72,58,60,60,62,62,64,66,66,73,49,73,48,73,73,73,69,0,0],"gold":48,"neow_bonus":"BOSS_RELIC","is_daily":false,"chose_seed":false,"campfire_upgraded":5,"win_rate":0.0,"timestamp":1614015986,"path_taken":["M","M","M","?","M","E","R","M","T","E","?","E","?","M","R","BOSS","M","M","?","M","M","E","R","M","T","$","?","E","M","E","R","BOSS","M","?","M","$","M","E","?","E","T","M","M","R","M","E","R","BOSS","R","$","E","BOSS"],"items_purchased_type":["Potion","Relic","Relic","Card","Potion","Card","Relic","Card","Potion","Potion"],"build_version":"2020-12-18","purchased_purges":1,"victory":false,"max_hp_per_floor":[72,72,72,72,72,72,72,72,72,72,77,77,77,77,77,77,77,77,77,77,77,77,77,77,77,77,77,77,77,77,77,77,77,77,77,77,77,77,77,77,73,73,73,73,73,73,73,73,73,73,73,73,73,78,78,78],"relic_stats":{"Blood Vial":26,"Strange Spoon":[12],"Regal Pillow":3,"counters":[33,171],"Blue Candle":[0],"Snecko Eye":[94,114,116,106],"MealTicket":0,"Cursed Key":1,"obtain_stats":[{"Potion Belt":40,"Regal Pillow":42,"theMarked:Gun":12,"Blue Candle":54,"Oddly Smooth Stone":27,"theMarked:SpiritSword":0,"Omamori":29,"Ancient Tea Set":6,"Cursed Key":17,"Akabeko":31,"Blood Vial":23,"theMarked:ArtifactOfAir":0,"Strange Spoon":53,"Snecko Eye":34,"MealTicket":48,"StrikeDummy":9,"Toy Ornithopter":27,"Meat on the Bone":10},{"Potion Belt":25,"Regal Pillow":26,"theMarked:Gun":8,"Blue Candle":32,"Oddly Smooth Stone":16,"theMarked:SpiritSword":0,"Omamori":17,"Ancient Tea Set":5,"Cursed Key":10,"Akabeko":19,"Blood Vial":15,"theMarked:ArtifactOfAir":0,"Strange Spoon":31,"Snecko Eye":20,"MealTicket":30,"StrikeDummy":6,"Toy Ornithopter":16,"Meat on the Bone":7},{"Potion Belt":136,"Regal Pillow":139,"theMarked:Gun":39,"Blue Candle":166,"Oddly Smooth Stone":94,"theMarked:SpiritSword":0,"Omamori":98,"Ancient Tea Set":19,"Cursed Key":58,"Akabeko":108,"Blood Vial":90,"theMarked:ArtifactOfAir":0,"Strange Spoon":161,"Snecko Eye":115,"MealTicket":156,"StrikeDummy":24,"Toy Ornithopter":94,"Meat on the Bone":33}],"Toy Ornithopter":58,"Meat on the Bone":120},"card_choices":[{"not_picked":["theMarked:WardOff","theMarked:Memento"],"picked":"theMarked:SelfDefenseTraining","floor":1.0},{"not_picked":["theMarked:TheMission","theMarked:Determination","theMarked:Seal"],"picked":"SKIP","floor":2.0},{"not_picked":["theMarked:WastefulAttack","theMarked:TakeCover"],"picked":"theMarked:ElectricStrings","floor":3.0},{"not_picked":["theMarked:BanishingStrike","theMarked:Parry"],"picked":"theMarked:HeightenedSenses","floor":5.0},{"not_picked":["theMarked:TheMission","theMarked:Electrify"],"picked":"theMarked:MuscleMemory","floor":6.0},{"not_picked":["theMarked:Frustration","theMarked:TakeCover","theMarked:HeightenedSenses"],"picked":"SKIP","floor":8.0},{"not_picked":["theMarked:WastefulAttack","theMarked:ElectricStrings"],"picked":"theMarked:BiggerThanFate","floor":10.0},{"not_picked":["theMarked:CreepingChasm","theMarked:Aftermath","theMarked:TwofoldDefense"],"picked":"SKIP","floor":12.0},{"not_picked":["theMarked:Frustration","theMarked:BanishingStrike","theMarked:TwofoldDefense"],"picked":"SKIP","floor":14.0},{"not_picked":["theMarked:Snap","theMarked:TurnInvisible"],"picked":"theMarked:Levitate","floor":16.0},{"not_picked":["theMarked:BanishingStrike","theMarked:TakeCover","theMarked:RepellingDischarge+1"],"picked":"SKIP","floor":18.0},{"not_picked":["theMarked:Convert","theMarked:Friction+1"],"picked":"theMarked:AttractMetal","floor":19.0},{"not_picked":["theMarked:CreepingChasm","theMarked:ChainLightning"],"picked":"theMarked:Improvise+1","floor":21.0},{"not_picked":["theMarked:TakeCover","theMarked:Parkour+1"],"picked":"theMarked:Levitate","floor":22.0},{"not_picked":["theMarked:Standoff","theMarked:Frustration"],"picked":"theMarked:EmpowerWeapon","floor":23},{"not_picked":["theMarked:ChainLightning+1","theMarked:CreepingChasm"],"picked":"theMarked:SwordAndMagic+1","floor":25},{"not_picked":["theMarked:RepellingDischarge+1","theMarked:BanishingStrike","theMarked:ResourceFulStrike"],"picked":"SKIP","floor":29},{"not_picked":["theMarked:BanishingStrike","theMarked:WardOff"],"picked":"theMarked:Panic","floor":30},{"not_picked":["theMarked:HeightenedSenses+1","theMarked:TunnelVision+1"],"picked":"theMarked:Toughness","floor":31},{"not_picked":["theMarked:Vacuum","theMarked:Challenge"],"picked":"theMarked:BiggerThanFate","floor":33},{"not_picked":["theMarked:Frustration+1","theMarked:CreepingChasm+1"],"picked":"theMarked:TwofoldDefense+1","floor":35},{"not_picked":["theMarked:RepellingDischarge+1","theMarked:Overcharge+1"],"picked":"theMarked:Opportunist","floor":36},{"not_picked":["theMarked:Frustration","theMarked:WardOff"],"picked":"theMarked:EmpowerWeapon","floor":37},{"not_picked":["theMarked:Improvise","theMarked:Polarize"],"picked":"theMarked:TwofoldDefense+1","floor":39},{"not_picked":["theMarked:ChainLightning+1","theMarked:RepellingDischarge","theMarked:Generate"],"picked":"SKIP","floor":40},{"not_picked":["theMarked:TheMission","theMarked:ResourceFulStrike"],"picked":"theMarked:SwordAndMagic+1","floor":42},{"not_picked":["theMarked:Memento+1","theMarked:Parkour","theMarked:ElectricStrings+1"],"picked":"SKIP","floor":44},{"not_picked":["theMarked:Toughness","theMarked:SwordAndMagic+1"],"picked":"theMarked:Electrify+1","floor":45},{"not_picked":["theMarked:RepellingDischarge","theMarked:Memento","theMarked:Frustration"],"picked":"SKIP","floor":47},{"not_picked":["theMarked:Challenge","theMarked:ElectricStrings+1"],"picked":"theMarked:PowerFlow","floor":48},{"not_picked":["theMarked:EmpowerWeapon","theMarked:Indomitable+1"],"picked":"theMarked:PowerFlow+1","floor":54}],"player_experience":898813,"relics_obtained":[{"floor":6.0,"key":"Ancient Tea Set"},{"floor":9.0,"key":"StrikeDummy"},{"floor":10.0,"key":"Meat on the Bone"},{"floor":12.0,"key":"theMarked:Gun"},{"floor":23,"key":"Blood Vial"},{"floor":29,"key":"Omamori"},{"floor":31,"key":"Akabeko"},{"floor":40,"key":"Potion Belt"},{"floor":42,"key":"Regal Pillow"},{"floor":48,"key":"MealTicket"},{"floor":54,"key":"Blue Candle"}],"event_choices":[{"damage_healed":0.0,"max_hp_gain":0.0,"max_hp_loss":0.0,"gold_gain":175.0,"event_name":"Liars Game","player_choice":"AGREE","floor":4.0,"gold_loss":0.0,"damage_taken":0.0,"cards_obtained":["Doubt"]},{"damage_healed":0.0,"max_hp_gain":5.0,"max_hp_loss":0.0,"gold_gain":0.0,"event_name":"Big Fish","player_choice":"Donut","floor":11.0,"gold_loss":0.0,"damage_taken":0.0},{"cards_removed":["Doubt"],"damage_healed":0.0,"max_hp_gain":0.0,"max_hp_loss":0.0,"gold_gain":0.0,"event_name":"The Cleric","player_choice":"Card Removal","floor":13.0,"gold_loss":50.0,"damage_taken":0.0},{"damage_healed":0.0,"max_hp_gain":0.0,"max_hp_loss":0.0,"gold_gain":99.0,"event_name":"Nest","player_choice":"Stole From Cult","floor":20.0,"gold_loss":0.0,"damage_taken":0.0},{"damage_healed":0,"gold_gain":0,"player_choice":"Bet on Murderer","damage_taken":0,"max_hp_gain":0,"max_hp_loss":0,"event_name":"The Joust","floor":28,"gold_loss":50},{"damage_healed":0,"gold_gain":0,"player_choice":"Max HP","damage_taken":0,"max_hp_gain":0,"max_hp_loss":4,"event_name":"Winding Halls","floor":41,"gold_loss":0}],"is_beta":true,"boss_relics":[{"not_picked":["Pandora\u0027s Box","Empty Cage"],"picked":"Cursed Key"},{"not_picked":["Philosopher\u0027s Stone","theMarked:Eyepatch"],"picked":"Snecko Eye"}],"items_purged_floors":[27],"is_endless":false,"potions_floor_spawned":[2,3,5,6,10,21,29,30,35,36,39,42,47,54],"killed_by":"The Heart","ascension_level":1}}