{"host":"ifhtq4ixo5m3h13u","time":1614006551,"event":{"mods":["Act Like it!","BaseMod","Minty Spire (QoL Compilation)","Ruina","StSLib","noobMod"],"gold_per_floor":[109,121,121,135,153,185,198,163,189,189,164,192,118,118,118,219,219,229,62,62,62,79,109,109,109,109,135,154,154,154,173,173,268,268,288,213,213,224,240,240,240,271,271,271,318,332,332,350,350,350,350,350,75,106,106],"floor_reached":56,"language":"ZHS","playtime":2109,"items_purged":["Pain"],"score":1273,"play_id":"2717c32b-638d-4884-9735-f3bd7473dbd0","local_time":"20210222230911","is_ascension_mode":false,"campfire_choices":[{"floor":10.0,"key":"RECALL"},{"floor":15.0,"key":"REST"},{"data":"ruina:BlindRage","floor":25.0,"key":"SMITH"},{"floor":29.0,"key":"REST"},{"floor":32.0,"key":"DIG"},{"floor":40,"key":"DIG"},{"floor":49,"key":"DIG"},{"floor":52,"key":"DIG"}],"circlet_count":0,"master_deck":["Strike_R","Strike_R","Strike_R","Strike_R","Strike_R","Defend_R","Defend_R","Defend_R","Defend_R","Bash","Carnage","Flex","Sever Soul","Berserk","Clash","Clash","Second Wind","Barricade","ruina:BlindRage+1","Warcry","Seeing Red","Heavy Blade+1","Impervious","Berserk","Flame Barrier+1","Trip","Sadistic Nature","Panache","Metallicize+1","Anger","Clash+1","Sadistic Nature","Reaper"],"relics":["Black Blood","ice","NeowsBlessing","Mango","Juzu Bracelet","Torii","Toy Ornithopter","Happy Flower","ruina:PrescriptsGrace","Pocketwatch","HornCleat","Shovel","Incense Burner","Runic Cube","Red Skull","Pantograph","Anchor","Magic Flower","Self Forming Clay","Mercury Hourglass","Oddly Smooth Stone"],"acts_visited":["Exordium","ruina:Briah","TheBeyond","TheEnding"],"potions_floor_usage":[50,55],"damage_taken":[{"damage":0.0,"enemies":"Cultist","floor":1.0,"turns":1.0},{"damage":2.0,"enemies":"2 Louse","floor":2.0,"turns":2.0},{"damage":0.0,"enemies":"Small Slimes","floor":4.0,"turns":1.0},{"damage":10.0,"enemies":"Looter","floor":5.0,"turns":3.0},{"damage":32.0,"enemies":"Gremlin Nob","floor":6.0,"turns":4.0},{"damage":4.0,"enemies":"3 Louse","floor":7.0,"turns":3.0},{"damage":27.0,"enemies":"Lagavulin","floor":12.0,"turns":3.0},{"damage":47.0,"enemies":"Slime Boss","floor":16.0,"turns":7.0},{"damage":16.0,"enemies":"ruina:2_Scarecrows","floor":18.0,"turns":5.0},{"damage":64.0,"enemies":"ruina:3_Bats","floor":22.0,"turns":6.0},{"damage":53.0,"enemies":"ruina:ServantOfWrath","floor":23.0,"turns":5.0},{"damage":25.0,"enemies":"ruina:RoadHome","floor":27.0,"turns":2.0},{"damage":17.0,"enemies":"ruina:KnightOfDespair","floor":28.0,"turns":4.0},{"damage":29.0,"enemies":"ruina:3_Scarecrows","floor":31.0,"turns":5.0},{"damage":96,"enemies":"ruina:Red_and_Wolf","floor":33,"turns":10},{"damage":8,"enemies":"Orb Walker","floor":35,"turns":4},{"damage":37,"enemies":"3 Darklings","floor":38,"turns":4},{"damage":30,"enemies":"Writhing Mass","floor":39,"turns":4},{"damage":38,"enemies":"Reptomancer","floor":42,"turns":6},{"damage":34,"enemies":"2 Orb Walkers","floor":45,"turns":4},{"damage":17,"enemies":"Transient","floor":46,"turns":5},{"damage":14,"enemies":"3 Darklings","floor":48,"turns":3},{"damage":53,"enemies":"Time Eater","floor":50,"turns":7},{"damage":1,"enemies":"Shield and Spear","floor":54,"turns":5},{"damage":13,"enemies":"The Heart","floor":55,"turns":8}],"seed_played":"-6013803298874175114","potions_obtained":[{"floor":4.0,"key":"ColorlessPotion"},{"floor":7.0,"key":"BloodPotion"},{"floor":16.0,"key":"PowerPotion"},{"floor":27.0,"key":"Explosive Potion"},{"floor":28.0,"key":"SneckoOil"},{"floor":33,"key":"SpeedPotion"},{"floor":38,"key":"Weak Potion"},{"floor":45,"key":"FairyPotion"}],"is_trial":false,"path_per_floor":["M","M","T","M","M","E","M","?","T","R","$","E","$","?","R","B",null,"M","$","?","?","M","E","?","R","T","E","M","R","?","M","R","B",null,"M","$","?","M","M","R","?","E","T","?","?","M","?","M","R","B",null,"R","$","E","B",null],"character_chosen":"IRONCLAD","items_purchased":["Clash","Rage","ruina:BlindRage","Sadistic Nature","CultistPotion"],"campfire_rested":2,"item_purchase_floors":[11,13,19,53,53],"current_hp_per_floor":[80,80,80,80,76,64,66,66,66,66,66,63,63,56,84,43,94,90,90,90,90,38,92,92,92,92,79,74,100,100,88,88,114,115,118,118,108,83,65,65,65,39,39,39,143,144,144,148,148,117,160,160,160,165,199],"gold":106,"neow_bonus":"THREE_ENEMY_KILL","is_daily":false,"chose_seed":false,"campfire_upgraded":1,"win_rate":0.0,"timestamp":1614006551,"path_taken":["M","M","?","M","M","E","M","?","T","R","$","E","$","?","R","BOSS","M","$","?","?","M","E","?","R","T","E","M","R","?","M","R","BOSS","M","$","?","M","M","R","?","E","T","?","?","M","?","M","R","BOSS","R","$","E","BOSS"],"items_purchased_type":["Card","Card","Card","Card","Potion"],"build_version":"2020-12-22","purchased_purges":1,"victory":true,"max_hp_per_floor":[80,80,80,80,80,94,94,94,94,94,94,94,94,94,94,94,94,94,94,94,94,94,97,97,97,97,98,100,100,100,114,114,115,115,118,118,118,124,131,131,131,138,138,138,143,148,148,152,152,160,160,160,160,165,227],"card_choices":[{"not_picked":["True Grit","Sentinel","Sword Boomerang"],"picked":"SKIP","floor":1.0},{"not_picked":["Perfected Strike","Pommel Strike"],"picked":"Carnage","floor":2.0},{"not_picked":["Reckless Charge","Iron Wave"],"picked":"Flex","floor":4.0},{"not_picked":["Perfected Strike","Iron Wave"],"picked":"Sever Soul","floor":5.0},{"not_picked":["Rampage","Cleave"],"picked":"Berserk","floor":6.0},{"not_picked":["Twin Strike","Metallicize"],"picked":"Clash","floor":7.0},{"not_picked":["Shockwave","Searing Blow"],"picked":"Second Wind","floor":12.0},{"not_picked":["Berserk","Limit Break"],"picked":"Barricade","floor":16.0},{"not_picked":["Power Through","True Grit+1","Hemokinesis"],"picked":"SKIP","floor":18.0},{"not_picked":["Cleave","Sever Soul"],"picked":"Warcry","floor":22.0},{"not_picked":["Carnage","Shockwave+1"],"picked":"Seeing Red","floor":23.0},{"not_picked":["Wild Strike","Body Slam"],"picked":"Heavy Blade+1","floor":27.0},{"not_picked":["Iron Wave+1","Hemokinesis","Shrug It Off"],"picked":"SKIP","floor":28.0},{"not_picked":["Anger","Sever Soul"],"picked":"Impervious","floor":31.0},{"not_picked":["Double Tap","Bludgeon"],"picked":"Berserk","floor":33},{"not_picked":["Wild Strike+1","Thunderclap"],"picked":"Flame Barrier+1","floor":35},{"not_picked":["Magnetism","Apotheosis"],"picked":"Trip","floor":37},{"not_picked":["Jack Of All Trades","Good Instincts"],"picked":"Sadistic Nature","floor":37},{"not_picked":["Deep Breath","Purity"],"picked":"Panache","floor":37},{"not_picked":["Thunderclap","Shrug It Off","Heavy Blade+1"],"picked":"SKIP","floor":38},{"not_picked":["Iron Wave","Flame Barrier+1","Hemokinesis+1"],"picked":"SKIP","floor":39},{"not_picked":["Uppercut+1","Headbutt","Hemokinesis"],"picked":"SKIP","floor":42},{"not_picked":["Perfected Strike+1","Bloodletting"],"picked":"Metallicize+1","floor":45},{"not_picked":["Feel No Pain","True Grit+1"],"picked":"Anger","floor":46},{"not_picked":["Armaments+1","Battle Trance+1"],"picked":"Clash+1","floor":48},{"not_picked":["Thunderclap+1","Havoc+1"],"picked":"Reaper","floor":54}],"player_experience":59246,"relics_obtained":[{"floor":6.0,"key":"Mango"},{"floor":9.0,"key":"Juzu Bracelet"},{"floor":12.0,"key":"Torii"},{"floor":23.0,"key":"Happy Flower"},{"floor":26.0,"key":"Pocketwatch"},{"floor":27.0,"key":"HornCleat"},{"floor":32.0,"key":"Incense Burner"},{"floor":40,"key":"Red Skull"},{"floor":42,"key":"Pantograph"},{"floor":43,"key":"Anchor"},{"floor":45,"key":"Magic Flower"},{"floor":49,"key":"Self Forming Clay"},{"floor":52,"key":"Mercury Hourglass"},{"floor":54,"key":"Oddly Smooth Stone"}],"event_choices":[{"damage_healed":0.0,"max_hp_gain":0.0,"max_hp_loss":0.0,"gold_gain":0.0,"event_name":"World of Goop","player_choice":"Left Gold","floor":8.0,"gold_loss":35.0,"damage_taken":0.0},{"damage_healed":0.0,"max_hp_gain":0.0,"max_hp_loss":0.0,"gold_gain":0.0,"event_name":"Scrap Ooze","player_choice":"Success","floor":14.0,"gold_loss":0.0,"damage_taken":7.0,"relics_obtained":["Toy Ornithopter"]},{"damage_healed":0,"gold_gain":0,"player_choice":"Memory 3","damage_taken":10,"max_hp_gain":0,"max_hp_loss":0,"event_name":"SensoryStone","floor":37,"gold_loss":0},{"damage_healed":0,"gold_gain":0,"player_choice":"Ignored","damage_taken":0,"max_hp_gain":0,"max_hp_loss":0,"event_name":"The Moai Head","floor":41,"gold_loss":0},{"damage_healed":0,"gold_gain":0,"player_choice":"Ignored","damage_taken":0,"max_hp_gain":0,"max_hp_loss":0,"event_name":"Tomb of Lord Red Mask","floor":44,"gold_loss":0},{"damage_healed":0,"gold_gain":0,"player_choice":"Fight","damage_taken":0,"max_hp_gain":0,"max_hp_loss":0,"event_name":"Mysterious Sphere","floor":45,"gold_loss":0},{"cards_removed":["Rage"],"damage_healed":0,"gold_gain":0,"player_choice":"Removed Skill","damage_taken":0,"max_hp_gain":0,"max_hp_loss":0,"event_name":"Falling","floor":47,"gold_loss":0}],"is_beta":false,"boss_relics":[{"not_picked":["Black Star","Philosopher\u0027s Stone"],"picked":"Black Blood"},{"not_picked":["SacredBark","Coffee Dripper"],"picked":"Runic Cube"}],"items_purged_floors":[36],"is_endless":false,"potions_floor_spawned":[4,7,16,27,28,33,38,45,48,54],"ascension_level":0}}