{"host":"y9t3brv5y5t41vuj","time":1614020040,"event":{"mods":["AchievementEnabler","BaseMod","BetterRewards","Block Reminder","Colored Map","Colored Powertips","Conspire","Highlight Path","Hubris","Infinite Spire","Minty Spire (QoL Compilation)","Quick Restart","Replay The Spire","Shop Mod","StSLib","SuperFastMode","Unceasing Turn Reminder"],"gold_per_floor":[119,129,129,35,47,47,80,82,127,127,127,142,142,160,160,267,267,237,237,253,273,285,285],"floor_reached":22,"language":"ENG","playtime":473,"items_purged":[],"score":214,"play_id":"18f7ce57-0cb7-4f06-8e26-d84f4abc5498","local_time":"20210222195400","is_ascension_mode":true,"campfire_choices":[{"data":"A Thousand Cuts","floor":6,"key":"SMITH"},{"floor":11,"key":"REST"},{"floor":15,"key":"REST"}],"circlet_count":0,"master_deck":["Strike_G","Strike_G","Strike_G","Strike_G","Strike_G","Defend_G","Defend_G","Defend_G","Defend_G","Defend_G","Survivor","Neutralize","A Thousand Cuts+1","Slice","Accuracy","Footwork","Blade Dance","Slice","Leg Sweep","Storm of Steel","ReplayTheSpireMod:Speed Training","ReplayTheSpireMod:Speed Training","Riddle With Holes+1"],"relics":["Ring of the Snake","infinitespire:Midas Blood","infinitespire:Beetle Shell","HoveringKite"],"acts_visited":["Exordium","TheCity"],"potions_floor_usage":[16,21,22,22],"damage_taken":[{"damage":3,"enemies":"Small Slimes","floor":1,"turns":5},{"damage":7,"enemies":"2 Louse","floor":2,"turns":5},{"damage":1,"enemies":"Jaw Worm","floor":5,"turns":4},{"damage":28,"enemies":"Gremlin Nob","floor":7,"turns":4},{"damage":6,"enemies":"Blue Slaver","floor":12,"turns":4},{"damage":17,"enemies":"3 Louse","floor":14,"turns":2},{"damage":20,"enemies":"Slime Boss","floor":16,"turns":9},{"damage":15,"enemies":"2 Thieves","floor":18,"turns":5},{"damage":22,"enemies":"Shell Parasite","floor":20,"turns":7},{"damage":0,"enemies":"conspire:HollyBat","floor":21,"turns":9},{"damage":37,"enemies":"Snake Plant","floor":22,"turns":5}],"seed_played":"4494240975649916349","potions_obtained":[{"floor":12,"key":"AttackPotion"},{"floor":14,"key":"GamblersBrew"},{"floor":18,"key":"LifebloodPotion"},{"floor":20,"key":"BlessingOfTheForge"}],"is_trial":false,"path_per_floor":["M","M","?","$","M","R","E","?","T","?","R","M","?","M","R","B",null,"M","?","M","M","M"],"character_chosen":"THE_SILENT","items_purchased":["Footwork","Blade Dance"],"campfire_rested":2,"item_purchase_floors":[4,4],"current_hp_per_floor":[46,39,39,39,38,38,10,7,7,30,51,45,45,28,49,29,70,55,55,33,33,0,0],"gold":285,"neow_bonus":"THREE_RARE_CARDS","is_daily":false,"chose_seed":false,"campfire_upgraded":1,"win_rate":0.0,"timestamp":1614020040,"path_taken":["M","M","?","$","M","R","E","?","T","?","R","?","?","M","R","BOSS","M","?","M","M","?"],"items_purchased_type":["Card","Card"],"build_version":"2020-12-22","purchased_purges":0,"victory":false,"max_hp_per_floor":[70,70,70,70,70,70,70,70,70,70,70,70,70,70,70,70,70,70,70,70,70,70,70],"card_choices":[{"not_picked":["Burst","Replay:Bag of Tricks"],"picked":"A Thousand Cuts","floor":0},{"not_picked":["Caltrops","PiercingWail"],"picked":"Slice","floor":1},{"not_picked":["Prepared","Backflip","ReplayTheSpireMod:Tripwire"],"picked":"SKIP","floor":2},{"not_picked":["Poisoned Stab","Flying Knee","Dagger Throw"],"picked":"SKIP","floor":5},{"not_picked":["Tactician","PiercingWail","Acrobatics"],"picked":"SKIP","floor":7},{"not_picked":["Dagger Throw","Underhanded Strike"],"picked":"Slice","floor":12},{"not_picked":["hubris:TrickCloak","Eviscerate"],"picked":"Leg Sweep","floor":14},{"not_picked":["Night Terror","Wraith Form v2"],"picked":"Storm of Steel","floor":16},{"not_picked":["Sneak Up","hubris:Counter"],"picked":"ReplayTheSpireMod:Speed Training","floor":18},{"not_picked":["Sucker Punch","Endless Agony","Quick Slash+1"],"picked":"SKIP","floor":20},{"not_picked":["Replay:Poison Smokescreen","Skewer"],"picked":"Riddle With Holes+1","floor":21}],"player_experience":552391,"relics_obtained":[{"floor":7,"key":"infinitespire:Midas Blood"},{"floor":9,"key":"infinitespire:Beetle Shell"}],"event_choices":[{"damage_healed":0,"gold_gain":0,"player_choice":"Fled","damage_taken":3,"max_hp_gain":0,"max_hp_loss":0,"event_name":"Scrap Ooze","floor":8,"gold_loss":0},{"damage_healed":23,"gold_gain":0,"player_choice":"Banana","damage_taken":0,"max_hp_gain":0,"max_hp_loss":0,"event_name":"Big Fish","floor":10,"gold_loss":0},{"damage_healed":0,"gold_gain":0,"player_choice":"Ignored","damage_taken":0,"max_hp_gain":0,"max_hp_loss":0,"event_name":"Liars Game","floor":13,"gold_loss":0},{"damage_healed":0,"gold_gain":0,"player_choice":"1 cards matched","damage_taken":0,"max_hp_gain":0,"max_hp_loss":0,"event_name":"Match and Keep!","floor":19,"gold_loss":0,"cards_obtained":["ReplayTheSpireMod:Speed Training"]}],"is_beta":false,"boss_relics":[{"not_picked":["conspire:RoyalGoblet","ReplayTheSpireMod:SealedPack"],"picked":"HoveringKite"}],"items_purged_floors":[],"is_endless":false,"potions_floor_spawned":[12,14,18,20],"killed_by":"Snake Plant","ascension_level":3}}