{"host":"y4fuci1jk2rsxnep","time":1614024188,"event":{"mods":["AchievementEnabler","BaseMod","Colored Powertips","Custom Start","Defuse TimeMaze Blight","Dio Mod","Downfall","Hermit","Hero for Fun","Hubris","Hunter ??","Infinite Spire","Minty Spire (QoL Compilation)","Quick Restart","Reliquary","Remove Card Discount Mod","Replay The Spire","StSLib","The Blackbeard","The Bug Knight","The Mystic","The Runesmith"],"gold_per_floor":[113,163,34,44,44,44,78,94,94,94,109,143,143,160,160,255,255,255,255],"floor_reached":18,"language":"ENG","playtime":1473,"items_purged":[],"score":234,"play_id":"5d1e9686-c128-4719-91e1-7326d8a9e4b0","local_time":"20210222210308","is_ascension_mode":true,"campfire_choices":[{"data":"hermit:Virtue","floor":6,"key":"SMITH"},{"floor":13,"key":"REST"},{"floor":15,"key":"REST"}],"circlet_count":0,"master_deck":["hermit:Strike_Hermit","hermit:Strike_Hermit+1","hermit:Strike_Hermit","hermit:Strike_Hermit","hermit:Defend_Hermit","hermit:Defend_Hermit+1","hermit:Defend_Hermit","hermit:Defend_Hermit","hermit:Snapshot","hermit:Covet","hermit:Virtue+1","hermit:ShadowCloak","hermit:HeroicBravado+1","Normality","hermit:Adapt+1","hermit:Roughhouse+1"],"relics":["hermit:Momento","NeowsBlessing","Ring of Greed","Golden Egg","Membership Card","Ring of Fangs","Darkstone Periapt","Runesmith:AutoHammer","Mercury Hourglass","reliquary:ThirdArm"],"acts_visited":["Exordium","TheCity"],"potions_floor_usage":[16,16],"damage_taken":[{"damage":0,"enemies":"Small Slimes","floor":1,"turns":1},{"damage":0,"enemies":"2 Louse","floor":4,"turns":2},{"damage":0,"enemies":"Lagavulin","floor":7,"turns":1},{"damage":1,"enemies":"Cultist","floor":8,"turns":4},{"damage":14,"enemies":"Exordium Wildlife","floor":11,"turns":5},{"damage":34,"enemies":"3 Sentries","floor":12,"turns":12},{"damage":11,"enemies":"3 Louse","floor":14,"turns":3},{"damage":53,"enemies":"Hexaghost","floor":16,"turns":13},{"damage":85,"enemies":"3 Byrds","floor":18,"turns":5}],"seed_played":"-7223545862175916574","potions_obtained":[{"floor":4,"key":"sneckomod:MuddlingPotion"},{"floor":11,"key":"PowerPotion"},{"floor":14,"key":"Regen Potion"},{"floor":16,"key":"AttackPotion"}],"is_trial":false,"path_per_floor":["M","?","$","M","?","R","E","M","T","?","M","E","R","M","R","B",null,"M"],"character_chosen":"HERMIT","items_purchased":["Darkstone Periapt"],"campfire_rested":2,"item_purchase_floors":[3],"current_hp_per_floor":[75,75,75,75,60,60,60,59,59,59,45,17,41,30,54,16,81,0,0],"gold":255,"neow_bonus":"THREE_ENEMY_KILL","is_daily":false,"chose_seed":false,"campfire_upgraded":1,"win_rate":0.0,"timestamp":1614024188,"path_taken":["M","?","$","M","?","R","E","M","T","?","?","E","R","M","R","BOSS","M"],"items_purchased_type":["Relic"],"build_version":"2020-12-22","purchased_purges":0,"victory":false,"max_hp_per_floor":[75,75,75,75,75,75,75,75,75,75,75,81,81,81,81,81,81,81,81],"card_choices":[{"not_picked":["hermit:Ricochet","hermit:Snipe"],"picked":"hermit:Virtue","floor":1},{"not_picked":["hermit:TakeAim","hermit:Vantage","hermit:Manifest"],"picked":"SKIP","floor":4},{"not_picked":["hermit:Ricochet","hermit:CursedWeapon","hermit:SprayPray"],"picked":"SKIP","floor":7},{"not_picked":["hermit:BigShot","hermit:Dive"],"picked":"hermit:ShadowCloak","floor":8},{"not_picked":["hermit:CalledShot","hermit:Manifest"],"picked":"hermit:HeroicBravado","floor":11},{"not_picked":["hermit:BodyArmor","hermit:HoleUp"],"picked":"hermit:Adapt","floor":12},{"not_picked":["hermit:LowProfile","hermit:Ricochet","hermit:TakeAim"],"picked":"SKIP","floor":14},{"not_picked":["hermit:FinalCanter","hermit:DeadOrAlive"],"picked":"hermit:Roughhouse","floor":16}],"player_experience":690693,"relics_obtained":[{"floor":2,"key":"Ring of Greed"},{"floor":2,"key":"Golden Egg"},{"floor":2,"key":"Membership Card"},{"floor":2,"key":"Ring of Fangs"},{"floor":7,"key":"Runesmith:AutoHammer"},{"floor":12,"key":"Mercury Hourglass"}],"event_choices":[{"damage_healed":0,"gold_gain":0,"player_choice":"Entered Light","damage_taken":15,"max_hp_gain":0,"max_hp_loss":0,"event_name":"Shining Light","floor":5,"gold_loss":0,"cards_upgraded":["hermit:Defend_Hermit","hermit:Strike_Hermit"]},{"damage_healed":0,"gold_gain":0,"player_choice":"Leave","damage_taken":0,"max_hp_gain":0,"max_hp_loss":0,"event_name":"FaceTrader","floor":10,"gold_loss":0}],"is_beta":false,"boss_relics":[{"not_picked":["SlaversCollar","hubris:CrackedHourglass"],"picked":"reliquary:ThirdArm"}],"items_purged_floors":[],"is_endless":false,"potions_floor_spawned":[4,11,14,16],"killed_by":"3 Byrds","ascension_level":4}}