{"host":"yqazfdli2lwbgxvm","time":1614014694,"event":{"mods":["Act Like it!","Arknights","BaseMod","Minty Spire (QoL Compilation)","MostiFishMod","Relic Stats","Reliquary","RumiaBox-露米娅的神秘盒子","StSLib","[IsaacMod]以撒尖塔","篝火指南"],"gold_per_floor":[117,127,144,219,219,245,257,357,357,370,165,182,147,175,175,271,271,282,282,302,302,42,77,97,127,127,138,152,152,152,251,251,350,350,360,360,378,378,17,51,51,66,89,189,216,71,104,104,104,104,104,104,52,86,86],"floor_reached":56,"language":"ZHS","playtime":2341,"items_purged":["ats:Rapid Magazine"],"score":1533,"play_id":"1af7773b-f390-47c0-940d-b9454bf97443","local_time":"20210223012454","is_ascension_mode":false,"campfire_choices":[{"floor":15,"key":"RECALL"},{"floor":29,"key":"REST"},{"data":"ats:Shadow Assault","floor":32,"key":"SMITH"},{"data":"ats:Durian","floor":41,"key":"SMITH"},{"data":"Madness","floor":49,"key":"SMITH"},{"data":"ats:Roar Of Ursus","floor":52,"key":"SMITH"}],"circlet_count":0,"master_deck":["ats:Strike C","ats:Strike G","ats:Strike S","ats:Strike V","ats:Armor Crushing Shot","ats:Defend","ats:Defend","ats:Defend","ats:Defend","ats:Emotion Absorption","EpicFetus","ats:True Silver Slash","ats:Charging Defense","ats:Closed Bolt Burst Fire","ats:Wolf Pack+1","ats:Blood Oath","ats:Explosion Area Strengthen","ats:Closed Bolt Burst Fire+1","ats:Calcification","ats:Hook Shot+1","ats:Shadow Assault+1","ats:Charging Defense+1","Necronomicurse","ats:Soul Rend","ats:Closed Bolt Burst Fire+1","Finesse","ats:Song Of Battle+1","Madness","Madness+1","ats:Rat Pack","ats:Roar Of Ursus+1","ats:Durian+1","ats:Fractured Body","ats:Apocalypse+1","ats:Dogmatic Field"],"relics":["ats:Sanity Plus","HushsDoor","DaveBox","ShadowXiaoBlade","PillsDrop","SynthV:TestCard","ats:Originium","MealTicket","Question Card","ChiLing","Chi","Ling","Vajra","reliquary:Buckler","Gremlin Horn","Potion Belt","SynthV:C4","Necronomicon","xbg","reliquary:RosewoodLute","Boot","BlankCard","ats:Attack","FossilizedHelix","reliquary:IridiumChain"],"acts_visited":["Exordium","TheCity","TheBeyond","TheEnding"],"potions_floor_usage":[14,25,35,45,55,55,55,55],"damage_taken":[{"damage":2,"enemies":"Small Slimes","floor":1,"turns":3},{"damage":0,"enemies":"2 Louse","floor":2,"turns":2},{"damage":6,"enemies":"Jaw Worm","floor":3,"turns":2},{"damage":0,"enemies":"Lagavulin","floor":6,"turns":3},{"damage":2,"enemies":"Blue Slaver","floor":7,"turns":3},{"damage":0,"enemies":"Large Slime","floor":10,"turns":3},{"damage":8,"enemies":"Red Slaver","floor":12,"turns":2},{"damage":0,"enemies":"3 Sentries","floor":14,"turns":1},{"damage":29,"enemies":"The Guardian","floor":16,"turns":6},{"damage":3,"enemies":"Chosen","floor":18,"turns":3},{"damage":12,"enemies":"Spheric Guardian","floor":20,"turns":3},{"damage":3,"enemies":"Gremlin Leader","floor":23,"turns":2},{"damage":3,"enemies":"Centurion and Healer","floor":24,"turns":2},{"damage":7,"enemies":"Slavers","floor":25,"turns":2},{"damage":3,"enemies":"Snake Plant","floor":27,"turns":2},{"damage":6,"enemies":"Cultist and Chosen","floor":28,"turns":2},{"damage":3,"enemies":"Champ","floor":33,"turns":6},{"damage":0,"enemies":"Orb Walker","floor":35,"turns":1},{"damage":3,"enemies":"3 Shapes","floor":37,"turns":3},{"damage":15,"enemies":"Reptomancer","floor":40,"turns":3},{"damage":16,"enemies":"Writhing Mass","floor":42,"turns":5},{"damage":57,"enemies":"Nemesis","floor":45,"turns":3},{"damage":0,"enemies":"Giant Head","floor":47,"turns":6},{"damage":31,"enemies":"Awakened One","floor":50,"turns":9},{"damage":10,"enemies":"Shield and Spear","floor":54,"turns":3},{"damage":57,"enemies":"The Heart","floor":55,"turns":5}],"seed_played":"113798400359303171","potions_obtained":[{"floor":1,"key":"BlessingOfTheForge"},{"floor":6,"key":"ats:Flame Arts Potion"},{"floor":10,"key":"ats:Emergency Sanity Potion"},{"floor":18,"key":"Explosive Potion"},{"floor":28,"key":"LiquidBronze"},{"floor":33,"key":"SkillPotion"},{"floor":40,"key":"ats:Burn Big Potion"},{"floor":45,"key":"Weak Potion"}],"is_trial":false,"path_per_floor":["M","M","M","?","?","E","M","?","T","M","$","M","?","E","R","B",null,"M","?","M","?","$","E","M","E","T","M","M","R","?","?","R","B",null,"M","?","M","?","$","E","R","M","T","?","E","$","E","$","R","B",null,"R","$","E","B",null],"character_chosen":"DOCTOR_CLASS","items_purchased":["ChiLing","ats:Blood Oath","Gremlin Horn","ats:Rat Pack","ats:Roar Of Ursus","ats:Attack","Energy Potion"],"campfire_rested":1,"item_purchase_floors":[11,11,22,39,39,46,53],"current_hp_per_floor":[77,80,74,63,68,68,66,66,66,66,81,73,87,87,87,63,87,87,87,75,58,73,73,70,66,66,63,58,86,70,70,70,71,95,95,95,92,80,95,84,84,69,69,69,12,27,35,50,50,44,95,95,95,85,31],"gold":86,"neow_bonus":"TEN_PERCENT_HP_BONUS","is_daily":false,"chose_seed":false,"campfire_upgraded":4,"win_rate":0.0,"timestamp":1614014694,"path_taken":["M","M","M","?","?","E","M","?","T","M","$","M","?","E","R","BOSS","M","?","M","?","?","E","?","E","T","M","M","R","?","?","R","BOSS","M","?","M","?","$","E","R","M","T","?","E","$","E","?","R","BOSS","R","$","E","BOSS"],"items_purchased_type":["Relic","Card","Relic","Card","Card","Relic","Potion"],"build_version":"2020-12-22","purchased_purges":1,"victory":true,"max_hp_per_floor":[79,82,82,82,87,87,87,87,87,87,87,87,87,87,87,87,87,87,87,87,92,92,92,92,95,95,95,95,95,95,95,95,95,95,95,95,95,95,95,95,95,95,95,95,95,95,95,95,95,95,95,95,95,95,95],"relic_stats":{"Gremlin Horn":[14,14],"counters":[26,85],"MealTicket":75,"Necronomicon":[23],"Question Card":37,"Boot":[16],"obtain_stats":[{"DaveBox":0,"Gremlin Horn":22,"Chi":11,"Vajra":14,"Boot":43,"SynthV:C4":25,"PillsDrop":0,"MealTicket":6,"reliquary:Buckler":19,"Necronomicon":30,"ats:Sanity":0,"KeepersGift":0,"Potion Belt":23,"ats:Sanity Plus":17,"ShadowXiaoBlade":0,"ats:Attack":46,"reliquary:RosewoodLute":40,"Question Card":9,"reliquary:IridiumChain":54,"Ling":11,"SynthV:TestCard":1,"ats:Originium":6,"xbg":34,"BlankCard":45,"HushsDoor":0,"FossilizedHelix":47,"ChiLing":11},{"DaveBox":0,"Gremlin Horn":11,"Chi":6,"Vajra":8,"Boot":21,"SynthV:C4":14,"PillsDrop":0,"MealTicket":4,"reliquary:Buckler":10,"Necronomicon":16,"ats:Sanity":0,"KeepersGift":0,"Potion Belt":12,"ats:Sanity Plus":9,"ShadowXiaoBlade":0,"ats:Attack":22,"reliquary:RosewoodLute":20,"Question Card":5,"reliquary:IridiumChain":25,"Ling":6,"SynthV:TestCard":1,"ats:Originium":4,"xbg":17,"BlankCard":22,"HushsDoor":0,"FossilizedHelix":23,"ChiLing":6},{"DaveBox":0,"Gremlin Horn":31,"Chi":16,"Vajra":19,"Boot":59,"SynthV:C4":37,"PillsDrop":0,"MealTicket":10,"reliquary:Buckler":28,"Necronomicon":41,"ats:Sanity":0,"KeepersGift":0,"Potion Belt":33,"ats:Sanity Plus":25,"ShadowXiaoBlade":0,"ats:Attack":62,"reliquary:RosewoodLute":54,"Question Card":13,"reliquary:IridiumChain":80,"Ling":16,"SynthV:TestCard":3,"ats:Originium":10,"xbg":47,"BlankCard":62,"HushsDoor":0,"FossilizedHelix":68,"ChiLing":16}]},"card_choices":[{"not_picked":[],"picked":"EpicFetus","floor":0},{"not_picked":["ats:Neurotoxin","ats:Revitalization","ats:Blood Oath"],"picked":"SKIP","floor":1},{"not_picked":["ats:Composite Medical Shells","ats:Revitalization","ats:Absolute Focus","ats:Cat Scratch"],"picked":"ats:True Silver Slash","floor":2},{"not_picked":["ats:Encircling Forest","ats:Collapsing Strike","ats:Guardian Obelisk","ats:Support Order"],"picked":"ats:Charging Defense","floor":3},{"not_picked":["ats:Support Order","ats:Revitalization","ats:Chain Hook","ats:Steam Pump","ats:Phantom"],"picked":"SKIP","floor":6},{"not_picked":["ats:Burning Ground","ats:Very Hot Blade","ats:Absolute Focus","ats:Ignite"],"picked":"ats:Rapid Magazine","floor":7},{"not_picked":["ats:Sashimi Platter","ats:Powerful Strike","ats:Leaping Hammer","Bomb"],"picked":"ats:Closed Bolt Burst Fire","floor":8},{"not_picked":["ats:Apocalypse","ats:Magnetic Hammer","ats:Shell Defense","ats:Powerful Strike","ats:Blood Oath"],"picked":"ats:Wolf Pack","floor":10},{"not_picked":["ats:Consecutive Shot Auto","ats:Defend Order","ats:Dogmatic Field","ats:Revitalization","ats:Poison Spread"],"picked":"ats:Explosion Area Strengthen","floor":12},{"not_picked":["ats:Revitalization","ats:Flexible Camouflage","ats:Consecutive Shot Auto","ats:Shell Defense","ats:Guardian Obelisk"],"picked":"ats:Closed Bolt Burst Fire","floor":14},{"not_picked":["ats:Shadow Assault","ats:Nebulous Foxfire","ats:Fractured Body","ats:Roar Of Ursus","ats:Echo Reverb"],"picked":"ats:Calcification","floor":16},{"not_picked":["ats:Ignite","ats:Guard Mode","ats:Part Time Job","ats:Song Of Battle","ats:Chain Hook","ats:Consecutive Shot Auto"],"picked":"SKIP","floor":18},{"not_picked":["ats:Ignite","ats:Guard Mode","ats:Part Time Job","ats:Song Of Battle","ats:Chain Hook","ats:Consecutive Shot Auto"],"picked":"SKIP","floor":18},{"not_picked":["ats:Leaping Hammer+1","ats:Closed Bolt Burst Fire+1","ats:Beaten Up+1","ats:Consecutive Shot Auto","ats:Spore Proliferation"],"picked":"ats:Hook Shot+1","floor":20},{"not_picked":["ats:Phantom+1","ats:Leaping Hammer","ats:Absolute Focus+1","ats:Hammer On","ats:Powerful Strike"],"picked":"ats:Shadow Assault","floor":23},{"not_picked":["ats:Leaping Hammer+1","ats:Apocalypse","ats:Cat Scratch","ats:Ambush","ats:Directed Diagnosis"],"picked":"ats:Charging Defense+1","floor":24},{"not_picked":["ats:Burning Ground","ats:Thorns+1","ats:Ignite","ats:Healing Strengthening","ats:Magnetic Hammer","ats:Spore Proliferation"],"picked":"SKIP","floor":25},{"not_picked":["ats:Blood Oath","ats:Mental Burst+1","ats:Flame Of Heaven","ats:Very Hot Blade","ats:Burning Ground+1","ats:Flexible Camouflage"],"picked":"SKIP","floor":27},{"not_picked":["ats:Composite Medical Shells","ats:Part Time Job","ats:Shell Defense","ats:Thorns","ats:Encircling Forest","ats:Serious Mode"],"picked":"SKIP","floor":28},{"not_picked":["ats:Nebulous Foxfire","ats:Disruption Kick","ats:True Silver Slash","ats:Rat Pack","ats:Dogmatic Field"],"picked":"ats:Soul Rend","floor":33},{"not_picked":["ats:Healing Strengthening","ats:Charging Defense","ats:Poison Spread+1","ats:Apocalypse","ats:Very Hot Blade"],"picked":"ats:Closed Bolt Burst Fire+1","floor":35},{"not_picked":["BettingIsNotGood","MostiFishMod:Awakening","Trip","Forethought","Blind"],"picked":"Finesse","floor":36},{"not_picked":["ats:Hammer On+1","ats:Revitalization","ats:Explosion Area Strengthen","ats:Cat Scratch+1","ats:Assault Order"],"picked":"ats:Song Of Battle+1","floor":37},{"not_picked":["ats:Absolute Focus+1","ats:Cat Scratch+1","ats:Thorns+1","ats:Hammer On","ats:Consecutive Shot Auto"],"picked":"ats:Durian","floor":40},{"not_picked":["ats:Guard Mode","ats:Sashimi Platter","ats:Apocalypse","ats:Blood Oath","ats:Defend Order","ats:Leaping Hammer"],"picked":"SKIP","floor":42},{"not_picked":["ats:Neurotoxin+1","ats:Ignite","ats:Counter Healing Mode+1","ats:Powerful Strike","ats:Flexible Camouflage"],"picked":"ats:Fractured Body","floor":45},{"not_picked":["ats:Automatic Cover","ats:Overload+1","ats:Encircling Forest+1","ats:Support Order","ats:Consecutive Shot Auto"],"picked":"ats:Apocalypse+1","floor":47},{"not_picked":["ats:Hammer On+1","ats:Charging Defense","ats:Literary Storm","ats:Soul Absorption+1","ats:Rapid Magazine"],"picked":"ats:Dogmatic Field","floor":54}],"player_experience":263609,"relics_obtained":[{"floor":1,"key":"SynthV:TestCard"},{"floor":6,"key":"ats:Originium"},{"floor":6,"key":"MealTicket"},{"floor":9,"key":"Question Card"},{"floor":14,"key":"ats:Originium"},{"floor":14,"key":"Vajra"},{"floor":23,"key":"ats:Originium"},{"floor":23,"key":"Potion Belt"},{"floor":25,"key":"ats:Originium"},{"floor":25,"key":"SynthV:C4"},{"floor":30,"key":"Necronomicon"},{"floor":40,"key":"ats:Originium"},{"floor":40,"key":"reliquary:RosewoodLute"},{"floor":43,"key":"Boot"},{"floor":45,"key":"BlankCard"},{"floor":47,"key":"FossilizedHelix"},{"floor":54,"key":"reliquary:IridiumChain"}],"event_choices":[{"damage_healed":0,"gold_gain":75,"player_choice":"Gather Gold","damage_taken":11,"max_hp_gain":0,"max_hp_loss":0,"event_name":"World of Goop","floor":4,"gold_loss":0},{"damage_healed":0,"gold_gain":0,"player_choice":"Donut","damage_taken":0,"max_hp_gain":5,"max_hp_loss":0,"event_name":"Big Fish","floor":5,"gold_loss":0},{"damage_healed":21,"gold_gain":0,"player_choice":"Healed","damage_taken":0,"max_hp_gain":0,"max_hp_loss":0,"event_name":"The Cleric","floor":13,"gold_loss":35},{"damage_healed":0,"gold_gain":0,"player_choice":"Opened","damage_taken":0,"relics_obtained":["reliquary:Buckler"],"max_hp_gain":0,"max_hp_loss":0,"event_name":"The Mausoleum","floor":19,"gold_loss":0},{"damage_healed":0,"gold_gain":0,"player_choice":"Shed Blood","damage_taken":22,"max_hp_gain":5,"max_hp_loss":0,"event_name":"Forgotten Altar","floor":21,"gold_loss":0},{"damage_healed":0,"gold_gain":0,"player_choice":"Obtained Book","damage_taken":16,"max_hp_gain":0,"max_hp_loss":0,"event_name":"Cursed Tome","floor":30,"gold_loss":0},{"damage_healed":0,"gold_gain":99,"player_choice":"Stole From Cult","damage_taken":0,"max_hp_gain":0,"max_hp_loss":0,"event_name":"Nest","floor":31,"gold_loss":0},{"damage_healed":0,"gold_gain":0,"player_choice":"Memory 1","damage_taken":0,"max_hp_gain":0,"max_hp_loss":0,"event_name":"SensoryStone","floor":36,"gold_loss":0},{"damage_healed":0,"gold_gain":0,"player_choice":"Embrace Madness","damage_taken":12,"max_hp_gain":0,"max_hp_loss":0,"event_name":"Winding Halls","floor":38,"gold_loss":0,"cards_obtained":["Madness","Madness"]}],"is_beta":false,"boss_relics":[{"not_picked":["SlaversCollar","Ectoplasm"],"picked":"ats:Sanity Plus"},{"not_picked":[]},{"not_picked":["MoonlightInvasionPlan","reliquary:Ember"],"picked":"xbg"},{"not_picked":[]}],"items_purged_floors":[39],"is_endless":false,"potions_floor_spawned":[1,6,10,18,28,33,40,45],"ascension_level":0}}