{"host":"ul3z8ex5o8l5j7mh","time":1614021335,"event":{"mods":["2.2 Compatiblity","AchievementEnabler","BaseMod","Bestiary","Colored Map","Colored Powertips","Curses Come First","DeckTracker","Highlight Path","Keyboard Shortcuts","Minty Spire (QoL Compilation)","Relic Sorter","Relic Stats","StSLib","SuperFastMode"],"gold_per_floor":[115,115,131,131,148,148,178,192,192,204,236,213,128,161,161,161,161],"floor_reached":16,"language":"ENG","playtime":700,"items_purged":["Defend_G"],"score":127,"play_id":"c60a0d0f-9674-47ff-874e-b88cf845b7ba","local_time":"20210222201535","is_ascension_mode":true,"campfire_choices":[{"data":"Dodge and Roll","floor":6.0,"key":"SMITH"},{"floor":10.0,"key":"REST"},{"data":"After Image","floor":15.0,"key":"SMITH"}],"circlet_count":0,"master_deck":["Strike_G","Strike_G","Strike_G","Strike_G+1","Strike_G","Defend_G","Defend_G","Defend_G","Survivor","Neutralize+1","Dodge and Roll+1","Quick Slash+1","Riddle With Holes","After Image+1","Dodge and Roll","Dodge and Roll","Blur"],"relics":["Ring of the Snake","Whetstone","MawBank","Matryoshka"],"acts_visited":["Exordium"],"potions_floor_usage":[],"damage_taken":[{"damage":0.0,"enemies":"2 Louse","floor":1.0,"turns":2.0},{"damage":14.0,"enemies":"Jaw Worm","floor":3.0,"turns":4.0},{"damage":0.0,"enemies":"Cultist","floor":5.0,"turns":4.0},{"damage":22.0,"enemies":"Gremlin Nob","floor":7.0,"turns":5.0},{"damage":5.0,"enemies":"Gremlin Gang","floor":8.0,"turns":7.0},{"damage":6.0,"enemies":"Blue Slaver","floor":11.0,"turns":4.0},{"damage":16.0,"enemies":"3 Sentries","floor":14.0,"turns":5.0},{"damage":51,"enemies":"Slime Boss","floor":16,"turns":16}],"seed_played":"2052835257636916678","potions_obtained":[{"floor":5.0,"key":"Strength Potion"},{"floor":8.0,"key":"Strength Potion"},{"floor":11.0,"key":"Fire Potion"}],"is_trial":false,"path_per_floor":["M","?","M","?","M","R","E","M","T","R","M","?","$","E","R","B"],"character_chosen":"THE_SILENT","items_purchased":["Dodge and Roll"],"campfire_rested":1,"item_purchase_floors":[13],"current_hp_per_floor":[77,70,56,56,56,56,34,29,29,52,46,65,65,49,49,0,0],"gold":161,"neow_bonus":"TEN_PERCENT_HP_BONUS","is_daily":false,"chose_seed":false,"campfire_upgraded":2,"win_rate":0.0,"timestamp":1614021335,"path_taken":["M","?","M","?","M","R","E","?","T","R","?","?","?","E","R","BOSS"],"items_purchased_type":["Card"],"build_version":"2020-12-22","purchased_purges":1,"victory":false,"max_hp_per_floor":[77,77,77,77,77,77,77,77,77,77,77,77,77,77,77,77,77],"relic_stats":{"counters":[8,47],"Whetstone":["Quick Slash","Strike_G"],"MawBank":48,"obtain_stats":[{"Matryoshka":14,"Whetstone":7,"MawBank":9,"Ring of the Snake":0},{"Matryoshka":7,"Whetstone":4,"MawBank":5,"Ring of the Snake":0},{"Matryoshka":31,"Whetstone":15,"MawBank":22,"Ring of the Snake":0}],"Ring of the Snake":[16]},"card_choices":[{"not_picked":["Dagger Throw","Masterful Stab","Sucker Punch"],"picked":"SKIP","floor":1.0},{"not_picked":["Poisoned Stab","Escape Plan"],"picked":"Dodge and Roll","floor":3.0},{"not_picked":["Unload","Poisoned Stab"],"picked":"Quick Slash","floor":5.0},{"not_picked":["PiercingWail","Poisoned Stab"],"picked":"Riddle With Holes","floor":7.0},{"not_picked":["Setup","Blur"],"picked":"After Image","floor":8.0},{"not_picked":["Poisoned Stab","Backflip"],"picked":"Dodge and Roll","floor":11.0},{"not_picked":["Acrobatics","Slice"],"picked":"Blur","floor":14.0}],"player_experience":424666,"relics_obtained":[{"floor":7.0,"key":"Whetstone"},{"floor":9.0,"key":"MawBank"},{"floor":14.0,"key":"Matryoshka"}],"event_choices":[{"cards_removed":["Defend_G"],"damage_healed":0.0,"max_hp_gain":0.0,"max_hp_loss":0.0,"gold_gain":0.0,"event_name":"Golden Wing","player_choice":"Card Removal","floor":2.0,"gold_loss":0.0,"damage_taken":7.0},{"damage_healed":0.0,"max_hp_gain":0.0,"max_hp_loss":0.0,"gold_gain":0.0,"event_name":"Accursed Blacksmith","player_choice":"Forge","floor":4.0,"gold_loss":0.0,"damage_taken":0.0,"cards_upgraded":["Neutralize"]},{"damage_healed":19.0,"max_hp_gain":0.0,"max_hp_loss":0.0,"gold_gain":0.0,"event_name":"The Cleric","player_choice":"Healed","floor":12.0,"gold_loss":35.0,"damage_taken":0.0}],"is_beta":false,"boss_relics":[],"items_purged_floors":[13],"is_endless":false,"potions_floor_spawned":[5,8,11],"killed_by":"Slime Boss","ascension_level":3}}