{"host":"flm17o2q7bfjyna6","time":1614030101,"event":{"mods":["2.2 Compatiblity","Act Like it!","BaseMod","Better Altar","Better Match","Better Note","Better Sensory Stone","Better Skull","Better Third Choice","Better Vampires","Colored Map","Colored Powertips","DeckTracker","Downfall","Fox Events","Minty Spire (QoL Compilation)","Quick Restart","Replay The Spire","Reworked Bosses","Spicy Shops","StSLib","TheSwordswoman","Wandering Minibosses"],"gold_per_floor":[99,118,132,582,582,582,605,605,605,107,117,135,147,180,163,268,268,268,287,287,287,305,94,56,56,126,126,306,14,64,84,147,178,194,299,299,299,312,362,424,434,434,460,10,10,22,4,21,21,91,110,110,110,110],"floor_reached":52,"language":"ENG","playtime":2817,"items_purged":["Doubt","bronze:Strike","bronze:Strike"],"score":653,"play_id":"8636dd1d-323b-441f-9ce9-a5e64903ca0a","local_time":"20210222164141","is_ascension_mode":true,"campfire_choices":[{"data":"bronze:Format","floor":1,"key":"SMITH"},{"data":"bronze:BronzeOrb","floor":6,"key":"SMITH"},{"data":"bronze:OilSpill","floor":9,"key":"SMITH"},{"data":"bronze:WhirlingStrike","floor":18,"key":"SMITH"},{"data":"bronze:Mutator","floor":18,"key":"SMITH"},{"data":"bronze:Flail","floor":25,"key":"SMITH"},{"data":"bronze:DelayedSlice","floor":25,"key":"SMITH"},{"data":"bronze:Verify","floor":37,"key":"SMITH"},{"data":"Apotheosis","floor":37,"key":"SMITH"},{"data":"bronze:Optimize","floor":42,"key":"SMITH"},{"data":"bronze:BronzeOrb","floor":42,"key":"SMITH"},{"data":"bronze:Repulsor","floor":45,"key":"SMITH"},{"data":"expansioncontent:DashGenerateEvil","floor":45,"key":"SMITH"},{"floor":49,"key":"REST"}],"circlet_count":0,"master_deck":["bronze:Strike","bronze:Defend","bronze:Defend","bronze:Replicate+1","bronze:Goto","bronze:Format+1","bronze:BronzeOrb+1","bronze:OilSpill+1","downfall:Icky","bronze:WhirlingStrike+1","bronze:FineTuning","bronze:Optimize+1","bronze:Repulsor+1","bronze:BronzeOrb+1","bronze:Boost","bronze:Mutator+1","bronze:DigitalCarnage+1","bronze:Format+1","bronze:Invalidate+1","bronze:Frontload","bronze:OilSpill","bronze:Flail+1","bronze:DelayedSlice+1","bronze:Shield+1","bronze:DelayedSlice+1","bronze:FollowUp","bronze:Shield+1","bronze:ShipIt","Apotheosis+1","Purity","Survey Options","bronze:BitShift+1","bronze:BuggyMess","bronze:DelayedGuard+1","bronze:Verify+1","bronze:BurnOut","AbeCurse","bronze:ForceShield+1","Parasite","expansioncontent:QuickStudy","expansioncontent:DashGenerateEvil+1","bronze:ItsAFeature","expansioncontent:StudyTheSpire"],"relics":["bronze:BronzeCore","Onion Ring","Replay:Arrowhead","Simple Rune","Astrolabe","PreservedInsect","The Courier","wanderingMiniBosses:ThiefScarf","Akabeko","Gremlin Food","downfall:CloakOfManyFaces","CultistMask","FaceOfCleric","NlothsMask","GremlinMask","SsserpentHead","bronze:ProtectiveGoggles","Sling","Pondfish Scales","Art of War","ReplayFunnel","ReplayTheSpireMod:ShopPack","Dream Catcher","Abe\u0027s Treasure","Kunai","Membership Card","Replay:Wax Seal","War Paint","Anchor","Pantograph","StoneCalendar"],"acts_visited":["Exordium","TheCity","TheBeyond"],"potions_floor_usage":[51,52],"damage_taken":[{"damage":1,"enemies":"Cultist","floor":2,"turns":4},{"damage":0,"enemies":"Jaw Worm","floor":3,"turns":4},{"damage":0,"enemies":"downfall:FleeingMerchant","floor":10,"turns":4},{"damage":0,"enemies":"2 Louse","floor":11,"turns":1},{"damage":0,"enemies":"Large Slime","floor":12,"turns":2},{"damage":0,"enemies":"Lots of Slimes","floor":13,"turns":1},{"damage":7,"enemies":"3 Sentries","floor":14,"turns":6},{"damage":5,"enemies":"3 Louse","floor":15,"turns":5},{"damage":41,"enemies":"WA_ARCHETYPE_RETAIN","floor":16,"turns":8},{"damage":5,"enemies":"Shell Parasite","floor":19,"turns":4},{"damage":0,"enemies":"3 Byrds","floor":22,"turns":3},{"damage":0,"enemies":"downfall:FleeingMerchant","floor":23,"turns":4},{"damage":24,"enemies":"Centurion and Healer","floor":24,"turns":5},{"damage":0,"enemies":"downfall:FaceTrader","floor":28,"turns":5},{"damage":0,"enemies":"downfall:FleeingMerchant","floor":29,"turns":4},{"damage":6,"enemies":"Shelled Parasite and Fungi","floor":31,"turns":3},{"damage":12,"enemies":"Chosen and Byrds","floor":32,"turns":6},{"damage":0,"enemies":"Slavers","floor":33,"turns":2},{"damage":0,"enemies":"Snake Plant","floor":34,"turns":3},{"damage":16,"enemies":"SI_MIRROR_ARCHETYPE","floor":35,"turns":7},{"damage":0,"enemies":"3 Darklings","floor":38,"turns":3},{"damage":2,"enemies":"3 Shapes","floor":40,"turns":2},{"damage":34,"enemies":"Writhing Mass","floor":41,"turns":8},{"damage":14,"enemies":"4 Shapes","floor":46,"turns":4},{"damage":0,"enemies":"Jaw Worm Horde","floor":48,"turns":3},{"damage":0,"enemies":"Sphere and 2 Shapes","floor":50,"turns":4},{"damage":29,"enemies":"Transient","floor":51,"turns":5},{"damage":90,"enemies":"DF_ARCHETYPE_ORBS","floor":52,"turns":7}],"seed_played":"1985039733510935394","potions_obtained":[{"floor":2,"key":"Milkshake"},{"floor":14,"key":"LifebloodPotion"},{"floor":22,"key":"Guardian:BlockOnCardUsePotion"},{"floor":51,"key":"Venom Potion"}],"is_trial":false,"path_per_floor":["R","M","M","?","?","R","T","?","R","$","M","M","M","E","M","B",null,"R","M","PTL","PTL","M","$","M","R","T","?","?","$","?","M","M","E","M","B",null,"R","M","?","M","M","R","T","$","R","M","$","M","R","M","M","B"],"character_chosen":"THE_AUTOMATON","items_purchased":["Onion Ring","Replay:Arrowhead","PreservedInsect","bronze:DelayedSlice","bronze:ProtectiveGoggles","Sling","Pondfish Scales","Art of War","ReplayFunnel","ReplayTheSpireMod:ShopPack","bronze:ShipIt","Membership Card","Replay:Wax Seal","War Paint","expansioncontent:QuickStudy","expansioncontent:DashGenerateEvil","Anchor","expansioncontent:StudyTheSpire"],"campfire_rested":1,"item_purchase_floors":[10,10,23,23,29,29,29,29,29,29,29,44,44,44,44,44,44,47],"current_hp_per_floor":[70,69,69,69,69,69,69,69,69,69,69,69,69,62,57,16,70,70,65,65,65,65,65,41,41,41,41,41,42,42,37,26,27,40,25,76,76,77,77,76,43,43,43,43,43,30,30,31,55,56,28,0,0,0],"gold":110,"neow_bonus":"ONE_RANDOM_RARE_CARD","is_daily":false,"chose_seed":false,"campfire_upgraded":13,"win_rate":0.0,"timestamp":1614030101,"path_taken":["R","M","?","?","?","R","T","?","R","$","M","M","?","E","M","BOSS","R","M","PTL","PTL","M","$","M","R","T","?","?","$","?","M","?","E","M","BOSS","R","M","?","?","M","R","T","$","R","M","?","M","R","?","M","BOSS"],"items_purchased_type":["Relic","Relic","Relic","Card","Relic","Relic","Relic","Relic","Relic","Relic","Card","Relic","Relic","Relic","Card","Card","Relic","Card"],"build_version":"2020-12-22","purchased_purges":3,"victory":false,"max_hp_per_floor":[70,70,70,70,70,70,70,70,70,70,70,70,70,70,70,70,70,70,70,70,70,70,70,70,70,70,70,70,71,71,72,73,74,75,76,76,76,77,77,78,79,79,79,79,79,80,80,81,81,82,83,83,83,83],"card_choices":[{"not_picked":["bronze:Frontload","bronze:Iterate"],"picked":"bronze:BronzeOrb","floor":2},{"not_picked":["bronze:BuggyMess","bronze:BugBarrage"],"picked":"bronze:OilSpill","floor":3},{"not_picked":["bronze:CutThrough","bronze:Overload"],"picked":"bronze:WhirlingStrike","floor":10},{"not_picked":["bronze:Deprecate","bronze:WhirlingStrike"],"picked":"bronze:FineTuning","floor":11},{"not_picked":["bronze:WhirlingStrike","bronze:CloningBeam"],"picked":"bronze:Optimize","floor":12},{"not_picked":["bronze:BurnOut","bronze:DelayedGuard"],"picked":"bronze:Repulsor","floor":13},{"not_picked":["bronze:DelayedGuard","bronze:WhirlingStrike"],"picked":"bronze:BronzeOrb","floor":14},{"not_picked":["bronze:MaxOutput","bronze:OilSpill"],"picked":"bronze:Boost","floor":15},{"not_picked":["bronze:Assembly","bronze:FindAndReplace"],"picked":"bronze:Mutator","floor":16},{"not_picked":["bronze:Turbo","bronze:ChosenStrike"],"picked":"bronze:Frontload","floor":19},{"not_picked":["bronze:Branch","bronze:BitShift"],"picked":"bronze:OilSpill","floor":22},{"not_picked":["bronze:Iterate","bronze:BugBarrage"],"picked":"bronze:Flail","floor":23},{"not_picked":["bronze:Invalidate+1","bronze:Repulsor"],"picked":"bronze:Shield","floor":24},{"not_picked":["bronze:Safeguard","bronze:BitShift"],"picked":"bronze:FollowUp","floor":28},{"not_picked":["bronze:Separator","bronze:CloningBeam"],"picked":"bronze:Shield+1","floor":29},{"not_picked":["Mayhem","The Bomb"],"picked":"Apotheosis","floor":29},{"not_picked":["Jack Of All Trades","Replay:BasicMightCard"],"picked":"Purity","floor":29},{"not_picked":["Sadistic Nature","PanicButton"],"picked":"Survey Options","floor":29},{"not_picked":["bronze:Branch","bronze:Invalidate"],"picked":"bronze:BitShift+1","floor":31},{"not_picked":["bronze:BugBarrage","bronze:Overheat+1"],"picked":"bronze:BuggyMess","floor":32},{"not_picked":["bronze:Boost","bronze:FollowUp"],"picked":"bronze:DelayedGuard","floor":33},{"not_picked":["bronze:WildBeam","bronze:NullPointer"],"picked":"bronze:Verify","floor":34},{"not_picked":["bronze:RecursiveStrike","bronze:FindAndReplace"],"picked":"bronze:BurnOut","floor":35},{"not_picked":["bronze:Shell","bronze:BuggyMess","bronze:OilSpill"],"picked":"SKIP","floor":38},{"not_picked":["bronze:BuggyMess","bronze:WildBeam+1"],"picked":"bronze:ForceShield+1","floor":40},{"not_picked":["bronze:Separator+1","bronze:Frontload","bronze:Optimize"],"picked":"SKIP","floor":41},{"not_picked":["bronze:Fortify","bronze:WildBeam+1"],"picked":"bronze:ItsAFeature","floor":46},{"not_picked":["bronze:BitShift","bronze:Turbo+1","bronze:Shield"],"picked":"SKIP","floor":48},{"not_picked":["bronze:ThunderWave","bronze:Invalidate+1","bronze:Turbo"],"picked":"SKIP","floor":50},{"not_picked":["bronze:Invalidate+1","bronze:BitShift","bronze:NullPointer+1"],"picked":"SKIP","floor":51}],"player_experience":1984748,"relics_obtained":[{"floor":7,"key":"Akabeko"},{"floor":14,"key":"Simple Rune"},{"floor":26,"key":"The Courier"},{"floor":28,"key":"wanderingMiniBosses:ThiefScarf"},{"floor":28,"key":"Akabeko"},{"floor":28,"key":"Gremlin Food"},{"floor":28,"key":"downfall:CloakOfManyFaces"},{"floor":33,"key":"Dream Catcher"},{"floor":39,"key":"Kunai"}],"event_choices":[{"damage_healed":0,"gold_gain":0,"player_choice":"Box","damage_taken":0,"relics_obtained":["Gremlin Food"],"max_hp_gain":0,"max_hp_loss":0,"event_name":"Big Fish","floor":5,"gold_loss":0,"cards_obtained":["Regret"]},{"damage_healed":0,"gold_gain":0,"player_choice":"Got Potions","damage_taken":0,"max_hp_gain":0,"max_hp_loss":0,"event_name":"Lab","floor":30,"gold_loss":0},{"damage_healed":0,"gold_gain":0,"player_choice":"Relic","damage_taken":0,"max_hp_gain":0,"max_hp_loss":0,"event_name":"Wheel of Change","floor":39,"gold_loss":0}],"is_beta":false,"boss_relics":[{"not_picked":["Runic Pyramid","bronze:MakeshiftBattery"],"picked":"Astrolabe"},{"not_picked":["Calling Bell","Cursed Key"],"picked":"Abe\u0027s Treasure"}],"items_purged_floors":[10,10,44],"is_endless":false,"potions_floor_spawned":[2,14,22,24,31,34,35,48,50,51],"killed_by":"DF_ARCHETYPE_ORBS","ascension_level":1}}