{"host":"cr9rpoy6dx9riis3","time":1614034469,"event":{"mods":["AchievementEnabler","BaseMod","Better Altar","Better Note","Better Sensory Stone","Better Skull","Better Third Choice","Better-Laid Plans","BetterRewards","Block Reminder","Curses Come First","Displayed Cursed Tome","Emptier Cage","Marked Mod","Minty Spire (QoL Compilation)","Permanent Neow","Relic Sorter","StSLib","The Blue Laboratory","Transform Curses"],"gold_per_floor":[113,133,58,71,91,91,119,119,119,119,119,119,119,136,136,232,232,245,245,245,256,120,120,139,139,139,139,156,188,198,36,36,136,186,200,130,146,146,146],"floor_reached":38,"language":"ENG","playtime":2420,"items_purged":["Strike_P","Eruption","Vigilance"],"score":654,"play_id":"a92f8e62-7972-45d2-822f-a9e26ea3a695","local_time":"20210222235429","is_ascension_mode":true,"campfire_choices":[{"data":"Devotion","floor":6,"key":"SMITH"},{"data":"Brilliance","floor":11,"key":"SMITH"},{"data":"Brilliance","floor":13,"key":"SMITH"},{"data":"Meditate","floor":15,"key":"SMITH"},{"data":"Blasphemy","floor":23,"key":"SMITH"},{"data":"Scrawl","floor":25,"key":"SMITH"},{"data":"Wallop","floor":27,"key":"SMITH"},{"floor":32,"key":"REST"}],"circlet_count":0,"master_deck":["Strike_P","Strike_P","Strike_P","Defend_P+1","Defend_P","Defend_P","Wallop+1","Brilliance+1","DeceiveReality","Meditate+1","Brilliance+1","Conclude","Devotion+1","Tantrum","Blasphemy+1","Pray","Scrawl+1","TalkToTheHand","ConjureBlade","Worship"],"relics":["PureWater","Meat on the Bone","Pantograph","Cursed Key","Torii"],"acts_visited":["TheCity","TheBeyond"],"potions_floor_usage":[14,18,29,29,29],"damage_taken":[{"damage":0,"enemies":"Cultist","floor":1,"turns":2},{"damage":0,"enemies":"Small Slimes","floor":2,"turns":2},{"damage":4,"enemies":"Jaw Worm","floor":4,"turns":3},{"damage":0,"enemies":"Large Slime","floor":5,"turns":3},{"damage":31,"enemies":"Lagavulin","floor":7,"turns":4},{"damage":0,"enemies":"Lots of Slimes","floor":14,"turns":1},{"damage":24,"enemies":"The Guardian","floor":16,"turns":6},{"damage":19,"enemies":"2 Thieves","floor":18,"turns":3},{"damage":0,"enemies":"Spheric Guardian","floor":21,"turns":3},{"damage":6,"enemies":"Centurion and Healer","floor":24,"turns":5},{"damage":11,"enemies":"Snecko","floor":28,"turns":4},{"damage":17,"enemies":"Slavers","floor":29,"turns":4},{"damage":8,"enemies":"Chosen and Byrds","floor":30,"turns":6},{"damage":79,"enemies":"Champ","floor":33,"turns":9},{"damage":23,"enemies":"3 Shapes","floor":35,"turns":4},{"damage":17,"enemies":"3 Darklings","floor":37,"turns":4},{"damage":100015,"enemies":"Maw","floor":38,"turns":7}],"seed_played":"2010463296234097232","potions_obtained":[{"floor":1,"key":"blueLaboratory:BottleOfVodka"},{"floor":2,"key":"blueLaboratory:BottleOfRum"},{"floor":7,"key":"blueLaboratory:BottledHope"},{"floor":16,"key":"blueLaboratory:PressurePotion"},{"floor":18,"key":"blueLaboratory:HummingbirdPotion"},{"floor":24,"key":"Explosive Potion"},{"floor":34,"key":"FearPotion"}],"is_trial":false,"path_per_floor":["M","M","$","M","M","R","E","?","T","?","R","?","R","M","R","B",null,"M","?","?","M","$","R","M","R","T","R","M","E","M","$","R","B",null,"M","$","M","M"],"character_chosen":"WATCHER","items_purchased":["Wallop","Brilliance","DeceiveReality","Orrery","Devotion","Pray","TalkToTheHand","Worship"],"campfire_rested":1,"item_purchase_floors":[0,0,0,0,0,22,31,36],"current_hp_per_floor":[42,42,42,38,38,38,27,27,27,27,27,27,27,27,27,28,72,53,53,53,53,53,53,47,47,47,47,36,19,23,23,44,32,77,54,54,49,0,0],"gold":146,"neow_bonus":"","is_daily":false,"chose_seed":false,"campfire_upgraded":7,"win_rate":0.0,"timestamp":1614034469,"path_taken":["M","M","$","M","?","R","E","?","T","?","R","?","R","M","R","BOSS","M","?","?","M","$","R","M","R","T","R","M","E","M","$","R","BOSS","M","$","M","M"],"items_purchased_type":["Card","Card","Card","Relic","Card","Card","Card","Card"],"build_version":"2020-12-22","purchased_purges":3,"victory":false,"max_hp_per_floor":[72,72,72,72,72,72,72,72,72,72,72,72,72,72,72,72,72,72,72,72,72,72,72,72,72,72,72,72,72,72,72,72,72,77,77,77,77,77,77],"card_choices":[{"not_picked":["Prostrate","FlurryOfBlows"],"picked":"Meditate","floor":0},{"not_picked":["SignatureMove","WreathOfFlame"],"picked":"Brilliance","floor":0},{"not_picked":["Judgement","FlyingSleeves"],"picked":"Conclude","floor":0},{"not_picked":["SashWhip","LikeWater","Consecrate"],"picked":"SKIP","floor":1},{"not_picked":["Prostrate","CrushJoints","JustLucky"],"picked":"SKIP","floor":2},{"not_picked":["Nirvana","Tantrum","Halt"],"picked":"SKIP","floor":4},{"not_picked":["MarkedMod:GentlePulse","DeceiveReality"],"picked":"EmptyFist","floor":5},{"not_picked":["SashWhip","Vengeance","EmptyBody"],"picked":"SKIP","floor":7},{"not_picked":["Halt","ReachHeaven"],"picked":"Tantrum","floor":14},{"not_picked":["Ragnarok","Vault"],"picked":"Blasphemy","floor":16},{"not_picked":["Halt","Conclude","Prostrate"],"picked":"SKIP","floor":18},{"not_picked":["WindmillStrike","Crescendo+1","BowlingBash"],"picked":"SKIP","floor":21},{"not_picked":["MarkedMod:GentlePulse","Consecrate"],"picked":"Scrawl","floor":24},{"not_picked":["EmptyBody","Study","ThirdEye"],"picked":"SKIP","floor":28},{"not_picked":["FollowUp","CutThroughFate","Protect"],"picked":"SKIP","floor":29},{"not_picked":["CutThroughFate","MarkedMod:FirstStrike","EmptyBody"],"picked":"SKIP","floor":30},{"not_picked":["LessonLearned","MarkedMod:ChiBlock"],"picked":"ConjureBlade","floor":33},{"not_picked":["EmptyFist+1","Evaluate+1","InnerPeace"],"picked":"SKIP","floor":35},{"not_picked":["Crescendo","TalkToTheHand","LikeWater+1"],"picked":"SKIP","floor":37}],"player_experience":792147,"relics_obtained":[{"floor":7,"key":"Torii"},{"floor":9,"key":"Pantograph"},{"floor":29,"key":"Meat on the Bone"}],"event_choices":[{"cards_removed":["Defend_P"],"damage_healed":0,"gold_gain":0,"player_choice":"Forget","damage_taken":0,"max_hp_gain":0,"max_hp_loss":0,"event_name":"Living Wall","floor":8,"gold_loss":0},{"damage_healed":0,"gold_gain":0,"player_choice":"Ignored","damage_taken":0,"max_hp_gain":0,"max_hp_loss":0,"event_name":"Golden Idol","floor":10,"gold_loss":0},{"damage_healed":0,"gold_gain":0,"player_choice":"LEAVE","damage_taken":0,"max_hp_gain":0,"max_hp_loss":0,"event_name":"betterThird:BetterScrap","floor":12,"gold_loss":0,"cards_obtained":["Endless Agony"]},{"cards_removed":["Brilliance"],"damage_healed":0,"gold_gain":0,"player_choice":"Give","damage_taken":0,"max_hp_gain":0,"max_hp_loss":0,"event_name":"betterNote:BetterNote","floor":19,"gold_loss":0,"cards_obtained":["LessonLearned"]},{"damage_healed":0,"gold_gain":0,"player_choice":"Bought 0 Potions","damage_taken":0,"max_hp_gain":0,"max_hp_loss":0,"event_name":"The Woman in Blue","floor":20,"gold_loss":0}],"is_beta":false,"boss_relics":[{"not_picked":["Pandora\u0027s Box","Astrolabe"],"picked":"Cursed Key"},{"not_picked":["Velvet Choker","Calling Bell"],"picked":"Tiny House"}],"items_purged_floors":[3,22,31],"is_endless":false,"potions_floor_spawned":[1,2,7,16,18,21,24],"killed_by":"Maw","ascension_level":3}}