{"host":"lwys0gbp6t40j7jh","time":1614015673,"event":{"mods":["Act Like it!","BaseMod","CapriCore","Friendly Minions","GifTheSpireLib","Minty Spire (QoL Compilation)","StSLib","SuperFastMode","The Bug Knight"],"gold_per_floor":[119,294,111,111,111,111,131,131,156,173,156,56,56,56,56,161,161,171,19,36,54,54,54,54,54,105,105,140,157,170,182,182,182,182],"floor_reached":33,"language":"ENG","playtime":812,"items_purged":["Doubt","HollowMod:PureNailStrike","HollowMod:SoulStrike"],"score":380,"play_id":"38b40b42-9cf2-4fd2-95b1-bf0d7f58cdf8","local_time":"20210222184113","daily_mods":["Draft"],"is_ascension_mode":false,"campfire_choices":[{"floor":6,"key":"REST"},{"data":"HollowMod:CycloneSlash","floor":8,"key":"SMITH"},{"data":"Mind Blast","floor":15,"key":"SMITH"},{"data":"HollowMod:CrystalDash","floor":23,"key":"SMITH"},{"data":"HollowMod:RecoilStrike","floor":25,"key":"SMITH"},{"data":"HollowMod:CloakDash","floor":27,"key":"SMITH"},{"floor":32,"key":"REST"}],"circlet_count":0,"master_deck":["HollowMod:CycloneSlash+1","HollowMod:AbyssShriek","HollowMod:GoodIntentions","HollowMod:SoulSplash","HollowMod:DashSlash+1","HollowMod:DashSlash","HollowMod:DashSlash","HollowMod:DashSlash","HollowMod:CrystalDash+1","HollowMod:DesolateDive","HollowMod:RecoilStrike+1","HollowMod:SharpenedNail+1","HollowMod:HowlingWraiths","HollowMod:CloakDash+1","HollowMod:RecoilStrike","HollowMod:DoubleDash","HollowMod:QuirrelsAssistance+1","HollowMod:FallenFury","Mind Blast+1","HollowMod:CloakDash+1","HollowMod:CycloneSlash","HollowMod:QuirrelsAssistance+1"],"relics":["HollowMod:VesselMask","Strawberry","Art of War","Orichalcum"],"acts_visited":["Exordium","TheCity"],"potions_floor_usage":[16,28,33,33],"damage_taken":[{"damage":0,"enemies":"Cultist","floor":1,"turns":3},{"damage":4,"enemies":"Small Slimes","floor":7,"turns":2},{"damage":0,"enemies":"2 Louse","floor":10,"turns":2},{"damage":4,"enemies":"Exordium Thugs","floor":11,"turns":4},{"damage":6,"enemies":"HollowMod:FalseKnight","floor":16,"turns":8},{"damage":7,"enemies":"2 Thieves","floor":18,"turns":4},{"damage":4,"enemies":"HollowMod:HuskSentry","floor":20,"turns":7},{"damage":23,"enemies":"Centurion and Healer","floor":21,"turns":8},{"damage":33,"enemies":"Slavers","floor":28,"turns":8},{"damage":22,"enemies":"Snake Plant","floor":29,"turns":6},{"damage":0,"enemies":"Chosen and Byrds","floor":30,"turns":5},{"damage":6,"enemies":"Centurion and Healer","floor":31,"turns":7},{"damage":50,"enemies":"Automaton","floor":33,"turns":6}],"seed_played":"4142408428948538621","potions_obtained":[{"floor":10,"key":"SkillPotion"},{"floor":11,"key":"LiquidMemories"},{"floor":28,"key":"SkillPotion"},{"floor":29,"key":"ColorlessPotion"},{"floor":30,"key":"GamblersBrew"}],"is_trial":true,"path_per_floor":["M","?","$","?","?","R","M","R","T","M","M","$","?","?","R","B",null,"M","$","M","M","?","R","?","R","T","R","E","M","M","M","R","B"],"character_chosen":"THE_BUGKNIGHT","items_purchased":["HollowMod:CloakDash","HollowMod:RecoilStrike","HollowMod:CycloneSlash"],"campfire_rested":2,"item_purchase_floors":[3,3,19],"current_hp_per_floor":[75,75,75,60,60,75,71,71,78,78,74,74,74,74,74,68,82,75,75,71,48,75,75,75,75,75,75,42,20,20,14,38,0,0],"gold":182,"neow_bonus":"","is_daily":false,"chose_seed":false,"campfire_upgraded":5,"win_rate":0.0,"timestamp":1614015673,"path_taken":["M","?","$","?","?","R","M","R","T","M","?","$","?","?","R","BOSS","M","$","M","?","?","R","?","R","T","R","E","M","M","M","R","BOSS"],"items_purchased_type":["Card","Card","Card"],"build_version":"2020-12-22","purchased_purges":3,"victory":false,"max_hp_per_floor":[75,75,75,75,75,75,75,75,82,82,82,82,82,82,82,82,82,82,82,82,82,82,82,82,82,82,82,82,82,82,82,82,82,82],"card_choices":[{"not_picked":["HollowMod:SoulStrike","HollowMod:InfectionAssault"],"picked":"HollowMod:CycloneSlash","floor":0},{"not_picked":["HollowMod:NewGlowingWomb","HollowMod:InfectedCysts"],"picked":"HollowMod:AbyssShriek","floor":0},{"not_picked":["HollowMod:ChannelNail","HollowMod:FallenFury"],"picked":"HollowMod:SoulStrike","floor":0},{"not_picked":["HollowMod:ChannelNail","HollowMod:GrimmsGift"],"picked":"HollowMod:PureNailStrike","floor":0},{"not_picked":["HollowMod:NewLittleFool","HollowMod:MawleksShell"],"picked":"HollowMod:GoodIntentions","floor":0},{"not_picked":["HollowMod:CoiledNail","HollowMod:SharpenedShadows"],"picked":"HollowMod:SoulSplash","floor":0},{"not_picked":["HollowMod:HeavyBlow","HollowMod:MonarchWings"],"picked":"HollowMod:DashSlash","floor":0},{"not_picked":["HollowMod:WraithStrike","HollowMod:SoulStrike"],"picked":"HollowMod:DashSlash","floor":0},{"not_picked":["HollowMod:HowlingWraiths","HollowMod:SiblingsShadow"],"picked":"HollowMod:DashSlash","floor":0},{"not_picked":["HollowMod:TaintedHusks","HollowMod:VengefulVoid"],"picked":"HollowMod:DashSlash","floor":0},{"not_picked":["HollowMod:SiblingsSouls","HollowMod:InfectedAttack"],"picked":"HollowMod:CrystalDash","floor":0},{"not_picked":["HollowMod:VengefulVoid","HollowMod:FastStrike"],"picked":"HollowMod:DesolateDive","floor":0},{"not_picked":["HollowMod:VengefulVoid","HollowMod:CornifersMapStart"],"picked":"HollowMod:RecoilStrike","floor":0},{"not_picked":["HollowMod:InfectedCysts","HollowMod:PureNailStrike"],"picked":"HollowMod:SharpenedNail","floor":0},{"not_picked":["HollowMod:TaintedHusks","HollowMod:CoiledNail"],"picked":"HollowMod:HowlingWraiths","floor":0},{"not_picked":["HollowMod:VengefulVoid","HollowMod:BlackTendrils","HollowMod:ShapeofUnn"],"picked":"SKIP","floor":1},{"not_picked":["HollowMod:WraithStrike","HollowMod:LifebloodCocoon","HollowMod:InfectedCysts"],"picked":"SKIP","floor":7},{"not_picked":["HollowMod:SiblingsSouls","HollowMod:WraithStrike"],"picked":"HollowMod:DoubleDash","floor":10},{"not_picked":["HollowMod:InfectedAttack","HollowMod:NewJinnsSoul"],"picked":"HollowMod:QuirrelsAssistance","floor":11},{"not_picked":["HollowMod:ChannelNail","HollowMod:TaintedHusks"],"picked":"HollowMod:CloakDash+1","floor":18},{"not_picked":["HollowMod:LifebloodCocoon","HollowMod:Grubsong","HollowMod:HeavyBlow+1"],"picked":"SKIP","floor":20},{"not_picked":["HollowMod:SoulVessel","HollowMod:HowlingWraiths","HollowMod:ElderbugsWisdom"],"picked":"SKIP","floor":21},{"not_picked":["HollowMod:GrimmsGift","HollowMod:SiblingsSouls","HollowMod:SharpenedNail"],"picked":"SKIP","floor":28},{"not_picked":["HollowMod:CloakDash+1","HollowMod:DescendingDark+1"],"picked":"HollowMod:QuirrelsAssistance+1","floor":29},{"not_picked":["HollowMod:SoulSplash","HollowMod:SiblingsSouls+1","HollowMod:InfectionAssault"],"picked":"SKIP","floor":30},{"not_picked":["HollowMod:WraithStrike+1","HollowMod:HeavyBlow","HollowMod:DescendingDark"],"picked":"SKIP","floor":31}],"player_experience":1311684,"relics_obtained":[{"floor":9,"key":"Strawberry"},{"floor":26,"key":"Art of War"},{"floor":28,"key":"Orichalcum"}],"event_choices":[{"damage_healed":0,"gold_gain":175,"player_choice":"AGREE","damage_taken":0,"max_hp_gain":0,"max_hp_loss":0,"event_name":"Liars Game","floor":2,"gold_loss":0,"cards_obtained":["Doubt"]},{"damage_healed":0,"gold_gain":0,"player_choice":"Entered Light","damage_taken":15,"max_hp_gain":0,"max_hp_loss":0,"event_name":"Shining Light","floor":4,"gold_loss":0,"cards_upgraded":["HollowMod:DashSlash","HollowMod:SharpenedNail"]},{"damage_healed":0,"gold_gain":0,"player_choice":"Grow","damage_taken":0,"max_hp_gain":0,"max_hp_loss":0,"event_name":"Living Wall","floor":13,"gold_loss":0,"cards_upgraded":["HollowMod:QuirrelsAssistance"]},{"damage_healed":0,"gold_gain":0,"player_choice":"2 cards matched","damage_taken":0,"max_hp_gain":0,"max_hp_loss":0,"event_name":"Match and Keep!","floor":14,"gold_loss":0,"cards_obtained":["HollowMod:FallenFury","Mind Blast"]},{"damage_healed":27,"gold_gain":0,"player_choice":"Heal","damage_taken":0,"max_hp_gain":0,"max_hp_loss":0,"event_name":"The Library","floor":22,"gold_loss":0}],"is_beta":false,"boss_relics":[{"not_picked":["HollowMod:KingsSoulRelic","Ectoplasm","Calling Bell"]}],"items_purged_floors":[3,12,19],"is_endless":true,"potions_floor_spawned":[10,11,28,29,30],"killed_by":"Automaton","ascension_level":0}}