{"host":"qp7xs8nuzfsyommi","time":1614014264,"event":{"mods":["2.2 Compatiblity","BaseMod","Colored Powertips","DeckTracker","Highlight Path","Minty Spire (QoL Compilation)","Permanent Neow","Quick Restart","StSLib","Weighted Paths"],"gold_per_floor":[112,126,137,137,137,137,176,176,176,214,45,61,85,123,123,219,219,238,254,254,274,289,289,324,338,338,338,373,11,11,27,27,123,123,137,162,182,202,202,202,240,263,263,307,328,328,343,393,393,393,393],"floor_reached":50,"language":"ENG","playtime":3421,"items_purged":[],"score":1182,"play_id":"e3ba611e-0c28-4fd3-9b7f-762f12554054","local_time":"20210222121744","is_ascension_mode":true,"campfire_choices":[{"data":"Creative AI","floor":6.0,"key":"SMITH"},{"floor":8.0,"key":"REST"},{"data":"Self Repair","floor":15.0,"key":"SMITH"},{"floor":23.0,"key":"RECALL"},{"data":"Storm","floor":27.0,"key":"SMITH"},{"floor":30.0,"key":"REST"},{"data":"Biased Cognition","floor":32.0,"key":"SMITH"},{"data":"Go for the Eyes","floor":40.0,"key":"SMITH"},{"floor":46,"key":"REST"},{"data":"Hologram","floor":49,"key":"SMITH"}],"circlet_count":0,"master_deck":["AscendersBane","Dualcast","Genetic Algorithm","Storm+1","Doom and Gloom","Capacitor","Electrodynamics","Creative AI+1","Go for the Eyes+1","Stack","Undo","Stack","Self Repair+1","BootSequence","Force Field","Biased Cognition+1","All For One+1","Undo+1","Lockon+1","Self Repair+1","Defragment","Force Field","Loop","Steam","Steam","Defragment+1","Core Surge","Buffer+1","Self Repair+1","Self Repair+1","Turbo+1","Buffer+1","Conserve Battery+1","Hologram+1","Aggregate+1","Conserve Battery"],"relics":["Pandora\u0027s Box","Golden Idol","Orichalcum","InkBottle","Anchor","Lee\u0027s Waffle","White Beast Statue","Astrolabe","Tiny Chest","Dead Branch","Frozen Egg 2","Pantograph","Snecko Eye","Molten Egg 2","Question Card","Blood Vial","Oddly Smooth Stone"],"acts_visited":["Exordium","TheCity","TheBeyond"],"potions_floor_usage":[50,50],"damage_taken":[{"damage":6.0,"enemies":"Cultist","floor":1.0,"turns":3.0},{"damage":4.0,"enemies":"2 Louse","floor":2.0,"turns":2.0},{"damage":22.0,"enemies":"Jaw Worm","floor":3.0,"turns":5.0},{"damage":23.0,"enemies":"3 Sentries","floor":7.0,"turns":4.0},{"damage":8.0,"enemies":"Lagavulin","floor":10.0,"turns":7.0},{"damage":18.0,"enemies":"Large Slime","floor":12.0,"turns":9.0},{"damage":0.0,"enemies":"Lots of Slimes","floor":13.0,"turns":2.0},{"damage":14.0,"enemies":"Gremlin Nob","floor":14.0,"turns":5.0},{"damage":35.0,"enemies":"The Guardian","floor":16.0,"turns":8.0},{"damage":7.0,"enemies":"Shell Parasite","floor":18.0,"turns":7.0},{"damage":13.0,"enemies":"Spheric Guardian","floor":19.0,"turns":5.0},{"damage":4.0,"enemies":"Snecko","floor":21.0,"turns":5.0},{"damage":44.0,"enemies":"3 Cultists","floor":22.0,"turns":5.0},{"damage":30.0,"enemies":"Slavers","floor":24.0,"turns":4.0},{"damage":2.0,"enemies":"Chosen and Byrds","floor":25.0,"turns":6.0},{"damage":35.0,"enemies":"Book of Stabbing","floor":28.0,"turns":6.0},{"damage":0.0,"enemies":"Snecko","floor":31.0,"turns":3.0},{"damage":41.0,"enemies":"Automaton","floor":33.0,"turns":9.0},{"damage":15.0,"enemies":"Orb Walker","floor":35.0,"turns":4.0},{"damage":0.0,"enemies":"3 Shapes","floor":36.0,"turns":5.0},{"damage":10.0,"enemies":"3 Darklings","floor":37.0,"turns":3.0},{"damage":26.0,"enemies":"Maw","floor":38.0,"turns":7.0},{"damage":22,"enemies":"Giant Head","floor":41,"turns":10},{"damage":11,"enemies":"Writhing Mass","floor":42,"turns":6},{"damage":71,"enemies":"Nemesis","floor":44,"turns":7},{"damage":25,"enemies":"3 Darklings","floor":45,"turns":5},{"damage":12,"enemies":"4 Shapes","floor":47,"turns":4},{"damage":92,"enemies":"Awakened One","floor":50,"turns":4}],"seed_played":"6413627954527687706","potions_obtained":[{"floor":3.0,"key":"Fire Potion"},{"floor":7.0,"key":"Block Potion"},{"floor":10.0,"key":"SteroidPotion"},{"floor":12.0,"key":"Explosive Potion"},{"floor":16.0,"key":"SpeedPotion"},{"floor":18.0,"key":"Fire Potion"},{"floor":21.0,"key":"Energy Potion"},{"floor":22.0,"key":"Regen Potion"},{"floor":24.0,"key":"SpeedPotion"},{"floor":25.0,"key":"Strength Potion"},{"floor":28.0,"key":"Regen Potion"},{"floor":31.0,"key":"PotionOfCapacity"},{"floor":35.0,"key":"LiquidBronze"},{"floor":38.0,"key":"EssenceOfDarkness"},{"floor":41,"key":"PowerPotion"},{"floor":47,"key":"LiquidBronze"}],"is_trial":false,"path_per_floor":["M","M","M","?","?","R","E","R","T","E","$","M","M","E","R","B",null,"M","M","?","M","M","R","E","M","T","R","E","$","R","M","R","B",null,"M","M","M","M","?","R","E","M","T","E","M","R","M","T","R","B"],"character_chosen":"DEFECT","items_purchased":["Lee\u0027s Waffle","Pantograph","Defragment+1"],"campfire_rested":3,"item_purchase_floors":[11,29,29],"current_hp_per_floor":[58,54,32,32,55,55,32,53,53,45,78,67,74,67,67,42,69,72,78,78,78,54,54,56,54,54,54,29,29,52,62,62,57,73,78,78,78,78,78,78,78,78,78,37,54,77,78,78,78,0,0],"gold":393,"neow_bonus":"BOSS_RELIC","is_daily":false,"chose_seed":false,"campfire_upgraded":6,"win_rate":0.0,"timestamp":1614014264,"path_taken":["M","M","?","?","?","R","E","R","T","E","$","M","M","E","R","BOSS","M","M","?","M","?","R","E","M","T","R","E","$","R","M","R","BOSS","M","M","M","M","?","R","E","M","T","E","?","R","?","?","R","BOSS"],"items_purchased_type":["Relic","Relic","Card"],"build_version":"2020-12-22","purchased_purges":0,"victory":false,"max_hp_per_floor":[71,71,71,71,71,71,71,71,71,71,78,78,78,78,78,78,78,78,78,78,78,78,78,78,78,78,78,78,78,78,78,78,78,78,78,78,78,78,78,78,78,78,78,78,78,78,78,78,78,78,78],"card_choices":[{"not_picked":["Melter","Compile Driver"],"picked":"Go for the Eyes","floor":1.0},{"not_picked":["Ball Lightning","Beam Cell"],"picked":"Stack","floor":2.0},{"not_picked":["Hologram","Lockon"],"picked":"Undo","floor":3.0},{"not_picked":["Melter","Hello World"],"picked":"Stack","floor":7.0},{"not_picked":["Darkness","Doom and Gloom"],"picked":"Self Repair","floor":10.0},{"not_picked":["Steam","Cold Snap"],"picked":"BootSequence","floor":12.0},{"not_picked":["Darkness","Beam Cell"],"picked":"Force Field","floor":13.0},{"not_picked":["Cold Snap","Reprogram","Rebound"],"picked":"SKIP","floor":14.0},{"not_picked":["All For One","Reboot"],"picked":"Biased Cognition","floor":16.0},{"not_picked":["Go for the Eyes","Coolheaded"],"picked":"Self Repair+1","floor":18.0},{"not_picked":["Stack+1","Leap"],"picked":"Defragment","floor":19.0},{"not_picked":["Coolheaded","Sunder","Compile Driver"],"picked":"SKIP","floor":21.0},{"not_picked":["White Noise","Reprogram+1"],"picked":"Force Field","floor":22.0},{"not_picked":["Coolheaded","White Noise"],"picked":"Loop","floor":24.0},{"not_picked":["Hello World","Rebound"],"picked":"Steam","floor":25.0},{"not_picked":["Conserve Battery","Auto Shields"],"picked":"Steam","floor":28.0},{"not_picked":["Hologram+1","Aggregate"],"picked":"Core Surge","floor":31.0},{"not_picked":["Biased Cognition+1","Seek"],"picked":"Buffer+1","floor":33.0},{"not_picked":["FTL+1","Reprogram"],"picked":"Self Repair+1","floor":35.0},{"not_picked":["Static Discharge+1","Tempest","Beam Cell"],"picked":"SKIP","floor":36.0},{"not_picked":["Steam","Ball Lightning"],"picked":"Self Repair+1","floor":37.0},{"not_picked":["Compile Driver","Blizzard+1"],"picked":"Turbo+1","floor":38.0},{"not_picked":["Sweeping Beam+1","Gash+1"],"picked":"Buffer+1","floor":41},{"not_picked":["Heatsinks+1","Go for the Eyes+1","Coolheaded"],"picked":"Conserve Battery+1","floor":42},{"not_picked":["Chaos","Self Repair+1","Multi-Cast"],"picked":"Hologram","floor":44},{"not_picked":["Stack","Blizzard+1","Steam"],"picked":"Aggregate+1","floor":45},{"not_picked":["Compile Driver+1","Beam Cell+1","Turbo"],"picked":"Conserve Battery","floor":47}],"player_experience":1474956,"relics_obtained":[{"floor":7.0,"key":"Orichalcum"},{"floor":9.0,"key":"InkBottle"},{"floor":10.0,"key":"Anchor"},{"floor":14.0,"key":"White Beast Statue"},{"floor":24.0,"key":"Tiny Chest"},{"floor":26.0,"key":"Dead Branch"},{"floor":28.0,"key":"Frozen Egg 2"},{"floor":41,"key":"Question Card"},{"floor":44,"key":"Blood Vial"},{"floor":48,"key":"Oddly Smooth Stone"}],"event_choices":[{"damage_healed":0.0,"max_hp_gain":0.0,"max_hp_loss":0.0,"gold_gain":0.0,"event_name":"Golden Idol","player_choice":"Take Wound","floor":4.0,"gold_loss":0.0,"damage_taken":0.0,"relics_obtained":["Golden Idol"],"cards_obtained":["Injury"]},{"damage_healed":23.0,"max_hp_gain":0.0,"max_hp_loss":0.0,"gold_gain":0.0,"event_name":"Big Fish","player_choice":"Banana","floor":5.0,"gold_loss":0.0,"damage_taken":0.0},{"cards_removed":["Injury"],"damage_healed":0.0,"max_hp_gain":0.0,"max_hp_loss":0.0,"gold_gain":0.0,"event_name":"Purifier","player_choice":"Purged","floor":20.0,"gold_loss":0.0,"damage_taken":0.0},{"damage_healed":0.0,"max_hp_gain":0.0,"max_hp_loss":0.0,"gold_gain":0.0,"event_name":"WeMeetAgain","player_choice":"Gave Potion","floor":39.0,"gold_loss":0.0,"damage_taken":0.0,"relics_obtained":["Molten Egg 2"]}],"is_beta":false,"boss_relics":[{"not_picked":["Busted Crown","Runic Dome"],"picked":"Astrolabe"},{"not_picked":["Tiny House","Cursed Key"],"picked":"Snecko Eye"}],"items_purged_floors":[],"is_endless":false,"potions_floor_spawned":[3,7,10,12,16,18,19,21,22,24,25,28,31,33,35,36,37,38,41,42,44,45,47],"killed_by":"Awakened One","ascension_level":20}}