{"host":"7qoz5gmva6til3yp","time":1614023315,"event":{"mods":["2.2 Compatiblity","BaseMod","Minty Spire (QoL Compilation)","StSLib","SuperFastMode"],"gold_per_floor":[113,113,113,132,146,146,176,195,195,225,245,277,277,202,202,280,280,295,295,295,120,138,163,163,189,189,189,64,77,88,88,88,165,165,181,229,240,240,265,265,265],"floor_reached":40,"language":"KOR","playtime":1213,"items_purged":["Strike_P","Strike_P","Doubt"],"score":864,"play_id":"ce841ff0-a986-4fe9-a9c9-ad7a7bb84a8d","local_time":"20210223044835","is_ascension_mode":true,"campfire_choices":[{"data":"Eruption","floor":6.0,"key":"SMITH"},{"floor":13.0,"key":"REST"},{"data":"WheelKick","floor":15.0,"key":"SMITH"},{"data":"PathToVictory","floor":24.0,"key":"SMITH"},{"floor":27.0,"key":"REST"},{"floor":32.0,"key":"REST"}],"circlet_count":0,"master_deck":["AscendersBane","Defend_P","Defend_P+1","Defend_P+1","Defend_P","Eruption+1","Vigilance","PathToVictory+1","WheelKick+1","FearNoEvil+1","SandsOfTime+1","PathToVictory","LessonLearned+1","Vault","Enlightenment","Parasite"],"relics":["PureWater","NeowsBlessing","Anchor","Boot","Darkstone Periapt","War Paint","Cursed Key","Enchiridion","Bag of Marbles","Frozen Egg 2","Sozu","GoldenEye","CeramicFish"],"acts_visited":["Exordium","TheCity","TheBeyond"],"potions_floor_usage":[],"damage_taken":[{"damage":0.0,"enemies":"Jaw Worm","floor":1.0,"turns":1.0},{"damage":0.0,"enemies":"Small Slimes","floor":4.0,"turns":1.0},{"damage":0.0,"enemies":"Cultist","floor":5.0,"turns":1.0},{"damage":25.0,"enemies":"3 Sentries","floor":7.0,"turns":5.0},{"damage":0.0,"enemies":"Red Slaver","floor":8.0,"turns":2.0},{"damage":26.0,"enemies":"Lagavulin","floor":10.0,"turns":6.0},{"damage":4.0,"enemies":"Exordium Thugs","floor":11.0,"turns":5.0},{"damage":0.0,"enemies":"Gremlin Nob","floor":12.0,"turns":2.0},{"damage":17.0,"enemies":"The Guardian","floor":16.0,"turns":7.0},{"damage":7.0,"enemies":"3 Byrds","floor":18.0,"turns":4.0},{"damage":11.0,"enemies":"Spheric Guardian","floor":22.0,"turns":5.0},{"damage":53.0,"enemies":"Book of Stabbing","floor":23.0,"turns":6.0},{"damage":17.0,"enemies":"Gremlin Leader","floor":25.0,"turns":4.0},{"damage":0.0,"enemies":"Cultist and Chosen","floor":29.0,"turns":2.0},{"damage":21.0,"enemies":"3 Cultists","floor":30.0,"turns":5.0},{"damage":97.0,"enemies":"Champ","floor":33.0,"turns":9.0},{"damage":24.0,"enemies":"3 Darklings","floor":35.0,"turns":4.0},{"damage":0.0,"enemies":"2 Orb Walkers","floor":36.0,"turns":4.0},{"damage":16.0,"enemies":"3 Shapes","floor":37.0,"turns":3.0},{"damage":121,"enemies":"Nemesis","floor":40,"turns":8}],"seed_played":"1482388253035692873","potions_obtained":[{"floor":1.0,"key":"ColorlessPotion"},{"floor":5.0,"key":"Energy Potion"},{"floor":11.0,"key":"AttackPotion"},{"floor":16.0,"key":"BlessingOfTheForge"},{"floor":18.0,"key":"SteroidPotion"}],"is_trial":false,"path_per_floor":["M","?","?","M","M","R","E","M","T","E","M","E","R","$","R","B",null,"M","?","?","$","M","E","R","E","T","R","$","M","M","$","R","B",null,"M","?","M","?","T","E"],"character_chosen":"WATCHER","items_purchased":["LessonLearned"],"campfire_rested":3,"item_purchase_floors":[21],"current_hp_per_floor":[61,66,66,66,66,66,41,41,41,15,11,11,32,32,32,15,59,52,31,31,31,20,37,37,20,26,49,49,49,28,28,51,18,64,40,40,24,24,30,0,0],"gold":265,"neow_bonus":"THREE_ENEMY_KILL","is_daily":false,"chose_seed":false,"campfire_upgraded":3,"win_rate":0.0,"timestamp":1614023315,"path_taken":["M","?","?","M","M","R","E","M","T","E","?","E","R","?","R","BOSS","M","?","?","$","M","E","R","E","T","R","?","M","M","?","R","BOSS","M","?","M","?","?","E"],"items_purchased_type":["Card"],"build_version":"2020-12-22","purchased_purges":3,"victory":false,"max_hp_per_floor":[68,73,73,73,73,73,73,73,73,73,73,73,73,73,73,73,73,73,73,73,73,73,73,73,73,79,79,79,79,79,79,79,79,79,79,79,79,79,85,85,85],"card_choices":[{"not_picked":["CarveReality","JustLucky"],"picked":"PathToVictory","floor":1.0},{"not_picked":["FollowUp","Pray","Crescendo"],"picked":"SKIP","floor":4.0},{"not_picked":["TalkToTheHand","LikeWater"],"picked":"FearNoEvil","floor":5.0},{"not_picked":["Protect","CutThroughFate"],"picked":"SandsOfTime","floor":7.0},{"not_picked":["Swivel","CrushJoints","Wireheading"],"picked":"SKIP","floor":8.0},{"not_picked":["Evaluate","FearNoEvil","JustLucky"],"picked":"SKIP","floor":10.0},{"not_picked":["Halt","Perseverance"],"picked":"PathToVictory","floor":11.0},{"not_picked":["CarveReality","Consecrate","ThirdEye"],"picked":"SKIP","floor":12.0},{"not_picked":["Swivel","EmptyBody","Wireheading"],"picked":"SKIP","floor":18.0},{"not_picked":["Conclude","ThirdEye","Pray"],"picked":"SKIP","floor":22.0},{"not_picked":["WindmillStrike","SashWhip","Worship"],"picked":"SKIP","floor":23.0},{"not_picked":["BowlingBash","Halt","EmptyFist"],"picked":"SKIP","floor":25.0},{"not_picked":["CutThroughFate","Weave","Meditate"],"picked":"SKIP","floor":29.0},{"not_picked":["ClearTheMind","Weave","ForeignInfluence"],"picked":"SKIP","floor":30.0},{"not_picked":["Judgement","Brilliance"],"picked":"Vault","floor":33.0},{"not_picked":["FlyingSleeves","WindmillStrike","SandsOfTime"],"picked":"SKIP","floor":35.0},{"not_picked":["Consecrate","WreathOfFlame","Vengeance+1"],"picked":"SKIP","floor":37.0},{"not_picked":["Discovery","Metamorphosis"],"picked":"Enlightenment","floor":38}],"player_experience":501385,"relics_obtained":[{"floor":7.0,"key":"Anchor"},{"floor":9.0,"key":"Boot"},{"floor":10.0,"key":"Darkstone Periapt"},{"floor":12.0,"key":"War Paint"},{"floor":19.0,"key":"Enchiridion"},{"floor":23.0,"key":"Bag of Marbles"},{"floor":26.0,"key":"Frozen Egg 2"},{"floor":36.0,"key":"GoldenEye"},{"floor":39,"key":"CeramicFish"}],"event_choices":[{"damage_healed":0.0,"max_hp_gain":5.0,"max_hp_loss":0.0,"gold_gain":0.0,"event_name":"Big Fish","player_choice":"Donut","floor":2.0,"gold_loss":0.0,"damage_taken":0.0},{"damage_healed":0.0,"max_hp_gain":0.0,"max_hp_loss":0.0,"gold_gain":0.0,"cards_transformed":["Strike_P"],"event_name":"Transmorgrifier","player_choice":"Transformed","floor":3.0,"gold_loss":0.0,"damage_taken":0.0,"cards_obtained":["WheelKick"]},{"damage_healed":0.0,"max_hp_gain":0.0,"max_hp_loss":0.0,"gold_gain":0.0,"event_name":"Cursed Tome","player_choice":"Obtained Book","floor":19.0,"gold_loss":0.0,"damage_taken":21.0},{"cards_removed":["Strike_P"],"damage_healed":0.0,"max_hp_gain":0.0,"max_hp_loss":0.0,"gold_gain":0.0,"event_name":"Purifier","player_choice":"Purged","floor":20.0,"gold_loss":0.0,"damage_taken":0.0},{"damage_healed":0.0,"max_hp_gain":0.0,"max_hp_loss":0.0,"gold_gain":0.0,"event_name":"Mysterious Sphere","player_choice":"Fight","floor":36.0,"gold_loss":0.0,"damage_taken":0.0},{"damage_healed":0,"gold_gain":0,"player_choice":"Memory 1","damage_taken":0,"max_hp_gain":0,"max_hp_loss":0,"event_name":"SensoryStone","floor":38,"gold_loss":0}],"is_beta":false,"boss_relics":[{"not_picked":["Empty Cage","Busted Crown"],"picked":"Cursed Key"},{"not_picked":["Pandora\u0027s Box","Philosopher\u0027s Stone"],"picked":"Sozu"}],"items_purged_floors":[14,21,28],"is_endless":false,"potions_floor_spawned":[1,5,11,16,18,23,35],"killed_by":"Nemesis","ascension_level":17}}