{"host":"ad59wuc8ynh8u2z6","time":1614037923,"event":{"mods":["AchievementEnabler","BaseMod","Colored Powertips","DeckTracker","Highlight Path","Minty Spire (QoL Compilation)","Permanent Neow"],"gold_per_floor":[114,125,137,62,73,101,101,134,134,59,79,29,55,67,67,168,168,180,95,95,95,95,120,120,20,44,44,81,98,98,116,116,229,229,250,259,272,290,51,51,85,95,168,168,503,49,49,80,80,80],"floor_reached":51,"language":"ENG","playtime":3338,"items_purged":["Stack","Double Energy","Self Repair"],"score":1354,"play_id":"f67988e8-6f5c-451f-9415-e5943d857d1c","local_time":"20210223005203","is_ascension_mode":true,"campfire_choices":[{"data":"Hologram","floor":7.0,"key":"SMITH"},{"data":"Defragment","floor":15.0,"key":"SMITH"},{"data":"Defragment","floor":24,"key":"SMITH"},{"data":"Capacitor","floor":27,"key":"SMITH"},{"data":"Zap","floor":30,"key":"SMITH"},{"data":"Dualcast","floor":32,"key":"SMITH"},{"data":"Chill","floor":40,"key":"SMITH"},{"data":"Machine Learning","floor":49,"key":"SMITH"}],"circlet_count":0,"master_deck":["Zap+1","Dualcast+1","BootSequence","Chill+1","Hologram+1","Glacier","Defragment+1","Capacitor+1","Reboot","Defragment+1","Machine Learning+1","Machine Learning","Coolheaded+1","Defragment+1","Chill+1"],"relics":["Pandora\u0027s Box","PreservedInsect","Happy Flower","Strawberry","Shuriken","Black Star","White Beast Statue","Mummified Hand","Mercury Hourglass","Orichalcum","CeramicFish","Bag of Preparation","SlaversCollar","InkBottle","Smiling Mask","Centennial Puzzle","Darkstone Periapt","Sundial","Old Coin","Cables","ClockworkSouvenir","DataDisk","Prayer Wheel"],"acts_visited":["Exordium","TheCity","TheBeyond"],"potions_floor_usage":[23,23,28,33,50,50,50],"damage_taken":[{"damage":0.0,"enemies":"Cultist","floor":1.0,"turns":5.0},{"damage":11.0,"enemies":"Jaw Worm","floor":2.0,"turns":6.0},{"damage":2.0,"enemies":"2 Louse","floor":3.0,"turns":6.0},{"damage":0.0,"enemies":"Blue Slaver","floor":5.0,"turns":6.0},{"damage":0.0,"enemies":"Lagavulin","floor":6.0,"turns":15.0},{"damage":26.0,"enemies":"Gremlin Nob","floor":8.0,"turns":6.0},{"damage":0.0,"enemies":"Looter","floor":11.0,"turns":4.0},{"damage":0.0,"enemies":"Lagavulin","floor":13.0,"turns":5.0},{"damage":0.0,"enemies":"Exordium Wildlife","floor":14.0,"turns":6.0},{"damage":17.0,"enemies":"The Guardian","floor":16.0,"turns":12.0},{"damage":1.0,"enemies":"3 Byrds","floor":18.0,"turns":6.0},{"damage":30,"enemies":"Gremlin Leader","floor":23,"turns":10},{"damage":4,"enemies":"Slavers","floor":28,"turns":6},{"damage":0,"enemies":"Spheric Guardian","floor":29,"turns":4},{"damage":0,"enemies":"Centurion and Healer","floor":31,"turns":5},{"damage":0,"enemies":"Automaton","floor":33,"turns":7},{"damage":0,"enemies":"Orb Walker","floor":35,"turns":4},{"damage":0,"enemies":"3 Shapes","floor":37,"turns":4},{"damage":0,"enemies":"3 Darklings","floor":38,"turns":4},{"damage":0,"enemies":"Giant Head","floor":41,"turns":5},{"damage":0,"enemies":"4 Shapes","floor":42,"turns":5},{"damage":0,"enemies":"Reptomancer","floor":45,"turns":5},{"damage":0,"enemies":"Giant Head","floor":48,"turns":4},{"damage":0,"enemies":"Awakened One","floor":50,"turns":6}],"seed_played":"-919043044125089862","potions_obtained":[{"floor":3.0,"key":"EssenceOfSteel"},{"floor":6.0,"key":"FocusPotion"},{"floor":11.0,"key":"Explosive Potion"},{"floor":14.0,"key":"Strength Potion"},{"floor":18.0,"key":"Dexterity Potion"},{"floor":23,"key":"SpeedPotion"},{"floor":28,"key":"LiquidBronze"},{"floor":29,"key":"Swift Potion"},{"floor":31,"key":"EssenceOfSteel"},{"floor":33,"key":"SkillPotion"},{"floor":37,"key":"PotionOfCapacity"},{"floor":41,"key":"DuplicationPotion"}],"is_trial":false,"path_per_floor":["M","M","M","$","M","E","R","E","T","$","M","?","E","M","R","B",null,"M","?","?","?","$","E","R","$","T","R","E","M","R","M","R","B",null,"M","?","M","M","$","R","E","M","T","?","E","$","?","E","R","B",null],"character_chosen":"DEFECT","items_purchased":["Defragment","InkBottle","Cables","ClockworkSouvenir"],"campfire_rested":0,"item_purchase_floors":[10,39,46,46],"current_hp_per_floor":[75,71,75,75,75,75,75,56,63,63,70,70,77,82,82,72,80,82,82,82,73,73,50,50,50,50,50,53,60,60,67,67,74,80,82,82,82,82,82,82,82,82,82,82,82,82,78,78,78,78],"gold":80,"neow_bonus":"BOSS_RELIC","is_daily":false,"chose_seed":false,"campfire_upgraded":8,"win_rate":0.0,"timestamp":1614037923,"path_taken":["M","M","M","$","M","E","R","E","T","$","?","?","E","M","R","BOSS","M","?","?","?","$","E","R","$","T","R","E","M","R","M","R","BOSS","M","?","?","M","$","R","E","M","T","?","E","?","?","E","R","BOSS"],"items_purchased_type":["Card","Relic","Relic","Relic"],"build_version":"2020-12-22","purchased_purges":3,"victory":true,"max_hp_per_floor":[75,75,75,75,75,75,75,75,82,82,82,82,82,82,82,82,82,82,82,82,82,82,82,82,82,82,82,82,82,82,82,82,82,82,82,82,82,82,82,82,82,82,82,82,82,82,78,78,78,78],"card_choices":[{"not_picked":["Compile Driver","Undo","Capacitor"],"picked":"SKIP","floor":1.0},{"not_picked":["Conserve Battery","Recycle"],"picked":"Glacier","floor":2.0},{"not_picked":["Leap","Chaos","Self Repair"],"picked":"SKIP","floor":3.0},{"not_picked":["Self Repair","Auto Shields","Redo"],"picked":"SKIP","floor":5.0},{"not_picked":["Stack","Compile Driver","Beam Cell"],"picked":"SKIP","floor":6.0},{"not_picked":["Glacier","Darkness","Gash"],"picked":"SKIP","floor":8.0},{"not_picked":["Blizzard","Stack","Capacitor"],"picked":"SKIP","floor":11.0},{"not_picked":["Blizzard","Stack"],"picked":"Capacitor","floor":11.0},{"not_picked":["Rebound","Steam Power","Tempest"],"picked":"SKIP","floor":13.0},{"not_picked":["Cold Snap","Turbo","Consume"],"picked":"SKIP","floor":14.0},{"not_picked":["Meteor Strike","Machine Learning"],"picked":"Reboot","floor":16.0},{"not_picked":["Steam+1","Self Repair","Leap+1"],"picked":"SKIP","floor":18.0},{"not_picked":["Sweeping Beam","Beam Cell","Steam Power"],"picked":"SKIP","floor":23},{"not_picked":["Hologram","Ball Lightning"],"picked":"Machine Learning","floor":28},{"not_picked":["Reinforced Body+1","Scrape","Streamline"],"picked":"SKIP","floor":29},{"not_picked":["Rebound+1","Chaos","Hologram+1"],"picked":"SKIP","floor":31},{"not_picked":["Fission","Multi-Cast"],"picked":"Machine Learning","floor":33},{"not_picked":["Self Repair","Leap+1"],"picked":"Coolheaded+1","floor":35},{"not_picked":["Steam","Streamline+1","Barrage"],"picked":"SKIP","floor":37},{"not_picked":["Turbo+1","Stack","Steam+1"],"picked":"SKIP","floor":38},{"not_picked":["Meteor Strike","Ball Lightning","Chill+1"],"picked":"SKIP","floor":41},{"not_picked":["Meteor Strike","Ball Lightning"],"picked":"Chill+1","floor":41},{"not_picked":["Coolheaded+1","Fusion","Genetic Algorithm"],"picked":"SKIP","floor":42},{"not_picked":["Hologram+1","Ball Lightning+1","Cold Snap+1"],"picked":"SKIP","floor":45},{"not_picked":["Coolheaded+1","Multi-Cast","Stack+1"],"picked":"SKIP","floor":48}],"player_experience":121494,"relics_obtained":[{"floor":6.0,"key":"PreservedInsect"},{"floor":8.0,"key":"Happy Flower"},{"floor":9.0,"key":"Strawberry"},{"floor":13.0,"key":"Shuriken"},{"floor":23,"key":"Mummified Hand"},{"floor":23,"key":"Mercury Hourglass"},{"floor":26,"key":"Orichalcum"},{"floor":28,"key":"CeramicFish"},{"floor":28,"key":"Bag of Preparation"},{"floor":41,"key":"Smiling Mask"},{"floor":41,"key":"Centennial Puzzle"},{"floor":43,"key":"Darkstone Periapt"},{"floor":45,"key":"Sundial"},{"floor":45,"key":"Old Coin"},{"floor":48,"key":"DataDisk"},{"floor":48,"key":"Prayer Wheel"}],"event_choices":[{"cards_removed":["Meteor Strike"],"damage_healed":0.0,"max_hp_gain":0.0,"max_hp_loss":0.0,"gold_gain":0.0,"event_name":"The Cleric","player_choice":"Card Removal","floor":12.0,"gold_loss":50.0,"damage_taken":0.0},{"damage_healed":0.0,"max_hp_gain":0.0,"max_hp_loss":0.0,"gold_gain":0.0,"event_name":"Addict","player_choice":"Obtained Relic","floor":19.0,"gold_loss":85.0,"damage_taken":0.0,"relics_obtained":["White Beast Statue"]},{"damage_healed":0.0,"max_hp_gain":0.0,"max_hp_loss":0.0,"gold_gain":0.0,"event_name":"The Library","player_choice":"Read","floor":20.0,"gold_loss":0.0,"damage_taken":0.0,"cards_obtained":["Defragment"]},{"damage_healed":0,"gold_gain":0,"player_choice":"Stopped","damage_taken":9,"max_hp_gain":0,"max_hp_loss":0,"event_name":"Cursed Tome","floor":21,"gold_loss":0},{"damage_healed":0,"gold_gain":0,"player_choice":"Copied","damage_taken":0,"max_hp_gain":0,"max_hp_loss":0,"event_name":"Duplicator","floor":36,"gold_loss":0,"cards_obtained":["Defragment"]},{"cards_removed":["White Noise"],"damage_healed":0,"gold_gain":0,"player_choice":"Purged","damage_taken":0,"max_hp_gain":0,"max_hp_loss":0,"event_name":"Purifier","floor":44,"gold_loss":0},{"damage_healed":0,"gold_gain":0,"player_choice":"Max HP","damage_taken":0,"max_hp_gain":0,"max_hp_loss":4,"event_name":"Winding Halls","floor":47,"gold_loss":0}],"is_beta":false,"boss_relics":[{"not_picked":["Coffee Dripper","Cursed Key"],"picked":"Black Star"},{"not_picked":["Empty Cage","Runic Dome"],"picked":"SlaversCollar"}],"items_purged_floors":[4,25,46],"is_endless":false,"potions_floor_spawned":[3,6,11,14,18,23,28,29,31,33,35,37,38,41,42,45,48],"ascension_level":7}}