{"host":"sim2kxx81cjsn49b","time":1614016437,"event":{"mods":["ATMod(°¢èªMod)","BaseMod","Minty Spire (QoL Compilation)","RumiaBox-Â¶Ã×æ«µÄÉñÃØºÐ×Ó","StSLib","TestMod","¡¾¹¦ÄÜMod¡¿»ìãçÖ®»·ÐÞ¸´²¹¶¡","¡¾ÒÅÎï¿¨ÅÆ¡¿REMEMod"],"gold_per_floor":[109,109,34,52,68,68,101,101,124,136,136,136,156,221,221,255,255,271,271,221,234,245,278,278,278,278],"floor_reached":25,"language":"ZHS","playtime":684,"items_purged":["Defend_P","Strike_P"],"score":562,"play_id":"bc185c6e-3398-4d00-a1a9-728f700bf0e5","local_time":"20210223015357","is_ascension_mode":true,"campfire_choices":[{"data":"Eruption","floor":6,"key":"SMITH"},{"data":"AT_WomanClash","floor":8,"key":"SMITH"},{"data":"Riddle With Holes","floor":12,"key":"SMITH"},{"data":"FearNoEvil","floor":15,"key":"SMITH"},{"data":"Ragnarok","floor":24,"key":"SMITH"}],"circlet_count":0,"master_deck":["AscendersBane","Strike_P","Strike_P","Strike_P","Defend_P","Defend_P","Eruption+1","Vigilance","AT_WomanClash+1","Riddle With Holes+1","FlyingSleeves","FearNoEvil+1","Ragnarok+1"],"relics":["PureWater","AT_ATBox","testmod-TestBox","REME_ComplimentaryCards","testmod-PortableAltar","NeowsBlessing","Pear","Smiling Mask","Nunchaku","testmod-BalancedPeriapt","Runic Pyramid","Baka2","testmod-OneHitWonder"],"acts_visited":["Exordium","TheCity"],"potions_floor_usage":[14,21],"damage_taken":[{"damage":1,"enemies":"Jaw Worm","floor":1,"turns":1},{"damage":2,"enemies":"Cultist","floor":4,"turns":2},{"damage":0,"enemies":"Small Slimes","floor":5,"turns":1},{"damage":12,"enemies":"Gremlin Nob","floor":7,"turns":3},{"damage":14,"enemies":"Exordium Thugs","floor":10,"turns":3},{"damage":5,"enemies":"Lots of Slimes","floor":13,"turns":3},{"damage":0,"enemies":"Lagavulin","floor":14,"turns":2},{"damage":26,"enemies":"The Guardian","floor":16,"turns":4},{"damage":0,"enemies":"Chosen","floor":18,"turns":2},{"damage":0,"enemies":"Shell Parasite","floor":21,"turns":1},{"damage":12,"enemies":"Snake Plant","floor":22,"turns":2},{"damage":0,"enemies":"Gremlin Leader","floor":23,"turns":3},{"damage":33,"enemies":"Slavers","floor":25,"turns":2}],"seed_played":"8557756512255526924","potions_obtained":[{"floor":5,"key":"PowerPotion"},{"floor":10,"key":"LiquidMemories"},{"floor":13,"key":"REME_GoldPotion"},{"floor":21,"key":"PowerPotion"}],"is_trial":false,"path_per_floor":["M","?","$","M","M","R","E","R","T","M","T","R","M","E","R","B",null,"M","?","$","M","M","E","R","E"],"character_chosen":"WATCHER","items_purchased":[],"campfire_rested":0,"item_purchase_floors":[],"current_hp_per_floor":[60,60,60,58,68,68,56,56,56,42,42,42,37,37,36,9,50,49,48,47,46,33,32,31,0,0],"gold":278,"neow_bonus":"THREE_ENEMY_KILL","is_daily":false,"chose_seed":false,"campfire_upgraded":5,"win_rate":0.0,"timestamp":1614016437,"path_taken":["M","?","?","M","M","R","E","R","T","?","?","R","M","E","R","BOSS","M","?","$","M","M","E","R","E"],"items_purchased_type":[],"build_version":"2020-12-22","purchased_purges":2,"victory":false,"max_hp_per_floor":[67,66,65,64,73,72,71,70,69,68,67,66,65,64,64,64,64,64,64,64,64,64,64,64,64,64],"card_choices":[{"not_picked":["ThirdEye","Crescendo","EmptyMind"],"picked":"SKIP","floor":1},{"not_picked":["Halt","REME_Repentance","FlurryOfBlows"],"picked":"SKIP","floor":4},{"not_picked":["Wallop","CarveReality","FearNoEvil"],"picked":"SKIP","floor":5},{"not_picked":["Wallop","CarveReality"],"picked":"FearNoEvil","floor":5},{"not_picked":["Crescendo","JustLucky","Consecrate"],"picked":"SKIP","floor":7},{"not_picked":["Halt","FollowUp","Collect"],"picked":"SKIP","floor":10},{"not_picked":["Prostrate","AT_RealFormLess","WaveOfTheHand"],"picked":"SKIP","floor":13},{"not_picked":["Meditate","Nirvana","Pray"],"picked":"SKIP","floor":14},{"not_picked":["AT_RealColorLess","Vault"],"picked":"Ragnarok","floor":16},{"not_picked":["EmptyBody","ClearTheMind","Protect"],"picked":"SKIP","floor":18},{"not_picked":["ForeignInfluence","ThirdEye","SignatureMove"],"picked":"SKIP","floor":21},{"not_picked":["Evaluate","WindmillStrike","WaveOfTheHand"],"picked":"SKIP","floor":22},{"not_picked":["Ragnarok","CutThroughFate+1","Evaluate"],"picked":"SKIP","floor":23}],"player_experience":634208,"relics_obtained":[{"floor":1,"key":"Baka"},{"floor":5,"key":"Pear"},{"floor":7,"key":"Smiling Mask"},{"floor":9,"key":"Nunchaku"},{"floor":14,"key":"testmod-BalancedPeriapt"},{"floor":22,"key":"Baka2"},{"floor":23,"key":"testmod-OneHitWonder"}],"event_choices":[{"damage_healed":0,"gold_gain":0,"cards_transformed":["Defend_P"],"player_choice":"Transformed","damage_taken":0,"max_hp_gain":0,"max_hp_loss":0,"event_name":"Transmorgrifier","floor":2,"gold_loss":0,"cards_obtained":["FlyingSleeves"]},{"damage_healed":0,"gold_gain":0,"player_choice":"Ignored","damage_taken":0,"max_hp_gain":0,"max_hp_loss":0,"event_name":"Beggar","floor":19,"gold_loss":0}],"is_beta":false,"boss_relics":[{"not_picked":["Runic Dome","Ectoplasm"],"picked":"Runic Pyramid"}],"items_purged_floors":[3,20],"is_endless":false,"potions_floor_spawned":[5,10,13,21],"killed_by":"Slavers","ascension_level":20}}