{"host":"yml0ux6c8lqydjlc","time":1614035557,"event":{"mods":["Aspiration","BaseMod","Conspire","Downfall","Hermit","Jedi Mod","Minty Spire (QoL Compilation)","Robot Space Explorer","StSLib"],"gold_per_floor":[119,74,91,91,104,133,144,155,178,148,194,205,205,218,218,218,218],"floor_reached":16,"language":"ENG","playtime":2134,"items_purged":[],"score":104,"play_id":"6e9debd7-0778-4ae6-93e3-73f51a0c6b9e","local_time":"20210222181237","is_ascension_mode":false,"campfire_choices":[{"floor":13,"key":"REST"},{"floor":15,"key":"REST"}],"circlet_count":0,"master_deck":["Strike_B","Strike_B","Strike_B","Defend_B","Defend_B","Defend_B","Defend_B","Zap","Dualcast","Steam","Coolheaded","Self Repair","Machine Learning","Barrage","Hologram","Cold Snap","jedi:overflow","Capacitor","Capacitor","Beam Cell"],"relics":["Cracked Core","Bag of Preparation","Boot","Bronze Scales"],"acts_visited":["Exordium"],"potions_floor_usage":[6,16,16],"damage_taken":[{"damage":9,"enemies":"2 Louse","floor":1,"turns":3},{"damage":1,"enemies":"Jaw Worm","floor":3,"turns":3},{"damage":0,"enemies":"Cultist","floor":5,"turns":5},{"damage":40,"enemies":"Gremlin Nob","floor":6,"turns":5},{"damage":18,"enemies":"Lots of Slimes","floor":7,"turns":6},{"damage":18,"enemies":"conspire:2 RoseBushes","floor":8,"turns":6},{"damage":6,"enemies":"Looter","floor":10,"turns":4},{"damage":9,"enemies":"2 Fungi Beasts","floor":12,"turns":3},{"damage":42,"enemies":"Gremlin Gang","floor":14,"turns":6},{"damage":37,"enemies":"Slime Boss","floor":16,"turns":8}],"seed_played":"1216707183129168843","potions_obtained":[{"floor":1,"key":"ColorlessPotion"},{"floor":6,"key":"GamblersBrew"},{"floor":7,"key":"ColorlessPotion"},{"floor":8,"key":"FocusPotion"},{"floor":14,"key":"bronze:BurnAndBuffPotion"}],"is_trial":false,"path_per_floor":["M","$","M","?","M","E","M","M","T","M","T","M","R","M","R","B"],"character_chosen":"DEFECT","items_purchased":["Coolheaded"],"campfire_rested":2,"item_purchase_floors":[2],"current_hp_per_floor":[73,73,72,72,79,46,35,24,24,25,25,23,47,12,36,0,0],"gold":218,"neow_bonus":"TEN_PERCENT_HP_BONUS","is_daily":false,"chose_seed":false,"campfire_upgraded":0,"win_rate":0.0,"timestamp":1614035557,"path_taken":["M","$","M","?","M","E","M","M","T","M","?","?","R","M","R","BOSS"],"items_purchased_type":["Card"],"build_version":"2020-12-22","purchased_purges":0,"victory":false,"max_hp_per_floor":[82,82,82,82,82,82,82,82,82,82,82,82,82,82,82,82,82],"card_choices":[{"not_picked":["jedi:markofdeath","Sunder"],"picked":"Steam","floor":1},{"not_picked":["Stack","Loop"],"picked":"Self Repair","floor":3},{"not_picked":["Hello World","conspire:Rain"],"picked":"Barrage","floor":5},{"not_picked":["jedi:markofdeath","Heatsinks"],"picked":"Hologram","floor":6},{"not_picked":["Compile Driver","Turbo"],"picked":"Cold Snap","floor":7},{"not_picked":["Go for the Eyes","Hologram"],"picked":"jedi:overflow","floor":8},{"not_picked":["Barrage","BootSequence"],"picked":"Capacitor","floor":10},{"not_picked":["Heatsinks","Cold Snap"],"picked":"Capacitor","floor":12},{"not_picked":["jedi:BurstFrost","jedi:blockon"],"picked":"Beam Cell","floor":14}],"player_experience":140210,"relics_obtained":[{"floor":6,"key":"Bag of Preparation"},{"floor":9,"key":"Boot"},{"floor":11,"key":"Bronze Scales"}],"event_choices":[{"damage_healed":0,"gold_gain":0,"cards_transformed":["Strike_B"],"player_choice":"Change","damage_taken":0,"max_hp_gain":0,"max_hp_loss":0,"event_name":"Living Wall","floor":4,"gold_loss":0,"cards_obtained":["Machine Learning"]}],"is_beta":false,"boss_relics":[],"items_purged_floors":[],"is_endless":false,"potions_floor_spawned":[1,6,7,8,12,14],"killed_by":"Slime Boss","ascension_level":0}}