{"host":"dm3der2z84gf27js","time":1614020978,"event":{"mods":["AchievementEnabler","BaseMod","Bestiary","Better Note","Better Third Choice","Colored Map","Colored Powertips","Marisa????????","Minty Spire (QoL Compilation)","Onozuka Komachi Mod","StSLib","The Marked","The Servant 0.9.4"],"gold_per_floor":[317,317,334,351,370,389,415,435,516,541,559,569,569,589,589,690,690,706,254,270,284,32,64,64,98,149,174,207,257,257,284,284,384,384,402,430,430,441,468,501,521,108,108,19,19,47,47,88,88,88,88,88,14,48,48],"floor_reached":56,"language":"ENG","playtime":3621,"items_purged":[],"score":1533,"play_id":"c86f4bce-7e80-430d-9db1-a350192dc28f","local_time":"20210222140938","is_ascension_mode":true,"campfire_choices":[{"floor":13,"key":"RECALL"},{"floor":15,"key":"REST"},{"floor":24,"key":"REST"},{"floor":30,"key":"REST"},{"floor":32,"key":"REST"},{"floor":45,"key":"DIG"},{"floor":47,"key":"DIG"},{"floor":49,"key":"DIG"},{"floor":52,"key":"DIG"}],"circlet_count":0,"master_deck":["Strike_MRS","Strike_MRS","Strike_MRS+1","Strike_MRS","Defend_MRS","Defend_MRS","Defend_MRS","Defend_MRS","MasterSpark","UpSweep","MysteriousBeam","EventHorizon","MysteriousBeam","MeteoricShower","GrandCross","SporeBomb","6A+1","CasketOfStar","EarthLightRay","EarthLightRay","EventHorizon","ManaRampage","OrrerysSun","WitchOfGreed","MilkyWay+1","FinalSpark","MilkyWay","EnergyFlow","UltimateShortwave","SporeBomb","WitchLeyline+1","PulseMagic+1","OrrerysSun","MagicChant+1","SatelliteIllusion","StarDustReverie","IllusionStar","NonDirectionalLaser+1","Jack Of All Trades","Flash of Steel","Bandage Up","AsteroidBelt+1","MagicAbsorber","PulseMagic","MilkyWay","EnergyFlow","6A","DarkMatter","FinalSpark","DarkMatter","EventHorizon","MeteoricShower+1","OortCloud+1"],"relics":["BewitchedHakkero","Old Coin","CultistMask","Ornamental Fan","White Beast Statue","Bird Faced Urn","Fusion Hammer","Dream Catcher","Eternal Feather","Membership Card","Whetstone","SproutingBranch","PreservedInsect","Toy Ornithopter","Singing Bowl","Bronze Scales","Orichalcum","Pen Nib","Shovel","HandDrill","Pear","BreadOfAWashokuLover","Anchor","MealTicket","Incense Burner","Bag of Preparation","Bottled Lightning","Happy Flower","Gambling Chip"],"acts_visited":["Exordium","TheCity","TheBeyond","TheEnding"],"potions_floor_usage":[7,11,16,16,16,21,23,25,25,27,28,33,33,36,36,38,40,41,50,50,54,55],"damage_taken":[{"damage":1,"enemies":"Jaw Worm","floor":1,"turns":3},{"damage":1,"enemies":"Cultist","floor":3,"turns":3},{"damage":0,"enemies":"2 Louse","floor":4,"turns":1},{"damage":2,"enemies":"2 Fungi Beasts","floor":5,"turns":2},{"damage":7,"enemies":"Blue Slaver","floor":6,"turns":2},{"damage":14,"enemies":"Gremlin Nob","floor":7,"turns":3},{"damage":9,"enemies":"Exordium Wildlife","floor":8,"turns":3},{"damage":14,"enemies":"3 Sentries","floor":10,"turns":5},{"damage":0,"enemies":"Red Slaver","floor":11,"turns":3},{"damage":7,"enemies":"Blue Slaver","floor":12,"turns":3},{"damage":0,"enemies":"2 Fungi Beasts","floor":14,"turns":1},{"damage":6,"enemies":"Hexaghost","floor":16,"turns":4},{"damage":2,"enemies":"Spheric Guardian","floor":18,"turns":3},{"damage":7,"enemies":"3 Byrds","floor":20,"turns":3},{"damage":3,"enemies":"3 Cultists","floor":21,"turns":4},{"damage":7,"enemies":"Book of Stabbing","floor":23,"turns":3},{"damage":21,"enemies":"Slavers","floor":25,"turns":3},{"damage":24,"enemies":"Gremlin Leader","floor":27,"turns":4},{"damage":18,"enemies":"Sentry and Sphere","floor":28,"turns":4},{"damage":0,"enemies":"Book of Stabbing","floor":31,"turns":2},{"damage":19,"enemies":"Champ","floor":33,"turns":5},{"damage":5,"enemies":"Orb Walker","floor":35,"turns":2},{"damage":33,"enemies":"3 Darklings","floor":36,"turns":5},{"damage":34,"enemies":"4 Shapes","floor":38,"turns":3},{"damage":2,"enemies":"Giant Head","floor":40,"turns":4},{"damage":6,"enemies":"Jaw Worm Horde","floor":41,"turns":4},{"damage":5,"enemies":"Reptomancer","floor":46,"turns":5},{"damage":20,"enemies":"Nemesis","floor":48,"turns":6},{"damage":42,"enemies":"Donu and Deca","floor":50,"turns":9},{"damage":31,"enemies":"Shield and Spear","floor":54,"turns":4},{"damage":120,"enemies":"The Heart","floor":55,"turns":8}],"seed_played":"2342556822399391686","potions_obtained":[{"floor":1,"key":"LiquidBronze"},{"floor":8,"key":"Block Potion"},{"floor":10,"key":"DuplicationPotion"},{"floor":11,"key":"SneckoOil"},{"floor":12,"key":"Ancient Potion"},{"floor":14,"key":"AttackPotion"},{"floor":16,"key":"Fruit Juice"},{"floor":18,"key":"BottledSpark"},{"floor":20,"key":"Swift Potion"},{"floor":21,"key":"AttackPotion"},{"floor":23,"key":"Dexterity Potion"},{"floor":25,"key":"EssenceOfSteel"},{"floor":27,"key":"Strength Potion"},{"floor":28,"key":"Block Potion"},{"floor":28,"key":"Swift Potion"},{"floor":33,"key":"ShroomBrew"},{"floor":35,"key":"LiquidMemories"},{"floor":36,"key":"Swift Potion"},{"floor":36,"key":"Block Potion"},{"floor":38,"key":"Regen Potion"},{"floor":40,"key":"SpeedPotion"},{"floor":41,"key":"Block Potion"},{"floor":46,"key":"Weak Potion"},{"floor":48,"key":"SkillPotion"},{"floor":54,"key":"Energy Potion"}],"is_trial":false,"path_per_floor":["M","?","M","M","M","M","E","M","T","E","M","M","R","M","R","B",null,"M","$","M","M","$","E","R","E","T","E","M","?","R","E","R","B",null,"M","M","?","M","T","E","M","$","T","$","R","E","R","E","R","B",null,"R","$","E","B",null],"character_chosen":"MARISA","items_purchased":["WitchOfGreed","Dream Catcher","Eternal Feather","Membership Card","MilkyWay","Whetstone","MilkyWay","Pen Nib","Shovel","EnergyFlow","6A","HandDrill","DarkMatter","FinalSpark","DarkMatter","Happy Flower"],"campfire_rested":4,"item_purchase_floors":[19,19,19,22,22,22,42,42,42,42,42,42,42,44,44,53],"current_hp_per_floor":[74,74,73,73,71,64,50,41,41,27,31,26,26,30,52,62,75,75,75,71,77,77,79,80,67,67,67,73,73,80,80,80,79,80,75,66,56,52,52,80,80,80,90,90,90,90,90,79,90,73,90,90,90,81,5],"gold":48,"neow_bonus":"ONE_RARE_RELIC","is_daily":false,"chose_seed":false,"campfire_upgraded":0,"win_rate":0.0,"timestamp":1614020978,"path_taken":["M","?","M","M","M","M","E","M","T","E","M","?","R","M","R","BOSS","M","$","M","M","$","E","R","E","T","E","M","?","R","E","R","BOSS","M","M","?","M","?","E","M","?","T","$","R","E","R","E","R","BOSS","R","$","E","BOSS"],"items_purchased_type":["Card","Relic","Relic","Relic","Card","Relic","Card","Relic","Relic","Card","Card","Relic","Card","Card","Card","Relic"],"build_version":"2020-12-22","purchased_purges":0,"victory":true,"max_hp_per_floor":[75,75,75,75,75,75,75,75,75,75,75,75,75,75,75,75,75,75,75,75,80,80,80,80,80,80,80,80,80,80,80,80,80,80,80,80,80,80,80,80,80,80,90,90,90,90,90,90,90,90,90,90,90,90,90],"card_choices":[{"not_picked":["GasGiant","SporeBomb"],"picked":"MysteriousBeam","floor":1},{"not_picked":["OortCloud","Orbital"],"picked":"EventHorizon","floor":3},{"not_picked":["LuminesStrike","StarlightTyphoon"],"picked":"MysteriousBeam","floor":4},{"not_picked":["AlicesGift","ShootingEcho"],"picked":"MeteoricShower","floor":5},{"not_picked":["DoubleSpark","UnstableBomb"],"picked":"GrandCross","floor":6},{"not_picked":["UnstableBomb","AlicesGift"],"picked":"SporeBomb","floor":7},{"not_picked":["DragonMeteor","EnergyFlow"],"picked":"6A","floor":8},{"not_picked":["WitchLeyline","Singularity"],"picked":"CasketOfStar","floor":10},{"not_picked":["AlicesGift","StarlightTyphoon"],"picked":"EarthLightRay","floor":11},{"not_picked":["GalacticHalo","6A"],"picked":"EarthLightRay","floor":12},{"not_picked":["IllusionStar","ManaConvection"],"picked":"EventHorizon","floor":14},{"not_picked":["BigCrunch","TreasureHunter"],"picked":"ManaRampage","floor":16},{"not_picked":["MagicChant","LuminesStrike+1"],"picked":"OrrerysSun","floor":18},{"not_picked":["MysteriousBeam","DC"],"picked":"MilkyWay+1","floor":20},{"not_picked":["MysteriousBeam","WitchLeyline"],"picked":"FinalSpark","floor":21},{"not_picked":["WitchOfGreed","GrandCross"],"picked":"EnergyFlow","floor":23},{"not_picked":["Acceleration","WitchLeyline"],"picked":"UltimateShortwave","floor":24},{"not_picked":["MeteoricShower+1","DC"],"picked":"SporeBomb","floor":25},{"not_picked":["NonDirectionalLaser","BlazeAway"],"picked":"WitchLeyline+1","floor":27},{"not_picked":["DoubleSpark+1","PowerUp"],"picked":"PulseMagic+1","floor":28},{"not_picked":["6A","Acceleration"],"picked":"OrrerysSun","floor":30},{"not_picked":["SporeBomb","BlazeAway+1"],"picked":"MagicChant+1","floor":31},{"not_picked":["MagicAbsorber","WitchLeyline+1"],"picked":"SatelliteIllusion","floor":32},{"not_picked":["BigCrunch","SatelliteIllusion"],"picked":"StarDustReverie","floor":33},{"not_picked":["6A","ShootTheMoon+1"],"picked":"IllusionStar","floor":35},{"not_picked":["DoubleSpark","WitchLeyline"],"picked":"NonDirectionalLaser+1","floor":36},{"not_picked":["Impatience","Deep Breath"],"picked":"Jack Of All Trades","floor":37},{"not_picked":["Impatience","Purity"],"picked":"Flash of Steel","floor":37},{"not_picked":["HandOfGreed","Jack Of All Trades"],"picked":"Bandage Up","floor":37},{"not_picked":["GrandCross","WitchLeyline"],"picked":"AsteroidBelt+1","floor":38},{"not_picked":["SuperPerseids+1","PowerUp"],"picked":"MagicAbsorber","floor":40},{"not_picked":["WitchLeyline+1","PropBag"],"picked":"PulseMagic","floor":41},{"not_picked":["AlicesGift","MagicChant+1"],"picked":"EventHorizon","floor":46},{"not_picked":["Acceleration","Robbery+1"],"picked":"MeteoricShower+1","floor":48},{"not_picked":["Robbery","MagicAbsorber"],"picked":"OortCloud+1","floor":54}],"player_experience":241715,"relics_obtained":[{"floor":7,"key":"Ornamental Fan"},{"floor":9,"key":"White Beast Statue"},{"floor":10,"key":"Bird Faced Urn"},{"floor":23,"key":"SproutingBranch"},{"floor":25,"key":"PreservedInsect"},{"floor":27,"key":"Toy Ornithopter"},{"floor":31,"key":"Singing Bowl"},{"floor":39,"key":"Bronze Scales"},{"floor":40,"key":"Orichalcum"},{"floor":43,"key":"Pear"},{"floor":45,"key":"BreadOfAWashokuLover"},{"floor":46,"key":"Anchor"},{"floor":47,"key":"MealTicket"},{"floor":48,"key":"Incense Burner"},{"floor":49,"key":"Bag of Preparation"},{"floor":52,"key":"Bottled Lightning"},{"floor":54,"key":"Gambling Chip"}],"event_choices":[{"damage_healed":0,"gold_gain":0,"player_choice":"Trade","damage_taken":0,"relics_obtained":["CultistMask"],"max_hp_gain":0,"max_hp_loss":0,"event_name":"FaceTrader","floor":2,"gold_loss":0},{"damage_healed":0,"gold_gain":100,"player_choice":"Bet on Murderer","damage_taken":0,"max_hp_gain":0,"max_hp_loss":0,"event_name":"The Joust","floor":29,"gold_loss":50},{"damage_healed":0,"gold_gain":0,"player_choice":"Memory 3","damage_taken":10,"max_hp_gain":0,"max_hp_loss":0,"event_name":"SensoryStone","floor":37,"gold_loss":0}],"is_beta":false,"boss_relics":[{"not_picked":["Velvet Choker","Empty Cage"],"picked":"Fusion Hammer"},{"not_picked":["Runic Dome","SacredBark"],"picked":"BewitchedHakkero"}],"items_purged_floors":[],"is_endless":false,"potions_floor_spawned":[1,8,10,11,12,14,16,18,20,21,23,25,27,28,31,33,35,36,38,40,41,46,48,54],"ascension_level":1}}