{"host":"htqwg582tjjtn9p7","time":1614028318,"event":{"mods":["2.2 Compatiblity","AchievementEnabler","Act Like it!","Aspiration","BaseMod","Better Third Choice","Colored Map","Conspire","Curses Come First","Displayed Cursed Tome","Energized Spire","Force Act Four","Fox Events","GifTheSpireLib","Hermit","Highlight Path","JesterMod","Mad Scientist","Minty Spire (QoL Compilation)","Pale of the Ancients","Permanent Neow","Random Character Button","Relic Stats","Reliquary","Replay The Spire","Robot Space Explorer","Ruina","Somnambulant","Spicy Shops","Spikes Relics","StSLib","Stuff the Spire","The Blue Laboratory","The Bug Knight","The Forsaken","The Gatherer","The Judge","The Jungle","The Marked","The Runesmith","The Servant 0.9.4","Uncapped"],"gold_per_floor":[116,116,128,60,74,74,74,92,115,141,141,66,95,111,111,216,216,234,234,29,39,59,59,89,37,60,95,110,124,141,156,156,256,256,271,146,146,156,166,194,205,231,256,282,282,88,88,102,102,102,122,137,152,152,152,171,171,122,122,122],"floor_reached":61,"language":"ENG","playtime":3072,"items_purged":["Regret","RobotSpaceExplorer:Strike","RobotSpaceExplorer:Explosion","RobotSpaceExplorer:Defend"],"score":2510,"play_id":"2c198879-22ea-48ef-ad37-434d14e50af7","local_time":"20210222221158","is_ascension_mode":true,"campfire_choices":[{"floor":6,"key":"REST"},{"floor":11,"key":"REST"},{"floor":15,"key":"REST"},{"floor":23,"key":"REST"},{"floor":32,"key":"REST"},{"floor":45,"key":"REST"},{"floor":49,"key":"RECALL"},{"floor":55,"key":"REST"},{"floor":57,"key":"REST"}],"circlet_count":0,"master_deck":["AscendersBane","RobotSpaceExplorer:Scan","RobotSpaceExplorer:StarDust","RobotSpaceExplorer:SelfCleaning","RobotSpaceExplorer:Comet","RobotSpaceExplorer:GlueShot+1","RobotSpaceExplorer:GearShield","RobotSpaceExplorer:DualCore","RobotSpaceExplorer:ChargingLaser","RobotSpaceExplorer:TrailblazerForm","RobotSpaceExplorer:Jetpack","RobotSpaceExplorer:ScrapMissile","RobotSpaceExplorer:Electroshield","RobotSpaceExplorer:GearShield","RobotSpaceExplorer:StarDust","RobotSpaceExplorer:TrailblazerForm","RobotSpaceExplorer:DualCore","RobotSpaceExplorer:MakeshiftVolley"],"relics":["Fusion Hammer","StuffTheSpire:RedRose","reliquary:Stiletto","Potion Belt","aspiration:HiddenCompartment","Replay:Drink Me","Replay:PocketPolymizer","reliquary:Sideboard","StuffTheSpire:Barrel","Pet Ghost","Runesmith:UraniumAnvil","Replay:Baseball","PreservedInsect","aspiration:SeaSaltIceCream","reliquary:TatteredRug","Bag of Marbles","Anchor","paleoftheancients:Timepiece","paleoftheancients:KeyRelic","Bronze Scales","CultistMask","paleoftheancients:SoulOfTheWokeBloke","paleoftheancients:BlurryLens","reliquary:QuartzCube"],"acts_visited":["Exordium","TheCity","TheBeyond","TheBeyond"],"potions_floor_usage":[13,14,21,24,27,27,29,29,29,29,31,33,33,41,42,44,44,52,60,60,60],"damage_taken":[{"damage":0,"enemies":"Jaw Worm","floor":1,"turns":5},{"damage":3,"enemies":"Cultist","floor":3,"turns":4},{"damage":2,"enemies":"2 Louse","floor":5,"turns":4},{"damage":5,"enemies":"Red Slaver","floor":8,"turns":4},{"damage":18,"enemies":"Lagavulin","floor":10,"turns":7},{"damage":14,"enemies":"Gremlin Nob","floor":13,"turns":5},{"damage":28,"enemies":"Gremlin Gang","floor":14,"turns":5},{"damage":27,"enemies":"Hexaghost","floor":16,"turns":9},{"damage":3,"enemies":"3 Byrds","floor":18,"turns":4},{"damage":7,"enemies":"2 Thieves","floor":21,"turns":4},{"damage":2,"enemies":"Centurion and Healer","floor":22,"turns":7},{"damage":0,"enemies":"Book of Stabbing","floor":24,"turns":5},{"damage":3,"enemies":"Gremlin Leader","floor":27,"turns":5},{"damage":0,"enemies":"Snake Plant","floor":28,"turns":6},{"damage":0,"enemies":"Shelled Parasite and Fungi","floor":29,"turns":4},{"damage":1,"enemies":"Centurion and Healer","floor":30,"turns":4},{"damage":0,"enemies":"3 Cultists","floor":31,"turns":4},{"damage":5,"enemies":"Pondfish","floor":33,"turns":6},{"damage":0,"enemies":"3 Shapes","floor":35,"turns":3},{"damage":0,"enemies":"3 Darklings","floor":38,"turns":4},{"damage":0,"enemies":"Writhing Mass","floor":39,"turns":6},{"damage":0,"enemies":"R_Hoarder","floor":40,"turns":8},{"damage":0,"enemies":"Maw","floor":41,"turns":6},{"damage":2,"enemies":"Giant Head","floor":42,"turns":7},{"damage":0,"enemies":"Nemesis","floor":44,"turns":6},{"damage":2,"enemies":"3 Darklings","floor":48,"turns":4},{"damage":0,"enemies":"conspire:OrnateMirror","floor":50,"turns":8},{"damage":0,"enemies":"conspire:OrnateMirror","floor":51,"turns":8},{"damage":34,"enemies":"conspire:OrnateMirror","floor":52,"turns":8},{"damage":0,"enemies":"paleoftheancients:BASlime1","floor":53,"turns":2},{"damage":0,"enemies":"paleoftheancients:BASlime1","floor":56,"turns":8},{"damage":57,"enemies":"paleoftheancients:N","floor":60,"turns":13}],"seed_played":"7949385752740571343","potions_obtained":[{"floor":1,"key":"blueLaboratory:ArtificerPotion"},{"floor":3,"key":"blueLaboratory:BottledHope"},{"floor":10,"key":"Flashbang"},{"floor":16,"key":"Dexterity Potion"},{"floor":24,"key":"Dexterity Potion"},{"floor":27,"key":"ColorlessPotion"},{"floor":28,"key":"EntropicBrew"},{"floor":30,"key":"BlessingOfTheForge"},{"floor":38,"key":"blueLaboratory:HummingbirdPotion"},{"floor":41,"key":"BlessingOfTheForge"},{"floor":44,"key":"LiquidBronze"},{"floor":52,"key":"Adrenaline Potion"},{"floor":56,"key":"blueLaboratory:AbyssPotion"}],"is_trial":false,"path_per_floor":["M","?","M","$","M","R","?","M","T","E","R","$","E","M","R","B",null,"M","?","$","M","M","R","E","$","T","E","M","M","M","M","R","B",null,"M","$","?","M","M","E","M","E","T","E","R","$","?","M","R","B","M","M","M","T","R","M","R","$","?","B",null],"character_chosen":"RobotSpaceExplorer","items_purchased":["RobotSpaceExplorer:StarDust","RobotSpaceExplorer:GearShield","blueLaboratory:FruitPunch","PowerPotion","RobotSpaceExplorer:GearShield","RobotSpaceExplorer:StarDust","Anchor","PowerPotion"],"campfire_rested":8,"item_purchase_floors":[4,20,20,25,46,46,46,58],"current_hp_per_floor":[68,68,65,65,63,75,75,70,70,52,74,74,60,32,54,27,50,47,47,47,42,40,57,57,57,57,54,54,56,55,55,61,56,60,60,60,60,60,60,60,60,58,58,58,61,61,61,59,59,61,61,44,54,54,61,61,61,61,61,33],"gold":122,"neow_bonus":"BOSS_RELIC","is_daily":false,"chose_seed":false,"campfire_upgraded":0,"win_rate":0.0,"timestamp":1614028318,"path_taken":["M","?","M","?","M","R","?","M","T","E","R","$","E","M","R","BOSS","M","?","$","M","M","R","E","$","T","E","M","?","M","M","R","BOSS","M","$","?","?","M","E","M","E","T","E","R","$","?","?","R","BOSS","M","M","?","T","R","M","R","$","?","BOSS"],"items_purchased_type":["Card","Card","Potion","Potion","Card","Card","Relic","Potion"],"build_version":"2020-12-22","purchased_purges":4,"victory":true,"max_hp_per_floor":[75,75,75,75,75,75,75,75,75,75,75,75,75,75,75,75,57,57,57,57,59,59,59,59,59,59,59,59,61,61,61,61,61,61,61,61,61,61,61,61,61,61,61,61,61,61,61,61,61,61,61,61,61,61,61,61,61,61,61,61],"relic_stats":{"counters":[32,183],"Bronze Scales":[322],"PreservedInsect":180,"obtain_stats":[{"StuffTheSpire:Barrel":26,"Replay:PocketPolymizer":19,"reliquary:QuartzCube":54,"Pet Ghost":27,"Fusion Hammer":0,"StuffTheSpire:RedRose":2,"Replay:Drink Me":17,"Potion Belt":10,"paleoftheancients:KeyRelic":50,"reliquary:Sideboard":24,"paleoftheancients:BlurryLens":53,"RobotSpaceExplorer:RoboCore":0,"PreservedInsect":41,"reliquary:TatteredRug":42,"aspiration:SeaSaltIceCream":42,"aspiration:HiddenCompartment":13,"paleoftheancients:Timepiece":50,"Replay:Baseball":40,"Anchor":46,"paleoftheancients:SoulOfTheWokeBloke":52,"Bronze Scales":50,"Runesmith:UraniumAnvil":34,"reliquary:Stiletto":9,"CultistMask":50,"Bag of Marbles":44},{"StuffTheSpire:Barrel":12,"Replay:PocketPolymizer":9,"reliquary:QuartzCube":30,"Pet Ghost":13,"Fusion Hammer":0,"StuffTheSpire:RedRose":1,"Replay:Drink Me":8,"Potion Belt":5,"paleoftheancients:KeyRelic":27,"reliquary:Sideboard":12,"paleoftheancients:BlurryLens":30,"RobotSpaceExplorer:RoboCore":0,"PreservedInsect":23,"reliquary:TatteredRug":24,"aspiration:SeaSaltIceCream":24,"aspiration:HiddenCompartment":6,"paleoftheancients:Timepiece":27,"Replay:Baseball":22,"Anchor":25,"paleoftheancients:SoulOfTheWokeBloke":29,"Bronze Scales":27,"Runesmith:UraniumAnvil":18,"reliquary:Stiletto":4,"CultistMask":27,"Bag of Marbles":25},{"StuffTheSpire:Barrel":63,"Replay:PocketPolymizer":47,"reliquary:QuartzCube":162,"Pet Ghost":68,"Fusion Hammer":0,"StuffTheSpire:RedRose":5,"Replay:Drink Me":43,"Potion Belt":24,"paleoftheancients:KeyRelic":144,"reliquary:Sideboard":63,"paleoftheancients:BlurryLens":162,"RobotSpaceExplorer:RoboCore":0,"PreservedInsect":119,"reliquary:TatteredRug":126,"aspiration:SeaSaltIceCream":126,"aspiration:HiddenCompartment":29,"paleoftheancients:Timepiece":144,"Replay:Baseball":113,"Anchor":132,"paleoftheancients:SoulOfTheWokeBloke":160,"Bronze Scales":144,"Runesmith:UraniumAnvil":92,"reliquary:Stiletto":17,"CultistMask":144,"Bag of Marbles":132}]},"card_choices":[{"not_picked":["RobotSpaceExplorer:Counterblock","RobotSpaceExplorer:RigExplosive","RobotSpaceExplorer:Ammunition"],"picked":"SKIP","floor":1},{"not_picked":["RobotSpaceExplorer:ScrapShield","RobotSpaceExplorer:PowerCollector","RobotSpaceExplorer:Reload"],"picked":"SKIP","floor":3},{"not_picked":["RobotSpaceExplorer:FrostMissile","RobotSpaceExplorer:StunGrenade","RobotSpaceExplorer:Counterblock"],"picked":"SKIP","floor":5},{"not_picked":["RobotSpaceExplorer:SwiftStep","RobotSpaceExplorer:SurgingStrike","RobotSpaceExplorer:Fix"],"picked":"SKIP","floor":8},{"not_picked":["RobotSpaceExplorer:ExhaustFan","RobotSpaceExplorer:Discharger"],"picked":"RobotSpaceExplorer:SelfCleaning","floor":10},{"not_picked":["RobotSpaceExplorer:StunGrenade","RobotSpaceExplorer:LuckyStrike"],"picked":"RobotSpaceExplorer:Pulsar","floor":13},{"not_picked":["RobotSpaceExplorer:StunGrenade","RobotSpaceExplorer:SurgingShield"],"picked":"RobotSpaceExplorer:Calculate","floor":14},{"not_picked":["RobotSpaceExplorer:BlastShield","RobotSpaceExplorer:Arsenal"],"picked":"RobotSpaceExplorer:Comet","floor":16},{"not_picked":["RobotSpaceExplorer:SwiftStep+1","RobotSpaceExplorer:SelfCleaning"],"picked":"RobotSpaceExplorer:GlueShot+1","floor":18},{"not_picked":["RobotSpaceExplorer:ShockKick","RobotSpaceExplorer:FranticSearch","RobotSpaceExplorer:FreezeRay+1"],"picked":"SKIP","floor":21},{"not_picked":["RobotSpaceExplorer:Ammunition","RobotSpaceExplorer:Counterblock","RobotSpaceExplorer:BigMissile+1"],"picked":"SKIP","floor":22},{"not_picked":["RobotSpaceExplorer:Ammunition+1","RobotSpaceExplorer:Counterblock"],"picked":"RobotSpaceExplorer:ChargingLaser","floor":24},{"not_picked":["RobotSpaceExplorer:ShovelStrike","RobotSpaceExplorer:Ammunition","RobotSpaceExplorer:BigMissile"],"picked":"SKIP","floor":27},{"not_picked":["RobotSpaceExplorer:GlueSpray","RobotSpaceExplorer:Discharger","RobotSpaceExplorer:PowerGlove"],"picked":"SKIP","floor":28},{"not_picked":["RobotSpaceExplorer:GlueSpray","RobotSpaceExplorer:Discharger","RobotSpaceExplorer:PowerGlove"],"picked":"SKIP","floor":28},{"not_picked":["RobotSpaceExplorer:GlueSpray","RobotSpaceExplorer:Discharger","RobotSpaceExplorer:PowerGlove"],"picked":"SKIP","floor":28},{"not_picked":["RobotSpaceExplorer:SwiftStep","RobotSpaceExplorer:ImprovisedAttack+1","RobotSpaceExplorer:SurgingStrike"],"picked":"SKIP","floor":29},{"not_picked":["RobotSpaceExplorer:ShockKick","RobotSpaceExplorer:FranticSearch","RobotSpaceExplorer:SwiftStep"],"picked":"SKIP","floor":30},{"not_picked":["RobotSpaceExplorer:FranticSearch","RobotSpaceExplorer:FrostMissile+1","RobotSpaceExplorer:ShockKick"],"picked":"SKIP","floor":31},{"not_picked":["RobotSpaceExplorer:Scanner","RobotSpaceExplorer:ShockMissile"],"picked":"RobotSpaceExplorer:TrailblazerForm","floor":33},{"not_picked":["RobotSpaceExplorer:Ammunition","RobotSpaceExplorer:SlimeMissile+1"],"picked":"RobotSpaceExplorer:Jetpack","floor":35},{"not_picked":["RobotSpaceExplorer:StunGrenade+1","RobotSpaceExplorer:ShockKick","RobotSpaceExplorer:RigExplosive"],"picked":"SKIP","floor":38},{"not_picked":["RobotSpaceExplorer:SwiftStep+1","RobotSpaceExplorer:ShovelStrike"],"picked":"RobotSpaceExplorer:ScrapMissile","floor":39},{"not_picked":["RobotSpaceExplorer:StunGrenade","RobotSpaceExplorer:LaserBurst"],"picked":"RobotSpaceExplorer:Exploration","floor":40},{"not_picked":["RobotSpaceExplorer:MetalStrike","RobotSpaceExplorer:SurgingShield","RobotSpaceExplorer:Ammunition+1"],"picked":"SKIP","floor":41},{"not_picked":["RobotSpaceExplorer:SurgingStrike","RobotSpaceExplorer:Ammunition+1","RobotSpaceExplorer:MetalStrike+1"],"picked":"SKIP","floor":42},{"not_picked":["RobotSpaceExplorer:SurgingStrike+1","RobotSpaceExplorer:StunGrenade+1","RobotSpaceExplorer:Autoloader"],"picked":"SKIP","floor":44},{"not_picked":["RobotSpaceExplorer:FranticSearch+1","RobotSpaceExplorer:FreezingShield+1","RobotSpaceExplorer:MetalStrike"],"picked":"SKIP","floor":48},{"not_picked":["RobotSpaceExplorer:LaserBurst+1","RobotSpaceExplorer:ScrapMissile"],"picked":"RobotSpaceExplorer:JunkDive+1","floor":51},{"not_picked":["RobotSpaceExplorer:Pulsar","RobotSpaceExplorer:DoubleBlock"],"picked":"RobotSpaceExplorer:ScrapMissile+1","floor":52},{"not_picked":["RobotSpaceExplorer:ToxicBomb","RobotSpaceExplorer:SurgingStrike+1","RobotSpaceExplorer:ShockKick"],"picked":"SKIP","floor":53},{"not_picked":["RobotSpaceExplorer:ScrapMissile","RobotSpaceExplorer:StunGrenade+1","RobotSpaceExplorer:PowerCollector"],"picked":"SKIP","floor":56},{"not_picked":["RobotSpaceExplorer:StunGrenade+1","RobotSpaceExplorer:PowerCollector"],"picked":"RobotSpaceExplorer:ScrapMissile","floor":56}],"player_experience":2070084,"relics_obtained":[{"floor":9,"key":"reliquary:Stiletto"},{"floor":10,"key":"Potion Belt"},{"floor":13,"key":"aspiration:HiddenCompartment"},{"floor":24,"key":"reliquary:Sideboard"},{"floor":26,"key":"StuffTheSpire:Barrel"},{"floor":27,"key":"Pet Ghost"},{"floor":40,"key":"Replay:Baseball"},{"floor":41,"key":"PreservedInsect"},{"floor":42,"key":"aspiration:SeaSaltIceCream"},{"floor":44,"key":"Bag of Marbles"},{"floor":52,"key":"paleoftheancients:SoulOfTheWokeBloke"},{"floor":53,"key":"paleoftheancients:BlurryLens"},{"floor":54,"key":"reliquary:QuartzCube"}],"event_choices":[{"damage_healed":0,"gold_gain":0,"player_choice":"0 cards matched","damage_taken":0,"max_hp_gain":0,"max_hp_loss":0,"event_name":"Match and Keep!","floor":7,"gold_loss":0,"cards_obtained":[]},{"cards_removed":["RobotSpaceExplorer:Calculate"],"damage_healed":0,"gold_gain":0,"player_choice":"Gave Card","damage_taken":0,"relics_obtained":["Replay:PocketPolymizer"],"max_hp_gain":0,"max_hp_loss":0,"event_name":"WeMeetAgain","floor":19,"gold_loss":0},{"damage_healed":0,"gold_gain":0,"cards_transformed":["RobotSpaceExplorer:MiniLasers"],"player_choice":"Transformed","damage_taken":0,"max_hp_gain":0,"max_hp_loss":0,"event_name":"Transmorgrifier","floor":37,"gold_loss":0,"cards_obtained":["RobotSpaceExplorer:RigExplosive"]},{"damage_healed":0,"gold_gain":0,"player_choice":"Copied","damage_taken":0,"max_hp_gain":0,"max_hp_loss":0,"event_name":"Duplicator","floor":47,"gold_loss":0,"cards_obtained":["RobotSpaceExplorer:TrailblazerForm"]}],"is_beta":false,"boss_relics":[{"not_picked":["Astrolabe","RobotSpaceExplorer:Reprocessor"],"picked":"Replay:Drink Me"},{"not_picked":["CosmicIsotope","energizedSpire:HugeHouse"],"picked":"Runesmith:UraniumAnvil"}],"items_purged_floors":[12,20,36,46],"is_endless":false,"potions_floor_spawned":[1,3,10,16,24,27,28,30,38,41,44,52,56],"ascension_level":11}}