{"host":"z37g2hkgkh2zjyzk","time":1614012081,"event":{"mods":["2.2 Compatiblity","AchievementEnabler","BaseMod","Bestiary","Colored Map","Colored Powertips","Curses Come First","Highlight Path","Keyboard Shortcuts","Minty Spire (QoL Compilation)","Relic Stats","StSLib","SuperFastMode"],"gold_per_floor":[116,128,128,8,26,26,60,60,105,118,147,157,236,236,236],"floor_reached":14,"language":"ENG","playtime":700,"items_purged":[],"score":125,"play_id":"3333e6c2-f9cd-4997-aa57-b0afce0ea113","local_time":"20210222174121","is_ascension_mode":true,"campfire_choices":[{"floor":6,"key":"RECALL"},{"floor":8,"key":"REST"}],"circlet_count":0,"master_deck":["Strike_B","Strike_B","Strike_B","Strike_B","Defend_B","Defend_B","Defend_B","Defend_B","Zap","Dualcast","Genetic Algorithm","Reprogram","Reinforced Body","Go for the Eyes","Hologram","Steam","Chill","All For One","Steam","Scrape"],"relics":["Fusion Hammer","Omamori","Blood Vial","Ornamental Fan","Pantograph"],"acts_visited":["Exordium"],"potions_floor_usage":[11,14],"damage_taken":[{"damage":1,"enemies":"2 Louse","floor":1,"turns":3},{"damage":6,"enemies":"Cultist","floor":2,"turns":3},{"damage":1,"enemies":"Jaw Worm","floor":5,"turns":5},{"damage":29,"enemies":"Gremlin Nob","floor":7,"turns":6},{"damage":1,"enemies":"Blue Slaver","floor":10,"turns":4},{"damage":33,"enemies":"3 Sentries","floor":11,"turns":14},{"damage":0,"enemies":"Looter","floor":12,"turns":3},{"damage":40,"enemies":"Gremlin Nob","floor":14,"turns":4}],"seed_played":"-3838295195518886809","potions_obtained":[{"floor":1,"key":"Dexterity Potion"},{"floor":2,"key":"DistilledChaos"},{"floor":7,"key":"FearPotion"}],"is_trial":false,"path_per_floor":["M","M","?","$","M","R","E","R","T","M","E","M","T","E"],"character_chosen":"DEFECT","items_purchased":["Go for the Eyes","Hologram","Steam"],"campfire_rested":1,"item_purchase_floors":[4,4,4],"current_hp_per_floor":[74,68,68,68,67,67,38,60,60,61,30,32,32,0,0],"gold":236,"neow_bonus":"BOSS_RELIC","is_daily":false,"chose_seed":false,"campfire_upgraded":0,"win_rate":0.0,"timestamp":1614012081,"path_taken":["M","M","?","?","M","R","E","R","T","M","E","M","?","E"],"items_purchased_type":["Card","Card","Card"],"build_version":"2020-12-22","purchased_purges":0,"victory":false,"max_hp_per_floor":[75,75,75,75,75,75,75,75,75,75,75,75,75,75,75],"relic_stats":{"Blood Vial":8,"counters":[8,42],"Ornamental Fan":[4],"Pantograph":0,"obtain_stats":[{"Blood Vial":9,"Ornamental Fan":11,"Pantograph":13,"Fusion Hammer":0,"Omamori":7,"Cracked Core":0},{"Blood Vial":4,"Ornamental Fan":6,"Pantograph":7,"Fusion Hammer":0,"Omamori":4,"Cracked Core":0},{"Blood Vial":17,"Ornamental Fan":35,"Pantograph":38,"Fusion Hammer":0,"Omamori":17,"Cracked Core":0}]},"card_choices":[{"not_picked":["Steam","Ball Lightning"],"picked":"Genetic Algorithm","floor":1},{"not_picked":["Redo","Skim"],"picked":"Reprogram","floor":2},{"not_picked":["Self Repair","Undo"],"picked":"Chill","floor":5},{"not_picked":["Steam Power","Cold Snap"],"picked":"All For One","floor":7},{"not_picked":["Chill","Lockon"],"picked":"Steam","floor":10},{"not_picked":["Rebound","BootSequence"],"picked":"Scrape","floor":11},{"not_picked":["Glacier","Darkness","Aggregate"],"picked":"SKIP","floor":12}],"player_experience":200880,"relics_obtained":[{"floor":7,"key":"Omamori"},{"floor":9,"key":"Blood Vial"},{"floor":11,"key":"Ornamental Fan"},{"floor":13,"key":"Pantograph"}],"event_choices":[{"damage_healed":0,"gold_gain":0,"player_choice":"1 cards matched","damage_taken":0,"max_hp_gain":0,"max_hp_loss":0,"event_name":"Match and Keep!","floor":3,"gold_loss":0,"cards_obtained":["Reinforced Body"]},{"damage_healed":0,"gold_gain":0,"player_choice":"1 cards matched","damage_taken":0,"max_hp_gain":0,"max_hp_loss":0,"event_name":"Match and Keep!","floor":3,"gold_loss":0,"cards_obtained":["Reinforced Body"]}],"is_beta":false,"boss_relics":[],"items_purged_floors":[],"is_endless":false,"potions_floor_spawned":[1,2,7],"killed_by":"Gremlin Nob","ascension_level":5}}