{"host":"lv7etzzgwahaenh9","time":1614037011,"event":{"mods":["AchievementEnabler","BaseMod","Colored Map","Colored Powertips","Highlight Path","Minty Spire (QoL Compilation)","Permanent Neow","Quick Restart","Random Character Button","StSLib"],"gold_per_floor":[14,34,46,46,61,61,92,92,119,119,136,153,153,163,163,263,263,280,299,6,22,22,22,32,32,32,46,79,79,79,112,112,213,213,225,239,258,276,276,306,319,319,365,365,395,395,395,405,405,405,405,405,174,205,205,205],"floor_reached":55,"language":"ENG","playtime":3315,"items_purged":["LessonLearned+1"],"score":1182,"play_id":"0c2772fc-d567-4d16-9067-78ba158f6c47","local_time":"20210222153651","is_ascension_mode":true,"campfire_choices":[{"data":"TalkToTheHand","floor":6.0,"key":"SMITH"},{"data":"SashWhip","floor":8.0,"key":"SMITH"},{"data":"Indignation","floor":10.0,"key":"SMITH"},{"data":"WaveOfTheHand","floor":13.0,"key":"SMITH"},{"data":"BattleHymn","floor":15.0,"key":"SMITH"},{"data":"Ghostly","floor":23.0,"key":"SMITH"},{"data":"Ghostly","floor":25.0,"key":"SMITH"},{"data":"Ghostly","floor":30.0,"key":"SMITH"},{"floor":32.0,"key":"REST"},{"floor":44.0,"key":"RECALL"},{"data":"Omniscience","floor":47.0,"key":"SMITH"},{"data":"Ghostly","floor":49.0,"key":"SMITH"},{"data":"Establishment","floor":52.0,"key":"SMITH"}],"circlet_count":0,"master_deck":["AscendersBane","Eruption","Vigilance+1","PathToVictory","Indignation+1","Wallop+1","Halt+1","ClearTheMind+1","TalkToTheHand+1","SashWhip+1","WaveOfTheHand+1","Sanctity+1","BattleHymn+1","DevaForm+1","Weave","FollowUp","FlurryOfBlows","Prostrate+1","DeusExMachina+1","Worship+1","Swivel","Ghostly+1","Ghostly+1","Ghostly+1","Ghostly+1","Ghostly+1","Scrawl+1","CrushJoints+1","Establishment+1","Omniscience+1","SandsOfTime+1","Fasting2+1","WheelKick+1"],"relics":["PureWater","Anchor","Tiny Chest","Pandora\u0027s Box","Orichalcum","Singing Bowl","Oddly Smooth Stone","Mango","Boot","Philosopher\u0027s Stone","InkBottle","Letter Opener","Eternal Feather","Vajra","Happy Flower"],"acts_visited":["Exordium","TheCity","TheBeyond","TheEnding"],"potions_floor_usage":[55],"damage_taken":[{"damage":2.0,"enemies":"Jaw Worm","floor":1.0,"turns":3.0},{"damage":0.0,"enemies":"Small Slimes","floor":2.0,"turns":2.0},{"damage":0.0,"enemies":"Cultist","floor":3.0,"turns":4.0},{"damage":10.0,"enemies":"Looter","floor":5.0,"turns":4.0},{"damage":12.0,"enemies":"Gremlin Nob","floor":7.0,"turns":3.0},{"damage":0.0,"enemies":"2 Fungi Beasts","floor":11.0,"turns":3.0},{"damage":1.0,"enemies":"3 Louse","floor":12.0,"turns":4.0},{"damage":9.0,"enemies":"Lots of Slimes","floor":14.0,"turns":4.0},{"damage":1.0,"enemies":"Hexaghost","floor":16.0,"turns":7.0},{"damage":4.0,"enemies":"3 Byrds","floor":18.0,"turns":4.0},{"damage":5.0,"enemies":"Chosen","floor":19.0,"turns":5.0},{"damage":6.0,"enemies":"3 Cultists","floor":21.0,"turns":5.0},{"damage":10.0,"enemies":"Centurion and Healer","floor":24.0,"turns":8.0},{"damage":0.0,"enemies":"Snake Plant","floor":27.0,"turns":5.0},{"damage":0.0,"enemies":"Book of Stabbing","floor":28.0,"turns":6.0},{"damage":13.0,"enemies":"Slavers","floor":31.0,"turns":7.0},{"damage":3.0,"enemies":"Champ","floor":33.0,"turns":8.0},{"damage":0.0,"enemies":"3 Darklings","floor":35.0,"turns":7.0},{"damage":0.0,"enemies":"Orb Walker","floor":36.0,"turns":6.0},{"damage":0.0,"enemies":"Writhing Mass","floor":37.0,"turns":6.0},{"damage":6.0,"enemies":"Sphere and 2 Shapes","floor":38.0,"turns":6.0},{"damage":0.0,"enemies":"Reptomancer","floor":40.0,"turns":6.0},{"damage":21.0,"enemies":"3 Darklings","floor":41.0,"turns":5.0},{"damage":8.0,"enemies":"Nemesis","floor":45.0,"turns":5.0},{"damage":0.0,"enemies":"Jaw Worm Horde","floor":48.0,"turns":4.0},{"damage":42.0,"enemies":"Donu and Deca","floor":50.0,"turns":7.0},{"damage":4.0,"enemies":"Shield and Spear","floor":54.0,"turns":7.0},{"damage":131,"enemies":"The Heart","floor":55,"turns":6}],"seed_played":"-9196629392729271601","potions_obtained":[{"floor":1.0,"key":"SteroidPotion"},{"floor":3.0,"key":"FearPotion"},{"floor":5.0,"key":"Fruit Juice"},{"floor":11.0,"key":"FairyPotion"},{"floor":21.0,"key":"EssenceOfSteel"},{"floor":24.0,"key":"SpeedPotion"},{"floor":28.0,"key":"FairyPotion"},{"floor":31.0,"key":"PowerPotion"},{"floor":33.0,"key":"BlessingOfTheForge"},{"floor":36.0,"key":"DistilledChaos"},{"floor":41.0,"key":"SpeedPotion"},{"floor":54.0,"key":"Dexterity Potion"}],"is_trial":false,"path_per_floor":["M","M","M","?","M","R","E","R","T","R","M","M","R","M","R","B",null,"M","M","$","M","?","R","M","R","T","M","E","?","R","E","R","B",null,"M","M","M","M","T","E","M","?","T","R","E","?","R","M","R","B",null,"R","$","E","B"],"character_chosen":"WATCHER","items_purchased":["LessonLearned","Orichalcum","Vajra"],"campfire_rested":1,"item_purchase_floors":[20,20,53],"current_hp_per_floor":[63,63,63,63,53,53,41,41,41,41,41,40,40,31,31,30,62,58,53,53,47,36,36,26,26,26,28,33,47,47,34,51,48,55,57,57,59,55,55,55,36,36,36,36,28,28,46,46,62,20,52,62,62,60,0,0],"gold":205,"neow_bonus":"TRANSFORM_TWO_CARDS","is_daily":false,"chose_seed":false,"campfire_upgraded":11,"win_rate":0.0,"timestamp":1614037011,"path_taken":["M","M","M","?","M","R","E","R","T","R","M","M","R","M","R","BOSS","M","M","$","M","?","R","M","R","T","M","E","?","R","E","R","BOSS","M","M","M","?","?","E","M","?","T","R","E","?","R","M","R","BOSS","R","$","E","BOSS"],"items_purchased_type":["Card","Relic","Relic"],"build_version":"2020-12-22","purchased_purges":1,"victory":false,"max_hp_per_floor":[72,72,72,72,72,72,72,72,72,72,72,72,72,72,72,72,72,72,72,72,72,36,36,36,36,36,38,43,57,57,57,57,57,57,59,59,61,63,63,63,65,62,62,62,62,62,62,62,62,62,62,62,62,64,64,64],"card_choices":[{"not_picked":["Protect","ThirdEye"],"picked":"Wallop","floor":1.0},{"not_picked":["Vengeance","EmptyFist"],"picked":"Halt","floor":2.0},{"not_picked":["Evaluate","Consecrate"],"picked":"ClearTheMind","floor":3.0},{"not_picked":["Crescendo","Consecrate"],"picked":"TalkToTheHand","floor":5.0},{"not_picked":["CarveReality","FollowUp"],"picked":"SashWhip","floor":7.0},{"not_picked":["Swivel","CrushJoints"],"picked":"WaveOfTheHand","floor":11.0},{"not_picked":["EmptyMind","Consecrate"],"picked":"Sanctity","floor":12.0},{"not_picked":["Evaluate","Meditate"],"picked":"BattleHymn","floor":14.0},{"not_picked":["Alpha","Wish"],"picked":"DevaForm","floor":16.0},{"not_picked":["WaveOfTheHand+1","EmptyFist","ClearTheMind"],"picked":"SKIP","floor":18.0},{"not_picked":["WaveOfTheHand","Pray","CrushJoints"],"picked":"SKIP","floor":19.0},{"not_picked":["ClearTheMind","SignatureMove+1"],"picked":"Swivel","floor":21.0},{"not_picked":["Halt","BattleHymn","Meditate"],"picked":"SKIP","floor":24.0},{"not_picked":["Indignation","FollowUp","Study"],"picked":"Singing Bowl","floor":27.0},{"not_picked":["WreathOfFlame","CutThroughFate"],"picked":"Scrawl","floor":28.0},{"not_picked":["ClearTheMind+1","Nirvana"],"picked":"CrushJoints+1","floor":31.0},{"not_picked":["LessonLearned","SpiritShield"],"picked":"Establishment","floor":33.0},{"not_picked":["CutThroughFate","Evaluate","BowlingBash+1"],"picked":"Singing Bowl","floor":35.0},{"not_picked":["TalkToTheHand","Collect+1"],"picked":"Omniscience","floor":36.0},{"not_picked":["Indignation+1","FlyingSleeves","FollowUp"],"picked":"Singing Bowl","floor":37.0},{"not_picked":["Halt","Consecrate","FlurryOfBlows"],"picked":"Singing Bowl","floor":38.0},{"not_picked":["CutThroughFate","FearNoEvil"],"picked":"SandsOfTime+1","floor":40.0},{"not_picked":["Indignation+1","CutThroughFate","BowlingBash"],"picked":"Singing Bowl","floor":41.0},{"not_picked":["ReachHeaven","CarveReality+1"],"picked":"Fasting2+1","floor":45.0},{"not_picked":["CutThroughFate","EmptyFist+1"],"picked":"WheelKick+1","floor":48.0},{"not_picked":["Crescendo+1","ThirdEye","Sanctity+1"],"picked":"Singing Bowl","floor":54.0}],"player_experience":509259,"relics_obtained":[{"floor":7.0,"key":"Anchor"},{"floor":9.0,"key":"Tiny Chest"},{"floor":26.0,"key":"Singing Bowl"},{"floor":28.0,"key":"Oddly Smooth Stone"},{"floor":31.0,"key":"Boot"},{"floor":39.0,"key":"InkBottle"},{"floor":40.0,"key":"Letter Opener"},{"floor":45.0,"key":"Eternal Feather"},{"floor":54.0,"key":"Happy Flower"}],"event_choices":[{"damage_healed":0.0,"max_hp_gain":0.0,"max_hp_loss":0.0,"gold_gain":0.0,"event_name":"Living Wall","player_choice":"Grow","floor":4.0,"gold_loss":0.0,"damage_taken":0.0,"cards_upgraded":["Halt"]},{"damage_healed":0.0,"max_hp_gain":0.0,"max_hp_loss":36.0,"gold_gain":0.0,"event_name":"Ghosts","player_choice":"Became a Ghost","floor":22.0,"gold_loss":0.0,"damage_taken":0.0,"cards_obtained":["Ghostly","Ghostly","Ghostly","Ghostly","Ghostly"]},{"damage_healed":0.0,"max_hp_gain":0.0,"max_hp_loss":0.0,"gold_gain":0.0,"event_name":"WeMeetAgain","player_choice":"Gave Potion","floor":29.0,"gold_loss":0.0,"damage_taken":0.0,"relics_obtained":["Mango"]},{"damage_healed":0.0,"max_hp_gain":0.0,"max_hp_loss":3.0,"gold_gain":0.0,"event_name":"Winding Halls","player_choice":"Max HP","floor":42.0,"gold_loss":0.0,"damage_taken":0.0},{"damage_healed":0.0,"max_hp_gain":0.0,"max_hp_loss":0.0,"gold_gain":0.0,"event_name":"Tomb of Lord Red Mask","player_choice":"Ignored","floor":46.0,"gold_loss":0.0,"damage_taken":0.0}],"is_beta":false,"boss_relics":[{"not_picked":["HolyWater","Ectoplasm"],"picked":"Pandora\u0027s Box"},{"not_picked":["Black Star","Cursed Key"],"picked":"Philosopher\u0027s Stone"}],"items_purged_floors":[53],"is_endless":false,"potions_floor_spawned":[1,3,5,11,21,24,28,31,33,36,37,41,54],"killed_by":"The Heart","ascension_level":10}}