{"host":"bpr07pynnqpe5ded","time":1614019097,"event":{"mods":["2.2 Compatiblity","Aspiration","BaseMod","Better Note","Better Third Choice","BetterRewards","Downfall","Jorbs\u0027s Wanderer Trilogy","Minty Spire (QoL Compilation)","Replay The Spire","Shop Mod","StSLib","The Marked","??????REMEMod"],"gold_per_floor":[216,227,246,8,24,24,52,67,67,83,83,93,93,104,104,203,253,270,117,98,173,193,193,193,193],"floor_reached":24,"language":"ENG","playtime":1651,"items_purged":["Defend_R","Strike_R"],"score":252,"play_id":"453311ea-9de9-4c43-a1c4-67a9c7569b53","local_time":"20210222183817","is_ascension_mode":false,"campfire_choices":[{"data":"REME_Scribble","floor":6,"key":"SMITH"},{"data":"Disarm","floor":11,"key":"SMITH"},{"data":"Seeing Red","floor":15,"key":"SMITH"},{"floor":23,"key":"REST"}],"circlet_count":0,"master_deck":["Strike_R","Strike_R+1","Strike_R","Strike_R","Defend_R","Defend_R","Defend_R","Bash","REME_Scribble+1","Disarm+1","REME_BodyOfCthun","Dark Embrace","Strike_R","Seeing Red+1","REME_Fury","Shockwave","Seeing Red","Bandage Up"],"relics":["Burning Blood","REME_ComplimentaryCards","The Courier","Oddly Smooth Stone","Tiny House"],"acts_visited":["Exordium","TheCity"],"potions_floor_usage":[8,10,16,18,18,20,22],"damage_taken":[{"damage":8,"enemies":"Jaw Worm","floor":1,"turns":4},{"damage":0,"enemies":"Small Slimes","floor":2,"turns":3},{"damage":7,"enemies":"2 Louse","floor":3,"turns":3},{"damage":10,"enemies":"2 Fungi Beasts","floor":5,"turns":6},{"damage":14,"enemies":"Replay:BlueRogue","floor":7,"turns":10},{"damage":14,"enemies":"3 Louse","floor":8,"turns":6},{"damage":5,"enemies":"Gremlin Gang","floor":10,"turns":2},{"damage":17,"enemies":"Exordium Wildlife","floor":12,"turns":7},{"damage":8,"enemies":"Blue Slaver","floor":14,"turns":6},{"damage":34,"enemies":"The Guardian","floor":16,"turns":21},{"damage":61,"enemies":"Spheric Guardian","floor":18,"turns":14},{"damage":19,"enemies":"2 Thieves","floor":20,"turns":4},{"damage":36,"enemies":"Snecko","floor":22,"turns":10},{"damage":38,"enemies":"Chosen and Byrds","floor":24,"turns":8}],"seed_played":"4979733196282335003","potions_obtained":[{"floor":2,"key":"Languid Potion"},{"floor":3,"key":"Ancient Potion"},{"floor":8,"key":"Toxic Potion"},{"floor":10,"key":"HeartOfIron"},{"floor":16,"key":"hexamod:SoulburnPotion"},{"floor":17,"key":"LiquidBronze"},{"floor":18,"key":"Explosive Potion"}],"is_trial":false,"path_per_floor":["M","M","M","$","M","R","E","M","T","M","R","M","?","M","R","B",null,"M","$","M","?","M","R","M"],"character_chosen":"IRONCLAD","items_purchased":["REME_BodyOfCthun","Bandage Up"],"campfire_rested":1,"item_purchase_floors":[4,19],"current_hp_per_floor":[78,80,81,81,79,79,74,69,69,73,73,65,65,66,66,41,107,55,55,49,38,15,49,18,18],"gold":193,"neow_bonus":"HUNDRED_GOLD","is_daily":false,"chose_seed":false,"campfire_upgraded":3,"win_rate":0.0,"timestamp":1614019097,"path_taken":["M","M","M","$","M","R","E","M","T","M","R","M","?","M","R","BOSS","M","$","M","?","M","R","M"],"items_purchased_type":["Card","Card"],"build_version":"2020-12-22","purchased_purges":2,"victory":false,"max_hp_per_floor":[80,80,82,82,84,84,87,90,90,93,93,96,96,99,99,102,107,110,110,113,113,116,116,119,119],"card_choices":[{"not_picked":["Shockwave","Twin Strike","Run Through"],"picked":"SKIP","floor":1},{"not_picked":["Pommel Strike","Rage"],"picked":"REME_Scribble","floor":2},{"not_picked":["REME_SingleHolding","Clothesline"],"picked":"Disarm","floor":3},{"not_picked":["Body Slam","Power Through","Cleave"],"picked":"SKIP","floor":5},{"not_picked":["Twin Strike","Eclipse","Massacre"],"picked":"SKIP","floor":7},{"not_picked":["Thunderclap","Twin Strike","Shrug It Off"],"picked":"SKIP","floor":8},{"not_picked":["Bloodletting","Havoc"],"picked":"Dark Embrace","floor":10},{"not_picked":["Searing Blow","Clash","Pommel Strike"],"picked":"SKIP","floor":12},{"not_picked":["Armaments","Entrench"],"picked":"Seeing Red","floor":14},{"not_picked":["Berserk","Exhume"],"picked":"REME_Fury","floor":16},{"not_picked":["Sever Soul","Body Slam"],"picked":"Shockwave","floor":17},{"not_picked":["Pommel Strike","Cleave+1"],"picked":"Seeing Red","floor":18},{"not_picked":["Heavy Blade","Warcry","True Grit"],"picked":"SKIP","floor":20},{"not_picked":["Power Through","Clash+1","Twin Strike"],"picked":"SKIP","floor":22}],"player_experience":1214274,"relics_obtained":[{"floor":7,"key":"The Courier"},{"floor":9,"key":"Oddly Smooth Stone"}],"event_choices":[{"damage_healed":0,"gold_gain":75,"player_choice":"Touch","damage_taken":11,"max_hp_gain":0,"max_hp_loss":0,"event_name":"FaceTrader","floor":21,"gold_loss":0}],"is_beta":false,"boss_relics":[{"not_picked":["SacredBark","REME_ChargedStone"],"picked":"Tiny House"}],"items_purged_floors":[4,19],"is_endless":false,"potions_floor_spawned":[2,3,8,10,16,18],"killed_by":"Chosen and Byrds","ascension_level":0}}