{"host":"9j472d1lqxyi8fmj","time":1614022013,"event":{"mods":["AchievementEnabler","Aspiration","BaseMod","Better Note","BetterRewards","Block Reminder","Card Filter","Colored Powertips","Downfall","Halation","Hubris","Infinite Spire","Minty Spire (QoL Compilation)","Potion Indicator Mod","Rare Cards Sparkle","Relic Filter","Reliquary","Replay The Spire","Spicy Shops","StSLib","Virulent Crown"],"gold_per_floor":[112,127,107,124,140,171,171,171,196,196,196,196,5,5,22,22,22,126,126,223,223,239,239,250,250,268,268,281,314,314,314,345,345,378,378,397,417,417,516,516,536,552,564,564,35,35,70,70,70,70,95,108,108,108,141,64,64,64],"floor_reached":59,"language":"ENG","playtime":2804,"items_purged":["Decay"],"score":1574,"play_id":"92141d40-7f40-43c5-8100-113102b66b9f","local_time":"20210222142653","is_ascension_mode":true,"campfire_choices":[{"floor":8,"key":"REST"},{"floor":12,"key":"REST"},{"data":"Eruption","floor":17,"key":"SMITH"},{"data":"MentalFortress","floor":19,"key":"SMITH"},{"data":"LikeWater","floor":27,"key":"SMITH"},{"data":"ClearTheMind","floor":30,"key":"SMITH"},{"data":"Halt","floor":33,"key":"SMITH"},{"data":"Vault","floor":38,"key":"SMITH"},{"data":"Ragnarok","floor":46,"key":"SMITH"},{"data":"Crescendo","floor":49,"key":"SMITH"},{"floor":54,"key":"RECALL"},{"data":"BattleHymn","floor":57,"key":"SMITH"}],"circlet_count":0,"master_deck":["Strike_P+1","Strike_P+1","Strike_P+1","Strike_P+1","Defend_P+1","Defend_P+1","Defend_P+1","Defend_P+1","Eruption+1","Vigilance+1","CarveReality+1","Study+1","ClearTheMind+1","Halt+1","MentalFortress+1","FollowUp+1","Indignation+1","FollowUp+1","ClearTheMind+1","Alpha+1","Devotion+1","LikeWater+1","infinitespire:Menacing+1","CutThroughFate+1","MentalFortress+1","EmptyFist+1","Tantrum+1","CutThroughFate+1","Vault+1","CutThroughFate+1","EmptyMind+1","Ragnarok+1","FlurryOfBlows+1","Crescendo+1","ClearTheMind+1","Protect+1","Fasting2+1","Evaluate+1","BattleHymn+1"],"relics":["PureWater","halation:PromiseList","aspiration:HatOfInfinitePower","infinitespire:Cubic Diamond","Centennial Puzzle","reliquary:IridiumChain","Pantograph","reliquary:PorcupineQuills","hubris:Icosahedron","Eternal Feather","reliquary:WritOfMandamus","hubris:Zylophone","Philosopher\u0027s Stone","halation:KoshaPiece","Blue Candle","Snack Pack","hubris:TenFootPole","Coffee Dripper","Kunai","ReplayTheSpireMod:Lightbulb","Boot","hubris:Towel","Mark of the Bloom","Pen Nib","hubris:Metronome"],"acts_visited":["Exordium","TheCity","TheBeyond"],"potions_floor_usage":[6,9,26,34,34,58,58],"damage_taken":[{"damage":4,"enemies":"2 Louse","floor":1,"turns":4},{"damage":0,"enemies":"Cultist","floor":2,"turns":2},{"damage":4,"enemies":"Jaw Worm","floor":4,"turns":2},{"damage":20,"enemies":"Large Slime","floor":5,"turns":4},{"damage":9,"enemies":"3 Sentries","floor":6,"turns":7},{"damage":19,"enemies":"Gremlin Nob","floor":9,"turns":3},{"damage":0,"enemies":"Looter","floor":15,"turns":1},{"damage":22,"enemies":"Fading Forest","floor":18,"turns":11},{"damage":28,"enemies":"Fading Forest","floor":20,"turns":11},{"damage":23,"enemies":"Shell Parasite","floor":22,"turns":3},{"damage":7,"enemies":"2 Thieves","floor":24,"turns":3},{"damage":0,"enemies":"Snake Plant","floor":26,"turns":1},{"damage":24,"enemies":"Chosen and Byrds","floor":28,"turns":4},{"damage":12,"enemies":"Gremlin Leader","floor":29,"turns":5},{"damage":42,"enemies":"Slavers","floor":32,"turns":4},{"damage":0,"enemies":"Gremlin Leader","floor":34,"turns":3},{"damage":6,"enemies":"Snecko","floor":36,"turns":3},{"damage":0,"enemies":"Shelled Parasite and Fungi","floor":37,"turns":2},{"damage":0,"enemies":"Automaton","floor":39,"turns":6},{"damage":0,"enemies":"Orb Walker","floor":41,"turns":1},{"damage":0,"enemies":"3 Darklings","floor":42,"turns":2},{"damage":0,"enemies":"Maw","floor":43,"turns":4},{"damage":0,"enemies":"R_Hoarder","floor":47,"turns":4},{"damage":6,"enemies":"Writhing Mass","floor":52,"turns":3},{"damage":10,"enemies":"Reptomancer","floor":55,"turns":3},{"damage":48,"enemies":"hubris:GrandSnecko","floor":58,"turns":4}],"seed_played":"-5711657101852509333","potions_obtained":[{"floor":2,"key":"BottledMiracle"},{"floor":3,"key":"LifebloodPotion"},{"floor":4,"key":"Languid Potion"},{"floor":20,"key":"AttackPotion"},{"floor":22,"key":"DuplicationPotion"},{"floor":28,"key":"bronze:BurnAndBuffPotion"},{"floor":34,"key":"SkillPotion"},{"floor":37,"key":"Ambrosia"}],"is_trial":false,"path_per_floor":["M","M","?","M","M","E","?","R","E","T","T","R","$","?","M","T","R","B","R","B",null,"M","AVR","M","?","M","R","M","E","R","T","E","R","E","?","M","M","R","B",null,"M","M","M","?","$","R","E","?","R","?","T","M","?","R","E","$","R","B",null],"character_chosen":"WATCHER","items_purchased":["CarveReality","reliquary:PorcupineQuills","FollowUp","Kunai","ReplayTheSpireMod:Lightbulb","BattleHymn"],"campfire_rested":2,"item_purchase_floors":[0,13,13,45,45,56],"current_hp_per_floor":[62,62,62,58,38,29,29,50,31,31,31,52,52,52,52,52,61,50,62,54,72,49,49,42,42,42,57,33,60,72,72,30,45,51,38,34,36,54,72,72,72,72,72,72,72,72,72,72,72,72,72,66,66,66,56,56,56,8],"gold":64,"neow_bonus":"","is_daily":false,"chose_seed":false,"campfire_upgraded":9,"win_rate":0.0,"timestamp":1614022013,"path_taken":["M","M","?","M","?","E","?","R","E","T","T","R","$","?","M","?","R","BOSS","R","BOSS","M","AVR","M","?","?","R","M","E","R","T","E","R","E","?","M","M","R","BOSS","M","M","M","?","?","R","E","?","R","?","T","?","?","R","E","$","R","BOSS"],"items_purchased_type":["Card","Relic","Card","Relic","Relic","Card"],"build_version":"2020-12-22","purchased_purges":1,"victory":true,"max_hp_per_floor":[72,72,72,72,72,72,72,72,72,72,72,72,72,72,72,72,72,72,72,72,72,72,72,72,72,72,72,72,72,72,72,72,72,72,72,72,72,72,72,72,72,72,72,72,72,72,72,72,72,72,72,72,72,72,72,72,72,72],"card_choices":[{"not_picked":["SandsOfTime","CrushJoints"],"picked":"Study","floor":1},{"not_picked":["PathToVictory","Replay:BluntJabs"],"picked":"ClearTheMind","floor":2},{"not_picked":["Evaluate","ClearTheMind"],"picked":"Halt","floor":4},{"not_picked":["Vengeance","Study"],"picked":"MentalFortress","floor":5},{"not_picked":["WindmillStrike","Pray"],"picked":"FollowUp","floor":6},{"not_picked":["Replay:LoomingThreat","Replay:BluntJabs"],"picked":"Indignation","floor":9},{"not_picked":["Nirvana","Meditate"],"picked":"ClearTheMind","floor":15},{"not_picked":["Wish","Replay:AllIn"],"picked":"Alpha","floor":18},{"not_picked":["Replay:LoomingThreat","Blasphemy"],"picked":"Devotion","floor":20},{"not_picked":["Sanctity","Adaptation"],"picked":"LikeWater","floor":22},{"not_picked":["EmptyBody","Prostrate"],"picked":"CutThroughFate","floor":24},{"not_picked":["ThirdEye","Indignation"],"picked":"EmptyFist+1","floor":26},{"not_picked":["EmptyFist+1","Protect"],"picked":"Tantrum+1","floor":28},{"not_picked":["Replay:Cycle","Sanctity","WreathOfFlame"],"picked":"SKIP","floor":29},{"not_picked":["Pray+1","Replay:BluntJabs"],"picked":"CutThroughFate","floor":32},{"not_picked":["FollowUp+1","Nirvana"],"picked":"Vault","floor":34},{"not_picked":["Replay:BluntJabs+1","SignatureMove"],"picked":"CutThroughFate+1","floor":36},{"not_picked":["ClearTheMind+1","Halt"],"picked":"EmptyMind","floor":37},{"not_picked":["Scrawl","DeusExMachina"],"picked":"Ragnarok","floor":39},{"not_picked":["JustLucky+1","Halt+1"],"picked":"FlurryOfBlows+1","floor":41},{"not_picked":["FlurryOfBlows+1","Replay:BluntJabs+1"],"picked":"Crescendo","floor":42},{"not_picked":["Halt","EmptyFist"],"picked":"ClearTheMind+1","floor":43},{"not_picked":["Wallop","BowlingBash"],"picked":"Protect","floor":47},{"not_picked":["CarveReality+1","Replay:ManipulateFuture+1"],"picked":"Fasting2","floor":52},{"not_picked":["DeceiveReality+1","CutThroughFate"],"picked":"Evaluate+1","floor":55}],"player_experience":400116,"relics_obtained":[{"floor":6,"key":"aspiration:HatOfInfinitePower"},{"floor":9,"key":"Centennial Puzzle"},{"floor":10,"key":"reliquary:IridiumChain"},{"floor":11,"key":"Pantograph"},{"floor":16,"key":"Eternal Feather"},{"floor":29,"key":"halation:KoshaPiece"},{"floor":31,"key":"Blue Candle"},{"floor":32,"key":"Snack Pack"},{"floor":34,"key":"hubris:TenFootPole"},{"floor":47,"key":"Boot"},{"floor":51,"key":"Pen Nib"},{"floor":55,"key":"hubris:Metronome"}],"event_choices":[{"damage_healed":0,"gold_gain":0,"player_choice":"Bought 1 Potion","damage_taken":0,"max_hp_gain":0,"max_hp_loss":0,"event_name":"The Woman in Blue","floor":3,"gold_loss":0},{"damage_healed":0,"gold_gain":0,"player_choice":"Copied","damage_taken":0,"max_hp_gain":0,"max_hp_loss":0,"event_name":"Duplicator","floor":25,"gold_loss":0,"cards_obtained":["MentalFortress"]},{"damage_healed":0,"gold_gain":0,"player_choice":"Cursed","damage_taken":0,"max_hp_gain":0,"max_hp_loss":0,"event_name":"Wheel of Change","floor":44,"gold_loss":0,"cards_obtained":["Decay"]},{"damage_healed":0,"gold_gain":0,"player_choice":"Upgrade","damage_taken":0,"relics_obtained":["Mark of the Bloom"],"max_hp_gain":0,"max_hp_loss":0,"event_name":"MindBloom","floor":50,"gold_loss":0,"cards_upgraded":["Strike_P","Strike_P","Strike_P","Strike_P","Defend_P","Defend_P","Defend_P","Defend_P","Vigilance","CarveReality","Study","FollowUp","Indignation","FollowUp","ClearTheMind","Alpha","Devotion","infinitespire:Menacing","CutThroughFate","CutThroughFate","EmptyMind","Protect"]},{"damage_healed":0,"gold_gain":0,"player_choice":"Forge","damage_taken":0,"max_hp_gain":0,"max_hp_loss":0,"event_name":"Accursed Blacksmith","floor":53,"gold_loss":0,"cards_upgraded":["Fasting2"]}],"is_beta":false,"boss_relics":[{"not_picked":["reliquary:RustamsPendant","aspiration:PoetsPen"],"picked":"reliquary:WritOfMandamus"},{"not_picked":["ChewingGum","Busted Crown"],"picked":"Coffee Dripper"}],"items_purged_floors":[45],"is_endless":false,"potions_floor_spawned":[2,4,20,22,28,29,34,37,41,47,55],"ascension_level":2}}