{"host":"jt67skv49snb75sm","time":1614011316,"event":{"mods":["BaseMod","Bestiary","Minty Spire (QoL Compilation)","Relic Stats"],"gold_per_floor":[116,116,116,129,129,129,159,5,5,5,5],"floor_reached":10,"language":"ENG","playtime":237,"items_purged":[],"score":153,"play_id":"c26b4451-fbfa-4491-9246-a69c918ec733","local_time":"20210222172836","is_ascension_mode":true,"campfire_choices":[{"data":"Perfected Strike","floor":6,"key":"SMITH"}],"circlet_count":0,"master_deck":["AscendersBane","Strike_R","Strike_R","Strike_R","Strike_R","Defend_R","Defend_R","Defend_R","Defend_R","Bash","Headbutt","Perfected Strike+1","Reckless Charge","Immolate"],"relics":["Burning Blood","Mango","Shuriken","Eternal Feather"],"acts_visited":["Exordium"],"potions_floor_usage":[],"damage_taken":[{"damage":15,"enemies":"Small Slimes","floor":1,"turns":4},{"damage":7,"enemies":"Jaw Worm","floor":4,"turns":3},{"damage":32,"enemies":"Gremlin Nob","floor":7,"turns":4},{"damage":20,"enemies":"Lagavulin","floor":10,"turns":4}],"seed_played":"-4363344628921513036","potions_obtained":[],"is_trial":false,"path_per_floor":["M","?","?","M","$","R","E","$","T","E"],"character_chosen":"IRONCLAD","items_purchased":["Immolate"],"campfire_rested":0,"item_purchase_floors":[8],"current_hp_per_floor":[66,59,55,54,54,54,28,28,28,8,8],"gold":5,"neow_bonus":"TEN_PERCENT_HP_BONUS","is_daily":false,"chose_seed":false,"campfire_upgraded":1,"win_rate":0.0,"timestamp":1614011316,"path_taken":["M","?","?","M","?","R","E","?","T","E"],"items_purchased_type":["Card"],"build_version":"2020-12-22","purchased_purges":0,"victory":false,"max_hp_per_floor":[82,82,96,96,96,96,96,96,96,96,96],"relic_stats":{"counters":[4,15],"Shuriken":[1],"Eternal Feather":0,"obtain_stats":[{"Shuriken":7,"Mango":3,"Eternal Feather":9,"Burning Blood":0},{"Shuriken":3,"Mango":1,"Eternal Feather":3,"Burning Blood":0},{"Shuriken":11,"Mango":4,"Eternal Feather":11,"Burning Blood":0}],"Burning Blood":18},"card_choices":[{"not_picked":["Cleave","Warcry"],"picked":"Headbutt","floor":1},{"not_picked":["Twin Strike","Body Slam"],"picked":"Perfected Strike","floor":4},{"not_picked":["Body Slam","Spot Weakness"],"picked":"Reckless Charge","floor":7}],"player_experience":872053,"relics_obtained":[{"floor":7,"key":"Shuriken"},{"floor":9,"key":"Eternal Feather"}],"event_choices":[{"cards_removed":["Strike_R"],"damage_healed":0,"gold_gain":0,"player_choice":"Card Removal","damage_taken":7,"max_hp_gain":0,"max_hp_loss":0,"event_name":"Golden Wing","floor":2,"gold_loss":0},{"damage_healed":0,"gold_gain":0,"player_choice":"Success","damage_taken":18,"relics_obtained":["Mango"],"max_hp_gain":0,"max_hp_loss":0,"event_name":"Scrap Ooze","floor":3,"gold_loss":0}],"is_beta":false,"boss_relics":[],"items_purged_floors":[],"is_endless":false,"potions_floor_spawned":[],"killed_by":"Lagavulin","ascension_level":20}}