{"host":"rm0ctv8qd8mnbkg1","time":1614001460,"event":{"mods":["Aspiration","BaseMod","Beaked The Cultist","BetterRewards","Colored Map","DNKmod","Dark Map","Defuse TimeMaze Blight","Downfall","Friendly Minions","Hubris","Marisa????????","Minty Spire (QoL Compilation)","MostiFishMod","Permanent Neow","Rare Cards Sparkle","Relic Sorter","Reliquary","Replay The Spire","RumiaBox-????????","Shade Mod","Shop Mod","Spicy Shops","Spire Arcade","StSLib","The Construct","The Servant 0.9.4","TheVacant","Wandering Minibosses","[IsaacMod]????","??????REMEMod"],"gold_per_floor":[10000,10013,10028,9153,9170,9170,9193,8219,8239,8239,8239,8250,8266,8266,8266,8266],"floor_reached":14,"language":"ENG","playtime":525,"items_purged":[],"score":136,"play_id":"633dc5a0-a929-4c28-b950-ad1ea187a166","local_time":"20210222134420","is_ascension_mode":true,"campfire_choices":[{"data":"Flechettes","floor":1,"key":"SMITH"},{"data":"bronze:Iterate","floor":11,"key":"SMITH"}],"circlet_count":0,"master_deck":["bronze:Strike","bronze:Strike","bronze:Strike","bronze:Strike","bronze:Defend","bronze:Defend","bronze:Defend","bronze:Defend","bronze:Replicate","bronze:Goto","Flechettes+1","bronze:Repair","bronze:ChosenStrike","bronze:Fortify","bronze:ClassDefault","REME_MawOfCthun","bronze:Overload","bronze:Library","bronze:Deprecate","bronze:Iterate+1","bronze:Invalidate","bronze:Frontload","bronze:ChosenStrike","bronze:OilSpill"],"relics":["bronze:BronzeCore","REME_ComplimentaryCards","DaveBox","HushsDoor","SatanicBible","SynthV:C4","Tiny Chest","BookOfRevelations","ReplayFunnel","downfall:BrokenWingStatue","MealTicket","Matryoshka","TheBattery","Garlic","reliquary:PartyBalloon","Dead Branch","wanderingMiniBosses:AbyssPearl"],"acts_visited":["Exordium"],"potions_floor_usage":[],"damage_taken":[{"damage":0,"enemies":"Jaw Worm","floor":2,"turns":2},{"damage":0,"enemies":"2 Louse","floor":3,"turns":2},{"damage":0,"enemies":"downfall:FleeingMerchant","floor":4,"turns":4},{"damage":0,"enemies":"Small Slimes","floor":5,"turns":2},{"damage":0,"enemies":"downfall:FleeingMerchant","floor":8,"turns":4},{"damage":0,"enemies":"Red Slaver","floor":9,"turns":2},{"damage":0,"enemies":"Large Slime","floor":12,"turns":12},{"damage":0,"enemies":"Exordium Thugs","floor":13,"turns":3},{"damage":0,"enemies":"3 Sentries","floor":14,"turns":1}],"seed_played":"-5427925810067194649","potions_obtained":[{"floor":0,"key":"DuplicationPotion"},{"floor":0,"key":"PowerPotion"},{"floor":3,"key":"Dexterity Potion"}],"is_trial":false,"path_per_floor":["R","M","M","$","M","?","T","$","M","?","R","M","M","E"],"character_chosen":"THE_AUTOMATON","items_purchased":["Tiny Chest","BookOfRevelations","ReplayFunnel","REME_MawOfCthun","bronze:Overload","Matryoshka","TheBattery","bronze:Iterate","Garlic","reliquary:PartyBalloon","Dead Branch","bronze:Invalidate"],"campfire_rested":0,"item_purchase_floors":[4,4,4,4,4,8,8,8,8,8,8,8],"current_hp_per_floor":[1000,1000,1000,1000,1000,1000,1000,1000,1000,1000,1000,1000,1000,1000,1000,1000],"gold":8266,"neow_bonus":"THREE_SMALL_POTIONS","is_daily":false,"chose_seed":false,"campfire_upgraded":2,"win_rate":0.0,"timestamp":1614001460,"path_taken":["R","M","M","$","M","?","T","$","M","?","R","M","M","E"],"items_purchased_type":["Relic","Relic","Relic","Card","Card","Relic","Relic","Card","Relic","Relic","Relic","Card"],"build_version":"2020-12-22","purchased_purges":0,"victory":false,"max_hp_per_floor":[1000,1000,1000,1000,1000,1000,1000,1000,1000,1000,1000,1000,1000,1000,1000,1000],"card_choices":[{"not_picked":["bronze:Constructor","bronze:ForLoop"],"picked":"bronze:Repair","floor":0},{"not_picked":["bronze:Constructor","bronze:DelayedGuard"],"picked":"bronze:ChosenStrike","floor":2},{"not_picked":["bronze:Deprecate","bronze:NullPointer"],"picked":"bronze:Fortify","floor":3},{"not_picked":["bronze:InfiniteBeams","bronze:CutThrough"],"picked":"bronze:ClassDefault","floor":4},{"not_picked":["bronze:Overload","Bomb"],"picked":"bronze:Library","floor":5},{"not_picked":["bronze:ClassDefault","bronze:MaxOutput"],"picked":"bronze:Deprecate","floor":8},{"not_picked":["bronze:CutThrough","bronze:Branch"],"picked":"bronze:Frontload","floor":9},{"not_picked":["bronze:Repair","bronze:Deprecate"],"picked":"bronze:ChosenStrike","floor":12},{"not_picked":["bronze:BugBarrage","bronze:NullPointer"],"picked":"bronze:OilSpill","floor":13}],"player_experience":398261,"relics_obtained":[{"floor":7,"key":"MealTicket"},{"floor":12,"key":"wanderingMiniBosses:AbyssPearl"}],"event_choices":[],"is_beta":false,"boss_relics":[],"items_purged_floors":[],"is_endless":false,"potions_floor_spawned":[3,12,13],"killed_by":"3 Sentries","ascension_level":1}}