{"host":"oqyakm3e5m4kt4l3","time":1614032326,"event":{"mods":["2.2 Compatiblity","AchievementEnabler","BaseMod","Better Altar","Better Match","Better Note","Better Sensory Stone","Better Skull","Better Third Choice","BetterRewards","Colored Map","Colored Powertips","Minty Spire (QoL Compilation)","Permanent Neow","Quick Restart","Rare Cards Sparkle","Shop Mod","StSLib","Synergy Search"],"gold_per_floor":[363,375,8,19,33,67,67,41,87,99,111,156,118,130,142,154,154],"floor_reached":16,"language":"ENG","playtime":567,"items_purged":[],"score":184,"play_id":"d2bc531b-4760-47be-b543-2c5dccb5d7b4","local_time":"20210222171846","is_ascension_mode":true,"campfire_choices":[{"floor":11,"key":"REST"},{"data":"Bash","floor":15,"key":"SMITH"}],"circlet_count":0,"master_deck":["AscendersBane","Strike_R","Strike_R","Strike_R","Strike_R","Defend_R","Defend_R+1","Defend_R+1","Defend_R","Bash+1","Heavy Blade","Armaments+1","Dark Embrace","Flex","Heavy Blade","Evolve"],"relics":["Burning Blood","Membership Card","Ice Cream","Juzu Bracelet","Matryoshka","Golden Idol","betterThird:SlimedRelic","MawBank","War Paint","Magic Flower"],"acts_visited":["Exordium"],"potions_floor_usage":[5,6,12],"damage_taken":[{"damage":3,"enemies":"2 Louse","floor":1,"turns":4},{"damage":0,"enemies":"Small Slimes","floor":2,"turns":3},{"damage":1,"enemies":"Cultist","floor":4,"turns":4},{"damage":2,"enemies":"3 Louse","floor":5,"turns":4},{"damage":44,"enemies":"Gremlin Nob","floor":6,"turns":5},{"damage":31,"enemies":"Lagavulin","floor":12,"turns":8},{"damage":23,"enemies":"Hexaghost","floor":16,"turns":10}],"seed_played":"3453981262683232050","potions_obtained":[{"floor":2,"key":"GamblersBrew"},{"floor":4,"key":"SteroidPotion"},{"floor":5,"key":"Fruit Juice"},{"floor":10,"key":"SmokeBomb"},{"floor":10,"key":"Energy Potion"}],"is_trial":false,"path_per_floor":["M","M","$","M","M","E","?","?","T","?","R","E","?","?","R","B"],"character_chosen":"IRONCLAD","items_purchased":["Membership Card","Ice Cream","Juzu Bracelet"],"campfire_rested":1,"item_purchase_floors":[3,3,3],"current_hp_per_floor":[53,59,59,64,73,35,35,24,24,24,46,21,21,21,21,0,0],"gold":154,"neow_bonus":"TWO_FIFTY_GOLD","is_daily":false,"chose_seed":false,"campfire_upgraded":1,"win_rate":0.0,"timestamp":1614032326,"path_taken":["M","M","$","M","M","E","?","?","T","?","R","E","?","?","R","BOSS"],"items_purchased_type":["Relic","Relic","Relic"],"build_version":"2020-12-22","purchased_purges":0,"victory":false,"max_hp_per_floor":[75,75,75,75,80,80,74,74,74,74,74,74,74,74,74,74,74],"card_choices":[{"not_picked":["Warcry","Twin Strike"],"picked":"Heavy Blade","floor":1},{"not_picked":["Body Slam","Entrench"],"picked":"Armaments","floor":2},{"not_picked":["Power Through","Sword Boomerang"],"picked":"Dark Embrace","floor":4},{"not_picked":["Rampage","Dark Embrace"],"picked":"Flex","floor":5},{"not_picked":["Evolve","Flex"],"picked":"Heavy Blade","floor":6},{"not_picked":["Power Through","Combust"],"picked":"Evolve","floor":12}],"player_experience":568073,"relics_obtained":[{"floor":6,"key":"Matryoshka"},{"floor":9,"key":"MawBank"},{"floor":9,"key":"War Paint"},{"floor":12,"key":"Magic Flower"}],"event_choices":[{"damage_healed":0,"gold_gain":0,"player_choice":"Lose Max HP","damage_taken":0,"relics_obtained":["Golden Idol"],"max_hp_gain":0,"max_hp_loss":6,"event_name":"Golden Idol","floor":7,"gold_loss":0},{"damage_healed":0,"gold_gain":0,"player_choice":"Slimed","damage_taken":11,"max_hp_gain":0,"max_hp_loss":0,"event_name":"betterThird:BetterGoop","floor":8,"gold_loss":26},{"damage_healed":0,"gold_gain":0,"player_choice":"Got Potions","damage_taken":0,"max_hp_gain":0,"max_hp_loss":0,"event_name":"Lab","floor":10,"gold_loss":0},{"cards_removed":["Strike_R"],"damage_healed":0,"gold_gain":0,"player_choice":"Card Removal","damage_taken":0,"max_hp_gain":0,"max_hp_loss":0,"event_name":"The Cleric","floor":13,"gold_loss":50},{"damage_healed":0,"gold_gain":0,"player_choice":"Grow","damage_taken":0,"max_hp_gain":0,"max_hp_loss":0,"event_name":"Living Wall","floor":14,"gold_loss":0,"cards_upgraded":["Armaments"]}],"is_beta":false,"boss_relics":[],"items_purged_floors":[],"is_endless":false,"potions_floor_spawned":[2,4,5],"killed_by":"Hexaghost","ascension_level":14}}