{"host":"5qewjvycy34u7aeo","time":1614017191,"event":{"mods":["BaseMod","Downfall","GifTheSpireLib","Infinite Spire","Minty Spire (QoL Compilation)","Permanent Neow","Replay The Spire","StSLib","Wandering Minibosses"],"gold_per_floor":[112,124,124,124,3,33,33,44,98,98,164,164,32,44,44,148,148,165,244,294,344,364,390,390,422,422,178,178,178],"floor_reached":28,"language":"ENG","playtime":1477,"items_purged":["Strike_G","Strike_G"],"score":389,"play_id":"51007f08-bbf6-44e4-a0c4-5a0009117ec7","local_time":"20210222120631","is_ascension_mode":true,"campfire_choices":[{"data":"Survivor","floor":7,"key":"SMITH"},{"data":"Deadly Poison","floor":15,"key":"SMITH"},{"data":"Replay:Poison Smokescreen","floor":24,"key":"SMITH"}],"circlet_count":0,"master_deck":["Strike_G+1","Strike_G","Defend_G","Defend_G","Defend_G","Defend_G","Defend_G","Survivor+1","Neutralize+1","Footwork","Deadly Poison+1","Footwork","Cloak And Dagger+1","ReplayTheSpireMod:Exploit Weakness","Deadly Poison","Caltrops+1","Deflect","Tools of the Trade","Backflip","Prepared","Dodge and Roll+1","Replay:Poison Smokescreen+1","Dash","Footwork","Panache","Panache"],"relics":["Ring of the Snake","Omamori","WarpedTongs","Vajra","SsserpentHead","Runic Dome","Red Mask","Snake Skull","Blue Doll","WingedGreaves"],"acts_visited":["Exordium","TheCity"],"potions_floor_usage":[25],"damage_taken":[{"damage":0,"enemies":"Small Slimes","floor":1,"turns":5},{"damage":0,"enemies":"2 Louse","floor":2,"turns":5},{"damage":0,"enemies":"Lagavulin","floor":6,"turns":7},{"damage":0,"enemies":"Cultist","floor":8,"turns":3},{"damage":7,"enemies":"Blue Slaver","floor":11,"turns":3},{"damage":5,"enemies":"Lots of Slimes","floor":14,"turns":8},{"damage":0,"enemies":"Hexaghost","floor":16,"turns":10},{"damage":0,"enemies":"Shell Parasite","floor":18,"turns":6},{"damage":55,"enemies":"Masked Bandits","floor":19,"turns":6},{"damage":0,"enemies":"Chosen","floor":22,"turns":6},{"damage":0,"enemies":"Nightmare","floor":23,"turns":10},{"damage":9,"enemies":"Slavers","floor":25,"turns":7},{"damage":9,"enemies":"Shelled Parasite and Fungi","floor":28,"turns":4}],"seed_played":"-4462687915598156228","potions_obtained":[{"floor":11,"key":"Dexterity Potion"},{"floor":14,"key":"EssenceOfSteel"},{"floor":19,"key":"Milkshake"},{"floor":23,"key":"Energy Potion"},{"floor":25,"key":"Adrenaline Potion"}],"is_trial":false,"path_per_floor":["M","M","?","?","$","E","R","M","T","?","M","?","$","M","R","B",null,"M","?","?","?","M","NM","R","E","T","$","M"],"character_chosen":"THE_SILENT","items_purchased":["Footwork","Cloak And Dagger+1","Caltrops+1","Footwork","Panache"],"campfire_rested":0,"item_purchase_floors":[5,5,13,27,27],"current_hp_per_floor":[70,70,56,56,56,56,56,56,56,56,49,49,49,44,44,44,70,70,15,15,15,15,15,15,6,6,6,0,0],"gold":178,"neow_bonus":"RANDOM_COMMON_RELIC","is_daily":false,"chose_seed":false,"campfire_upgraded":3,"win_rate":0.0,"timestamp":1614017191,"path_taken":["M","M","?","?","$","E","R","?","T","?","?","?","$","M","R","BOSS","M","?","?","?","M","NM","R","E","T","$","M"],"items_purchased_type":["Card","Card","Card","Card","Card"],"build_version":"2020-12-22","purchased_purges":2,"victory":false,"max_hp_per_floor":[70,70,70,70,70,70,70,70,70,70,70,70,70,70,70,70,70,70,70,70,70,70,70,70,70,70,70,70,70],"card_choices":[{"not_picked":["Underhanded Strike","Dagger Spray"],"picked":"Footwork","floor":1},{"not_picked":["Fluid Movement","Skewer"],"picked":"Deadly Poison","floor":2},{"not_picked":["Underhanded Strike","ReplayTheSpireMod:Necrosis"],"picked":"ReplayTheSpireMod:Exploit Weakness","floor":6},{"not_picked":["Bane","Blade Dance"],"picked":"Deadly Poison","floor":8},{"not_picked":["Sucker Punch","Terror","Outmaneuver"],"picked":"SKIP","floor":11},{"not_picked":["ReplayTheSpireMod:Tripwire","Caltrops"],"picked":"Deflect","floor":14},{"not_picked":["Envenom","ReplayTheSpireMod:From All Sides"],"picked":"Tools of the Trade","floor":16},{"not_picked":["Quick Slash","Deadly Poison"],"picked":"Backflip","floor":18},{"not_picked":["Outmaneuver","Sucker Punch+1"],"picked":"Prepared","floor":19},{"not_picked":["Deadly Poison+1","Backstab"],"picked":"Dodge and Roll+1","floor":22},{"not_picked":["Bane","Blade Dance"],"picked":"Replay:Poison Smokescreen","floor":23},{"not_picked":["Poison Darts","Flying Knee"],"picked":"Dash","floor":25}],"player_experience":506222,"relics_obtained":[{"floor":6,"key":"Vajra"},{"floor":19,"key":"Red Mask"},{"floor":23,"key":"Snake Skull"},{"floor":25,"key":"Blue Doll"},{"floor":26,"key":"WingedGreaves"}],"event_choices":[{"damage_healed":0,"gold_gain":0,"player_choice":"Entered Light","damage_taken":14,"max_hp_gain":0,"max_hp_loss":0,"event_name":"Shining Light","floor":3,"gold_loss":0,"cards_upgraded":["Strike_G","Neutralize"]},{"damage_healed":0,"gold_gain":0,"player_choice":"Rummage","damage_taken":0,"relics_obtained":["WarpedTongs"],"max_hp_gain":0,"max_hp_loss":0,"event_name":"Accursed Blacksmith","floor":4,"gold_loss":0,"cards_obtained":["Pain"]},{"damage_healed":0,"gold_gain":0,"player_choice":"Trade","damage_taken":0,"relics_obtained":["SsserpentHead"],"max_hp_gain":0,"max_hp_loss":0,"event_name":"FaceTrader","floor":10,"gold_loss":0},{"cards_removed":["Strike_G"],"damage_healed":0,"gold_gain":0,"player_choice":"Card Removal","damage_taken":0,"max_hp_gain":0,"max_hp_loss":0,"event_name":"The Cleric","floor":12,"gold_loss":50},{"damage_healed":0,"gold_gain":0,"player_choice":"Fought Bandits","damage_taken":0,"max_hp_gain":0,"max_hp_loss":0,"event_name":"Masked Bandits","floor":19,"gold_loss":0},{"damage_healed":0,"gold_gain":0,"player_choice":"Ignored","damage_taken":0,"max_hp_gain":0,"max_hp_loss":0,"event_name":"Vampires","floor":20,"gold_loss":0}],"is_beta":false,"boss_relics":[{"not_picked":["WristBlade","Ring of the Serpent"],"picked":"Runic Dome"}],"items_purged_floors":[13,27],"is_endless":false,"potions_floor_spawned":[11,14,19,23,25],"killed_by":"Shelled Parasite and Fungi","ascension_level":2}}