{"host":"40e4adzyl212zebh","time":1614008136,"event":{"mods":["BaseMod","Colored Map","Colored Powertips","DeckTracker","Minty Spire (QoL Compilation)","Quick Restart","Random Character Button","Relic Stats","StSLib","The Disciple"],"gold_per_floor":[118,78,89,102,102,102,128,128,179,31,31,47,79,92,92,196,196,216,249,164,8,20,55,55,80,92,104,128,151,193,215,227,340,352,377,389,411,102,102,133,148,148,148,176,223,237,113,139,139,139,139,139,17,43,43],"floor_reached":56,"language":"ENG","playtime":11656,"items_purged":["Pain","Strike_Br","Strike_Br"],"score":1450,"play_id":"695f0a73-b151-461b-b2cc-659c755ffe74","local_time":"20210223003536","is_ascension_mode":false,"campfire_choices":[{"data":"PatternShift","floor":6.0,"key":"SMITH"},{"floor":11.0,"key":"RECALL"},{"data":"SecondHand","floor":15.0,"key":"SMITH"},{"data":"OracleForm","floor":24.0,"key":"SMITH"},{"data":"Grave","floor":32.0,"key":"SMITH"},{"data":"Tempo","floor":42,"key":"SMITH"},{"data":"Flay","floor":49,"key":"SMITH"},{"data":"Analog","floor":52,"key":"SMITH"}],"circlet_count":0,"master_deck":["Strike_Br","Strike_Br","Defend_Br","Defend_Br","Defend_Br","Defend_Br","SecondHand+1","PatternShift+1","Parity","OracleForm+1","LockedAnchor","Flay+1","Grave+1","Misterioso","Accruing","BackFourSeconds","BiteCommand+1","HandsUpC","Grave","Analog+1","Accruing","Pendulum","LockedAnchor","ExoVibe","Engulf","Echonomics","LockedFlame","CrunchTime+1","ExoVibe+11","Echonomics","Facsimile","Grave","Grave+1","Keepsakes+1","Echonomics"],"relics":["Chronometer","NeowsBlessing","FossilizedHelix","Dream Catcher","Meat on the Bone","MealTicket","Medical Kit","Smiling Mask","Metronome","Red Mask","Darkstone Periapt","Membership Card","Lizard Tail","MawBank","Turnip","Bag of Preparation","SlaversCollar","WarpedTongs","TungstenRod","HornCleat","BlueBox","Bronze Scales","Vajra","Pen Nib","Orichalcum","Happy Flower","HeavySwitch"],"acts_visited":["Exordium","TheCity","TheBeyond","TheEnding"],"potions_floor_usage":[40,55,55,55],"damage_taken":[{"damage":0.0,"enemies":"Jaw Worm","floor":1.0,"turns":1.0},{"damage":0.0,"enemies":"Cultist","floor":3.0,"turns":1.0},{"damage":0.0,"enemies":"2 Louse","floor":4.0,"turns":1.0},{"damage":9.0,"enemies":"3 Sentries","floor":7.0,"turns":12.0},{"damage":0.0,"enemies":"2 Fungi Beasts","floor":12.0,"turns":4.0},{"damage":8.0,"enemies":"Lagavulin","floor":13.0,"turns":10.0},{"damage":6.0,"enemies":"Large Slime","floor":14.0,"turns":10.0},{"damage":7.0,"enemies":"The Guardian","floor":16.0,"turns":25.0},{"damage":25.0,"enemies":"3 Byrds","floor":18.0,"turns":8.0},{"damage":13.0,"enemies":"Masked Bandits","floor":19.0,"turns":8.0},{"damage":0.0,"enemies":"Shell Parasite","floor":22.0,"turns":6.0},{"damage":28.0,"enemies":"Book of Stabbing","floor":23.0,"turns":8.0},{"damage":25.0,"enemies":"Slavers","floor":25.0,"turns":7.0},{"damage":0.0,"enemies":"Shelled Parasite and Fungi","floor":28.0,"turns":5.0},{"damage":0.0,"enemies":"Snecko","floor":29.0,"turns":5.0},{"damage":0.0,"enemies":"Book of Stabbing","floor":30.0,"turns":5.0},{"damage":0.0,"enemies":"Cultist and Chosen","floor":31.0,"turns":6.0},{"damage":13.0,"enemies":"Automaton","floor":33.0,"turns":11.0},{"damage":0,"enemies":"3 Darklings","floor":35,"turns":7},{"damage":0,"enemies":"Orb Walker","floor":37,"turns":3},{"damage":0,"enemies":"Reptomancer","floor":40,"turns":8},{"damage":0,"enemies":"Transient","floor":41,"turns":5},{"damage":11,"enemies":"4 Shapes","floor":44,"turns":5},{"damage":0,"enemies":"Giant Head","floor":45,"turns":11},{"damage":6,"enemies":"3 Darklings","floor":46,"turns":7},{"damage":32,"enemies":"Awakened One","floor":50,"turns":13},{"damage":0,"enemies":"Shield and Spear","floor":54,"turns":6},{"damage":0,"enemies":"The Heart","floor":55,"turns":10}],"seed_played":"-3271605805387376883","potions_obtained":[{"floor":1.0,"key":"ColorlessPotion"},{"floor":2.0,"key":"Weak Potion"},{"floor":2.0,"key":"AttackPotion"},{"floor":3.0,"key":"Weak Potion"},{"floor":4.0,"key":"Dexterity Potion"},{"floor":18.0,"key":"ColorlessPotion"},{"floor":19.0,"key":"Energy Potion"},{"floor":29.0,"key":"WardPotion"},{"floor":41,"key":"ColorlessPotion"},{"floor":44,"key":"EntropicBrew"},{"floor":46,"key":"DuplicationPotion"}],"is_trial":false,"path_per_floor":["M","?","M","M","T","R","E","?","T","$","R","M","E","M","R","B",null,"M","?","?","$","M","E","R","E","T","$","M","M","E","M","R","B",null,"M","?","M","$","T","E","M","R","T","M","E","M","$","T","R","B",null,"R","$","E","B",null],"character_chosen":"CHRONO_CLASS","items_purchased":["Medical Kit","Membership Card","HandsUpC","TungstenRod","HornCleat","Pen Nib","Happy Flower"],"campfire_rested":0,"item_purchase_floors":[10,21,21,38,38,47,53],"current_hp_per_floor":[65,65,65,65,65,65,56,53,53,65,65,65,57,51,51,44,65,52,39,39,54,54,40,40,32,32,47,47,47,47,47,47,34,65,65,71,71,71,71,71,71,71,71,60,60,54,69,69,69,50,71,71,71,71,71],"gold":43,"neow_bonus":"THREE_ENEMY_KILL","is_daily":false,"chose_seed":false,"campfire_upgraded":7,"win_rate":0.0,"timestamp":1614008136,"path_taken":["M","?","?","M","?","R","E","?","T","$","R","M","E","M","R","BOSS","M","?","?","?","M","E","R","E","T","?","M","M","E","M","R","BOSS","M","?","M","$","?","E","?","R","T","M","E","M","$","?","R","BOSS","R","$","E","BOSS"],"items_purchased_type":["Relic","Relic","Card","Relic","Relic","Relic","Relic"],"build_version":"2020-12-22","purchased_purges":3,"victory":true,"max_hp_per_floor":[65,65,65,65,65,65,65,65,65,65,65,65,65,65,65,65,65,65,65,65,65,65,65,65,65,65,65,65,65,65,65,65,65,65,65,71,71,71,71,71,71,71,71,71,71,71,71,71,71,71,71,71,71,71,71],"relic_stats":{"Darkstone Periapt":6,"Happy Flower":[5],"counters":[28,208],"Pen Nib":[5],"Bag of Preparation":[24],"Orichalcum":[54],"Medical Kit":[10],"Smiling Mask":1,"MawBank":156,"WarpedTongs":[68],"Dream Catcher":0,"Lizard Tail":0,"Bronze Scales":[162],"MealTicket":57,"Turnip":[2],"obtain_stats":[{"Darkstone Periapt":20,"Metronome":17,"Vajra":45,"Bag of Preparation":30,"HeavySwitch":54,"Smiling Mask":13,"Dream Catcher":7,"Lizard Tail":23,"HornCleat":38,"MealTicket":9,"Red Mask":19,"NeowsBlessing":0,"Happy Flower":53,"Pen Nib":47,"Orichalcum":48,"Medical Kit":10,"MawBank":25,"WarpedTongs":36,"SlaversCollar":34,"Chronometer":0,"Bronze Scales":43,"BlueBox":40,"Turnip":26,"Membership Card":21,"FossilizedHelix":5,"TungstenRod":38,"Meat on the Bone":8},{"Darkstone Periapt":10,"Metronome":8,"Vajra":24,"Bag of Preparation":16,"HeavySwitch":27,"Smiling Mask":6,"Dream Catcher":4,"Lizard Tail":12,"HornCleat":20,"MealTicket":4,"Red Mask":10,"NeowsBlessing":0,"Happy Flower":26,"Pen Nib":25,"Orichalcum":25,"Medical Kit":4,"MawBank":13,"WarpedTongs":19,"SlaversCollar":18,"Chronometer":0,"Bronze Scales":22,"BlueBox":21,"Turnip":13,"Membership Card":10,"FossilizedHelix":3,"TungstenRod":20,"Meat on the Bone":4},{"Darkstone Periapt":80,"Metronome":64,"Vajra":172,"Bag of Preparation":116,"HeavySwitch":198,"Smiling Mask":29,"Dream Catcher":15,"Lizard Tail":94,"HornCleat":143,"MealTicket":15,"Red Mask":80,"NeowsBlessing":0,"Happy Flower":192,"Pen Nib":179,"Orichalcum":179,"Medical Kit":15,"MawBank":101,"WarpedTongs":140,"SlaversCollar":133,"Chronometer":0,"Bronze Scales":156,"BlueBox":151,"Turnip":101,"Membership Card":80,"FossilizedHelix":3,"TungstenRod":143,"Meat on the Bone":15}],"TungstenRod":29,"Meat on the Bone":12},"card_choices":[{"not_picked":["CrunchTime","HandsUpC"],"picked":"Parity","floor":1.0},{"not_picked":["WindUp","ShortSighted"],"picked":"OracleForm","floor":3.0},{"not_picked":["Tempo","VestedLegacy"],"picked":"LockedAnchor","floor":4.0},{"not_picked":["CrunchTime","DaylightSavings"],"picked":"Flay","floor":7.0},{"not_picked":["ExoVibe","CrunchTime"],"picked":"Tempo","floor":12.0},{"not_picked":["Accruing","Break"],"picked":"Tempo","floor":13.0},{"not_picked":["LockedMedicine","Echoward"],"picked":"Accruing","floor":14.0},{"not_picked":["LockedAstrolabe","LockedFlame"],"picked":"BackFourSeconds","floor":16.0},{"not_picked":["Engulf","LockedAnchor+1"],"picked":"BiteCommand+1","floor":18.0},{"not_picked":["Echoward","Parity"],"picked":"Tempo","floor":19.0},{"not_picked":["LockedScales","LockedPlans"],"picked":"Analog","floor":22.0},{"not_picked":["EscortCommand","Engulf"],"picked":"Accruing","floor":23.0},{"not_picked":["Fragmentalize","Facsimile+1"],"picked":"Pendulum","floor":25.0},{"not_picked":["LockedAnchor","CrunchTime+1","HandsUpB"],"picked":"SKIP","floor":28.0},{"not_picked":["CrunchTime+1","HandsUpB"],"picked":"LockedAnchor","floor":28.0},{"not_picked":["HandsUpB","HandsUpC"],"picked":"ExoVibe","floor":29.0},{"not_picked":["Echoward","ReapSow"],"picked":"Engulf","floor":30.0},{"not_picked":["BiteCommand","LockedScales"],"picked":"Echonomics","floor":31.0},{"not_picked":["Chronoelasticity","Flay"],"picked":"LockedFlame","floor":33.0},{"not_picked":["BlueShift","Parity"],"picked":"CrunchTime+1","floor":35},{"not_picked":["FormalWear+1","WakeUpCall"],"picked":"ExoVibe+1","floor":37},{"not_picked":["EscortCommand+1","ExoVibe"],"picked":"Echonomics","floor":40},{"not_picked":["LockedPlans","Echoward"],"picked":"Tempo","floor":41},{"not_picked":["LockedMedicine+1","Goo","WindUp+1"],"picked":"SKIP","floor":44},{"not_picked":["ReapSow+1","HandsUpC+1"],"picked":"Keepsakes+1","floor":45},{"not_picked":["BiteCommand+1","Backlash+1","CrunchTime"],"picked":"SKIP","floor":46},{"not_picked":["LockedBlood+1","LockedMedicine+1"],"picked":"Echonomics","floor":54}],"player_experience":594603,"relics_obtained":[{"floor":5.0,"key":"FossilizedHelix"},{"floor":7.0,"key":"Dream Catcher"},{"floor":9.0,"key":"MealTicket"},{"floor":13.0,"key":"Smiling Mask"},{"floor":19.0,"key":"Red Mask"},{"floor":23.0,"key":"Lizard Tail"},{"floor":25.0,"key":"MawBank"},{"floor":26.0,"key":"Turnip"},{"floor":30.0,"key":"Bag of Preparation"},{"floor":40,"key":"BlueBox"},{"floor":43,"key":"Bronze Scales"},{"floor":45,"key":"Vajra"},{"floor":48,"key":"Orichalcum"},{"floor":54,"key":"HeavySwitch"}],"event_choices":[{"damage_healed":0.0,"max_hp_gain":0.0,"max_hp_loss":0.0,"gold_gain":0.0,"event_name":"The Woman in Blue","player_choice":"Bought 3 Potions","floor":2.0,"gold_loss":0.0,"damage_taken":0.0},{"damage_healed":0.0,"max_hp_gain":0.0,"max_hp_loss":0.0,"gold_gain":0.0,"event_name":"Scrap Ooze","player_choice":"Success","floor":8.0,"gold_loss":0.0,"damage_taken":3.0,"relics_obtained":["Meat on the Bone"]},{"damage_healed":0.0,"max_hp_gain":0.0,"max_hp_loss":0.0,"gold_gain":0.0,"event_name":"Masked Bandits","player_choice":"Fought Bandits","floor":19.0,"gold_loss":0.0,"damage_taken":0.0},{"damage_healed":0.0,"max_hp_gain":0.0,"max_hp_loss":0.0,"gold_gain":0.0,"event_name":"Addict","player_choice":"Obtained Relic","floor":20.0,"gold_loss":85.0,"damage_taken":0.0,"relics_obtained":["Darkstone Periapt"]},{"damage_healed":0,"gold_gain":0,"player_choice":"Rummage","damage_taken":0,"relics_obtained":["WarpedTongs"],"max_hp_gain":0,"max_hp_loss":0,"event_name":"Accursed Blacksmith","floor":36,"gold_loss":0,"cards_obtained":["Pain"]}],"is_beta":false,"boss_relics":[{"not_picked":["Black Star","Velvet Choker"],"picked":"Metronome"},{"not_picked":["Snecko Eye","Fusion Hammer"],"picked":"SlaversCollar"}],"items_purged_floors":[38,47,53],"is_endless":false,"potions_floor_spawned":[1,3,4,18,19,29,33,41,44,46],"ascension_level":0}}