{"host":"43a645w54hpfbzri","time":1614015613,"event":{"mods":["AchievementEnabler","BaseMod","BetterRewards","Card Forge","Colored Map","Colored Powertips","Minty Spire (QoL Compilation)","Rare Cards Sparkle","StSLib","The Cursed"],"gold_per_floor":[116,116,64,89,103,135,135,153,176,176,176,176,193,193,193,297,297,317,336,336,146,146,171,171,202,254,268,288,288,307,307,307,405,405,420,430,430,430,480,510,42,42,42,62,62,62,62,75,75,75],"floor_reached":51,"language":"ENG","playtime":2759,"items_purged":[],"score":1111,"play_id":"77461c0a-7e5f-4c27-8ee7-1961b2caba0a","local_time":"20210222104013","is_ascension_mode":false,"campfire_choices":[{"floor":11,"key":"REST"},{"floor":15,"key":"REST"},{"floor":24,"key":"REST"},{"floor":32,"key":"REST"},{"floor":42,"key":"REST"},{"floor":45,"key":"REST"},{"floor":47,"key":"REST"},{"floor":49,"key":"REST"}],"circlet_count":0,"master_deck":["Adrenaline+1","Burst+1","Crippling Poison+1","Adrenaline+1","Burst+1","Crippling Poison+1","Adrenaline+1","Crippling Poison+1","Burst+1","Adrenaline+1","Burst+1","Adrenaline+1","Crippling Poison+1","Adrenaline+1","Adrenaline+1","Adrenaline+1","Bouncing Flask+1","Bouncing Flask+1","Burst+1","Adrenaline+1","Crippling Poison+1","Deadly Poison+1","Crippling Poison+1","Deadly Poison+1","Expertise+1","Skewer+1"],"relics":["Ring of the Snake","Hammer of Thor","Seething Fire","Anvil of the Gods","Oddly Smooth Stone","Strawberry","Orichalcum","Omamori","Runic Dome","Eternal Feather","Lantern","Ancient Tea Set","Runic Pyramid","Snake Skull","Letter Opener"],"acts_visited":["Exordium","TheCity","TheBeyond"],"potions_floor_usage":[33,33,33,50],"damage_taken":[{"damage":0,"enemies":"Jaw Worm","floor":1,"turns":1},{"damage":0,"enemies":"Cultist","floor":5,"turns":2},{"damage":12,"enemies":"3 Sentries","floor":6,"turns":3},{"damage":0,"enemies":"2 Louse","floor":8,"turns":1},{"damage":0,"enemies":"Exordium Thugs","floor":13,"turns":1},{"damage":0,"enemies":"The Guardian","floor":16,"turns":2},{"damage":0,"enemies":"3 Byrds","floor":18,"turns":1},{"damage":0,"enemies":"2 Thieves","floor":19,"turns":1},{"damage":0,"enemies":"Book of Stabbing","floor":23,"turns":2},{"damage":0,"enemies":"Slavers","floor":25,"turns":2},{"damage":0,"enemies":"Centurion and Healer","floor":27,"turns":1},{"damage":0,"enemies":"Chosen and Byrds","floor":28,"turns":1},{"damage":0,"enemies":"Snecko","floor":30,"turns":1},{"damage":0,"enemies":"Automaton","floor":33,"turns":3},{"damage":0,"enemies":"Orb Walker","floor":35,"turns":1},{"damage":0,"enemies":"3 Darklings","floor":36,"turns":1},{"damage":0,"enemies":"Mind Bloom Boss Battle","floor":39,"turns":2},{"damage":0,"enemies":"Reptomancer","floor":40,"turns":1},{"damage":0,"enemies":"Spire Growth","floor":44,"turns":1},{"damage":0,"enemies":"Sphere and 2 Shapes","floor":48,"turns":1},{"damage":0,"enemies":"Donu and Deca","floor":50,"turns":1}],"seed_played":"3554664015252635397","potions_obtained":[{"floor":1,"key":"Weak Potion"},{"floor":5,"key":"SteroidPotion"},{"floor":8,"key":"EssenceOfSteel"},{"floor":23,"key":"SkillPotion"},{"floor":33,"key":"DistilledChaos"},{"floor":36,"key":"LiquidMemories"},{"floor":40,"key":"Poison Potion"}],"is_trial":false,"path_per_floor":["M","?","$","T","M","E","?","M","T","$","R","?","M","T","R","B",null,"M","M","?","$","?","E","R","E","T","M","M","?","M","?","R","B",null,"M","M","?","?","?","E","$","R","T","M","R","?","R","M","R","B",null],"character_chosen":"THE_SILENT","items_purchased":["Predator","PiercingWail","Prepared","Chrysalis","Skewer","Snake Skull","Letter Opener"],"campfire_rested":8,"item_purchase_floors":[0,0,3,21,41,41,41],"current_hp_per_floor":[70,70,70,70,70,65,65,65,65,65,77,77,77,77,77,77,77,77,77,77,77,77,77,77,77,77,77,77,77,77,77,77,77,77,77,77,77,77,77,77,77,77,77,77,77,77,77,77,77,77],"gold":75,"neow_bonus":"","is_daily":false,"chose_seed":false,"campfire_upgraded":0,"win_rate":0.0,"timestamp":1614015613,"path_taken":["M","?","$","?","?","E","?","M","T","?","R","?","M","?","R","BOSS","M","M","?","$","?","E","R","E","T","?","M","?","M","?","R","BOSS","M","M","?","?","?","E","$","R","T","M","R","?","R","?","R","BOSS"],"items_purchased_type":["Card","Card","Card","Card","Card","Relic","Relic"],"build_version":"2020-12-22","purchased_purges":0,"victory":true,"max_hp_per_floor":[70,70,70,70,70,77,77,77,77,77,77,77,77,77,77,77,77,77,77,77,77,77,77,77,77,77,77,77,77,77,77,77,77,77,77,77,77,77,77,77,77,77,77,77,77,77,77,77,77,77],"card_choices":[{"not_picked":["Outmaneuver","Heel Hook","Slice"],"picked":"SKIP","floor":1},{"not_picked":["Predator","Phantasmal Killer"],"picked":"Deadly Poison","floor":5},{"not_picked":["Endless Agony","Riddle With Holes","Well Laid Plans"],"picked":"SKIP","floor":6},{"not_picked":["Poisoned Stab","Expertise","PiercingWail"],"picked":"SKIP","floor":8},{"not_picked":["Dodge and Roll","Heel Hook"],"picked":"Bouncing Flask","floor":13},{"not_picked":["Venomology","Phantasmal Killer"],"picked":"Burst","floor":16},{"not_picked":["Outmaneuver+1","Distraction+1","Blade Dance"],"picked":"SKIP","floor":18},{"not_picked":["Underhanded Strike","Calculated Gamble","Sucker Punch"],"picked":"SKIP","floor":19},{"not_picked":["Deflect","Slice","Caltrops"],"picked":"SKIP","floor":23},{"not_picked":["Expertise","Reflex","Sucker Punch+1"],"picked":"SKIP","floor":25},{"not_picked":["Deflect+1","Dash","Flying Knee"],"picked":"SKIP","floor":27},{"not_picked":["Prepared","Skewer","Underhanded Strike"],"picked":"SKIP","floor":28},{"not_picked":["Sucker Punch+1","Backstab","Deadly Poison"],"picked":"SKIP","floor":30},{"not_picked":["Acrobatics+1","Dagger Throw","Blur"],"picked":"SKIP","floor":35},{"not_picked":["Flying Knee+1","Riddle With Holes","Backflip+1"],"picked":"SKIP","floor":36},{"not_picked":["Acrobatics+1","Eviscerate+1"],"picked":"Expertise+1","floor":40},{"not_picked":["Blur","Predator+1","Deflect+1"],"picked":"SKIP","floor":44},{"not_picked":["Underhanded Strike","Sucker Punch+1","Poisoned Stab+1"],"picked":"SKIP","floor":48}],"player_experience":60638,"relics_obtained":[{"floor":4,"key":"Oddly Smooth Stone"},{"floor":6,"key":"Strawberry"},{"floor":9,"key":"Orichalcum"},{"floor":14,"key":"Omamori"},{"floor":23,"key":"Eternal Feather"},{"floor":25,"key":"Lantern"},{"floor":26,"key":"Ancient Tea Set"}],"event_choices":[{"damage_healed":0,"gold_gain":0,"player_choice":"Ignored","damage_taken":0,"max_hp_gain":0,"max_hp_loss":0,"event_name":"NoteForYourself","floor":2,"gold_loss":0},{"damage_healed":0,"gold_gain":0,"player_choice":"Ignored","damage_taken":0,"max_hp_gain":0,"max_hp_loss":0,"event_name":"Transmorgrifier","floor":7,"gold_loss":0},{"damage_healed":0,"gold_gain":0,"player_choice":"Ignored","damage_taken":0,"max_hp_gain":0,"max_hp_loss":0,"event_name":"Golden Wing","floor":12,"gold_loss":0},{"damage_healed":0,"gold_gain":0,"player_choice":"Ignored","damage_taken":0,"max_hp_gain":0,"max_hp_loss":0,"event_name":"Beggar","floor":20,"gold_loss":0},{"damage_healed":0,"gold_gain":0,"player_choice":"Copied","damage_taken":0,"max_hp_gain":0,"max_hp_loss":0,"event_name":"Duplicator","floor":22,"gold_loss":0,"cards_obtained":["Adrenaline"]},{"damage_healed":25,"gold_gain":0,"player_choice":"Heal","damage_taken":0,"max_hp_gain":0,"max_hp_loss":0,"event_name":"The Library","floor":29,"gold_loss":0},{"damage_healed":0,"gold_gain":0,"player_choice":"Ignored","damage_taken":0,"max_hp_gain":0,"max_hp_loss":0,"event_name":"Accursed Blacksmith","floor":31,"gold_loss":0},{"damage_healed":0,"gold_gain":0,"player_choice":"Memory 1","damage_taken":0,"max_hp_gain":0,"max_hp_loss":0,"event_name":"SensoryStone","floor":37,"gold_loss":0},{"damage_healed":19,"gold_gain":0,"player_choice":"Writhe","damage_taken":0,"max_hp_gain":0,"max_hp_loss":0,"event_name":"Winding Halls","floor":38,"gold_loss":0,"cards_obtained":["Writhe"]},{"damage_healed":0,"gold_gain":0,"player_choice":"Fight","damage_taken":0,"max_hp_gain":0,"max_hp_loss":0,"event_name":"MindBloom","floor":39,"gold_loss":0},{"damage_healed":0,"gold_gain":0,"player_choice":"Ignored","damage_taken":0,"max_hp_gain":0,"max_hp_loss":0,"event_name":"Transmorgrifier","floor":46,"gold_loss":0}],"is_beta":false,"boss_relics":[{"not_picked":["Ring of the Serpent","Astrolabe"],"picked":"Runic Dome"},{"not_picked":["Empty Cage","SacredBark"],"picked":"Runic Pyramid"}],"items_purged_floors":[],"is_endless":false,"potions_floor_spawned":[1,5,8,16,19,23,25,33,36,40],"ascension_level":0}}