{"host":"ju1b3c4x8n2jtjm7","time":1614002801,"event":{"mods":["AchievementEnabler","BaseMod","Colored Map","Colored Powertips","Highlight Path","Minty Spire (QoL Compilation)","Quick Restart","Rare Cards Sparkle","Relic Stats"],"gold_per_floor":[115,129,139,159,159,159,159,169,169,203,10,10,22,56,56,157,157,176,101,201,211,2,33,33,33,33],"floor_reached":25,"language":"ENG","playtime":1975,"items_purged":["Double Energy","Zap"],"score":358,"play_id":"c9f3d043-0485-4387-bd6b-c0cc5d4bb9c6","local_time":"20210222150641","is_ascension_mode":true,"campfire_choices":[{"data":"Loop","floor":6.0,"key":"SMITH"},{"floor":12.0,"key":"REST"},{"data":"Defragment","floor":15,"key":"SMITH"},{"data":"Madness","floor":24,"key":"SMITH"}],"circlet_count":0,"master_deck":["AscendersBane","Dualcast","Go for the Eyes","Gash+1","Loop+1","Cold Snap","All For One","Madness+1","Conserve Battery","Beam Cell","Defragment+1","Coolheaded","Scrape","Capacitor","Coolheaded","Amplify","Echo Form","Melter","BootSequence","Fusion","Undo","Coolheaded","Beam Cell","Capacitor","Blizzard","Defragment"],"relics":["Cracked Core","Whetstone","Vajra","HornCleat","Pandora\u0027s Box","Nunchaku"],"acts_visited":["Exordium","TheCity"],"potions_floor_usage":[14,25,25],"damage_taken":[{"damage":0.0,"enemies":"Cultist","floor":1.0,"turns":4.0},{"damage":0.0,"enemies":"2 Louse","floor":2.0,"turns":3.0},{"damage":9.0,"enemies":"Jaw Worm","floor":3.0,"turns":3.0},{"damage":28.0,"enemies":"Exordium Thugs","floor":4.0,"turns":5.0},{"damage":1.0,"enemies":"Looter","floor":8.0,"turns":3.0},{"damage":18.0,"enemies":"Gremlin Nob","floor":10.0,"turns":4.0},{"damage":6.0,"enemies":"3 Louse","floor":13.0,"turns":2.0},{"damage":1,"enemies":"3 Sentries","floor":14,"turns":5},{"damage":1,"enemies":"Hexaghost","floor":16,"turns":8},{"damage":0,"enemies":"Chosen","floor":18,"turns":5},{"damage":0,"enemies":"Shell Parasite","floor":21,"turns":6},{"damage":28,"enemies":"Slavers","floor":23,"turns":12},{"damage":52,"enemies":"Gremlin Leader","floor":25,"turns":7}],"seed_played":"7623833639838935095","potions_obtained":[{"floor":1.0,"key":"FocusPotion"},{"floor":4.0,"key":"SpeedPotion"},{"floor":13.0,"key":"DistilledChaos"},{"floor":14,"key":"SteroidPotion"},{"floor":21,"key":"EssenceOfSteel"}],"is_trial":false,"path_per_floor":["M","M","M","M","?","R","?","M","T","E","$","R","M","E","R","B",null,"M","$","?","M","$","E","R","E"],"character_chosen":"DEFECT","items_purchased":["Defragment","Coolheaded","Scrape","Capacitor","Blizzard"],"campfire_rested":1,"item_purchase_floors":[11,11,11,22,22],"current_hp_per_floor":[75,75,66,38,43,43,43,42,42,24,24,50,44,43,43,42,76,76,76,76,76,76,48,48,0,0],"gold":33,"neow_bonus":"TEN_PERCENT_HP_BONUS","is_daily":false,"chose_seed":false,"campfire_upgraded":3,"win_rate":0.0,"timestamp":1614002801,"path_taken":["M","M","M","M","?","R","?","?","T","E","$","R","M","E","R","BOSS","M","$","?","M","$","E","R","E"],"items_purchased_type":["Card","Card","Card","Card","Card"],"build_version":"2020-12-22","purchased_purges":2,"victory":false,"max_hp_per_floor":[82,82,82,82,87,87,87,87,87,87,87,87,87,87,87,87,87,87,87,87,87,87,87,87,87,87],"relic_stats":{"Nunchaku":[1],"counters":[13,66],"Pandora\u0027s Box":["Echo Form","Double Energy","Melter","BootSequence","Fusion","Undo","Coolheaded","Beam Cell"],"Whetstone":["Gash","Strike_B"],"obtain_stats":[{"Nunchaku":23,"HornCleat":14,"Vajra":10,"Pandora\u0027s Box":17,"Whetstone":9,"Cracked Core":0},{"Nunchaku":12,"HornCleat":8,"Vajra":6,"Pandora\u0027s Box":9,"Whetstone":5,"Cracked Core":0},{"Nunchaku":59,"HornCleat":28,"Vajra":21,"Pandora\u0027s Box":36,"Whetstone":18,"Cracked Core":0}]},"card_choices":[{"not_picked":["Aggregate","Conserve Battery"],"picked":"Go for the Eyes","floor":1.0},{"not_picked":["Hologram","Rebound"],"picked":"Gash","floor":2.0},{"not_picked":["Conserve Battery","Sweeping Beam"],"picked":"Loop","floor":3.0},{"not_picked":["Ball Lightning","Gash"],"picked":"Cold Snap","floor":4.0},{"not_picked":["Stack","Fusion"],"picked":"Conserve Battery","floor":8.0},{"not_picked":["Rebound","Seek"],"picked":"Beam Cell","floor":10.0},{"not_picked":["White Noise","Sweeping Beam"],"picked":"Capacitor","floor":13.0},{"not_picked":["Chaos","Genetic Algorithm"],"picked":"Coolheaded","floor":14},{"not_picked":["Fission","Electrodynamics"],"picked":"Amplify","floor":16},{"not_picked":["Steam+1","Redo","Sweeping Beam"],"picked":"SKIP","floor":18},{"not_picked":["Beam Cell","Go for the Eyes","Leap"],"picked":"SKIP","floor":21},{"not_picked":["Undo","Rebound+1"],"picked":"Defragment","floor":23}],"player_experience":477958,"relics_obtained":[{"floor":9.0,"key":"Whetstone"},{"floor":10.0,"key":"Vajra"},{"floor":14,"key":"HornCleat"},{"floor":23,"key":"Nunchaku"}],"event_choices":[{"damage_healed":0.0,"max_hp_gain":5.0,"max_hp_loss":0.0,"gold_gain":0.0,"event_name":"Big Fish","player_choice":"Donut","floor":5.0,"gold_loss":0.0,"damage_taken":0.0},{"damage_healed":0.0,"max_hp_gain":0.0,"max_hp_loss":0.0,"gold_gain":0.0,"event_name":"Match and Keep!","player_choice":"2 cards matched","floor":7.0,"gold_loss":0.0,"damage_taken":0.0,"cards_obtained":["All For One","Madness"]},{"damage_healed":0,"gold_gain":100,"player_choice":"Pray","damage_taken":0,"max_hp_gain":0,"max_hp_loss":0,"event_name":"Golden Shrine","floor":20,"gold_loss":0}],"is_beta":false,"boss_relics":[{"not_picked":["SacredBark","Empty Cage"],"picked":"Pandora\u0027s Box"}],"items_purged_floors":[19,22],"is_endless":false,"potions_floor_spawned":[1,4,13,14,21],"killed_by":"Gremlin Leader","ascension_level":11}}