{"host":"raai0vtvcfkt8csp","time":1614009149,"event":{"mods":["2.2 Compatiblity","BaseMod","Beaked The Cultist","Block Reminder","Booster Modes","Clockwork Mod","Custom Start","DeckTracker","Defective Defect","Defuse TimeMaze Blight","Dio Mod","GifTheSpireLib","Infinite Spire","Minty Spire (QoL Compilation)","Quick Restart","Random Character Button","Rare Cards Sparkle","StSLib","The Marked","Uncapped","Unceasing Turn Reminder"],"gold_per_floor":[119,119,119,138,148,148,148],"floor_reached":6,"language":"ENG","playtime":324,"items_purged":[],"score":63,"play_id":"98af3834-884a-4923-92d4-3d981105eb32","local_time":"20210222165229","daily_mods":["Hoarder","Specialized","Vintage"],"is_ascension_mode":true,"campfire_choices":[],"circlet_count":0,"master_deck":["beaked:Strike_Y","beaked:Strike_Y","beaked:Strike_Y","beaked:Strike_Y","beaked:Strike_Y","beaked:Strike_Y","beaked:Defend_Y","beaked:Defend_Y","beaked:Defend_Y","beaked:Defend_Y","beaked:Ceremony","beaked:Ceremony","beaked:Ceremony","beaked:BraceForImpact","beaked:BraceForImpact","beaked:BraceForImpact","beaked:BraceForImpact","beaked:BraceForImpact+1","beaked:BraceForImpact","beaked:BraceForImpact+1","beaked:BraceForImpact","beaked:BraceForImpact","beaked:BraceForImpact","beaked:BraceForImpact","beaked:BraceForImpact","beaked:BraceForImpact","beaked:BraceForImpact","beaked:BraceForImpact"],"relics":["beaked:MendingPlumage","Gambling Chip","CeramicFish","Gremlin Horn","War Paint"],"acts_visited":["Exordium"],"potions_floor_usage":[4],"damage_taken":[{"damage":8,"enemies":"Jaw Worm","floor":1,"turns":7},{"damage":1,"enemies":"2 Louse","floor":4,"turns":5},{"damage":0,"enemies":"Small Slimes","floor":5,"turns":6},{"damage":71,"enemies":"Gremlin Nob","floor":6,"turns":6}],"seed_played":"7125585864205471794","potions_obtained":[{"floor":1,"key":"Weak Potion"}],"is_trial":true,"path_per_floor":["M","?","?","M","M","E"],"character_chosen":"BEAKED_THE_CULTIST","items_purchased":[],"campfire_rested":0,"item_purchase_floors":[],"current_hp_per_floor":[50,50,38,50,50,0,0],"gold":148,"neow_bonus":"","is_daily":false,"chose_seed":false,"campfire_upgraded":0,"win_rate":0.0,"timestamp":1614009149,"path_taken":["M","?","?","M","M","E"],"items_purchased_type":[],"build_version":"2020-12-22","purchased_purges":0,"victory":false,"max_hp_per_floor":[50,50,50,50,50,50,50],"card_choices":[],"player_experience":1091002,"relics_obtained":[{"floor":1,"key":"Gambling Chip"},{"floor":4,"key":"Gremlin Horn"},{"floor":5,"key":"War Paint"}],"event_choices":[{"damage_healed":0,"gold_gain":0,"player_choice":"Ignored","damage_taken":0,"max_hp_gain":0,"max_hp_loss":0,"event_name":"Golden Wing","floor":2,"gold_loss":0},{"damage_healed":0,"gold_gain":0,"player_choice":"Success","damage_taken":12,"relics_obtained":["CeramicFish"],"max_hp_gain":0,"max_hp_loss":0,"event_name":"Scrap Ooze","floor":3,"gold_loss":0}],"is_beta":false,"boss_relics":[],"items_purged_floors":[],"is_endless":false,"potions_floor_spawned":[1],"killed_by":"Gremlin Nob","ascension_level":1}}