{"host":"d54lcqy5t45er8jx","time":1614038192,"event":{"mods":["2.2 Compatiblity","AchievementEnabler","BaseMod","CapriCore","Colored Powertips","DeckTracker","Defuse TimeMaze Blight","Hermit","Highlight Path","Hubris","Infinite Spire","Marisa£¨Ùöéë¡¡Øª×âÞÞ£©","Minty Spire (QoL Compilation)","Permanent Neow","Quick Restart","Rare Cards Sparkle","Relic Stats","Remilia£¨?Ú·×é?£©","StSLib","The Animator","The Cursed","The Immortal","The Servant 0.9.4","WarShipGirlsR/??á´Ò³R mod","Yakumo Yukari mod"],"gold_per_floor":[11,11,11,11,27,62,62,98,98,121,145,145,176,195,195,323,323,348,348,348,374,374,409,409,453,453,222,260,273,273,288,288,418,418,438,0,18,38,58,58,101,115,139,174,174,174,213,234,234,390,390,404,404,14,14,14,41,41,74,156,156,203,203,217,253,253,363,363,377,377,381,381,383,383],"floor_reached":73,"language":"ENG","playtime":24940,"items_purged":["Defend_RM","Strike_RM","Defend_RM"],"score":1786,"play_id":"7db094d6-c467-4539-8c31-7c828e182fc5","local_time":"20210223085632","is_ascension_mode":true,"campfire_choices":[{"data":"ScarletCoffin","floor":12,"key":"SMITH"},{"data":"EmergencyRegeneration","floor":15,"key":"SMITH"},{"data":"EquivalentExchange","floor":24,"key":"SMITH"},{"data":"infinitespire:Collect","floor":30,"key":"SMITH"},{"data":"ScarletNetherworld","floor":32,"key":"SMITH"},{"data":"BloodyMagicSquare","floor":40,"key":"SMITH"},{"data":"ReincarnationDial","floor":45,"key":"SMITH"},{"data":"BloodyHallows","floor":49,"key":"SMITH"},{"data":"ReincarnationDial","floor":58,"key":"SMITH"},{"data":"BloodHunter","floor":66,"key":"SMITH"}],"circlet_count":1,"master_deck":["infinitespire:Collect+1","Strike_RM","Strike_RM","Defend_RM+1","RedMoon","ScarletShoot","ScarletCoffin+1","ChainGang","VampireKiss","BloodHunter+1","NightDance","Ultimatum+1","EmergencyRegeneration+1","ScarletNetherworld+1","EquivalentExchange+1","BloodyMagicSquare+1","SuperhumanBloodyKnife","MiserableFate","BlasphemousPunishment","ScarletMeister","VampireClaw+1","UltimateOffering+1","SuperhumanBloodyKnife+1","ReincarnationDial+1","BloodySeventeenLaser","BloodyHallows+1","TransientEternity","ReincarnationDial+1","Maim"],"relics":["ScarletHat","CaptainsWheel","infinitespire:Beetle Shell","Tiny Chest","Golden Idol","Regal Pillow","Mercury Hourglass","Incense Burner","Oddly Smooth Stone","hubris:TerracottaHorce","Akabeko","hubris:Icosahedron","Art of War","Potion Belt","White Beast Statue","Vajra","infinitespire:CursedDice","Lizard Tail","Philosopher\u0027s Stone","Red Mask","Bag of Preparation","Gungnir","PreservedInsect","hubris:ToyBattleship","Du-Vu Doll","Anchor","infinitespire:Cupcake","Meat on the Bone","hubris:SlimyHat","Toolbox","hubris:Towel","Bag of Marbles","Juzu Bracelet","hubris:Metronome","Omamori","Circlet","Mango","hubris:BlackHole"],"acts_visited":["Exordium","TheCity","TheBeyond","Exordium","TheCity"],"potions_floor_usage":[13,16,16,23,33,33,38,38,39,41,47,50,65,73],"damage_taken":[{"damage":2,"enemies":"Jaw Worm","floor":1,"turns":3},{"damage":0,"enemies":"Cultist","floor":5,"turns":3},{"damage":0,"enemies":"Gremlin Nob","floor":6,"turns":5},{"damage":19,"enemies":"Lagavulin","floor":8,"turns":10},{"damage":0,"enemies":"Small Slimes","floor":10,"turns":1},{"damage":0,"enemies":"Blue Slaver","floor":11,"turns":3},{"damage":12,"enemies":"3 Sentries","floor":13,"turns":6},{"damage":41,"enemies":"Large Slime","floor":14,"turns":4},{"damage":69,"enemies":"Hexaghost","floor":16,"turns":13},{"damage":16,"enemies":"Shell Parasite","floor":18,"turns":5},{"damage":49,"enemies":"Gremlin Leader","floor":23,"turns":5},{"damage":9,"enemies":"Slavers","floor":25,"turns":5},{"damage":81,"enemies":"Book of Stabbing","floor":28,"turns":5},{"damage":8,"enemies":"Chosen","floor":29,"turns":6},{"damage":12,"enemies":"Snake Plant","floor":31,"turns":4},{"damage":104,"enemies":"Collector","floor":33,"turns":4},{"damage":11,"enemies":"3 Darklings","floor":35,"turns":3},{"damage":49,"enemies":"Orb Walker","floor":37,"turns":4},{"damage":36,"enemies":"Writhing Mass","floor":38,"turns":3},{"damage":24,"enemies":"Transient","floor":39,"turns":5},{"damage":103,"enemies":"Nemesis","floor":41,"turns":3},{"damage":1,"enemies":"Jaw Worm Horde","floor":42,"turns":3},{"damage":93,"enemies":"Nightmare","floor":44,"turns":5},{"damage":98,"enemies":"Nemesis","floor":47,"turns":3},{"damage":89,"enemies":"3 Darklings","floor":48,"turns":3},{"damage":107,"enemies":"Awakened One","floor":50,"turns":7},{"damage":40,"enemies":"Jaw Worm","floor":52,"turns":2},{"damage":26,"enemies":"Lagavulin","floor":57,"turns":1},{"damage":3,"enemies":"3 Sentries","floor":59,"turns":1},{"damage":93,"enemies":"Cultist","floor":64,"turns":1},{"damage":68,"enemies":"Lagavulin","floor":65,"turns":3},{"damage":65,"enemies":"The Guardian","floor":67,"turns":1},{"damage":2,"enemies":"Chosen","floor":69,"turns":1},{"damage":64,"enemies":"Shell Parasite","floor":71,"turns":1},{"damage":131,"enemies":"Snake Plant","floor":73,"turns":2}],"seed_played":"-3538017131525890729","potions_obtained":[{"floor":5,"key":"Swift Potion"},{"floor":13,"key":"EssenceOfSteel"},{"floor":13,"key":"ColorlessPotion"},{"floor":14,"key":"AttackPotion"},{"floor":18,"key":"GamblersBrew"},{"floor":28,"key":"BlessingOfTheForge"},{"floor":29,"key":"Strength Potion"},{"floor":31,"key":"SpeedPotion"},{"floor":31,"key":"AttackPotion"},{"floor":33,"key":"LiquidMemories"},{"floor":35,"key":"DuplicationPotion"},{"floor":38,"key":"GamblersBrew"},{"floor":39,"key":"AttackPotion"},{"floor":41,"key":"Block Potion"},{"floor":42,"key":"SpeedPotion"},{"floor":42,"key":"DistilledChaos"},{"floor":47,"key":"Swift Potion"},{"floor":50,"key":"infinitespire:BlackPotion"},{"floor":61,"key":"FairyPotion"},{"floor":61,"key":"PowerPotion"},{"floor":65,"key":"ColorlessPotion"},{"floor":65,"key":"SkillPotion"},{"floor":67,"key":"LiquidMemories"},{"floor":69,"key":"DistilledChaos"}],"is_trial":false,"path_per_floor":["M","?","?","$","M","E","?","E","T","M","M","R","E","M","R","B",null,"M","?","?","T","?","E","R","E","T","$","E","M","R","M","R","B",null,"M","?","M","M","M","R","E","M","T","NM","R","AVR","E","M","R","B",null,"M","T","$","?","?","E","R","E","T","?","T","?","M","E","R","B",null,"M","?","M","?","M"],"character_chosen":"REMILIA","items_purchased":["Vajra","hubris:SlimyHat","Toolbox"],"campfire_rested":0,"item_purchase_floors":[27,54,54],"current_hp_per_floor":[74,62,65,65,66,70,51,41,41,43,45,45,35,38,38,15,62,69,69,54,54,54,50,50,79,79,79,51,80,80,82,82,41,73,73,73,32,8,66,66,32,37,37,24,24,24,6,9,9,35,80,42,42,42,42,35,29,29,92,92,92,92,69,37,113,113,64,104,104,127,72,72,51,51],"gold":383,"neow_bonus":"THREE_RARE_CARDS","is_daily":false,"chose_seed":false,"campfire_upgraded":10,"win_rate":0.0,"timestamp":1614038192,"path_taken":["M","?","?","?","M","E","?","E","T","M","M","R","E","M","R","BOSS","M","?","?","?","?","E","R","E","T","$","E","M","R","?","R","BOSS","M","?","M","M","M","R","E","M","T","NM","R","AVR","E","M","R","BOSS","M","?","$","?","?","E","R","E","T","?","?","?","M","E","R","BOSS","M","?","M","?","M"],"items_purchased_type":["Relic","Relic","Relic"],"build_version":"2020-12-22","purchased_purges":3,"victory":false,"max_hp_per_floor":[75,75,78,78,78,78,78,78,78,78,78,78,78,78,78,78,78,78,78,83,83,83,83,83,83,83,83,83,83,83,83,83,83,83,83,83,83,83,83,83,87,91,91,95,95,95,95,95,95,95,95,95,95,95,95,95,95,95,95,95,95,95,95,95,113,113,117,117,117,127,131,131,131,131],"relic_stats":{"Regal Pillow":0,"Lizard Tail":0,"counters":[35,133],"Golden Idol":274,"Tiny Chest":3,"PreservedInsect":282,"Art of War":[4],"Bag of Preparation":[28],"Juzu Bracelet":1,"obtain_stats":[{"Regal Pillow":8,"hubris:Metronome":60,"Vajra":27,"Mango":65,"Incense Burner":14,"Bag of Preparation":41,"hubris:SlimyHat":54,"Juzu Bracelet":59,"ScarletHat":0,"hubris:TerracottaHorce":17,"hubris:BlackHole":68,"Lizard Tail":29,"hubris:Icosahedron":22,"Toolbox":54,"Tiny Chest":6,"Philosopher\u0027s Stone":34,"Red Mask":36,"Potion Belt":23,"Golden Idol":7,"infinitespire:CursedDice":28,"Oddly Smooth Stone":16,"Circlet":63,"infinitespire:Beetle Shell":5,"PreservedInsect":43,"Omamori":62,"hubris:Towel":55,"Akabeko":21,"White Beast Statue":25,"Mercury Hourglass":13,"Gungnir":42,"Du-Vu Doll":46,"CaptainsWheel":2,"Anchor":47,"Art of War":23,"hubris:ToyBattleship":44,"Bag of Marbles":57,"infinitespire:Cupcake":51,"Meat on the Bone":53},{"Regal Pillow":4,"hubris:Metronome":29,"Vajra":12,"Mango":31,"Incense Burner":8,"Bag of Preparation":21,"hubris:SlimyHat":27,"Juzu Bracelet":29,"ScarletHat":0,"hubris:TerracottaHorce":9,"hubris:BlackHole":32,"Lizard Tail":14,"hubris:Icosahedron":10,"Toolbox":27,"Tiny Chest":3,"Philosopher\u0027s Stone":16,"Red Mask":17,"Potion Belt":11,"Golden Idol":3,"infinitespire:CursedDice":13,"Oddly Smooth Stone":9,"Circlet":29,"infinitespire:Beetle Shell":2,"PreservedInsect":22,"Omamori":29,"hubris:Towel":27,"Akabeko":10,"White Beast Statue":12,"Mercury Hourglass":7,"Gungnir":22,"Du-Vu Doll":23,"CaptainsWheel":1,"Anchor":24,"Art of War":11,"hubris:ToyBattleship":23,"Bag of Marbles":28,"infinitespire:Cupcake":26,"Meat on the Bone":27},{"Regal Pillow":21,"hubris:Metronome":124,"Vajra":63,"Mango":128,"Incense Burner":35,"Bag of Preparation":100,"hubris:SlimyHat":122,"Juzu Bracelet":124,"ScarletHat":0,"hubris:TerracottaHorce":48,"hubris:BlackHole":129,"Lizard Tail":74,"hubris:Icosahedron":53,"Toolbox":122,"Tiny Chest":11,"Philosopher\u0027s Stone":82,"Red Mask":85,"Potion Belt":58,"Golden Idol":11,"infinitespire:CursedDice":68,"Oddly Smooth Stone":48,"Circlet":124,"infinitespire:Beetle Shell":6,"PreservedInsect":103,"Omamori":124,"hubris:Towel":122,"Akabeko":53,"White Beast Statue":63,"Mercury Hourglass":31,"Gungnir":103,"Du-Vu Doll":108,"CaptainsWheel":3,"Anchor":111,"Art of War":58,"hubris:ToyBattleship":108,"Bag of Marbles":123,"infinitespire:Cupcake":121,"Meat on the Bone":122}],"Mercury Hourglass":[350],"Meat on the Bone":36},"card_choices":[{"not_picked":["BloodRain","DemonKingCradle"],"picked":"ScarletCoffin","floor":0},{"not_picked":["CharismaGuard","NightLord"],"picked":"ChainGang","floor":1},{"not_picked":["ScarletImprint","MastersStateliness"],"picked":"VampireKiss","floor":5},{"not_picked":["TwelveNightmare","CharismaGuard"],"picked":"BloodHunter","floor":6},{"not_picked":["ScarletGensokyo","UnstableMagic"],"picked":"NightDance","floor":8},{"not_picked":["DevilSight","VampireKiss","StarOfDavid"],"picked":"SKIP","floor":10},{"not_picked":["AfternoonTea","BloodAndWine"],"picked":"Ultimatum","floor":11},{"not_picked":["TricksterDevil","DiffusionOfMisfortune"],"picked":"EmergencyRegeneration","floor":13},{"not_picked":["HunterOfTheNight","FitfulNightmare"],"picked":"ScarletNetherworld","floor":14},{"not_picked":["ChaoticDestiny","ForecastOfChange"],"picked":"EquivalentExchange","floor":16},{"not_picked":["RedRainbow","MastersStateliness","VampireKiss"],"picked":"SKIP","floor":18},{"not_picked":["Stigmanizer","DiffusionOfMisfortune"],"picked":"BloodyMagicSquare","floor":23},{"not_picked":["ChaoticDestiny","EndlessAdversity+1","FavorOfDestiny+1"],"picked":"SKIP","floor":25},{"not_picked":["VampirishNight","BloodyTrap"],"picked":"SuperhumanBloodyKnife","floor":28},{"not_picked":["DevilSight","MastersStateliness"],"picked":"MiserableFate","floor":28},{"not_picked":["BloodHunter","HellCatastrophe"],"picked":"BlasphemousPunishment","floor":29},{"not_picked":["FavorOfDestiny","RedRainbow+1","EndlessAdversity"],"picked":"SKIP","floor":31},{"not_picked":["DemonKingCradle","TricksterDevil"],"picked":"ScarletMeister","floor":33},{"not_picked":["FavorOfDestiny+1","ScarletNetherworld"],"picked":"VampireClaw+1","floor":35},{"not_picked":["HunterOfTheNight","StarOfDavid+1","ScarletDevil+1"],"picked":"SKIP","floor":35},{"not_picked":["VampireSweep+1","UnstableMagic+1"],"picked":"UltimateOffering+1","floor":37},{"not_picked":["VampireFantasy+1","SuperhumanBloodyKnife+1","ScarletDevil"],"picked":"SKIP","floor":37},{"not_picked":["DiffusionOfMisfortune","ChainGang","RedMagic"],"picked":"SKIP","floor":38},{"not_picked":["ScarletCoffin","RedRainbow+1"],"picked":"SuperhumanBloodyKnife+1","floor":39},{"not_picked":["BloodAndWine","VampireKiss","NightDance"],"picked":"SKIP","floor":41},{"not_picked":["SuperhumanBloodyKnife","MastersStateliness+1"],"picked":"ReincarnationDial","floor":42},{"not_picked":["UnderTheZenith","ScarletNetherworld"],"picked":"BloodySeventeenLaser","floor":44},{"not_picked":["FavorOfDestiny+1","Stigmanizer+1","ScarletDevil+1"],"picked":"SKIP","floor":47},{"not_picked":["UnstableMagic","ScarletDevil"],"picked":"BloodyHallows","floor":48},{"not_picked":["BloodHunter","RedRainbow","Septette"],"picked":"SKIP","floor":52},{"not_picked":["Stigmanizer","EndlessAdversity"],"picked":"TransientEternity","floor":57},{"not_picked":["DevilSight","UnderTheZenith"],"picked":"ReincarnationDial","floor":57},{"not_picked":["ForecastOfChange","HunterOfTheNight","ScarletDevil"],"picked":"SKIP","floor":59},{"not_picked":["MillenniumVampire","LeisurelyOfLord","Stigmanizer"],"picked":"SKIP","floor":64},{"not_picked":["BlasphemousPunishment","UnderTheZenith"],"picked":"Maim","floor":65},{"not_picked":["StarOfDavid","NightDance","DevilSight"],"picked":"SKIP","floor":69},{"not_picked":["UnderTheZenith","EndlessAdversity+1","BadLadyScramble"],"picked":"SKIP","floor":71}],"player_experience":1071968,"relics_obtained":[{"floor":5,"key":"infinitespire:Beetle Shell"},{"floor":6,"key":"Tiny Chest"},{"floor":8,"key":"Regal Pillow"},{"floor":13,"key":"Mercury Hourglass"},{"floor":14,"key":"Incense Burner"},{"floor":16,"key":"Oddly Smooth Stone"},{"floor":21,"key":"Akabeko"},{"floor":23,"key":"Art of War"},{"floor":23,"key":"Potion Belt"},{"floor":25,"key":"White Beast Statue"},{"floor":28,"key":"infinitespire:CursedDice"},{"floor":29,"key":"Lizard Tail"},{"floor":41,"key":"Bag of Preparation"},{"floor":42,"key":"Gungnir"},{"floor":43,"key":"PreservedInsect"},{"floor":44,"key":"hubris:ToyBattleship"},{"floor":47,"key":"Anchor"},{"floor":53,"key":"Meat on the Bone"},{"floor":57,"key":"Bag of Marbles"},{"floor":59,"key":"Juzu Bracelet"},{"floor":60,"key":"hubris:Metronome"},{"floor":62,"key":"Omamori"},{"floor":65,"key":"Mango"}],"event_choices":[{"damage_healed":0,"gold_gain":0,"player_choice":"Success","damage_taken":12,"relics_obtained":["CaptainsWheel"],"max_hp_gain":0,"max_hp_loss":0,"event_name":"Scrap Ooze","floor":2,"gold_loss":0},{"damage_healed":0,"gold_gain":0,"player_choice":"Take Damage","damage_taken":19,"relics_obtained":["Golden Idol"],"max_hp_gain":0,"max_hp_loss":0,"event_name":"Golden Idol","floor":7,"gold_loss":0},{"damage_healed":0,"gold_gain":0,"player_choice":"Shed Blood","damage_taken":20,"max_hp_gain":5,"max_hp_loss":0,"event_name":"Forgotten Altar","floor":20,"gold_loss":0},{"damage_healed":0,"gold_gain":0,"player_choice":"Paid","damage_taken":0,"relics_obtained":["Red Mask"],"max_hp_gain":0,"max_hp_loss":0,"event_name":"Tomb of Lord Red Mask","floor":36,"gold_loss":438},{"cards_removed":["Defend_RM"],"damage_healed":0,"gold_gain":0,"player_choice":"Card Removal","damage_taken":7,"max_hp_gain":0,"max_hp_loss":0,"event_name":"Golden Wing","floor":56,"gold_loss":0},{"damage_healed":0,"gold_gain":0,"player_choice":"Got Potions","damage_taken":0,"max_hp_gain":0,"max_hp_loss":0,"event_name":"Lab","floor":61,"gold_loss":0},{"damage_healed":0,"gold_gain":0,"player_choice":"Take Damage","damage_taken":23,"relics_obtained":["Circlet"],"max_hp_gain":0,"max_hp_loss":0,"event_name":"Golden Idol","floor":63,"gold_loss":0},{"cards_removed":["Strike_RM"],"damage_healed":0,"gold_gain":0,"player_choice":"Elegance","damage_taken":0,"max_hp_gain":0,"max_hp_loss":0,"event_name":"Back to Basics","floor":72,"gold_loss":0}],"is_beta":false,"boss_relics":[{"not_picked":["hubris:VirtuousBlindfold","Fusion Hammer"],"picked":"hubris:TerracottaHorce"},{"not_picked":["Runic Pyramid","Calling Bell"],"picked":"Philosopher\u0027s Stone"},{"not_picked":["hubris:RunicObelisk","hubris:HollowSoul"],"picked":"infinitespire:Cupcake"},{"not_picked":["APieceOfRedMist","Busted Crown"],"picked":"hubris:BlackHole"}],"items_purged_floors":[27,46,54],"is_endless":true,"potions_floor_spawned":[5,13,14,18,28,29,31,33,35,37,38,39,41,42,44,47,48,50,52,57,59,64,65,67,69,71,73],"killed_by":"Snake Plant","ascension_level":4}}