{"host":"rg29p8m4aqjozpzt","time":1614019622,"event":{"mods":["100% Spire Juice","Aspiration","Bartender","BaseMod","Beaked The Cultist","Better Altar","Better Match","Better Sensory Stone","Better Skull","Better Third Choice","BetterRewards","Chen","Colored Powertips","Conspire","Downfall","Friendly Minions","Hermit","Hubris","JesterMod","Magitek Elite","Minty Spire (QoL Compilation)","Permanent Neow","Prisma Mod","QueenMod","Quick Restart","Relic Filter","Reorder Act Four","Shade Mod","StSLib","SuperFastMode","The Alterego","The Marked","The Runesmith","Unceasing Turn Reminder"],"gold_per_floor":[99,117,117,27,41,41,41,58,58,71,105,105,5,0,12,115,115,115,131,145,145,155,155,155,155],"floor_reached":23,"language":"ENG","playtime":1544,"items_purged":["bronze:Strike"],"score":216,"play_id":"4befeea9-09bd-4f88-93ac-42d4aacc8982","local_time":"20210222194702","is_ascension_mode":false,"campfire_choices":[{"data":"bronze:Replicate","floor":1,"key":"SMITH"},{"data":"bronze:CutThrough","floor":6,"key":"SMITH"},{"data":"bronze:CutThrough","floor":9,"key":"SMITH"},{"data":"bronze:Goto","floor":13,"key":"SMITH"},{"data":"bronze:Terminator","floor":18,"key":"SMITH"}],"circlet_count":0,"master_deck":["bronze:Strike","bronze:Strike","bronze:Strike","bronze:Defend","bronze:Defend","bronze:Defend","bronze:Defend","bronze:Replicate+1","bronze:Goto+1","Flash of Steel","bronze:Terminator+1","Master of Strategy","bronze:Repulsor","bronze:CutThrough+1","bronze:CutThrough+1","bronze:FineTuning+1","bronze:HardenedForm","bronze:Deprecate","bronze:Assembly","bronze:Return+1","bronze:Invalidate+1","downfall:Bewildered","bronze:Overheat+1"],"relics":["bronze:BronzeCore","HornCleat","bronze:ProtectiveGoggles","downfall:HeartBlessingGreen","Black Star","sneckomod:BabySnecko"],"acts_visited":["Exordium","TheCity"],"potions_floor_usage":[15,19,23],"damage_taken":[{"damage":2,"enemies":"Small Slimes","floor":2,"turns":3},{"damage":0,"enemies":"downfall:FleeingMerchant","floor":4,"turns":4},{"damage":1,"enemies":"Jaw Worm","floor":5,"turns":2},{"damage":0,"enemies":"Cultist","floor":8,"turns":2},{"damage":11,"enemies":"Large Slime","floor":10,"turns":5},{"damage":0,"enemies":"Gremlin Nob","floor":11,"turns":3},{"damage":1,"enemies":"downfall:FleeingMerchant","floor":14,"turns":4},{"damage":16,"enemies":"Exordium Thugs","floor":15,"turns":2},{"damage":6,"enemies":"WA_ARCHETYPE_RETAIN","floor":16,"turns":4},{"damage":10,"enemies":"Chosen","floor":19,"turns":5},{"damage":0,"enemies":"Spheric Guardian","floor":20,"turns":2},{"damage":9,"enemies":"Snake Plant","floor":22,"turns":2},{"damage":54,"enemies":"Gremlin Leader","floor":23,"turns":5}],"seed_played":"6284162832863213500","potions_obtained":[{"floor":5,"key":"Regen Potion"},{"floor":8,"key":"FearPotion"},{"floor":11,"key":"bronze:FreeFunctionsPotion"},{"floor":15,"key":"SkillPotion"}],"is_trial":false,"path_per_floor":["R","M","?","$","M","R","T","M","R","M","E","?","R","$","M","B",null,"R","M","M","?","M","E"],"character_chosen":"THE_AUTOMATON","items_purchased":[],"campfire_rested":0,"item_purchase_floors":[],"current_hp_per_floor":[70,68,68,68,67,67,67,67,67,56,56,56,56,55,44,38,70,70,60,60,60,51,0,0,0],"gold":155,"neow_bonus":"RANDOM_COLORLESS","is_daily":false,"chose_seed":false,"campfire_upgraded":5,"win_rate":0.0,"timestamp":1614019622,"path_taken":["R","M","?","$","M","R","T","M","R","M","E","?","R","$","M","BOSS","R","M","M","?","M","E"],"items_purchased_type":[],"build_version":"2020-12-22","purchased_purges":1,"victory":false,"max_hp_per_floor":[70,70,70,70,70,70,70,70,70,70,70,70,70,70,70,70,70,70,70,70,70,70,70,70,70],"card_choices":[{"not_picked":["Panacea","Finesse"],"picked":"Flash of Steel","floor":0},{"not_picked":["bronze:CutThrough","bronze:Fortify"],"picked":"bronze:Terminator","floor":2},{"not_picked":["Purity","PanicButton"],"picked":"Master of Strategy","floor":3},{"not_picked":["bronze:Invalidate","bronze:OilSpill"],"picked":"bronze:Repulsor","floor":4},{"not_picked":["bronze:Return","bronze:ForLoop"],"picked":"bronze:CutThrough","floor":5},{"not_picked":["bronze:BuggyMess","bronze:WhirlingStrike"],"picked":"bronze:CutThrough","floor":8},{"not_picked":["bronze:BitShift","bronze:WildBeam"],"picked":"bronze:FineTuning","floor":10},{"not_picked":["bronze:GetLatest","bronze:Philosophize"],"picked":"bronze:HardenedForm","floor":11},{"not_picked":["bronze:DelayedSlice","bronze:Return"],"picked":"bronze:Deprecate","floor":14},{"not_picked":["bronze:Iterate","bronze:NullPointer","bronze:BugBarrage"],"picked":"SKIP","floor":15},{"not_picked":["bronze:Break","bronze:ThunderWave"],"picked":"bronze:Assembly","floor":16},{"not_picked":["bronze:BuggyMess+1","bronze:Terminator"],"picked":"bronze:Return+1","floor":19},{"not_picked":["bronze:Allocate","bronze:Return+1"],"picked":"bronze:Invalidate+1","floor":20},{"not_picked":["bronze:BugBarrage+1","bronze:ClassDefault"],"picked":"bronze:Overheat+1","floor":22}],"player_experience":1588193,"relics_obtained":[{"floor":7,"key":"HornCleat"},{"floor":11,"key":"bronze:ProtectiveGoggles"}],"event_choices":[{"damage_healed":0,"gold_gain":1,"player_choice":"1","damage_taken":0,"max_hp_gain":0,"max_hp_loss":0,"event_name":"betterStone:BetterStone","floor":3,"gold_loss":0}],"is_beta":false,"boss_relics":[{"not_picked":["hubris:HollowSoul","Runesmith:UraniumAnvil"],"picked":"Black Star"}],"items_purged_floors":[4],"is_endless":false,"potions_floor_spawned":[5,8,11,15,16],"killed_by":"Gremlin Leader","ascension_level":0}}