{"host":"rb2p2z6v6vieend5","time":1614022742,"event":{"mods":["BaseMod","Block Reminder","Colored Map","DeckTracker","Highlight Path","Minty Spire (QoL Compilation)","Random Character Button","Relic Stats"],"gold_per_floor":[110,110,65,88,13,45,45,72,153,164,164,164,182,36,36,135,135,171,186,186,186,198,256,256,285,285,285,200,200,232,276,276,371,371,382,382,382,425,470,470,524,524,548,603,170,170,181,216,216,216],"floor_reached":51,"language":"ENG","playtime":3822,"items_purged":["Defend_P","Pain"],"score":1141,"play_id":"16287ec5-d01c-4b5a-8b19-22a61a155f42","local_time":"20210222203902","is_ascension_mode":true,"campfire_choices":[{"data":"TalkToTheHand","floor":7,"key":"SMITH"},{"data":"Defend_P","floor":12,"key":"PURGE"},{"data":"Defend_P","floor":15,"key":"PURGE"},{"floor":24,"key":"REST"},{"data":"LikeWater","floor":27,"key":"SMITH"},{"floor":32,"key":"REST"},{"floor":40,"key":"REST"},{"data":"1","floor":49,"key":"LIFT"}],"circlet_count":0,"master_deck":["Strike_P+1","Strike_P+1","Strike_P+1","Strike_P+1","Eruption","Vigilance","Protect","Protect","TalkToTheHand+1","LikeWater","FollowUp","Evaluate","LikeWater+1","Wish+1","Perseverance+1","SashWhip+1","Judgement","Clumsy","DeusExMachina","DevaForm","Wallop","LikeWater+1","Evaluate+1","Perseverance+1","TalkToTheHand+1","TalkToTheHand","Parasite","Establishment"],"relics":["PureWater","NeowsBlessing","Regal Pillow","Bottled Lightning","Peace Pipe","Ornamental Fan","FaceOfCleric","Cursed Key","Potion Belt","Boot","Mercury Hourglass","CaptainsWheel","PreservedInsect","Black Star","Calipers","Girya","Letter Opener","Damaru","Bag of Marbles","War Paint","Vajra","DollysMirror","Happy Flower","Pear"],"acts_visited":["Exordium","TheCity","TheBeyond"],"potions_floor_usage":[16,23,25,25,47,48,50,50,50,50],"damage_taken":[{"damage":0,"enemies":"Small Slimes","floor":1,"turns":2},{"damage":0,"enemies":"3 Sentries","floor":6,"turns":2},{"damage":0,"enemies":"Lagavulin","floor":8,"turns":1},{"damage":0,"enemies":"Cultist","floor":10,"turns":4},{"damage":0,"enemies":"2 Louse","floor":13,"turns":3},{"damage":65,"enemies":"Hexaghost","floor":16,"turns":19},{"damage":3,"enemies":"Spheric Guardian","floor":18,"turns":10},{"damage":6,"enemies":"3 Byrds","floor":19,"turns":8},{"damage":12,"enemies":"Shelled Parasite and Fungi","floor":22,"turns":7},{"damage":25,"enemies":"Slavers","floor":23,"turns":13},{"damage":5,"enemies":"Gremlin Leader","floor":25,"turns":5},{"damage":32,"enemies":"Slavers","floor":30,"turns":8},{"damage":1,"enemies":"Snecko","floor":31,"turns":5},{"damage":34,"enemies":"Champ","floor":33,"turns":13},{"damage":20,"enemies":"3 Darklings","floor":35,"turns":9},{"damage":4,"enemies":"3 Shapes","floor":38,"turns":9},{"damage":39,"enemies":"2 Orb Walkers","floor":39,"turns":9},{"damage":10,"enemies":"Giant Head","floor":41,"turns":10},{"damage":10,"enemies":"Reptomancer","floor":44,"turns":9},{"damage":16,"enemies":"Writhing Mass","floor":47,"turns":6},{"damage":0,"enemies":"Giant Head","floor":48,"turns":9},{"damage":35,"enemies":"Awakened One","floor":50,"turns":19}],"seed_played":"-2920302272848034075","potions_obtained":[{"floor":10,"key":"Fire Potion"},{"floor":13,"key":"Dexterity Potion"},{"floor":16,"key":"Fire Potion"},{"floor":18,"key":"PowerPotion"},{"floor":23,"key":"Fire Potion"},{"floor":33,"key":"FearPotion"},{"floor":41,"key":"Ambrosia"},{"floor":44,"key":"SkillPotion"},{"floor":47,"key":"BottledMiracle"},{"floor":48,"key":"Dexterity Potion"}],"is_trial":false,"path_per_floor":["M","?","$","T","$","E","R","E","T","M","?","R","M","$","R","B",null,"M","M","?","?","M","E","R","E","T","R","?","$","E","M","R","B",null,"M","?","?","M","?","R","E","?","T","E","$","?","M","E","R","B",null],"character_chosen":"WATCHER","items_purchased":["Protect","TalkToTheHand","LikeWater","Vajra","DollysMirror","TalkToTheHand"],"campfire_rested":3,"item_purchase_floors":[3,5,14,45,45,45],"current_hp_per_floor":[65,65,65,65,65,65,65,65,65,65,65,65,66,66,66,2,56,54,49,49,49,38,14,52,48,48,48,48,48,17,17,56,23,67,48,48,48,45,7,47,38,38,38,29,29,73,58,69,69,35],"gold":216,"neow_bonus":"THREE_ENEMY_KILL","is_daily":false,"chose_seed":false,"campfire_upgraded":2,"win_rate":0.0,"timestamp":1614022742,"path_taken":["M","?","$","?","$","E","R","E","T","M","?","R","?","?","R","BOSS","M","M","?","?","?","E","R","E","T","R","?","$","E","M","R","BOSS","M","?","?","M","?","R","E","?","T","E","$","?","M","E","R","BOSS"],"items_purchased_type":["Card","Card","Card","Relic","Relic","Card"],"build_version":"2020-12-22","purchased_purges":2,"victory":true,"max_hp_per_floor":[72,72,72,72,72,72,72,72,72,72,72,72,73,73,73,74,74,75,76,76,76,77,78,78,79,79,79,79,79,80,81,81,82,82,83,83,83,84,85,85,86,82,82,83,83,73,74,85,85,86],"relic_stats":{"Regal Pillow":45,"Happy Flower":[6],"counters":[22,179],"PreservedInsect":309,"Letter Opener":[88],"War Paint":["Perseverance","Wish"],"Cursed Key":2,"Boot":[2],"Mercury Hourglass":[442],"Peace Pipe":3,"FaceOfCleric":18,"Ornamental Fan":[204],"Black Star":3,"obtain_stats":[{"Potion Belt":23,"Girya":41,"Regal Pillow":4,"Calipers":39,"Pear":48,"NeowsBlessing":0,"Happy Flower":48,"Damaru":43,"Vajra":45,"PreservedInsect":30,"Letter Opener":41,"War Paint":44,"Cursed Key":17,"Boot":25,"Mercury Hourglass":26,"Peace Pipe":8,"CaptainsWheel":28,"FaceOfCleric":11,"Ornamental Fan":9,"DollysMirror":45,"Black Star":34,"Bag of Marbles":44,"Bottled Lightning":6,"PureWater":0},{"Potion Belt":10,"Girya":18,"Regal Pillow":1,"Calipers":17,"Pear":21,"NeowsBlessing":0,"Happy Flower":21,"Damaru":18,"Vajra":19,"PreservedInsect":12,"Letter Opener":18,"War Paint":19,"Cursed Key":6,"Boot":11,"Mercury Hourglass":11,"Peace Pipe":3,"CaptainsWheel":11,"FaceOfCleric":4,"Ornamental Fan":3,"DollysMirror":19,"Black Star":14,"Bag of Marbles":19,"Bottled Lightning":2,"PureWater":0},{"Potion Belt":69,"Girya":136,"Regal Pillow":2,"Calipers":126,"Pear":160,"NeowsBlessing":0,"Happy Flower":160,"Damaru":136,"Vajra":145,"PreservedInsect":81,"Letter Opener":136,"War Paint":145,"Cursed Key":31,"Boot":74,"Mercury Hourglass":74,"Peace Pipe":5,"CaptainsWheel":74,"FaceOfCleric":9,"Ornamental Fan":5,"DollysMirror":145,"Black Star":99,"Bag of Marbles":145,"Bottled Lightning":4,"PureWater":0}]},"card_choices":[{"not_picked":["Evaluate","Consecrate"],"picked":"Protect","floor":1},{"not_picked":["WaveOfTheHand","Halt"],"picked":"LikeWater","floor":6},{"not_picked":["EmptyBody","SashWhip"],"picked":"FollowUp","floor":8},{"not_picked":["ReachHeaven","FlurryOfBlows"],"picked":"Evaluate","floor":10},{"not_picked":["ClearTheMind","Adaptation"],"picked":"Collect","floor":13},{"not_picked":["Brilliance","ConjureBlade"],"picked":"Wish","floor":16},{"not_picked":["ThirdEye","BowlingBash"],"picked":"Perseverance+1","floor":18},{"not_picked":["Fasting2","BowlingBash"],"picked":"SashWhip+1","floor":19},{"not_picked":["EmptyBody","ThirdEye","Prostrate"],"picked":"SKIP","floor":22},{"not_picked":["EmptyFist","Worship","DeceiveReality"],"picked":"SKIP","floor":23},{"not_picked":["Swivel","Prostrate"],"picked":"Judgement","floor":25},{"not_picked":["Prostrate","BowlingBash"],"picked":"DeusExMachina","floor":30},{"not_picked":["Study","Prostrate","Vengeance"],"picked":"SKIP","floor":31},{"not_picked":["Scrawl","ConjureBlade"],"picked":"DevaForm","floor":33},{"not_picked":["FlyingSleeves+1","BowlingBash"],"picked":"Wallop","floor":35},{"not_picked":["EmptyMind+1","FollowUp+1"],"picked":"LikeWater+1","floor":38},{"not_picked":["WreathOfFlame+1","FearNoEvil+1"],"picked":"Evaluate+1","floor":39},{"not_picked":["Worship","SashWhip","Crescendo"],"picked":"SKIP","floor":41},{"not_picked":["DeusExMachina","WreathOfFlame+1"],"picked":"Perseverance","floor":44},{"not_picked":["Evaluate","Weave+1","CutThroughFate"],"picked":"SKIP","floor":47},{"not_picked":["Protect+1","WreathOfFlame"],"picked":"Establishment","floor":48}],"player_experience":810894,"relics_obtained":[{"floor":4,"key":"Regal Pillow"},{"floor":6,"key":"Bottled Lightning"},{"floor":8,"key":"Peace Pipe"},{"floor":9,"key":"Ornamental Fan"},{"floor":23,"key":"Potion Belt"},{"floor":25,"key":"Boot"},{"floor":26,"key":"Mercury Hourglass"},{"floor":30,"key":"PreservedInsect"},{"floor":39,"key":"Calipers"},{"floor":41,"key":"Girya"},{"floor":41,"key":"Letter Opener"},{"floor":43,"key":"Damaru"},{"floor":44,"key":"Bag of Marbles"},{"floor":44,"key":"War Paint"},{"floor":48,"key":"Happy Flower"},{"floor":48,"key":"Pear"}],"event_choices":[{"cards_removed":["Defend_P"],"damage_healed":0,"gold_gain":0,"player_choice":"Offered Basic","damage_taken":0,"max_hp_gain":0,"max_hp_loss":0,"event_name":"Bonfire Elementals","floor":2,"gold_loss":0},{"damage_healed":0,"gold_gain":0,"player_choice":"Trade","damage_taken":0,"relics_obtained":["FaceOfCleric"],"max_hp_gain":0,"max_hp_loss":0,"event_name":"FaceTrader","floor":11,"gold_loss":0},{"damage_healed":0,"gold_gain":0,"player_choice":"Simplicity","damage_taken":0,"max_hp_gain":0,"max_hp_loss":0,"event_name":"Back to Basics","floor":20,"gold_loss":0,"cards_upgraded":["Strike_P","Strike_P","Strike_P","Strike_P"]},{"damage_healed":0,"gold_gain":0,"player_choice":"Ignored","damage_taken":0,"max_hp_gain":0,"max_hp_loss":0,"event_name":"N\u0027loth","floor":21,"gold_loss":0},{"damage_healed":0,"gold_gain":0,"player_choice":"Obtained Relic","damage_taken":0,"relics_obtained":["CaptainsWheel"],"max_hp_gain":0,"max_hp_loss":0,"event_name":"Addict","floor":28,"gold_loss":85},{"cards_removed":["Collect"],"damage_healed":0,"gold_gain":0,"player_choice":"Removed Skill","damage_taken":0,"max_hp_gain":0,"max_hp_loss":0,"event_name":"Falling","floor":36,"gold_loss":0},{"damage_healed":0,"gold_gain":0,"player_choice":"Ignored","damage_taken":0,"max_hp_gain":0,"max_hp_loss":0,"event_name":"Tomb of Lord Red Mask","floor":37,"gold_loss":0},{"damage_healed":0,"gold_gain":0,"player_choice":"Fight","damage_taken":0,"max_hp_gain":0,"max_hp_loss":0,"event_name":"Mysterious Sphere","floor":39,"gold_loss":0},{"damage_healed":0,"gold_gain":0,"player_choice":"Max HP","damage_taken":0,"max_hp_gain":0,"max_hp_loss":4,"event_name":"Winding Halls","floor":42,"gold_loss":0},{"damage_healed":73,"gold_gain":0,"player_choice":"Heal","damage_taken":0,"max_hp_gain":0,"max_hp_loss":10,"event_name":"The Moai Head","floor":46,"gold_loss":0}],"is_beta":false,"boss_relics":[{"not_picked":["SacredBark","Philosopher\u0027s Stone"],"picked":"Cursed Key"},{"not_picked":["Busted Crown","HolyWater"],"picked":"Black Star"}],"items_purged_floors":[14,45],"is_endless":false,"potions_floor_spawned":[10,13,16,18,23,33,41,44,47,48],"ascension_level":7}}