{"host":"eglukmwb6rueyn6u","time":1614025943,"event":{"mods":["AchievementEnabler","BaseMod","Colored Powertips","Highlight Path","Minty Spire (QoL Compilation)"],"gold_per_floor":[362,373,393,238,238,250,265,265,265,69,79,79,95,108,108,210,210,221,234,234,153,153,153,38,57,57,57,70,169,201,46,46,150,150,169,188,188,34,54,65,65,65],"floor_reached":41,"language":"ENG","playtime":2975,"items_purged":["Defend_P"],"score":437,"play_id":"96cfb266-a2d4-47df-ac02-2de127006443","local_time":"20210222223223","is_ascension_mode":false,"campfire_choices":[{"floor":8.0,"key":"REST"},{"data":"PathToVictory","floor":15.0,"key":"SMITH"},{"data":"Wireheading","floor":23.0,"key":"SMITH"},{"floor":32.0,"key":"REST"}],"circlet_count":0,"master_deck":["Defend_P","Defend_P","Defend_P","Eruption","Vigilance","ThirdEye","PathToVictory+1","CutThroughFate+1","PathToVictory+1","Evaluate+1","Pray","ThirdEye","Protect","LikeWater","LessonLearned","CurseOfTheBell","Bite","Bite+1","Bite","Bite","Bite","Wireheading+1","Nirvana","Writhe","PathToVictory","PathToVictory+1","Scrawl","Prostrate+1"],"relics":["PureWater","DollysMirror","Pocketwatch","PreservedInsect","FaceOfCleric","Calling Bell","Happy Flower","Kunai","Turnip","Lizard Tail","TungstenRod","Red Mask","Bronze Scales","SlaversCollar","Membership Card"],"acts_visited":["Exordium","TheCity","TheBeyond"],"potions_floor_usage":[40],"damage_taken":[{"damage":1.0,"enemies":"2 Louse","floor":1.0,"turns":2.0},{"damage":3.0,"enemies":"Small Slimes","floor":2.0,"turns":3.0},{"damage":0.0,"enemies":"Cultist","floor":3.0,"turns":2.0},{"damage":10.0,"enemies":"Exordium Wildlife","floor":6.0,"turns":3.0},{"damage":0.0,"enemies":"Blue Slaver","floor":7.0,"turns":4.0},{"damage":0.0,"enemies":"2 Fungi Beasts","floor":11.0,"turns":4.0},{"damage":0.0,"enemies":"3 Louse","floor":13.0,"turns":1.0},{"damage":0.0,"enemies":"Large Slime","floor":14.0,"turns":4.0},{"damage":11.0,"enemies":"Slime Boss","floor":16.0,"turns":9.0},{"damage":6.0,"enemies":"Spheric Guardian","floor":18.0,"turns":6.0},{"damage":20.0,"enemies":"2 Thieves","floor":19.0,"turns":5.0},{"damage":12.0,"enemies":"Snecko","floor":25.0,"turns":7.0},{"damage":13.0,"enemies":"Shelled Parasite and Fungi","floor":28.0,"turns":9.0},{"damage":37.0,"enemies":"Masked Bandits","floor":30.0,"turns":6.0},{"damage":41.0,"enemies":"Collector","floor":33.0,"turns":5.0},{"damage":5.0,"enemies":"3 Shapes","floor":35.0,"turns":3.0},{"damage":6.0,"enemies":"Orb Walker","floor":36.0,"turns":3.0},{"damage":42.0,"enemies":"Sphere and 2 Shapes","floor":39.0,"turns":9.0},{"damage":19,"enemies":"Spire Growth","floor":40,"turns":4},{"damage":25,"enemies":"Nemesis","floor":41,"turns":2}],"seed_played":"5528412033298391219","potions_obtained":[{"floor":3.0,"key":"PowerPotion"},{"floor":7.0,"key":"Swift Potion"},{"floor":11.0,"key":"Explosive Potion"},{"floor":13.0,"key":"SpeedPotion"},{"floor":35.0,"key":"Block Potion"},{"floor":39.0,"key":"StancePotion"}],"is_trial":false,"path_per_floor":["M","M","M","$","?","M","M","R","T","$","M","?","M","M","R","B",null,"M","M","?","$","?","R","$","M","T","?","M","?","?","$","R","B",null,"M","M","?","$","M","M","E"],"character_chosen":"WATCHER","items_purchased":["DollysMirror","ThirdEye","PreservedInsect","Wireheading","Nirvana","Bronze Scales","Membership Card"],"campfire_rested":2,"item_purchase_floors":[4,10,10,21,24,31,38],"current_hp_per_floor":[50,47,47,47,47,37,37,58,58,58,58,58,59,60,60,50,75,70,51,51,51,43,43,43,46,46,46,44,44,11,11,29,31,62,60,59,59,59,31,13,0,0],"gold":65,"neow_bonus":"TWO_FIFTY_GOLD","is_daily":false,"chose_seed":false,"campfire_upgraded":2,"win_rate":0.0,"timestamp":1614025943,"path_taken":["M","M","M","$","?","M","M","R","T","$","M","?","M","?","R","BOSS","M","M","?","$","?","R","$","M","T","?","M","?","?","?","R","BOSS","M","M","?","$","M","?","E"],"items_purchased_type":["Relic","Card","Relic","Card","Card","Relic","Relic"],"build_version":"2020-12-22","purchased_purges":1,"victory":false,"max_hp_per_floor":[72,72,72,72,72,72,72,72,72,72,72,72,73,74,74,75,75,76,77,53,53,58,58,58,59,59,59,60,60,61,61,61,62,62,63,64,64,64,65,66,66,66],"card_choices":[{"not_picked":["JustLucky","SashWhip"],"picked":"ThirdEye","floor":1.0},{"not_picked":["WindmillStrike","JustLucky"],"picked":"PathToVictory","floor":2.0},{"not_picked":["MasterReality","Evaluate"],"picked":"CutThroughFate","floor":3.0},{"not_picked":["Crescendo","Wallop"],"picked":"Evaluate","floor":6.0},{"not_picked":["FollowUp","WreathOfFlame"],"picked":"Pray","floor":7.0},{"not_picked":["FollowUp","Collect","Crescendo"],"picked":"SKIP","floor":11.0},{"not_picked":["BowlingBash","DevaForm"],"picked":"Protect","floor":13.0},{"not_picked":["FlyingSleeves","FollowUp"],"picked":"LikeWater","floor":14.0},{"not_picked":["Omniscience","ConjureBlade"],"picked":"LessonLearned","floor":16.0},{"not_picked":["SashWhip","FlyingSleeves","MentalFortress"],"picked":"SKIP","floor":18.0},{"not_picked":["ClearTheMind","FearNoEvil","EmptyFist"],"picked":"SKIP","floor":19.0},{"not_picked":["Evaluate","Halt","BowlingBash"],"picked":"SKIP","floor":25.0},{"not_picked":["Wallop","SandsOfTime+1"],"picked":"PathToVictory","floor":28.0},{"not_picked":["DeusExMachina","InnerPeace"],"picked":"PathToVictory+1","floor":30.0},{"not_picked":["Wish","Judgement"],"picked":"Scrawl","floor":33.0},{"not_picked":["Study","Swivel"],"picked":"Prostrate+1","floor":35.0},{"not_picked":["Crescendo","Weave+1","WaveOfTheHand"],"picked":"SKIP","floor":36.0},{"not_picked":["Protect","SashWhip+1","Crescendo"],"picked":"SKIP","floor":39.0},{"not_picked":["CrushJoints+1","SignatureMove","FlurryOfBlows"],"picked":"SKIP","floor":40}],"player_experience":152701,"relics_obtained":[{"floor":9.0,"key":"Pocketwatch"},{"floor":17.0,"key":"Happy Flower"},{"floor":17.0,"key":"Kunai"},{"floor":17.0,"key":"Turnip"},{"floor":26.0,"key":"Lizard Tail"},{"floor":30.0,"key":"Red Mask"}],"event_choices":[{"damage_healed":0.0,"max_hp_gain":0.0,"max_hp_loss":0.0,"gold_gain":0.0,"event_name":"Living Wall","player_choice":"Grow","floor":5.0,"gold_loss":0.0,"damage_taken":0.0,"cards_upgraded":["PathToVictory"]},{"damage_healed":0.0,"max_hp_gain":0.0,"max_hp_loss":0.0,"gold_gain":0.0,"event_name":"FaceTrader","player_choice":"Trade","floor":12.0,"gold_loss":0.0,"damage_taken":0.0,"relics_obtained":["FaceOfCleric"]},{"damage_healed":0.0,"max_hp_gain":0.0,"max_hp_loss":24.0,"gold_gain":0.0,"event_name":"Vampires","player_choice":"Became a vampire","floor":20.0,"gold_loss":0.0,"damage_taken":0.0,"cards_obtained":["Bite","Bite","Bite","Bite","Bite"]},{"damage_healed":0.0,"max_hp_gain":5.0,"max_hp_loss":0.0,"gold_gain":0.0,"event_name":"Forgotten Altar","player_choice":"Shed Blood","floor":22.0,"gold_loss":0.0,"damage_taken":13.0},{"damage_healed":0.0,"max_hp_gain":0.0,"max_hp_loss":0.0,"gold_gain":0.0,"event_name":"The Mausoleum","player_choice":"Opened","floor":27.0,"gold_loss":0.0,"damage_taken":0.0,"relics_obtained":["TungstenRod"],"cards_obtained":["Writhe"]},{"damage_healed":0.0,"max_hp_gain":0.0,"max_hp_loss":0.0,"gold_gain":99.0,"event_name":"Nest","player_choice":"Stole From Cult","floor":29.0,"gold_loss":0.0,"damage_taken":0.0},{"damage_healed":0.0,"max_hp_gain":0.0,"max_hp_loss":0.0,"gold_gain":0.0,"event_name":"Masked Bandits","player_choice":"Fought Bandits","floor":30.0,"gold_loss":0.0,"damage_taken":0.0},{"damage_healed":0.0,"max_hp_gain":0.0,"max_hp_loss":0.0,"gold_gain":0.0,"event_name":"NoteForYourself","player_choice":"Ignored","floor":37.0,"gold_loss":0.0,"damage_taken":0.0}],"is_beta":false,"boss_relics":[{"not_picked":["Runic Pyramid","Velvet Choker"],"picked":"Calling Bell"},{"not_picked":["SacredBark","Coffee Dripper"],"picked":"SlaversCollar"}],"items_purged_floors":[24],"is_endless":false,"potions_floor_spawned":[3,7,11,13,19,25,28,35,39],"killed_by":"Nemesis","ascension_level":0}}