{"host":"vh33hu3wddwn6yt6","time":1614026639,"event":{"mods":["AchievementEnabler","Act Like it!","Aspiration","BaseMod","Better Altar","Better Match","Better Note","Better Sensory Stone","Better Skull","Better Third Choice","BetterRewards","Bossed Relics","Downfall","Hubris","Infinite Spire","Minty Spire (QoL Compilation)","Permanent Neow","Replay The Spire","Robot Space Explorer","Shop Mod","Spicy Shops","StSLib","SuperFastMode","The Blackbeard","The Marked","The Necromancer","The Runesmith","The Servant 0.9.4","Wandering Minibosses"],"gold_per_floor":[119,45,45,59,78,105,120,120,120,145,159,17,44,44,44,146,146,164,181,181,7,7,39,58,58,58,90,102,135,135,38,38,135,135,148,193,193,193,213,248,248,261,261,261,261,292,305,322,322,424,424,441,447,454,455,163,176,180,180,180,180,36,36,43,65,65,145,145,141,140,140,139,139,139,64,64,64,80,76,89,89,82,82,163,163,171,171,171,176,76,79,79,79,151,162,168,186,186,202,202,273,273,293,293,99,111,124,124,148,148,148,277,301,301,327,359,359,455,455,479,500,500,526,552,608,242,264,264,264,300,300,339,368,368,465,465,490,490,490,336,357,396,396,396,422,448,483,515,563,605,605,689,689,689,101,124,198],"floor_reached":158,"language":"DEU","playtime":4449,"items_purged":["Strike_P","Delirium","Voices","hubris:Despair"],"score":4756,"play_id":"39e10f6e-e1ec-4234-8f2b-91984b679b14","local_time":"20210222214359","is_ascension_mode":true,"campfire_choices":[{"data":"PathToVictory","floor":8,"key":"SMITH"},{"floor":15,"key":"DIG"},{"floor":30,"key":"REST"},{"floor":32,"key":"REST"},{"floor":41,"key":"REST"},{"data":"LikeWater","floor":44,"key":"SMITH"},{"floor":49,"key":"REST"},{"floor":59,"key":"REST"},{"floor":61,"key":"REST"},{"data":"LikeWater","floor":63,"key":"SMITH"},{"data":"DevaForm","floor":66,"key":"SMITH"},{"floor":74,"key":"REST"},{"floor":76,"key":"REST"},{"floor":83,"key":"DIG"},{"floor":93,"key":"REST"},{"floor":98,"key":"REST"},{"data":"LikeWater","floor":100,"key":"SMITH"},{"data":"Establishment","floor":108,"key":"SMITH"},{"data":"Vigilance","floor":110,"key":"PURGE"},{"data":"Specialist","floor":114,"key":"SMITH"},{"data":"PathToVictory","floor":117,"key":"SMITH"},{"data":"PathToVictory","floor":129,"key":"SMITH"},{"data":"PathToVictory","floor":134,"key":"SMITH"},{"floor":144,"key":"RECALL"},{"data":"Strike_P","floor":151,"key":"SMITH"},{"data":"Defend_P","floor":154,"key":"SMITH"}],"circlet_count":0,"master_deck":["Strike_P","Defend_P","Defend_P+1","Defend_P+1","PathToVictory+1","PathToVictory+1","LikeWater+1","Replay:Cycle","LikeWater+1","PathToVictory+1","PathToVictory+1","Specialist+1","LikeWater+1","LikeWater+1","PathToVictory+1","DevaForm+1","PathToVictory+1","hubris:DuctTapeCard","Establishment+1","Injury","LikeWater+1","LikeWater+1","LikeWater+1"],"relics":["PureWater","PreservedInsect","ReplayTheSpireMod:TigerMarble","infinitespire:Lucky Rock","Replay:Baseball","Replay:Wax Seal","Potion Belt","Ancient Tea Set","hubris:CrystalStatue","Ring of Chaos","Bottled Tornado","OrangePellets","infinitespire:CursedDice","Slimebound:PreparedRelic","Peace Pipe","Pen Nib","Regal Pillow","Astrolabe","White Beast Statue","Dream Catcher","hubris:ScarierMask","DollysMirror","Akabeko","aspiration:SeaSaltIceCream","aspiration:MobileForge","Tiny Chest","hubris:FunFungus","Replay:Ancient Bell","Juzu Bracelet","Mummified Hand","infinitespire:Joker Card","Replay:Bottled Flurry","Strawberry","CloakClasp","aspiration:Lifesprig","infinitespire:EvilPickle","MealTicket","hubris:DuctTape","aspiration:VileToxins","hubris:DeckOfHolding","Runesmith:AutoHammer","Unceasing Top","The Courier","Empty Cage","Frozen Egg 2","aspiration:HummingbirdHeart","TeardropLocket","MerchantsRug","Black Star","infinitespire:Satchel","Mercury Hourglass","hubris:SlimyHat","Orichalcum","Replay:Bandana","Lizard Tail","hubris:TenFootPole","hubris:Zylophone","MutagenicStrength","Replay:Rubber Ducky","HornCleat","hubris:Icosahedron","aspiration:FetidBarrel","Turnip","Replay:WaspNest","Simple Rune","Whetstone","Runesmith:Nanobots","Anchor","Bottled Lightning","SacredBark","BargainBundle","Chemical X","Calipers","War Paint","infinitespire:EmpoweringShard"],"acts_visited":["Exordium","TheCity","TheBeyond","Exordium","TheCity","TheBeyond","Exordium","TheCity","TheBeyond","TheEnding"],"potions_floor_usage":[5,10,23,24,46,47,47,50,50,50,52,55,57,67,67,70,72,72,72,78,80,80,82,86,91,95,96,97,101,101,101,103,124,152,152,152,152,152],"damage_taken":[{"damage":5,"enemies":"2 Louse","floor":1,"turns":3},{"damage":7,"enemies":"Cultist","floor":4,"turns":4},{"damage":0,"enemies":"Jaw Worm","floor":5,"turns":2},{"damage":0,"enemies":"Lagavulin","floor":6,"turns":6},{"damage":2,"enemies":"Looter","floor":7,"turns":3},{"damage":6,"enemies":"3 Sentries","floor":10,"turns":9},{"damage":0,"enemies":"Exordium Wildlife","floor":11,"turns":4},{"damage":0,"enemies":"Lagavulin","floor":13,"turns":4},{"damage":0,"enemies":"Fading Forest","floor":16,"turns":11},{"damage":0,"enemies":"Shell Parasite","floor":18,"turns":3},{"damage":3,"enemies":"Chosen","floor":19,"turns":6},{"damage":11,"enemies":"Book of Stabbing","floor":23,"turns":5},{"damage":9,"enemies":"Snake Plant","floor":24,"turns":3},{"damage":6,"enemies":"Nightmare","floor":27,"turns":5},{"damage":3,"enemies":"Shelled Parasite and Fungi","floor":28,"turns":4},{"damage":7,"enemies":"Book of Stabbing","floor":29,"turns":3},{"damage":26,"enemies":"hubris:MusketHawk","floor":33,"turns":6},{"damage":5,"enemies":"3 Darklings","floor":35,"turns":4},{"damage":7,"enemies":"Orb Walker","floor":39,"turns":3},{"damage":40,"enemies":"Nemesis","floor":40,"turns":5},{"damage":0,"enemies":"4 Shapes","floor":42,"turns":6},{"damage":0,"enemies":"R_Hoarder","floor":46,"turns":6},{"damage":15,"enemies":"Jaw Worm Horde","floor":47,"turns":3},{"damage":13,"enemies":"Maw","floor":48,"turns":5},{"damage":55,"enemies":"hubris:GrandSnecko","floor":50,"turns":9},{"damage":0,"enemies":"2 Louse","floor":52,"turns":1},{"damage":0,"enemies":"Small Slimes","floor":53,"turns":2},{"damage":0,"enemies":"Cultist","floor":54,"turns":3},{"damage":0,"enemies":"Blue Slaver","floor":55,"turns":2},{"damage":41,"enemies":"3 Sentries","floor":57,"turns":5},{"damage":29,"enemies":"Exordium Thugs","floor":58,"turns":3},{"damage":2,"enemies":"2 Fungi Beasts","floor":64,"turns":2},{"damage":2,"enemies":"Gremlin Nob","floor":65,"turns":4},{"damage":36,"enemies":"Hexaghost","floor":67,"turns":6},{"damage":0,"enemies":"3 Byrds","floor":69,"turns":4},{"damage":2,"enemies":"Chosen","floor":70,"turns":5},{"damage":49,"enemies":"Snecko","floor":72,"turns":4},{"damage":19,"enemies":"Gremlin Leader","floor":78,"turns":3},{"damage":0,"enemies":"Cultist and Chosen","floor":79,"turns":4},{"damage":0,"enemies":"Book of Stabbing","floor":80,"turns":3},{"damage":15,"enemies":"Centurion and Healer","floor":82,"turns":4},{"damage":10,"enemies":"Pondfish","floor":84,"turns":6},{"damage":0,"enemies":"3 Shapes","floor":86,"turns":5},{"damage":32,"enemies":"3 Darklings","floor":89,"turns":3},{"damage":73,"enemies":"Nemesis","floor":91,"turns":7},{"damage":7,"enemies":"Reptomancer","floor":95,"turns":5},{"damage":33,"enemies":"Writhing Mass","floor":96,"turns":4},{"damage":18,"enemies":"R_Hoarder","floor":97,"turns":7},{"damage":0,"enemies":"Giant Head","floor":99,"turns":6},{"damage":0,"enemies":"Time Eater","floor":101,"turns":6},{"damage":0,"enemies":"Small Slimes","floor":103,"turns":2},{"damage":0,"enemies":"2 Louse","floor":106,"turns":1},{"damage":0,"enemies":"Jaw Worm","floor":107,"turns":2},{"damage":5,"enemies":"Gremlin Nob","floor":109,"turns":3},{"damage":0,"enemies":"2 Fungi Beasts","floor":113,"turns":2},{"damage":0,"enemies":"3 Sentries","floor":115,"turns":2},{"damage":0,"enemies":"3 Louse","floor":116,"turns":2},{"damage":0,"enemies":"The Guardian","floor":118,"turns":4},{"damage":24,"enemies":"Spheric Guardian","floor":120,"turns":4},{"damage":0,"enemies":"Chosen","floor":121,"turns":5},{"damage":4,"enemies":"Snake Plant","floor":124,"turns":3},{"damage":11,"enemies":"Slavers","floor":125,"turns":3},{"damage":0,"enemies":"Shelled Parasite and Fungi","floor":127,"turns":1},{"damage":7,"enemies":"Book of Stabbing","floor":130,"turns":4},{"damage":2,"enemies":"Slavers","floor":132,"turns":2},{"damage":0,"enemies":"Cultist and Chosen","floor":133,"turns":3},{"damage":39,"enemies":"hubris:MusketHawk","floor":135,"turns":5},{"damage":0,"enemies":"3 Shapes","floor":137,"turns":4},{"damage":0,"enemies":"Orb Walker","floor":141,"turns":3},{"damage":0,"enemies":"R_Hoarder","floor":142,"turns":4},{"damage":0,"enemies":"4 Shapes","floor":146,"turns":4},{"damage":0,"enemies":"Nemesis","floor":147,"turns":3},{"damage":0,"enemies":"Transient","floor":148,"turns":5},{"damage":0,"enemies":"R_Hoarder","floor":149,"turns":4},{"damage":0,"enemies":"Sphere and 2 Shapes","floor":150,"turns":4},{"damage":118,"enemies":"infinitespire:LordOfFortification","floor":152,"turns":10},{"damage":0,"enemies":"Shield and Spear","floor":156,"turns":2},{"damage":0,"enemies":"The Heart","floor":157,"turns":10}],"seed_played":"-1338730619975118940","potions_obtained":[{"floor":4,"key":"Flashbang"},{"floor":6,"key":"LifebloodPotion"},{"floor":16,"key":"BlessingOfTheForge"},{"floor":19,"key":"Energy Potion"},{"floor":27,"key":"Elixir"},{"floor":33,"key":"SteroidPotion"},{"floor":40,"key":"BlessingOfTheForge"},{"floor":42,"key":"BlessingOfTheForge"},{"floor":46,"key":"Weak Potion"},{"floor":47,"key":"Energy Potion"},{"floor":48,"key":"AttackPotion"},{"floor":50,"key":"Fire Potion"},{"floor":52,"key":"BottledMiracle"},{"floor":53,"key":"Dexterity Potion"},{"floor":54,"key":"Fire Potion"},{"floor":55,"key":"Elixir"},{"floor":57,"key":"SpeedPotion"},{"floor":58,"key":"Flashbang"},{"floor":65,"key":"Toxic Potion"},{"floor":67,"key":"Block Potion"},{"floor":69,"key":"Block Potion"},{"floor":70,"key":"Fire Potion"},{"floor":72,"key":"SpeedPotion"},{"floor":78,"key":"FearPotion"},{"floor":79,"key":"Adrenaline Potion"},{"floor":80,"key":"Weak Potion"},{"floor":82,"key":"Fire Potion"},{"floor":84,"key":"LifebloodPotion"},{"floor":86,"key":"AttackPotion"},{"floor":89,"key":"hexamod:SoulburnPotion"},{"floor":91,"key":"SteroidPotion"},{"floor":95,"key":"Block Potion"},{"floor":96,"key":"DuplicationPotion"},{"floor":97,"key":"SkillPotion"},{"floor":99,"key":"Block Potion"},{"floor":101,"key":"Reflective Coating"},{"floor":103,"key":"LifebloodPotion"},{"floor":106,"key":"Explosive Potion"},{"floor":107,"key":"Fire Potion"},{"floor":113,"key":"Swift Potion"},{"floor":116,"key":"LifebloodPotion"},{"floor":124,"key":"Block Potion"},{"floor":142,"key":"Elixir"},{"floor":150,"key":"LifebloodPotion"},{"floor":152,"key":"Ambrosia"},{"floor":156,"key":"sneckomod:MuddlingPotion"},{"floor":157,"key":"FearPotion"}],"is_trial":false,"path_per_floor":["M","$","?","M","M","E","M","R","T","E","M","$","E","?","R","B",null,"M","M","T","$","?","E","M","?","T","NM","M","E","R","$","R","B",null,"M","T","?","AVR","M","E","R","M","T","R","?","E","M","M","R","B",null,"M","M","M","M","$","E","M","R","T","R","$","R","M","E","R","B",null,"M","M","?","M","?","R","$","R","T","E","M","E","?","M","R","B",null,"M","T","?","M","$","E","AVR","R","T","E","M","E","R","E","R","B",null,"M","?","$","M","M","R","E","R","T","$","M","R","E","M","R","B",null,"M","M","?","T","M","E","$","M","T","R","E","?","E","M","R","B",null,"M","?","?","$","M","E","T","R","T","M","E","M","E","M","R","B",null,"R","$","E","B",null],"character_chosen":"WATCHER","items_purchased":["ReplayTheSpireMod:TigerMarble","Replay:Wax Seal","Potion Belt","LikeWater","PathToVictory","OrangePellets","Specialist","DollysMirror","Orrery","Tiny Chest","aspiration:HummingbirdHeart","MerchantsRug","hubris:SlimyHat","Orichalcum","Replay:Bandana","aspiration:FetidBarrel","BargainBundle","Chemical X","LikeWater+1","Calipers"],"campfire_rested":10,"item_purchase_floors":[2,12,12,21,21,21,31,56,56,62,105,112,126,126,126,140,155,155,155,155],"current_hp_per_floor":[67,67,67,60,60,60,58,58,58,52,52,52,52,52,52,72,72,72,69,69,69,69,58,49,49,49,43,40,33,54,54,72,46,72,67,67,72,72,65,25,61,61,61,61,61,65,50,37,72,17,72,72,72,72,72,72,31,2,38,38,72,72,72,70,68,68,43,72,72,72,72,24,24,60,60,72,72,63,66,67,79,67,67,70,79,79,79,79,48,63,54,54,79,79,76,45,32,70,79,79,79,79,79,79,79,79,79,79,79,79,79,79,79,79,79,79,79,79,79,55,62,62,62,60,59,74,74,74,74,76,76,75,78,78,46,79,79,79,82,82,82,82,82,82,82,82,82,82,82,82,82,53,82,82,82,82,82],"gold":198,"neow_bonus":"RANDOM_COMMON_RELIC","is_daily":false,"chose_seed":false,"campfire_upgraded":12,"win_rate":0.0,"timestamp":1614026639,"path_taken":["M","$","?","M","M","E","M","R","T","E","M","$","E","?","R","BOSS","M","?","?","?","?","E","M","?","T","NM","M","E","R","$","R","BOSS","M","?","?","AVR","M","E","R","?","T","R","?","E","M","M","R","BOSS","M","M","M","M","$","E","M","R","T","R","?","R","M","E","R","BOSS","M","M","?","M","?","R","$","R","T","E","M","E","?","M","R","BOSS","M","?","?","M","$","E","AVR","R","T","E","M","E","R","E","R","BOSS","M","?","$","M","M","R","E","R","T","$","M","R","E","M","R","BOSS","M","M","?","?","M","E","$","M","T","R","E","?","E","M","R","BOSS","M","?","?","$","M","E","?","R","T","M","E","M","E","M","R","BOSS","R","$","E","BOSS"],"items_purchased_type":["Relic","Relic","Relic","Card","Card","Relic","Card","Relic","Relic","Relic","Relic","Relic","Relic","Relic","Relic","Relic","Relic","Relic","Card","Relic"],"build_version":"2020-12-22","purchased_purges":4,"victory":true,"max_hp_per_floor":[72,72,72,72,72,72,72,72,72,72,72,72,72,72,72,72,72,72,72,72,72,72,72,72,72,72,72,72,72,72,72,72,72,72,72,72,72,72,72,72,72,72,72,72,72,72,72,72,72,72,72,72,72,72,72,72,72,72,72,72,72,72,72,72,72,72,72,72,72,72,72,72,72,72,72,72,72,79,79,79,79,79,79,79,79,79,79,79,79,79,79,79,79,79,79,79,79,79,79,79,79,79,79,79,79,79,79,79,79,79,79,79,79,79,79,79,79,79,79,79,79,79,79,79,79,79,79,79,79,79,79,79,79,79,79,79,79,79,82,82,82,82,82,82,82,82,82,82,82,82,82,82,82,82,82,82,82],"card_choices":[{"not_picked":["Protect","ReachHeaven"],"picked":"PathToVictory","floor":1},{"not_picked":["JustLucky","FlurryOfBlows","Replay:AtTheReady"],"picked":"SKIP","floor":4},{"not_picked":["Replay:Hum","Protect","Omniscience"],"picked":"SKIP","floor":5},{"not_picked":["Collect","Weave","Evaluate"],"picked":"SKIP","floor":6},{"not_picked":["ClearTheMind","Evaluate"],"picked":"PathToVictory","floor":7},{"not_picked":["Scrawl","SandsOfTime"],"picked":"LikeWater","floor":10},{"not_picked":["Tantrum","Halt","SignatureMove"],"picked":"SKIP","floor":11},{"not_picked":["Tantrum","EmptyBody","Replay:AtTheReady"],"picked":"SKIP","floor":13},{"not_picked":["Replay:Cycle","Swivel","Prostrate"],"picked":"SKIP","floor":18},{"not_picked":["Nirvana","Crescendo","CarveReality"],"picked":"SKIP","floor":19},{"not_picked":["Replay:ManipulateFuture","JustLucky","Replay:Cycle+1"],"picked":"SKIP","floor":23},{"not_picked":["EmptyBody","Evaluate+1","ThirdEye"],"picked":"SKIP","floor":24},{"not_picked":["Swivel","Replay:LoomingThreat","Perseverance"],"picked":"SKIP","floor":27},{"not_picked":["WreathOfFlame","SignatureMove"],"picked":"PathToVictory+1","floor":28},{"not_picked":["JustLucky","Evaluate","Indignation"],"picked":"SKIP","floor":29},{"not_picked":["Weave","BowlingBash+1","Replay:Cycle"],"picked":"SKIP","floor":35},{"not_picked":["Consecrate","EmptyFist","Replay:Cycle+1"],"picked":"SKIP","floor":39},{"not_picked":["Replay:BluntJabs","Wireheading+1","Replay:LoomingThreat"],"picked":"SKIP","floor":40},{"not_picked":["SashWhip","Replay:BluntJabs+1","Weave"],"picked":"SKIP","floor":42},{"not_picked":["FlyingSleeves","Collect","Nirvana+1"],"picked":"SKIP","floor":46},{"not_picked":["Conclude+1","Meditate+1","EmptyMind+1"],"picked":"SKIP","floor":47},{"not_picked":["JustLucky","FlyingSleeves","Replay:BluntJabs+1"],"picked":"SKIP","floor":48},{"not_picked":["Replay:BluntJabs","CutThroughFate"],"picked":"LikeWater","floor":52},{"not_picked":["Replay:AtTheReady","Consecrate","Crescendo"],"picked":"SKIP","floor":53},{"not_picked":["InnerPeace","BowlingBash","Consecrate"],"picked":"SKIP","floor":54},{"not_picked":["CrushJoints","WaveOfTheHand","BowlingBash"],"picked":"SKIP","floor":55},{"not_picked":["DeceiveReality","Wireheading","Perseverance"],"picked":"SKIP","floor":57},{"not_picked":["ClearTheMind","ThirdEye","CarveReality"],"picked":"SKIP","floor":58},{"not_picked":["Pray","Replay:ManipulateFuture"],"picked":"LikeWater","floor":59},{"not_picked":["Replay:ManipulateFuture","BowlingBash"],"picked":"PathToVictory","floor":61},{"not_picked":["Prostrate","Replay:Cycle","CrushJoints"],"picked":"SKIP","floor":64},{"not_picked":["PathToVictory","LikeWater"],"picked":"DevaForm","floor":65},{"not_picked":["ReplayTheSpireMod:Splinters","Amnesia"],"picked":"Delirium","floor":68},{"not_picked":["Looming Evil","hubris:Disease"],"picked":"Voices","floor":68},{"not_picked":["ReplayTheSpireMod:Splinters","Hallucinations"],"picked":"hubris:Despair","floor":68},{"not_picked":["Replay:ManipulateFuture","JustLucky","Crescendo"],"picked":"SKIP","floor":69},{"not_picked":["Replay:BluntJabs","Swivel","Crescendo"],"picked":"SKIP","floor":70},{"not_picked":["WreathOfFlame","WindmillStrike","DeceiveReality"],"picked":"SKIP","floor":72},{"not_picked":["Indignation","FollowUp"],"picked":"PathToVictory","floor":76},{"not_picked":["Vault","Protect","WheelKick+1"],"picked":"SKIP","floor":78},{"not_picked":["MentalFortress","EmptyBody+1","CutThroughFate"],"picked":"SKIP","floor":79},{"not_picked":["FollowUp","Pray","EmptyFist"],"picked":"SKIP","floor":80},{"not_picked":["Replay:AtTheReady","TalkToTheHand+1","Blasphemy"],"picked":"SKIP","floor":82},{"not_picked":["Protect+1","FearNoEvil"],"picked":"ClearTheMind+1","floor":86},{"not_picked":["Tantrum+1","SashWhip+1","BattleHymn+1"],"picked":"SKIP","floor":89},{"not_picked":["WaveOfTheHand","Replay:ManipulateFuture+1","Evaluate"],"picked":"SKIP","floor":91},{"not_picked":["BattleHymn","ThirdEye","Weave+1"],"picked":"SKIP","floor":95},{"not_picked":["Tantrum+1","Replay:BluntJabs+1","SashWhip"],"picked":"SKIP","floor":96},{"not_picked":["SashWhip","FlurryOfBlows+1","FearNoEvil"],"picked":"SKIP","floor":97},{"not_picked":["Replay:AtTheReady+1","JustLucky+1","Vault"],"picked":"SKIP","floor":99},{"not_picked":["MasterReality","LessonLearned"],"picked":"Establishment","floor":101},{"not_picked":["Sanctity","Protect","SignatureMove"],"picked":"SKIP","floor":103},{"not_picked":["Replay:DivineShield","SignatureMove","ClearTheMind"],"picked":"SKIP","floor":106},{"not_picked":["CutThroughFate","Swivel","Crescendo"],"picked":"SKIP","floor":107},{"not_picked":["Evaluate","SashWhip","Halt"],"picked":"SKIP","floor":109},{"not_picked":["Replay:Anticipation","Nirvana+1","PathToVictory"],"picked":"SKIP","floor":113},{"not_picked":["CarveReality","Replay:Vibes","FlurryOfBlows"],"picked":"SKIP","floor":115},{"not_picked":["LessonLearned","BattleHymn+1","CutThroughFate"],"picked":"SKIP","floor":116},{"not_picked":["CrushJoints","Conclude","FearNoEvil"],"picked":"SKIP","floor":120},{"not_picked":["BowlingBash","Swivel+1","Replay:Vibes+1"],"picked":"SKIP","floor":121},{"not_picked":["Evaluate","ClearTheMind","CarveReality"],"picked":"SKIP","floor":124},{"not_picked":["CutThroughFate+1","PathToVictory+1","Prostrate"],"picked":"SKIP","floor":125},{"not_picked":["DeceiveReality","Replay:AtTheReady"],"picked":"LikeWater+1","floor":127},{"not_picked":["Weave+1","Prostrate","Wish"],"picked":"SKIP","floor":130},{"not_picked":["Swivel+1","Meditate+1","EmptyBody"],"picked":"SKIP","floor":132},{"not_picked":["ThirdEye","SignatureMove","Replay:AtTheReady"],"picked":"SKIP","floor":133},{"not_picked":["Replay:AtTheReady+1","FlyingSleeves","FlurryOfBlows"],"picked":"SKIP","floor":137},{"not_picked":["Halt+1","Replay:Cycle+1","JustLucky"],"picked":"SKIP","floor":141},{"not_picked":["Tantrum","Worship","BattleHymn+1"],"picked":"SKIP","floor":142},{"not_picked":["BowlingBash","SandsOfTime+1","EmptyFist"],"picked":"SKIP","floor":146},{"not_picked":["BowlingBash+1","Crescendo","EmptyBody+1"],"picked":"SKIP","floor":147},{"not_picked":["SashWhip+1","JustLucky+1","ThirdEye+1"],"picked":"SKIP","floor":148},{"not_picked":["DeceiveReality","BattleHymn+1"],"picked":"LikeWater+1","floor":149},{"not_picked":["Swivel","SashWhip+1","JustLucky+1"],"picked":"SKIP","floor":150},{"not_picked":["FlurryOfBlows","JustLucky","Tantrum+1"],"picked":"SKIP","floor":156}],"player_experience":640121,"relics_obtained":[{"floor":6,"key":"infinitespire:Lucky Rock"},{"floor":9,"key":"hubris:Reverence"},{"floor":10,"key":"Replay:Baseball"},{"floor":13,"key":"Ancient Tea Set"},{"floor":15,"key":"hubris:CrystalStatue"},{"floor":20,"key":"Bottled Tornado"},{"floor":23,"key":"infinitespire:CursedDice"},{"floor":26,"key":"Slimebound:PreparedRelic"},{"floor":27,"key":"Peace Pipe"},{"floor":29,"key":"Pen Nib"},{"floor":36,"key":"Regal Pillow"},{"floor":40,"key":"Chameleon Ring"},{"floor":43,"key":"White Beast Statue"},{"floor":46,"key":"Dream Catcher"},{"floor":57,"key":"Akabeko"},{"floor":60,"key":"aspiration:SeaSaltIceCream"},{"floor":65,"key":"hubris:FunFungus"},{"floor":77,"key":"Replay:Bottled Flurry"},{"floor":78,"key":"Strawberry"},{"floor":80,"key":"CloakClasp"},{"floor":83,"key":"aspiration:Lifesprig"},{"floor":87,"key":"MealTicket"},{"floor":91,"key":"hubris:DuctTape"},{"floor":94,"key":"hubris:DeckOfHolding"},{"floor":95,"key":"Runesmith:AutoHammer"},{"floor":97,"key":"Unceasing Top"},{"floor":99,"key":"The Courier"},{"floor":109,"key":"TeardropLocket"},{"floor":115,"key":"Damaru"},{"floor":125,"key":"infinitespire:Satchel"},{"floor":125,"key":"Mercury Hourglass"},{"floor":128,"key":"Lizard Tail"},{"floor":130,"key":"hubris:TenFootPole"},{"floor":130,"key":"hubris:Zylophone"},{"floor":132,"key":"Replay:Rubber Ducky"},{"floor":132,"key":"HornCleat"},{"floor":142,"key":"Turnip"},{"floor":143,"key":"Replay:WaspNest"},{"floor":145,"key":"Simple Rune"},{"floor":147,"key":"Whetstone"},{"floor":147,"key":"Runesmith:Nanobots"},{"floor":149,"key":"Anchor"},{"floor":149,"key":"Bottled Lightning"},{"floor":156,"key":"War Paint"},{"floor":156,"key":"infinitespire:EmpoweringShard"}],"event_choices":[{"damage_healed":0,"gold_gain":0,"player_choice":"Grow","damage_taken":0,"max_hp_gain":0,"max_hp_loss":0,"event_name":"Living Wall","floor":3,"gold_loss":0,"cards_upgraded":["PathToVictory"]},{"damage_healed":0,"gold_gain":0,"cards_transformed":["Strike_P"],"player_choice":"Transformed","damage_taken":0,"max_hp_gain":0,"max_hp_loss":0,"event_name":"Transmorgrifier","floor":14,"gold_loss":0,"cards_obtained":["Replay:Cycle"]},{"cards_removed":["Strike_P"],"damage_healed":0,"gold_gain":0,"player_choice":"Purged","damage_taken":0,"max_hp_gain":0,"max_hp_loss":0,"event_name":"Purifier","floor":22,"gold_loss":0},{"damage_healed":0,"gold_gain":0,"player_choice":"Ignored","damage_taken":0,"max_hp_gain":0,"max_hp_loss":0,"event_name":"betterNote:BetterNote","floor":25,"gold_loss":0,"cards_obtained":["Defend_S"]},{"damage_healed":0,"gold_gain":0,"player_choice":"Ignored","damage_taken":0,"max_hp_gain":0,"max_hp_loss":0,"event_name":"betterThird:BetterPortal","floor":45,"gold_loss":0},{"damage_healed":0,"gold_gain":0,"player_choice":"Ignored","damage_taken":0,"max_hp_gain":0,"max_hp_loss":0,"event_name":"blackbeard:ShipwreckEvent","floor":73,"gold_loss":0},{"damage_healed":26,"gold_gain":0,"player_choice":"Heal","damage_taken":0,"max_hp_gain":0,"max_hp_loss":0,"event_name":"The Library","floor":81,"gold_loss":0},{"damage_healed":0,"gold_gain":0,"player_choice":"Ignored","damage_taken":0,"max_hp_gain":0,"max_hp_loss":0,"event_name":"Tomb of Lord Red Mask","floor":88,"gold_loss":0},{"damage_healed":0,"gold_gain":0,"player_choice":"1","damage_taken":0,"max_hp_gain":0,"max_hp_loss":0,"event_name":"betterMatch:BetterMatch","floor":122,"gold_loss":0,"cards_obtained":["betterMatch:ColorlessRareCard"]},{"damage_healed":0,"gold_gain":0,"player_choice":"Inject Mutagens","damage_taken":0,"relics_obtained":["MutagenicStrength"],"max_hp_gain":0,"max_hp_loss":0,"event_name":"Drug Dealer","floor":131,"gold_loss":0}],"is_beta":false,"boss_relics":[{"not_picked":["Runesmith:UraniumAnvil","aspiration:FutureDiary"],"picked":"Ring of Chaos"},{"not_picked":["hubris:BlackHole","Coffee Dripper","hubris:GrandSneckoEye"]},{"not_picked":["Snecko Eye","Kintsugi"],"picked":"hubris:ScarierMask"},{"not_picked":["hubris:Stopwatch","hubris:BlackHole"],"picked":"Replay:Ancient Bell"},{"not_picked":["Gremlin Food","Vajra"],"picked":"Juzu Bracelet"},{"not_picked":["Frozen Egg 2","Garlic"],"picked":"Mummified Hand"},{"not_picked":["Turnip","Counterbalance"],"picked":"infinitespire:Joker Card"},{"not_picked":["aspiration:FutureDiary","aspiration:RitualDagger","Cursed Key"]},{"not_picked":["Fusion Hammer","Painkiller Herb"],"picked":"Empty Cage"},{"not_picked":["Abe\u0027s Treasure","hubris:HollowSoul"],"picked":"Black Star"},{"not_picked":["hubris:TerracottaHorce","hubris:BlackHole","ChewingGum"]},{"not_picked":["Coffee Dripper","Cursed Key"],"picked":"SacredBark"}],"items_purged_floors":[38,75,90,92],"is_endless":true,"potions_floor_spawned":[4,6,16,19,27,33,40,42,46,47,48,50,52,53,54,55,57,58,64,65,67,69,70,72,78,79,80,82,84,86,89,91,95,96,97,99,101,103,106,107,109,113,115,116,118,120,121,124,125,127,130,132,133,135,137,141,142,146,147,148,149,150,152,156,157],"ascension_level":1}}