{"host":"ocll6kdfqxraqtza","time":1614002767,"event":{"mods":["100% Spire Juice","2.2 Compatiblity","Act Like it!","Arknights","Aspiration","BaseMod","Better Third Choice","Gensokyo","Good Game Mod","Hermit","Hubris","Jorbs\u0027s Wanderer Trilogy","Luminous","MarisaÅiñ∂âJÅ@ñÇóùçπÅj","Minty Spire (QoL Compilation)","Reliquary","Replay The Spire","Ruina","Shade Mod","Spire Arcade","StSLib","The Alterego","The Cursed","The Hierophant","The Marked","The Runesmith","Wandering Minibosses"],"gold_per_floor":[110,35,35,35,35,65,65,78,103,103,114,114,137,153,153,251,251,249,209,89,89,105,139,139,199,224,252,302,349,349,391,391,461,461,487,512,799,851,906,293,360,403,427,520,285,285,367,367,367,367,367,367,58,106,166,166],"floor_reached":55,"language":"ENG","playtime":1925,"items_purged":["hierophant:Strike_Hierophant","hierophant:Defend_Hierophant","hierophant:Strike_Hierophant","hierophant:Defend_Hierophant","hierophant:Defend_Hierophant"],"score":1082,"play_id":"ee66523d-61e8-45f6-be66-a42e6314aa44","local_time":"20210222220607","is_ascension_mode":true,"campfire_choices":[{"data":"hierophant:LocustPlague","floor":7.0,"key":"SMITH"},{"data":"hierophant:ChurchCoffers","floor":12,"key":"SMITH"},{"data":"theMarked:Defy","floor":15,"key":"SMITH"},{"data":"hierophant:LocustPlague","floor":24,"key":"SMITH"},{"data":"hierophant:Punish","floor":32,"key":"SMITH"},{"floor":46,"key":"RECALL"},{"data":"hubris:DuctTapeCard","floor":49,"key":"SMITH"},{"data":"Distraction","floor":52,"key":"SMITH"}],"circlet_count":0,"master_deck":["hierophant:Punish+1","hierophant:ChurchCoffers+1","hierophant:LocustPlague+1","theMarked:Defy+1","hierophant:Rebuild","hierophant:Encroach","hierophant:Empathy","hermit:Gestalt","hierophant:Flagellation","hermit:Headshot","hierophant:WrathOfGod+1","hermit:GhostlyPresence","hierophant:RustyCrate+1","hierophant:Doubloon","hierophant:Doubloon","hierophant:LocustPlague+1","hierophant:Encroach+1","hierophant:Martyrdom+1","hierophant:SealAway+1","Heel Hook","Flying Knee","Distraction+1","hierophant:Kindle","hierophant:Invocation","hierophant:Alms+1","Regret","hermit:Vantage","hierophant:ThreeLashes+1","hierophant:LocustPlague+1","hierophant:Sermon+1","Metamorphosis","hierophant:FaithHealing+1","hierophant:OrnateJavelin+1","hierophant:Embezzle+1","hubris:DuctTapeCard+2","hierophant:Martyrdom","hierophant:FaithHealing+1"],"relics":["hierophant:PropheticMaskRelic","REME:ComplimentaryCards","hubris:Towel","Meat on the Bone","Toolbox","Anchor","aspiration:FrozenJewel","hubris:DisguiseKit","Tiny Chest","Onion Ring","Akabeko","Sozu","Gensokyo:SpiderMask","Snack Pack","ReplayTheSpireMod:Ninjato","hubris:PeanutButter","Smiling Mask","Philosopher\u0027s Stone","MawBank","DollysMirror","Replay:Baseball","reliquary:Stiletto","TungstenRod","hubris:DuctTape","Ice Cream","Pen Nib"],"acts_visited":["Gensokyo:Gensokyo","Gensokyo:Gensokyoer","TheBeyond","TheEnding"],"potions_floor_usage":[10,54],"damage_taken":[{"damage":2.0,"enemies":"Gensokyo:Python","floor":1.0,"turns":3.0},{"damage":13.0,"enemies":"Gensokyo:Mamizou","floor":6.0,"turns":6.0},{"damage":0.0,"enemies":"Gensokyo:Cirno","floor":8.0,"turns":2.0},{"damage":0,"enemies":"Gensokyo:Aya","floor":10,"turns":3},{"damage":0,"enemies":"Gensokyo:Gryphon","floor":11,"turns":2},{"damage":0,"enemies":"Gensokyo:3_Fairies","floor":14,"turns":2},{"damage":23,"enemies":"Gensokyo:Kokoro","floor":16,"turns":7},{"damage":7,"enemies":"Gensokyo:CosmicMonolith","floor":18,"turns":2},{"damage":0,"enemies":"Gensokyo:Chomper","floor":22,"turns":2},{"damage":1,"enemies":"Gensokyo:Reisen","floor":23,"turns":3},{"damage":0,"enemies":"Gensokyo:Koishi","floor":25,"turns":1},{"damage":0,"enemies":"Gensokyo:3_Gloops","floor":27,"turns":1},{"damage":0,"enemies":"Gensokyo:Wraith","floor":28,"turns":2},{"damage":0,"enemies":"Gensokyo:Mirror_and_Dog","floor":29,"turns":1},{"damage":0,"enemies":"Gensokyo:Swordslinger","floor":31,"turns":3},{"damage":0,"enemies":"Gensokyo:Eternal_Rivals","floor":33,"turns":6},{"damage":0,"enemies":"Orb Walker","floor":35,"turns":2},{"damage":0,"enemies":"3 Shapes","floor":38,"turns":1},{"damage":0,"enemies":"Sphere and 2 Shapes","floor":39,"turns":1},{"damage":1,"enemies":"Nemesis","floor":41,"turns":3},{"damage":0,"enemies":"Spire Growth","floor":42,"turns":2},{"damage":0,"enemies":"2 Orb Walkers","floor":44,"turns":2},{"damage":39,"enemies":"Replay:Hell Engine","floor":50,"turns":6},{"damage":4,"enemies":"Shield and Spear","floor":54,"turns":3},{"damage":97,"enemies":"The Heart","floor":55,"turns":6}],"seed_played":"-3209924182871262921","potions_obtained":[{"floor":1.0,"key":"Fire Potion"},{"floor":10,"key":"Flashbang"}],"is_trial":false,"path_per_floor":["M","$","?","?","$","E","R","E","T","E","M","R","T","M","R","B",null,"M","?","?","T","M","E","R","E","T","M","M","M","?","M","R","B",null,"M","T","?","M","M","$","E","M","T","?","$","R","T","?","R","B",null,"R","$","E","B"],"character_chosen":"HIEROPHANT","items_purchased":["Meat on the Bone","Toolbox","Anchor","DollysMirror","Replay:Baseball","hierophant:Sermon+1","Metamorphosis","Dramatic Entrance","Apotheosis","Ice Cream"],"campfire_rested":0,"item_purchase_floors":[5,5,5,40,40,40,40,40,45,53],"current_hp_per_floor":[73,73,73,73,26,25,25,37,37,49,49,49,49,49,49,38,75,68,68,68,68,68,67,67,67,67,67,67,67,67,67,67,71,75,75,75,75,75,75,75,74,75,75,75,75,75,75,75,75,38,75,75,75,71,0,0],"gold":166,"neow_bonus":"ONE_RANDOM_RARE_CARD","is_daily":false,"chose_seed":false,"campfire_upgraded":7,"win_rate":0.0,"timestamp":1614002767,"path_taken":["M","$","?","?","?","E","R","E","T","E","M","R","?","M","R","BOSS","M","?","?","?","?","E","R","E","T","M","M","M","?","?","R","BOSS","M","?","?","?","M","$","E","M","T","?","$","R","?","?","R","BOSS","R","$","E","BOSS"],"items_purchased_type":["Relic","Relic","Relic","Relic","Relic","Card","Card","Card","Card","Relic"],"build_version":"2020-12-22","purchased_purges":5,"victory":false,"max_hp_per_floor":[75,75,75,75,75,75,75,75,75,75,75,75,75,75,75,75,75,75,75,75,75,75,75,75,75,75,75,75,75,75,75,75,75,75,75,75,75,75,75,75,75,75,75,75,75,75,75,75,75,75,75,75,75,75,75,75],"card_choices":[{"not_picked":["hierophant:Doubloon","hierophant:DisplayOfPower"],"picked":"hierophant:Rebuild","floor":1.0},{"not_picked":["hierophant:AuricBeam","hierophant:RustyCrate"],"picked":"hierophant:Encroach","floor":6.0},{"not_picked":["hierophant:AuricForm","hierophant:MorningPrayer"],"picked":"hierophant:Empathy","floor":8.0},{"not_picked":["hierophant:Chorus","hierophant:Encroach","hierophant:Exaltation"],"picked":"hermit:Gestalt","floor":10},{"not_picked":["hierophant:AuricBeam","hierophant:FaithHealing","hermit:FlashPowder"],"picked":"hierophant:Flagellation","floor":11},{"not_picked":["hierophant:SealAway","hierophant:Encroach","hierophant:AuricBeam"],"picked":"hermit:Headshot","floor":14},{"not_picked":["hierophant:DeathKnell","hierophant:Generosity","hermit:Reprieve"],"picked":"hierophant:WrathOfGod","floor":16},{"not_picked":["hierophant:PassingBell","hierophant:RustyCrate","hierophant:AuricBeam"],"picked":"hermit:GhostlyPresence","floor":18},{"not_picked":["hierophant:Doubloon","hierophant:CursedGold","hermit:ItchyTrigger"],"picked":"hierophant:RustyCrate+1","floor":22},{"not_picked":["hierophant:RecallFunds","hierophant:Rebuild","hermit:Glare"],"picked":"hierophant:LocustPlague","floor":23},{"not_picked":["hierophant:Exaltation+1","hierophant:HammerAndAnvil","hermit:TakeAim"],"picked":"hierophant:Encroach+1","floor":25},{"not_picked":["hierophant:RepressedViolence","hierophant:Exaltation","hierophant:RustyCrate"],"picked":"hermit:HighNoon","floor":27},{"not_picked":["hierophant:OrnateJavelin","hierophant:SealAway","hermit:FlashPowder"],"picked":"hierophant:Martyrdom+1","floor":28},{"not_picked":["hierophant:FlamingChariot+1","hierophant:ArchangelShield","hermit:Coalescence"],"picked":"hierophant:SealAway+1","floor":29},{"not_picked":["hierophant:SealAway","hierophant:Rebuild","hermit:TakeCover"],"picked":"hierophant:Kindle","floor":31},{"not_picked":["hierophant:DeathKnell","hierophant:Generosity","hermit:BlackWind"],"picked":"hierophant:Invocation","floor":33},{"not_picked":["hierophant:Smite","hierophant:Doubloon","hermit:LuckOfTheDraw"],"picked":"hierophant:Alms+1","floor":35},{"not_picked":["hierophant:HammerAndAnvil","hierophant:AuricBeam+1","hierophant:Blessing"],"picked":"hermit:Vantage","floor":38},{"not_picked":["hierophant:Exaltation","hierophant:HammerAndAnvil","hermit:Desperado"],"picked":"hierophant:ThreeLashes+1","floor":39},{"not_picked":["hierophant:SealAway","hierophant:Zeal+1","hermit:Midnight"],"picked":"hierophant:FaithHealing+1","floor":41},{"not_picked":["hierophant:Patience","hierophant:Zeal+1","hermit:Quickdraw"],"picked":"hierophant:OrnateJavelin+1","floor":42},{"not_picked":["hierophant:Encroach","hierophant:Racketeering","hermit:Desperado"],"picked":"hierophant:Embezzle+1","floor":44},{"not_picked":["hierophant:Doubloon+1","hierophant:MirrorShield","hermit:Manifest"],"picked":"hierophant:FaithHealing+1","floor":54}],"player_experience":559640,"relics_obtained":[{"floor":6.0,"key":"aspiration:FrozenJewel"},{"floor":8.0,"key":"hubris:DisguiseKit"},{"floor":9.0,"key":"Tiny Chest"},{"floor":10,"key":"Onion Ring"},{"floor":13,"key":"Akabeko"},{"floor":21,"key":"Snack Pack"},{"floor":23,"key":"ReplayTheSpireMod:Ninjato"},{"floor":25,"key":"hubris:PeanutButter"},{"floor":26,"key":"Smiling Mask"},{"floor":36,"key":"MawBank"},{"floor":41,"key":"reliquary:Stiletto"},{"floor":44,"key":"TungstenRod"},{"floor":47,"key":"hubris:DuctTape"},{"floor":54,"key":"Pen Nib"}],"event_choices":[{"damage_healed":0,"gold_gain":275,"player_choice":"Desecrate","damage_taken":0,"max_hp_gain":0,"max_hp_loss":0,"event_name":"Golden Shrine","floor":37,"gold_loss":0,"cards_obtained":["Regret"]},{"damage_healed":0,"gold_gain":0,"player_choice":"Fight","damage_taken":0,"max_hp_gain":0,"max_hp_loss":0,"event_name":"Mysterious Sphere","floor":44,"gold_loss":0},{"damage_healed":0,"gold_gain":0,"cards_transformed":["hermit:HighNoon"],"player_choice":"Transformed","damage_taken":0,"max_hp_gain":0,"max_hp_loss":0,"event_name":"Transmorgrifier","floor":48,"gold_loss":0,"cards_obtained":["hierophant:Martyrdom"]}],"is_beta":false,"boss_relics":[{"not_picked":["SlaversCollar","ReplayTheSpireMod:DimensionalGlitch"],"picked":"Sozu"},{"not_picked":["Tiny House","hubris:Stopwatch"],"picked":"Philosopher\u0027s Stone"}],"items_purged_floors":[2,5,5,40,45],"is_endless":false,"potions_floor_spawned":[1,10,18,23,27,35,41,44,54],"killed_by":"The Heart","ascension_level":2}}