{"host":"2d69zsihwnsihkt1","time":1614012476,"event":{"mods":["AchievementEnabler","Act Like it!","BaseMod","Better Altar","Better Note","Better Skull","Bossed Relics","Colored Map","Colored Powertips","Curses Come First","Displayed Cursed Tome","Googly Eyes","Hermit","Minty Spire (QoL Compilation)","Rare Cards Sparkle","Relic Stats","Replay The Spire","Robot Space Explorer","Shapeshifter Mod","Shop Mod","StSLib","The Forsaken","The Hayseed","The Runesmith"],"gold_per_floor":[110,110,110,185,185,185,211,211,211,538,551,551,551,565,565,664,664,630,630,159,169,183,183,208,208,262,293,293,293,293,311,405,419,419,519,619,633,633,652,665,686,686,714,714,738,738,444,464,483,499,499,499],"floor_reached":53,"language":"ENG","playtime":10226,"items_purged":["theForsaken:TheForsaken_Strike"],"score":835,"play_id":"071650fa-ca21-4d67-8154-ca60e0596c12","local_time":"20210222104756","is_ascension_mode":true,"campfire_choices":[{"data":"theForsaken:Smite","floor":6,"key":"SMITH"},{"floor":8,"key":"REST"},{"data":"theForsaken:Prudence","floor":13,"key":"SMITH"},{"floor":23,"key":"REST"},{"floor":25,"key":"REST"},{"floor":28,"key":"DIG"},{"floor":34,"key":"REST"},{"floor":42,"key":"REST"},{"floor":44,"key":"REST"},{"data":"ReplayUltimateDefense","floor":51,"key":"SMITH"}],"circlet_count":0,"master_deck":["theForsaken:TheForsaken_Strike","theForsaken:TheForsaken_Strike","theForsaken:TheForsaken_Strike","theForsaken:TheForsaken_Defend","theForsaken:TheForsaken_Defend","theForsaken:TheForsaken_Defend","theForsaken:Smite+1","theForsaken:Penitence","theForsaken:Prudence+1","theForsaken:BountifulSunlight","theForsaken:Prudence","theForsaken:DefensiveStance","theForsaken:Devotion+1","theForsaken:SacredOath+1","theForsaken:DarkBarrier+1","theForsaken:AncientWords","theForsaken:SacredOath+1","theForsaken:TearsOfSunlight","theForsaken:WrathOfGod+1","theForsaken:Retribution+1","theForsaken:DefensiveStance+1","ReplayUltimateDefense+1","Parasite"],"relics":["theForsaken:ScalesOfTruth","Akabeko","Quantum Egg","Old Coin","Medical Kit","Toxic Egg 2","Replay:Multitool","Smiling Mask","Torii","Bronze Scales","Replay:Wanted Poster","Counterbalance","Chameleon Ring","ReplayTheSpireMod:TigerMarble"],"acts_visited":["Exordium","TheCity","TheBeyond"],"potions_floor_usage":[16,16,18,24,33,43,43,52],"damage_taken":[{"damage":0,"enemies":"Cultist","floor":1,"turns":3},{"damage":32,"enemies":"3 Sentries","floor":7,"turns":10},{"damage":25,"enemies":"Lagavulin","floor":10,"turns":8},{"damage":0,"enemies":"2 Louse","floor":11,"turns":3},{"damage":6,"enemies":"Small Slimes","floor":14,"turns":2},{"damage":45,"enemies":"Hexaghost","floor":16,"turns":16},{"damage":46,"enemies":"2 Thieves","floor":18,"turns":5},{"damage":2,"enemies":"Chosen","floor":21,"turns":8},{"damage":22,"enemies":"Snake Plant","floor":22,"turns":7},{"damage":80,"enemies":"Gremlin Leader","floor":24,"turns":10},{"damage":17,"enemies":"Replay:Snechameleon","floor":27,"turns":12},{"damage":13,"enemies":"Centurion and Healer","floor":31,"turns":7},{"damage":25,"enemies":"3 Cultists","floor":33,"turns":9},{"damage":36,"enemies":"Champ","floor":35,"turns":20},{"damage":45,"enemies":"3 Darklings","floor":37,"turns":9},{"damage":20,"enemies":"Orb Walker","floor":39,"turns":8},{"damage":30,"enemies":"Transient","floor":40,"turns":5},{"damage":76,"enemies":"Reptomancer","floor":43,"turns":11},{"damage":7,"enemies":"Maw","floor":48,"turns":11},{"damage":1,"enemies":"Writhing Mass","floor":49,"turns":10},{"damage":7,"enemies":"Transient","floor":50,"turns":5},{"damage":86,"enemies":"Awakened One","floor":52,"turns":17}],"seed_played":"1263993811627292941","potions_obtained":[{"floor":1,"key":"BlessingOfTheForge"},{"floor":11,"key":"Venom Potion"},{"floor":14,"key":"Elixir"},{"floor":18,"key":"ColorlessPotion"},{"floor":22,"key":"Adrenaline Potion"},{"floor":33,"key":"BlessingOfTheForge"},{"floor":39,"key":"AttackPotion"},{"floor":40,"key":"FairyPotion"},{"floor":48,"key":"Dexterity Potion"}],"is_trial":false,"path_per_floor":["M","$","?","?","?","R","E","R","T","E","M","?","R","M","R_BF","B",null,"M","?","$","M","M","R","E","R","T","E","R","PTL","PTL","M","R","M","R","B",null,"M","?","M","M","?","R","E","R","T","?","$","M","M","M","R","B",null],"character_chosen":"THE_FORSAKEN","items_purchased":["theForsaken:DefensiveStance","Medical Kit","Toxic Egg 2","theForsaken:DefensiveStance+1","ReplayUltimateDefense"],"campfire_rested":6,"item_purchase_floors":[20,20,20,47,47],"current_hp_per_floor":[65,65,65,54,59,59,42,63,63,50,54,54,54,51,70,70,70,33,33,33,51,42,63,26,47,47,68,68,68,68,66,66,46,67,50,70,55,55,64,45,28,49,29,50,50,80,80,73,80,75,75,56],"gold":499,"neow_bonus":"ONE_RANDOM_RARE_CARD","is_daily":false,"chose_seed":false,"campfire_upgraded":3,"win_rate":0.0,"timestamp":1614012476,"path_taken":["M","$","?","?","?","R","E","R","T","E","M","?","R","M","R_BF","BOSS","M","?","$","?","M","R","E","R","T","E","R","PTL","PTL","M","R","M","R","BOSS","M","?","?","M","?","R","E","R","T","?","$","M","?","M","R","BOSS"],"items_purchased_type":["Card","Relic","Relic","Card","Card"],"build_version":"2020-12-22","purchased_purges":1,"victory":true,"max_hp_per_floor":[65,65,65,65,70,70,70,70,70,70,70,70,70,70,70,70,70,70,70,70,70,70,70,70,70,70,70,70,70,70,70,70,70,70,70,70,70,70,70,70,70,70,70,70,70,80,80,80,80,80,80,80],"relic_stats":{"Torii":25,"counters":[22,196],"Bronze Scales":[411],"Medical Kit":[11],"Smiling Mask":25,"obtain_stats":[{"Torii":27,"Quantum Egg":9,"Counterbalance":41,"theForsaken:ScalesOfTruth":17,"Replay:Multitool":24,"Medical Kit":20,"Smiling Mask":26,"Akabeko":7,"Old Coin":10,"Replay:Wanted Poster":36,"Chameleon Ring":43,"Bronze Scales":28,"ReplayTheSpireMod:TigerMarble":45,"Toxic Egg 2":20,"theForsaken:JudgementScales":0},{"Torii":11,"Quantum Egg":2,"Counterbalance":17,"theForsaken:ScalesOfTruth":6,"Replay:Multitool":10,"Medical Kit":7,"Smiling Mask":10,"Akabeko":2,"Old Coin":3,"Replay:Wanted Poster":14,"Chameleon Ring":18,"Bronze Scales":11,"ReplayTheSpireMod:TigerMarble":18,"Toxic Egg 2":7,"theForsaken:JudgementScales":0},{"Torii":84,"Quantum Egg":13,"Counterbalance":142,"theForsaken:ScalesOfTruth":42,"Replay:Multitool":72,"Medical Kit":47,"Smiling Mask":72,"Akabeko":13,"Old Coin":21,"Replay:Wanted Poster":120,"Chameleon Ring":153,"Bronze Scales":84,"ReplayTheSpireMod:TigerMarble":153,"Toxic Egg 2":47,"theForsaken:JudgementScales":0}]},"card_choices":[{"not_picked":["theForsaken:WardingHymn","theForsaken:WordsOfPestilence","theForsaken:WordsOfMight"],"picked":"SKIP","floor":1},{"not_picked":["theForsaken:StoreUp","theForsaken:CreepingInfection"],"picked":"theForsaken:Prudence","floor":7},{"not_picked":["theForsaken:Eulogy","theForsaken:Preservation"],"picked":"theForsaken:BountifulSunlight","floor":10},{"not_picked":["theForsaken:Preservation","theForsaken:ChargeAttack","theForsaken:Thunderbolt"],"picked":"SKIP","floor":11},{"not_picked":["theForsaken:FuryStrikes","theForsaken:NobleSacrifice","theForsaken:CreepingInfection"],"picked":"SKIP","floor":14},{"not_picked":["theForsaken:SpreadingPlague","theForsaken:Retribution"],"picked":"theForsaken:Prudence","floor":16},{"not_picked":["theForsaken:FatRoll+1","theForsaken:PanicDive","theForsaken:PowerUp"],"picked":"SKIP","floor":18},{"not_picked":["theForsaken:StoreUp+1","theForsaken:ShieldCharge","theForsaken:WordsOfMight"],"picked":"SKIP","floor":21},{"not_picked":["theForsaken:Backlash+1","theForsaken:ShieldBash"],"picked":"theForsaken:Devotion+1","floor":22},{"not_picked":["theForsaken:WordsOfMight","theForsaken:Terrorize+1"],"picked":"theForsaken:SacredOath+1","floor":24},{"not_picked":["theForsaken:RainingSunlight","theForsaken:PanicDive+1"],"picked":"theForsaken:DarkBarrier+1","floor":27},{"not_picked":["theForsaken:PreciseStrike","theForsaken:ShieldCharge"],"picked":"theForsaken:AncientWords","floor":31},{"not_picked":["theForsaken:ScorchingSunlight","theForsaken:PanicDive+1","theForsaken:BlightOfFamine+1"],"picked":"SKIP","floor":33},{"not_picked":["theForsaken:DivineGuidance+1","theForsaken:Mantra+1"],"picked":"theForsaken:SacredOath+1","floor":35},{"not_picked":["theForsaken:ShieldBash+1","theForsaken:BlightOfFamine+1","theForsaken:ChargeAttack+1"],"picked":"SKIP","floor":37},{"not_picked":["theForsaken:CreepingInfection+1","theForsaken:ScorchingSunlight"],"picked":"theForsaken:WrathOfGod+1","floor":39},{"not_picked":["theForsaken:Eulogy+1","theForsaken:FuryStrikes","theForsaken:HorrifyingStrike"],"picked":"SKIP","floor":40},{"not_picked":["theForsaken:ShieldBash+1","theForsaken:WrathOfGod+1"],"picked":"theForsaken:Retribution+1","floor":43},{"not_picked":["theForsaken:CreepingInfection+1","theForsaken:Tranquility+1","theForsaken:ChargeAttack+1"],"picked":"SKIP","floor":48},{"not_picked":["theForsaken:ScorchingSunlight","theForsaken:WardingHymn+1","theForsaken:NobleSacrifice+1"],"picked":"SKIP","floor":49},{"not_picked":["theForsaken:PreciseStrike","theForsaken:Backlash+1","theForsaken:PanicDive+1"],"picked":"SKIP","floor":50}],"player_experience":1836721,"relics_obtained":[{"floor":7,"key":"Akabeko"},{"floor":9,"key":"Quantum Egg"},{"floor":10,"key":"Old Coin"},{"floor":24,"key":"Replay:Multitool"},{"floor":26,"key":"Smiling Mask"},{"floor":27,"key":"Torii"},{"floor":28,"key":"Bronze Scales"},{"floor":41,"key":"Counterbalance"},{"floor":43,"key":"Chameleon Ring"},{"floor":45,"key":"ReplayTheSpireMod:TigerMarble"}],"event_choices":[{"damage_healed":0,"gold_gain":75,"player_choice":"Gather Gold","damage_taken":11,"max_hp_gain":0,"max_hp_loss":0,"event_name":"World of Goop","floor":4,"gold_loss":0},{"damage_healed":0,"gold_gain":0,"player_choice":"Donut","damage_taken":0,"max_hp_gain":5,"max_hp_loss":0,"event_name":"Big Fish","floor":5,"gold_loss":0},{"damage_healed":0,"gold_gain":0,"player_choice":"Leave","damage_taken":0,"max_hp_gain":0,"max_hp_loss":0,"event_name":"FaceTrader","floor":12,"gold_loss":0},{"cards_removed":["theForsaken:TheForsaken_Defend"],"damage_healed":0,"gold_gain":0,"player_choice":"Purged","damage_taken":0,"max_hp_gain":0,"max_hp_loss":0,"event_name":"Purifier","floor":19,"gold_loss":0},{"damage_healed":0,"gold_gain":0,"player_choice":"1 cards matched","damage_taken":0,"max_hp_gain":0,"max_hp_loss":0,"event_name":"Match and Keep!","floor":38,"gold_loss":0,"cards_obtained":["theForsaken:TearsOfSunlight"]},{"cards_removed":["theForsaken:Temperance"],"damage_healed":20,"gold_gain":0,"player_choice":"Offered Rare","damage_taken":0,"max_hp_gain":10,"max_hp_loss":0,"event_name":"Bonfire Elementals","floor":46,"gold_loss":0}],"is_beta":false,"boss_relics":[{"not_picked":["Snecko Eye","Replay:Bronze Core"],"picked":"theForsaken:ScalesOfTruth"},{"not_picked":["Philosopher\u0027s Stone","Kintsugi"],"picked":"Replay:Wanted Poster"}],"items_purged_floors":[47],"is_endless":false,"potions_floor_spawned":[1,11,14,18,22,33,39,40,48],"ascension_level":3}}