{"host":"cr9rpoy6dx9riis3","time":1614017450,"event":{"mods":["AchievementEnabler","BaseMod","Better Altar","Better Note","Better Sensory Stone","Better Skull","Better Third Choice","Better-Laid Plans","BetterRewards","Block Reminder","Curses Come First","Displayed Cursed Tome","Emptier Cage","Marked Mod","Minty Spire (QoL Compilation)","Permanent Neow","Relic Sorter","StSLib","The Blue Laboratory","Transform Curses"],"gold_per_floor":[118,118,135,154,164,164,174,187,234,285,285,25,25,37,37,134,134,151,151,116,116,116],"floor_reached":21,"language":"ENG","playtime":1049,"items_purged":[],"score":190,"play_id":"1cfcd5c7-1f1d-44a5-a8a3-f99ef3739303","local_time":"20210222191050","is_ascension_mode":true,"campfire_choices":[{"data":"Fasting2","floor":6,"key":"SMITH"},{"data":"TalkToTheHand","floor":11,"key":"SMITH"},{"data":"Eruption","floor":13,"key":"SMITH"},{"data":"Wish","floor":15,"key":"SMITH"}],"circlet_count":0,"master_deck":["Strike_P","Strike_P","Strike_P","Defend_P","Defend_P","Defend_P","Eruption+1","Vigilance","Conclude","ReachHeaven","TalkToTheHand+1","Fasting2+1","Wish+1","MasterReality","CurseOfTheBell","Ragnarok","ReachHeaven"],"relics":["PureWater","Meat on the Bone","Pantograph","Peace Pipe","Akabeko"],"acts_visited":["Exordium","TheCity"],"potions_floor_usage":[5,16,18,20,20],"damage_taken":[{"damage":0,"enemies":"Jaw Worm","floor":1,"turns":3},{"damage":0,"enemies":"Cultist","floor":3,"turns":4},{"damage":0,"enemies":"Small Slimes","floor":4,"turns":2},{"damage":8,"enemies":"Exordium Thugs","floor":5,"turns":3},{"damage":13,"enemies":"2 Fungi Beasts","floor":7,"turns":4},{"damage":0,"enemies":"3 Louse","floor":8,"turns":1},{"damage":8,"enemies":"Looter","floor":14,"turns":3},{"damage":6,"enemies":"The Guardian","floor":16,"turns":15},{"damage":40,"enemies":"Shell Parasite","floor":18,"turns":9},{"damage":8,"enemies":"2 Thieves","floor":20,"turns":5},{"damage":54,"enemies":"Snake Plant","floor":21,"turns":3}],"seed_played":"7786423105653974492","potions_obtained":[{"floor":4,"key":"blueLaboratory:LouseDecoction"},{"floor":7,"key":"SpeedPotion"},{"floor":14,"key":"DistilledChaos"},{"floor":16,"key":"EssenceOfSteel"},{"floor":18,"key":"blueLaboratory:BottleOfVodka"}],"is_trial":false,"path_per_floor":["M","?","M","M","M","R","M","M","T","T","R","$","R","M","R","B",null,"M","?","M","M"],"character_chosen":"WATCHER","items_purchased":["Meat on the Bone"],"campfire_rested":0,"item_purchase_floors":[12],"current_hp_per_floor":[72,72,72,72,64,64,51,51,51,51,51,51,51,43,43,37,72,44,44,48,0,0],"gold":116,"neow_bonus":"REMOVE_CARD","is_daily":false,"chose_seed":false,"campfire_upgraded":4,"win_rate":0.0,"timestamp":1614017450,"path_taken":["M","?","M","?","M","R","M","?","T","?","R","$","R","?","R","BOSS","M","?","M","M"],"items_purchased_type":["Relic"],"build_version":"2020-12-22","purchased_purges":0,"victory":false,"max_hp_per_floor":[72,72,72,72,72,72,72,72,72,72,72,72,72,72,72,72,72,72,72,72,72,72],"card_choices":[{"not_picked":["ThirdEye","ReachHeaven"],"picked":"Conclude","floor":1},{"not_picked":["MarkedMod:Acupuncture","FlyingSleeves"],"picked":"ReachHeaven","floor":3},{"not_picked":["EmptyFist","Prostrate"],"picked":"TalkToTheHand","floor":4},{"not_picked":["Worship","FlurryOfBlows"],"picked":"Fasting2","floor":5},{"not_picked":["BowlingBash","CutThroughFate","FlyingSleeves"],"picked":"SKIP","floor":7},{"not_picked":["Protect","JustLucky","Crescendo"],"picked":"SKIP","floor":8},{"not_picked":["JustLucky","Wallop"],"picked":"Wish","floor":14},{"not_picked":["Devotion","MarkedMod:SlowDance"],"picked":"MasterReality","floor":16},{"not_picked":["EmptyFist","MarkedMod:GracefulMovements"],"picked":"Ragnarok","floor":18},{"not_picked":["Evaluate","FlurryOfBlows+1"],"picked":"ReachHeaven","floor":20}],"player_experience":786611,"relics_obtained":[{"floor":10,"key":"Akabeko"},{"floor":17,"key":"Pantograph"},{"floor":17,"key":"Peace Pipe"}],"event_choices":[{"damage_healed":0,"gold_gain":0,"player_choice":"Ignored","damage_taken":0,"max_hp_gain":0,"max_hp_loss":0,"event_name":"Transmorgrifier","floor":2,"gold_loss":0},{"cards_removed":["Strike_P"],"damage_healed":0,"gold_gain":0,"player_choice":"Purged","damage_taken":0,"max_hp_gain":0,"max_hp_loss":0,"event_name":"Purifier","floor":19,"gold_loss":0}],"is_beta":false,"boss_relics":[{"not_picked":["Busted Crown","Runic Dome"],"picked":"Calling Bell"}],"items_purged_floors":[],"is_endless":false,"potions_floor_spawned":[4,7,14,16,18],"killed_by":"Snake Plant","ascension_level":2}}