{"host":"h4qgcirtxz6qax9j","time":1614011250,"event":{"mods":["2.2 Compatiblity","AchievementEnabler","BaseMod","Colored Powertips","Custom Start","Minty Spire (QoL Compilation)","Replay The Spire","StSLib","SuperFastMode"],"gold_per_floor":[115,115,132,132,132,132,145,174,174,174,174,14,34,7,7,79,79,95,95,107,63,80,80,94,129,199,199,219,199,199,199],"floor_reached":30,"language":"KOR","playtime":913,"items_purged":[],"score":521,"play_id":"25690297-b1c1-465a-93a8-c7ea58fa6e71","local_time":"20210223012730","is_ascension_mode":true,"campfire_choices":[{"data":"Double Energy","floor":6,"key":"SMITH"},{"floor":10,"key":"REST"},{"floor":15,"key":"REST"},{"floor":23,"key":"REST"},{"floor":27,"key":"REST"}],"circlet_count":0,"master_deck":["Dramatic Entrance","Coolheaded","Conserve Battery","Conserve Battery","Conserve Battery","Conserve Battery","Creative AI","Electrodynamics","Electrodynamics","Storm","Storm","Capacitor","Capacitor","Heatsinks","Heatsinks","Double Energy","Double Energy+1","BootSequence","Chill","Chill","Chill","Coolheaded","Barrage","Thunder Strike","Self Repair"],"relics":["Cracked Core","Singing Bowl","Chameleon Ring","Membership Card","Ring of Chaos","GremlinMask","Darkstone Periapt","Bottled Tornado"],"acts_visited":["Exordium","TheCity"],"potions_floor_usage":[22,28],"damage_taken":[{"damage":0,"enemies":"Jaw Worm","floor":1,"turns":2},{"damage":0,"enemies":"Small Slimes","floor":3,"turns":3},{"damage":0,"enemies":"Cultist","floor":7,"turns":3},{"damage":63,"enemies":"Gremlin Nob","floor":8,"turns":6},{"damage":9,"enemies":"Exordium Wildlife","floor":13,"turns":5},{"damage":18,"enemies":"Slime Boss","floor":16,"turns":7},{"damage":22,"enemies":"Shell Parasite","floor":18,"turns":8},{"damage":36,"enemies":"Chosen","floor":20,"turns":9},{"damage":6,"enemies":"Centurion and Healer","floor":22,"turns":6},{"damage":5,"enemies":"Sentry and Sphere","floor":24,"turns":6},{"damage":24,"enemies":"Slavers","floor":25,"turns":2},{"damage":32,"enemies":"Snecko","floor":28,"turns":4},{"damage":17,"enemies":"Snake Plant","floor":30,"turns":2}],"seed_played":"-1526091591219709337","potions_obtained":[{"floor":13,"key":"SneckoOil"},{"floor":16,"key":"SpeedPotion"},{"floor":25,"key":"Block Potion"},{"floor":29,"key":"FocusPotion"}],"is_trial":true,"path_per_floor":["M","?","M","?","$","R","M","E","T","R","?","$","M","$","R","B",null,"M","?","M","$","M","R","M","E","T","R","M","?","M"],"character_chosen":"DEFECT","items_purchased":["Membership Card","Barrage","Self Repair"],"campfire_rested":4,"item_purchase_floors":[12,14,21],"current_hp_per_floor":[64,64,64,64,64,64,64,3,3,24,24,24,17,17,39,21,62,42,42,8,8,11,35,39,17,17,42,12,12,0,0],"gold":199,"neow_bonus":"","is_daily":false,"chose_seed":false,"campfire_upgraded":1,"win_rate":0.0,"timestamp":1614011250,"path_taken":["M","?","M","?","$","R","?","E","T","R","?","$","M","$","R","BOSS","M","?","M","$","M","R","?","E","T","R","M","?","M"],"items_purchased_type":["Relic","Card","Card"],"build_version":"2020-12-22","purchased_purges":0,"victory":false,"max_hp_per_floor":[71,71,71,71,71,71,71,73,73,73,73,73,75,75,75,75,75,77,77,79,79,81,81,83,85,85,85,87,87,87,87],"card_choices":[{"not_picked":["Stack","Panic Button","Ball Lightning"],"picked":"SKIP","floor":1},{"not_picked":["Turbo","Beam Cell","Leap"],"picked":"SKIP","floor":3},{"not_picked":["BootSequence","Go for the Eyes"],"picked":"Coolheaded","floor":7},{"not_picked":["Conserve Battery","Ball Lightning","Loop"],"picked":"Singing Bowl","floor":8},{"not_picked":["Barrage","Streamline","Cold Snap"],"picked":"Singing Bowl","floor":13},{"not_picked":["Buffer","Amplify"],"picked":"Thunder Strike","floor":16},{"not_picked":["Streamline","Coolheaded","Rebound+1"],"picked":"Singing Bowl","floor":18},{"not_picked":["Steam","Barrage","Compile Driver"],"picked":"Singing Bowl","floor":20},{"not_picked":["Lockon","Rip and Tear","Skim"],"picked":"Singing Bowl","floor":22},{"not_picked":["Go for the Eyes+1","Sunder","Redo"],"picked":"Singing Bowl","floor":24},{"not_picked":["Creative AI","Static Discharge","ReplaySort"],"picked":"Singing Bowl","floor":25},{"not_picked":["Streamline","Recycle","Beam Cell"],"picked":"Singing Bowl","floor":28}],"player_experience":49797,"relics_obtained":[{"floor":8,"key":"Singing Bowl"},{"floor":9,"key":"Chameleon Ring"},{"floor":25,"key":"Darkstone Periapt"},{"floor":26,"key":"Bottled Tornado"}],"event_choices":[{"damage_healed":0,"gold_gain":0,"player_choice":"Ignored","damage_taken":0,"max_hp_gain":0,"max_hp_loss":0,"event_name":"Purifier","floor":4,"gold_loss":0},{"damage_healed":0,"gold_gain":0,"player_choice":"Fled","damage_taken":0,"max_hp_gain":0,"max_hp_loss":0,"event_name":"Scrap Ooze","floor":11,"gold_loss":0},{"damage_healed":0,"gold_gain":0,"player_choice":"Trade","damage_taken":0,"relics_obtained":["GremlinMask"],"max_hp_gain":0,"max_hp_loss":0,"event_name":"FaceTrader","floor":19,"gold_loss":0},{"damage_healed":0,"gold_gain":0,"player_choice":"Bought 1 Potion","damage_taken":0,"max_hp_gain":0,"max_hp_loss":0,"event_name":"The Woman in Blue","floor":29,"gold_loss":0}],"is_beta":false,"boss_relics":[{"not_picked":["Snecko Eye","Tiny House"],"picked":"Ring of Chaos"}],"items_purged_floors":[],"is_endless":false,"potions_floor_spawned":[13,16,20,22,25],"killed_by":"Snake Plant","ascension_level":20}}