{"host":"hbyfssekv6xsfxrf","time":1614006472,"event":{"mods":["Act Like it!","BaseMod","Downfall","Gensokyo","Hallownest","Hermit","Koishi","KomeijiMod","Minty Spire (QoL Compilation)","Quick Restart","Reimu£®≤©¿ˆ¡È√Œ£©","Remilia£®¿Ÿ√◊¿Ú—«£©","Replay The Spire","StSLib","The Bug Knight","The Cursed","The Hierophant","The Jungle","The Runesmith","The Senshi","The Servant 0.9.4","WarShipGirlsR/’ΩΩ¢…Ÿ≈ÆR mod","Youmu£®ªÍ∆«—˝√Œ£©"],"gold_per_floor":[116,96,114,60,72,72,104,104,104,104,104,0,35,41,41,144,144,144,144,144,144,9,9,9,9,9,9,9,9,9,9,9,9,9,9,9,9,9,9,9,9,9,9,9,9,9,9,9,9,9,9,9,9,9,9],"floor_reached":54,"language":"ZHS","playtime":3158,"items_purged":[],"score":515,"play_id":"e627127e-c8bf-4ca0-bb0b-d79ef8a1ea83","local_time":"20210222230752","is_ascension_mode":false,"campfire_choices":[{"floor":6,"key":"RECALL"},{"floor":8,"key":"REST"},{"floor":11,"key":"REST"},{"floor":15,"key":"REST"},{"data":"hermit:Roughhouse","floor":23,"key":"SMITH"},{"data":"hermit:Glare","floor":25,"key":"SMITH"},{"floor":34,"key":"REST"},{"data":"hermit:Quickdraw","floor":42,"key":"SMITH"},{"floor":50,"key":"REST"},{"data":"hermit:FinalCanter","floor":53,"key":"SMITH"}],"circlet_count":0,"master_deck":["hermit:Strike_Hermit","hermit:Strike_Hermit","hermit:Strike_Hermit","hermit:Strike_Hermit","hermit:Defend_Hermit","hermit:Defend_Hermit","hermit:Defend_Hermit","hermit:Defend_Hermit","hermit:Snapshot","hermit:Covet","hermit:TakeAim","hermit:Vantage","hermit:Midnight","hermit:FinalCanter+1","hermit:ItchyTrigger","hermit:Roulette","hermit:Glare+1","hermit:Vantage","hermit:Enervate","hermit:Malice","hermit:Roughhouse+1","hermit:WideOpen","Pride","hermit:Quickdraw+1","hermit:ShadowCloak+1","hermit:Malice","hermit:Adapt","hermit:EyeOfTheStorm+1","hermit:Enervate","hermit:NoHoldsBarred","hermit:Roulette","hermit:PistolWhip","hermit:BlackWind","hermit:Combo+1","hermit:Shortfuse+1","hermit:Showdown+1","hermit:WideOpen+1","hermit:WideOpen+1","ReplayTheSpireMod:Splinters","hermit:Grudge","Pride"],"relics":["Replay:Bronze Core","Simple Rune","Hallownest:BankAccountRelic","ReplayTheSpireMod:TigerMarble","Ectoplasm","GreatHeart","Mango","Bird Faced Urn","Honey Jar","Bag of Marbles"],"acts_visited":["Hallownest:Greenpath","TheCity","Hallownest:KingdomsEdge"],"potions_floor_usage":[32,33,33,35,39,43,43,54,54],"damage_taken":[{"damage":12,"enemies":"Hallownest:2_Tiktiks_and_1_Crawlid","floor":1,"turns":4},{"damage":0,"enemies":"Hallownest:monsterHuskWarrior","floor":3,"turns":3},{"damage":2,"enemies":"Hallownest:monsterHuskGuard","floor":5,"turns":3},{"damage":33,"enemies":"Hallownest:eliteMossKnight","floor":7,"turns":7},{"damage":3,"enemies":"Hallownest:eliteVengeflyKing","floor":13,"turns":5},{"damage":28,"enemies":"Hallownest:BossFalseKnight","floor":16,"turns":9},{"damage":0,"enemies":"Chosen","floor":18,"turns":4},{"damage":5,"enemies":"Shell Parasite","floor":21,"turns":4},{"damage":10,"enemies":"Snecko","floor":24,"turns":4},{"damage":4,"enemies":"3 Cultists","floor":27,"turns":5},{"damage":30,"enemies":"HollowMod:Nosk","floor":28,"turns":7},{"damage":40,"enemies":"Sentry and Sphere","floor":31,"turns":6},{"damage":2,"enemies":"Snake Plant","floor":32,"turns":5},{"damage":6,"enemies":"Cultist and Chosen","floor":33,"turns":4},{"damage":26,"enemies":"Collector","floor":35,"turns":7},{"damage":2,"enemies":"Hallownest:Shield_Heavy","floor":37,"turns":4},{"damage":14,"enemies":"Hallownest:2_Littles","floor":39,"turns":4},{"damage":2,"enemies":"Hallownest:2_Great","floor":41,"turns":4},{"damage":18,"enemies":"Hallownest:Slobbering_and_Violent","floor":43,"turns":7},{"damage":10,"enemies":"Hallownest:monsterPrimalAspid","floor":49,"turns":3},{"damage":100,"enemies":"Hallownest:BossHollowKnight","floor":54,"turns":13}],"seed_played":"-2470091729564063267","potions_obtained":[{"floor":1,"key":"Reflective Coating"},{"floor":13,"key":"Ancient Potion"},{"floor":24,"key":"LifebloodPotion"},{"floor":32,"key":"EntropicBrew"},{"floor":33,"key":"Energy Potion"},{"floor":35,"key":"PowerPotion"},{"floor":37,"key":"RedTea"},{"floor":41,"key":"SkillPotion"}],"is_trial":false,"path_per_floor":["M","?","M","$","M","R","E","R","T","?","R","?","E","$","R","B",null,"M","?","?","M","$","R","M","R","T","M","E","PTL","PTL","M","M","M","R","B",null,"M","?","M","$","M","R","M","$","T","?","PTL","PTL","M","R","?","?","R","B"],"character_chosen":"HERMIT","items_purchased":["hermit:Roulette","hermit:Malice","hermit:ShadowCloak+1","hermit:Malice"],"campfire_rested":5,"item_purchase_floors":[4,14,22,22],"current_hp_per_floor":[63,63,63,63,61,61,28,50,50,1,23,23,20,20,42,18,75,75,75,75,70,70,70,60,60,74,70,40,40,40,6,10,8,34,12,89,89,89,77,77,81,81,71,71,71,67,67,67,59,85,85,85,85,0,0],"gold":9,"neow_bonus":"BOSS_RELIC","is_daily":false,"chose_seed":false,"campfire_upgraded":4,"win_rate":0.0,"timestamp":1614006472,"path_taken":["M","?","?","$","M","R","E","R","T","?","R","?","E","$","R","BOSS","M","?","?","M","?","R","M","R","T","M","E","PTL","PTL","M","M","M","R","BOSS","M","?","M","?","M","R","M","$","T","?","PTL","PTL","M","R","?","?","R","BOSS"],"items_purchased_type":["Card","Card","Card","Card"],"build_version":"2020-12-22","purchased_purges":0,"victory":false,"max_hp_per_floor":[75,75,75,75,75,75,75,75,75,75,75,75,75,75,75,75,75,75,75,75,75,75,75,75,75,89,89,89,89,89,89,89,89,89,89,89,89,89,89,89,89,89,89,89,89,89,89,89,89,89,89,89,89,89,89],"card_choices":[{"not_picked":["hermit:Glare","hermit:Feint"],"picked":"hermit:TakeAim","floor":1},{"not_picked":[],"picked":"hermit:Vantage","floor":2},{"not_picked":[],"picked":"hermit:Midnight","floor":2},{"not_picked":[],"picked":"hermit:FinalCanter","floor":2},{"not_picked":["hermit:Shortfuse","hermit:Glare"],"picked":"hermit:ItchyTrigger","floor":3},{"not_picked":["hermit:LowProfile","hermit:Dissolve"],"picked":"hermit:Glare","floor":5},{"not_picked":["hermit:Desperado","hermit:Midnight"],"picked":"hermit:Vantage","floor":7},{"not_picked":["hermit:CalledShot","hermit:Determination"],"picked":"hermit:Enervate","floor":13},{"not_picked":["hermit:FatalDesire","hermit:OverwhelmingPower"],"picked":"hermit:Roughhouse","floor":16},{"not_picked":["hermit:Dive","hermit:Vantage"],"picked":"hermit:WideOpen","floor":18},{"not_picked":["hermit:Coalescence","hermit:BodyArmor"],"picked":"hermit:Quickdraw","floor":21},{"not_picked":["hermit:Desperado+1","hermit:HighCaliber"],"picked":"hermit:Adapt","floor":24},{"not_picked":["hermit:Coalescence","hermit:Combo"],"picked":"hermit:EyeOfTheStorm+1","floor":27},{"not_picked":["hermit:Roulette","hermit:DeadOrAlive"],"picked":"hermit:Enervate","floor":28},{"not_picked":["hermit:Snipe+1","hermit:FlashPowder"],"picked":"hermit:NoHoldsBarred","floor":31},{"not_picked":["hermit:HoleUp+1","hermit:Coalescence"],"picked":"hermit:Roulette","floor":32},{"not_picked":["hermit:Maintenance","hermit:SprayPray"],"picked":"hermit:PistolWhip","floor":33},{"not_picked":["hermit:DeadOrAlive","hermit:FromBeyond"],"picked":"hermit:BlackWind","floor":35},{"not_picked":["hermit:Determination","hermit:PistolWhip","hermit:Misfire+1"],"picked":"hermit:Combo+1","floor":37},{"not_picked":["hermit:BodyArmor+1","hermit:Malice","hermit:EyeOfTheStorm"],"picked":"hermit:Shortfuse+1","floor":39},{"not_picked":["hermit:PistolWhip","hermit:Glare","hermit:Cheat"],"picked":"hermit:Showdown+1","floor":41},{"not_picked":["hermit:Combo","hermit:NoHoldsBarred","hermit:Ricochet+1"],"picked":"hermit:WideOpen+1","floor":43},{"not_picked":["hermit:Gestalt+1","hermit:Glare+1","hermit:Cheat+1"],"picked":"hermit:WideOpen+1","floor":49},{"not_picked":["hermit:Coalescence+1","hermit:LowProfile","hermit:TrackingShot+1"],"picked":"hermit:Grudge","floor":51}],"player_experience":9072,"relics_obtained":[{"floor":7,"key":"Simple Rune"},{"floor":13,"key":"ReplayTheSpireMod:TigerMarble"},{"floor":26,"key":"Mango"},{"floor":28,"key":"Bird Faced Urn"},{"floor":45,"key":"Bag of Marbles"}],"event_choices":[{"damage_healed":0,"gold_gain":0,"player_choice":"Ignored","damage_taken":0,"max_hp_gain":0,"max_hp_loss":0,"event_name":"Beggar","floor":20,"gold_loss":0}],"is_beta":false,"boss_relics":[{"not_picked":["Busted Crown","Tiny House"],"picked":"Ectoplasm"},{"not_picked":["Fusion Hammer","Replay:Wanted Poster"],"picked":"Honey Jar"}],"items_purged_floors":[],"is_endless":false,"potions_floor_spawned":[1,13,24,32,33,35,37,41],"killed_by":"Hallownest:BossHollowKnight","ascension_level":0}}