{"host":"gjwzgdilc53yxmt0","time":1614013434,"event":{"mods":["2.2 Compatiblity","BaseMod","Bestiary","Highlight Path","Minty Spire (QoL Compilation)","Relic Stats","StSLib","ojb\u0027s Info Mod"],"gold_per_floor":[319,335,346,346,356,387,401,432,458,458,458,489,489,489,489,582,582,598,611,611,624,624,624,624],"floor_reached":23,"language":"ENG","playtime":1179,"items_purged":[],"score":422,"play_id":"5e9ea178-9c3f-42a0-ba48-c362b2338eb9","local_time":"20210222120354","is_ascension_mode":true,"campfire_choices":[{"floor":10.0,"key":"REST"},{"data":"Neutralize","floor":13.0,"key":"SMITH"},{"data":"Skewer","floor":15.0,"key":"SMITH"}],"circlet_count":0,"master_deck":["AscendersBane","Strike_G","Strike_G","Strike_G","Strike_G","Strike_G","Defend_G","Defend_G","Defend_G","Defend_G","Defend_G","Survivor","Neutralize+1","Blade Dance","Dagger Spray","Backflip","Die Die Die","Skewer+1","Endless Agony","Backstab","Malaise","Blade Dance+1","Reflex+1","Blade Dance","Slice+1"],"relics":["Ring of the Snake","Old Coin","Art of War","Nunchaku","Strawberry","Bloody Idol","Juzu Bracelet","Runic Pyramid"],"acts_visited":["Exordium","TheCity"],"potions_floor_usage":[21,23],"damage_taken":[{"damage":0.0,"enemies":"2 Louse","floor":1.0,"turns":5.0},{"damage":0.0,"enemies":"Small Slimes","floor":2.0,"turns":3.0},{"damage":1.0,"enemies":"Cultist","floor":3.0,"turns":3.0},{"damage":5.0,"enemies":"Lots of Slimes","floor":5.0,"turns":5.0},{"damage":32.0,"enemies":"Gremlin Nob","floor":6.0,"turns":4.0},{"damage":10.0,"enemies":"Exordium Wildlife","floor":7.0,"turns":5.0},{"damage":5.0,"enemies":"3 Sentries","floor":8.0,"turns":4.0},{"damage":22.0,"enemies":"Lagavulin","floor":12.0,"turns":6.0},{"damage":52.0,"enemies":"The Guardian","floor":16.0,"turns":17.0},{"damage":13,"enemies":"Spheric Guardian","floor":18,"turns":4},{"damage":0,"enemies":"Chosen","floor":19,"turns":4},{"damage":39,"enemies":"Snecko","floor":21,"turns":8},{"damage":16,"enemies":"Book of Stabbing","floor":23,"turns":2}],"seed_played":"7631961023704482410","potions_obtained":[{"floor":2.0,"key":"GamblersBrew"},{"floor":3.0,"key":"GamblersBrew"},{"floor":6.0,"key":"Energy Potion"},{"floor":12.0,"key":"SkillPotion"},{"floor":19,"key":"Swift Potion"}],"is_trial":false,"path_per_floor":["M","M","M","?","M","E","M","E","T","R","?","E","R","?","R","B",null,"M","M","?","M","?","E"],"character_chosen":"THE_SILENT","items_purchased":[],"campfire_rested":1,"item_purchase_floors":[],"current_hp_per_floor":[59,59,58,63,58,26,16,11,18,41,41,19,19,81,81,29,68,55,55,55,16,16,0,0],"gold":624,"neow_bonus":"ONE_RARE_RELIC","is_daily":false,"chose_seed":false,"campfire_upgraded":2,"win_rate":0.0,"timestamp":1614013434,"path_taken":["M","M","M","?","M","E","M","E","T","R","?","E","R","?","R","BOSS","M","M","?","M","?","E"],"items_purchased_type":[],"build_version":"2020-12-22","purchased_purges":0,"victory":false,"max_hp_per_floor":[66,66,66,71,71,71,71,71,78,78,71,71,71,81,81,81,81,81,81,81,81,81,81,81],"relic_stats":{"Nunchaku":[11],"counters":[13,70],"Bloody Idol":0,"Art of War":[6],"Juzu Bracelet":2,"obtain_stats":[{"Nunchaku":8,"Golden Idol":11,"Strawberry":9,"Bloody Idol":22,"Art of War":6,"Juzu Bracelet":12,"Ring of the Snake":0,"Old Coin":0,"Runic Pyramid":17},{"Nunchaku":7,"Golden Idol":7,"Strawberry":7,"Bloody Idol":12,"Art of War":5,"Juzu Bracelet":8,"Ring of the Snake":0,"Old Coin":0,"Runic Pyramid":9},{"Nunchaku":29,"Golden Idol":29,"Strawberry":29,"Bloody Idol":68,"Art of War":20,"Juzu Bracelet":35,"Ring of the Snake":0,"Old Coin":0,"Runic Pyramid":52}],"Ring of the Snake":[27]},"card_choices":[{"not_picked":["Acrobatics","Poisoned Stab"],"picked":"Blade Dance","floor":1.0},{"not_picked":["PiercingWail","Backflip"],"picked":"Dagger Spray","floor":2.0},{"not_picked":["Underhanded Strike","Slice"],"picked":"Backflip","floor":3.0},{"not_picked":["Quick Slash","Outmaneuver"],"picked":"Die Die Die","floor":5.0},{"not_picked":["Quick Slash","Bane"],"picked":"Skewer","floor":6.0},{"not_picked":["All Out Attack","Sucker Punch"],"picked":"Endless Agony","floor":7.0},{"not_picked":["Underhanded Strike","Slice"],"picked":"Backstab","floor":8.0},{"not_picked":["Flying Knee","Concentrate"],"picked":"Unload","floor":12.0},{"not_picked":["Tools of the Trade","Glass Knife"],"picked":"Malaise","floor":16.0},{"not_picked":["Prepared","Well Laid Plans"],"picked":"Blade Dance+1","floor":18},{"not_picked":["Predator+1","Flying Knee"],"picked":"Reflex+1","floor":19},{"not_picked":["Dagger Spray","Underhanded Strike"],"picked":"Slice+1","floor":21}],"player_experience":4979343,"relics_obtained":[{"floor":6.0,"key":"Art of War"},{"floor":8.0,"key":"Nunchaku"},{"floor":9.0,"key":"Strawberry"},{"floor":12.0,"key":"Juzu Bracelet"}],"event_choices":[{"damage_healed":0.0,"max_hp_gain":5.0,"max_hp_loss":0.0,"gold_gain":0.0,"event_name":"Big Fish","player_choice":"Donut","floor":4.0,"gold_loss":0.0,"damage_taken":0.0},{"damage_healed":0.0,"max_hp_gain":0.0,"max_hp_loss":7.0,"gold_gain":0.0,"event_name":"Golden Idol","player_choice":"Lose Max HP","floor":11.0,"gold_loss":0.0,"damage_taken":0.0,"relics_obtained":["Golden Idol"]},{"cards_removed":["Unload"],"damage_healed":52.0,"max_hp_gain":10.0,"max_hp_loss":0.0,"gold_gain":0.0,"event_name":"Bonfire Elementals","player_choice":"Offered Rare","floor":14.0,"gold_loss":0.0,"damage_taken":0.0},{"damage_healed":0,"gold_gain":0,"player_choice":"1 cards matched","damage_taken":0,"max_hp_gain":0,"max_hp_loss":0,"event_name":"Match and Keep!","floor":20,"gold_loss":0,"cards_obtained":["Blade Dance"]},{"damage_healed":0,"gold_gain":0,"player_choice":"Gave Idol","damage_taken":0,"relics_obtained":["Bloody Idol"],"max_hp_gain":0,"max_hp_loss":0,"event_name":"Forgotten Altar","floor":22,"relics_lost":["Golden Idol"],"gold_loss":0}],"is_beta":false,"boss_relics":[{"not_picked":["WristBlade","Busted Crown"],"picked":"Runic Pyramid"}],"items_purged_floors":[],"is_endless":false,"potions_floor_spawned":[2,3,6,12,19],"killed_by":"Book of Stabbing","ascension_level":20}}