{"host":"uyfpom4rlahfoee4","time":1614037250,"event":{"mods":["BaseMod","Downfall","Minty Spire (QoL Compilation)","StSLib"],"gold_per_floor":[99,115,132,143,161,24,76,111,111,126,43,61,61,75,93,189,189,189,202,202,215,125,125,178,193,220,247,259,271,299,330,342,342,342],"floor_reached":32,"language":"ENG","playtime":2340,"items_purged":["downfall:Bewildered"],"score":293,"play_id":"7632c578-fe79-4367-969a-23946e6782b2","local_time":"20210222154050","is_ascension_mode":false,"campfire_choices":[{"data":"Slimebound:Split","floor":1,"key":"SMITH"},{"floor":9,"key":"REST"},{"data":"Slimebound:Repurpose","floor":13,"key":"SMITH"},{"data":"Slimebound:LevelUp","floor":18,"key":"SMITH"},{"floor":29,"key":"REST"}],"circlet_count":0,"master_deck":["Slimebound:Strike_Slimebound","Slimebound:Strike_Slimebound","Slimebound:Strike_Slimebound","Slimebound:Defend_Slimebound","Slimebound:Defend_Slimebound","Slimebound:Defend_Slimebound","Slimebound:Defend_Slimebound","Slimebound:Split+1","Slimebound:CorrosiveSpit","Slimebound:LivingWall","Slimebound:SamplingLick","Slimebound:SlimeSpikes","Slimebound:LeechEnergy","Slimebound:LivingWall","Slimebound:SplitAcid","Slimebound:LevelUp","Slimebound:SamplingLick","Slimebound:SplitMire","Slimebound:SamplingLick","Slimebound:Repurpose+1","Slimebound:PressTheAttack","Slimebound:Schlurp","Slimebound:LevelUp+1","Slimebound:MassFeed","Slimebound:SlimeTap","Slimebound:AcidTongue","Slimebound:FinishingTackle+1","Slimebound:ItLooksTasty+1","Slimebound:Schlurp","Slimebound:Grow+1","Slimebound:PrepareCrush","Slimebound:Schlurp","Slimebound:GoopSpray"],"relics":["Slimebound:AbsorbEndCombat","Regal Pillow","Boot","Pen Nib","Black Star","sneckomod:BabySnecko","Happy Flower","Bottled Lightning","MawBank"],"acts_visited":["Exordium","TheCity"],"potions_floor_usage":[14,22,30,31],"damage_taken":[{"damage":5,"enemies":"Small Slimes","floor":2,"turns":3},{"damage":1,"enemies":"Jaw Worm","floor":3,"turns":4},{"damage":3,"enemies":"2 Louse","floor":4,"turns":3},{"damage":5,"enemies":"Lots of Slimes","floor":5,"turns":4},{"damage":0,"enemies":"downfall:FleeingMerchant","floor":6,"turns":4},{"damage":30,"enemies":"Gremlin Nob","floor":8,"turns":5},{"damage":0,"enemies":"Blue Slaver","floor":10,"turns":4},{"damage":0,"enemies":"downfall:FleeingMerchant","floor":11,"turns":4},{"damage":0,"enemies":"3 Louse","floor":12,"turns":1},{"damage":12,"enemies":"Large Slime","floor":14,"turns":5},{"damage":5,"enemies":"Lots of Slimes","floor":15,"turns":2},{"damage":5,"enemies":"SI_SHIV_ARCHETYPE","floor":16,"turns":9},{"damage":1,"enemies":"Shell Parasite","floor":19,"turns":6},{"damage":0,"enemies":"3 Byrds","floor":21,"turns":4},{"damage":0,"enemies":"downfall:FleeingMerchant","floor":22,"turns":4},{"damage":10,"enemies":"Snecko","floor":25,"turns":5},{"damage":40,"enemies":"Book of Stabbing","floor":26,"turns":6},{"damage":14,"enemies":"Snake Plant","floor":27,"turns":2},{"damage":2,"enemies":"Centurion and Healer","floor":30,"turns":4},{"damage":8,"enemies":"Shelled Parasite and Fungi","floor":31,"turns":4},{"damage":53,"enemies":"Cultist and Chosen","floor":32,"turns":7}],"seed_played":"442385072130809024","potions_obtained":[{"floor":5,"key":"EssenceOfSteel"},{"floor":8,"key":"GamblersBrew"},{"floor":12,"key":"PowerPotion"},{"floor":14,"key":"EntropicBrew"}],"is_trial":false,"path_per_floor":["R","M","M","M","M","$","T","E","R","M","$","M","R","M","M","B",null,"R","M","?","M","$","?","T","M","E","M","?","R","M","M","M"],"character_chosen":"SLIMEBOUND","items_purchased":["Slimebound:SplitAcid","Slimebound:LevelUp","Slimebound:Repurpose"],"campfire_rested":2,"item_purchase_floors":[6,6,11],"current_hp_per_floor":[65,62,65,65,64,65,65,39,65,65,65,65,65,57,52,51,65,65,65,65,65,65,65,65,58,26,20,20,55,61,62,15,15,15],"gold":342,"neow_bonus":"RANDOM_COMMON_RELIC","is_daily":false,"chose_seed":false,"campfire_upgraded":3,"win_rate":0.0,"timestamp":1614037250,"path_taken":["R","M","M","M","M","$","T","E","R","M","$","M","R","M","M","BOSS","R","M","?","M","$","?","T","M","E","M","?","R","M","M","M"],"items_purchased_type":["Card","Card","Card"],"build_version":"2020-12-22","purchased_purges":1,"victory":false,"max_hp_per_floor":[65,65,65,65,65,65,65,65,65,65,65,65,65,65,65,65,65,65,65,65,65,65,65,65,68,68,68,68,68,68,71,71,71,71],"card_choices":[{"not_picked":["Slimebound:PressTheAttack","Slimebound:ComboTackle"],"picked":"Slimebound:LivingWall","floor":2},{"not_picked":["Slimebound:PressTheAttack","Slimebound:GrowthPunch"],"picked":"Slimebound:SamplingLick","floor":3},{"not_picked":["Slimebound:Dissolve","Slimebound:Replication"],"picked":"Slimebound:SlimeSpikes","floor":4},{"not_picked":["Slimebound:GoopTackle","Slimebound:FlameTackle"],"picked":"Slimebound:LeechEnergy","floor":5},{"not_picked":["Slimebound:ItLooksTasty","Slimebound:GoopSpray"],"picked":"Slimebound:LivingWall","floor":6},{"not_picked":["Slimebound:OneTwoCombo","Slimebound:DisruptingSlam"],"picked":"Slimebound:SamplingLick","floor":8},{"not_picked":["Slimebound:BestDefense","Slimebound:SlimeTap"],"picked":"Slimebound:SplitMire","floor":10},{"not_picked":["Slimebound:BestDefense","Slimebound:GoopSpray"],"picked":"Slimebound:SamplingLick","floor":11},{"not_picked":["Slimebound:SplitBruiser","Slimebound:ItLooksTasty"],"picked":"Slimebound:PressTheAttack","floor":12},{"not_picked":["Slimebound:Chomp","Slimebound:FlameTackle"],"picked":"Slimebound:Schlurp","floor":14},{"not_picked":["Slimebound:ForwardTackle","Slimebound:FinishingTackle"],"picked":"Slimebound:LevelUp","floor":15},{"not_picked":["Slimebound:CheckThePlaybook","Slimebound:DouseInSlime"],"picked":"Slimebound:MassFeed","floor":16},{"not_picked":["Slimebound:Grow","Slimebound:ComboTackle"],"picked":"Slimebound:SlimeTap","floor":19},{"not_picked":["Slimebound:LeechEnergy+1","Slimebound:ViciousTackle+1"],"picked":"Slimebound:AcidTongue","floor":21},{"not_picked":["Slimebound:MinionMaster","Slimebound:SlimeBrawl"],"picked":"Slimebound:FinishingTackle+1","floor":22},{"not_picked":["Slimebound:SlimeBarrage","Slimebound:TongueLash"],"picked":"Slimebound:ItLooksTasty+1","floor":25},{"not_picked":["Slimebound:Grow","Slimebound:SplitLeeching"],"picked":"Slimebound:Schlurp","floor":26},{"not_picked":["Slimebound:DivideAndConquer","Slimebound:ItLooksTasty"],"picked":"Slimebound:Grow+1","floor":27},{"not_picked":["Slimebound:Replication+1","Slimebound:PressTheAttack"],"picked":"Slimebound:Schlurp","floor":30},{"not_picked":["Slimebound:ComboTackle","Slimebound:SplitMire"],"picked":"Slimebound:GoopSpray","floor":31}],"player_experience":108817,"relics_obtained":[{"floor":7,"key":"Boot"},{"floor":8,"key":"Pen Nib"},{"floor":24,"key":"Happy Flower"},{"floor":26,"key":"Bottled Lightning"},{"floor":26,"key":"MawBank"}],"event_choices":[{"damage_healed":0,"gold_gain":0,"player_choice":"Ignored","damage_taken":0,"max_hp_gain":0,"max_hp_loss":0,"event_name":"Ghosts","floor":23,"gold_loss":0}],"is_beta":false,"boss_relics":[{"not_picked":["Coffee Dripper","Astrolabe"],"picked":"Black Star"}],"items_purged_floors":[22],"is_endless":false,"potions_floor_spawned":[5,8,12,14,15,19,21,30],"killed_by":"Cultist and Chosen","ascension_level":0}}