{"host":"zwfzlkwql9nyrw94","time":1614033218,"event":{"mods":["AchievementEnabler","BaseMod","Colored Map","Grow up Mod","Highlight Path","Minty Spire (QoL Compilation)","Remove Card Discount Mod"],"gold_per_floor":[119,131,306,319,237,269,286,313,360,372,459,496,508,535,547,659,671,694,725,747,113,124,124,135,166,166,166,166,11,11],"floor_reached":29,"language":"ENG","playtime":1308,"items_purged":["Doubt","Defend_G","Strike_G","Defend_G","Strike_G","Defend_G","Strike_G","Defend_G","Strike_G","Strike_G","Shame","Deadly Poison"],"score":328,"play_id":"78cfdb66-9538-40eb-80da-638972e7027c","local_time":"20210222163338","is_ascension_mode":true,"campfire_choices":[{"data":"Noxious Fumes","floor":15,"key":"SMITH"},{"data":"Poisoned Stab","floor":23,"key":"SMITH"},{"data":"Bane","floor":27,"key":"SMITH"}],"circlet_count":0,"master_deck":["Defend_G+1","Survivor+1","Neutralize+1","Noxious Fumes+1","Poisoned Stab+1","Bane","Bane+1"],"relics":["Ring of the Snake","NeowsBlessing","Orichalcum","Frozen Egg 2","MawBank","Akabeko","Runic Pyramid","ClockworkSouvenir","Turnip","War Paint","Toxic Egg 2","Meat on the Bone","Bag of Marbles"],"acts_visited":["Exordium","TheCity"],"potions_floor_usage":[],"damage_taken":[{"damage":0,"enemies":"Jaw Worm","floor":1,"turns":1},{"damage":0,"enemies":"2 Louse","floor":2,"turns":1},{"damage":0,"enemies":"Small Slimes","floor":4,"turns":1},{"damage":28,"enemies":"Gremlin Nob","floor":6,"turns":6},{"damage":0,"enemies":"Gremlin Gang","floor":7,"turns":5},{"damage":24,"enemies":"Lagavulin","floor":8,"turns":6},{"damage":8,"enemies":"Gremlin Nob","floor":12,"turns":4},{"damage":3,"enemies":"2 Fungi Beasts","floor":14,"turns":2},{"damage":26,"enemies":"The Guardian","floor":16,"turns":8},{"damage":6,"enemies":"3 Byrds","floor":18,"turns":3},{"damage":0,"enemies":"Shell Parasite","floor":19,"turns":4},{"damage":12,"enemies":"Snecko","floor":20,"turns":6},{"damage":7,"enemies":"3 Cultists","floor":22,"turns":5},{"damage":11,"enemies":"Shelled Parasite and Fungi","floor":24,"turns":4},{"damage":15,"enemies":"Book of Stabbing","floor":25,"turns":5}],"seed_played":"-1095642860309987656","potions_obtained":[{"floor":4,"key":"Strength Potion"},{"floor":6,"key":"DistilledChaos"},{"floor":8,"key":"Fire Potion"},{"floor":12,"key":"EssenceOfSteel"}],"is_trial":false,"path_per_floor":["M","M","?","M","$","E","M","E","T","?","?","E","?","M","R","B",null,"M","M","M","$","M","R","M","E","T","R","?","$"],"character_chosen":"THE_SILENT","items_purchased":["Noxious Fumes","ClockworkSouvenir","Turnip","War Paint","Deadly Poison","Bag of Marbles"],"campfire_rested":0,"item_purchase_floors":[5,21,21,21,21,29],"current_hp_per_floor":[90,100,110,120,130,112,122,108,118,128,127,129,139,146,156,140,250,254,264,262,272,275,285,284,279,289,299,309,309,309],"gold":11,"neow_bonus":"THREE_ENEMY_KILL","is_daily":false,"chose_seed":false,"campfire_upgraded":3,"win_rate":0.0,"timestamp":1614033218,"path_taken":["M","M","?","M","$","E","M","E","T","?","?","E","?","M","R","BOSS","M","?","M","$","M","R","?","E","T","R","?","$"],"items_purchased_type":["Card","Relic","Relic","Relic","Card","Relic"],"build_version":"2020-12-22","purchased_purges":12,"victory":false,"max_hp_per_floor":[90,100,110,120,130,140,150,160,170,180,190,200,210,220,230,240,250,260,270,280,290,300,310,320,330,340,350,360,360,360],"card_choices":[{"not_picked":["Deflect","Blade Dance","Cloak And Dagger"],"picked":"SKIP","floor":1},{"not_picked":["Blade Dance","Skewer","Backflip"],"picked":"SKIP","floor":2},{"not_picked":["Prepared","Setup","Blur"],"picked":"SKIP","floor":4},{"not_picked":["Reflex","Dagger Spray"],"picked":"Poisoned Stab","floor":6},{"not_picked":["Endless Agony","Masterful Stab","Acrobatics"],"picked":"SKIP","floor":7},{"not_picked":["Flying Knee","All Out Attack","Blade Dance"],"picked":"SKIP","floor":8},{"not_picked":["Quick Slash","Well Laid Plans+1"],"picked":"Bane","floor":12},{"not_picked":["Dagger Throw","Blur","Cloak And Dagger"],"picked":"SKIP","floor":14},{"not_picked":["Underhanded Strike","Slice","Backflip"],"picked":"SKIP","floor":18},{"not_picked":["Acrobatics","Quick Slash","Dodge and Roll"],"picked":"SKIP","floor":19},{"not_picked":["Sucker Punch","Riddle With Holes","Blur"],"picked":"SKIP","floor":20},{"not_picked":["Masterful Stab","Flechettes"],"picked":"Bane","floor":22},{"not_picked":["Sucker Punch","Backflip","Acrobatics"],"picked":"SKIP","floor":24},{"not_picked":["Blade Dance+1","Prepared+1","Flying Knee"],"picked":"SKIP","floor":25}],"player_experience":178277,"relics_obtained":[{"floor":6,"key":"Orichalcum"},{"floor":8,"key":"Frozen Egg 2"},{"floor":9,"key":"MawBank"},{"floor":12,"key":"Akabeko"},{"floor":25,"key":"Toxic Egg 2"}],"event_choices":[{"damage_healed":0,"gold_gain":175,"player_choice":"AGREE","damage_taken":0,"max_hp_gain":0,"max_hp_loss":0,"event_name":"Liars Game","floor":3,"gold_loss":0,"cards_obtained":["Doubt"]},{"damage_healed":0,"gold_gain":0,"player_choice":"Grow","damage_taken":0,"max_hp_gain":0,"max_hp_loss":0,"event_name":"Living Wall","floor":10,"gold_loss":0,"cards_upgraded":["Neutralize"]},{"damage_healed":0,"gold_gain":75,"player_choice":"Gather Gold","damage_taken":11,"max_hp_gain":0,"max_hp_loss":0,"event_name":"World of Goop","floor":11,"gold_loss":0},{"damage_healed":0,"gold_gain":0,"player_choice":"Bought 0 Potions","damage_taken":0,"max_hp_gain":0,"max_hp_loss":0,"event_name":"The Woman in Blue","floor":13,"gold_loss":0},{"damage_healed":0,"gold_gain":0,"player_choice":"Stole Relic","damage_taken":0,"relics_obtained":["Meat on the Bone"],"max_hp_gain":0,"max_hp_loss":0,"event_name":"Addict","floor":28,"gold_loss":0,"cards_obtained":["Shame"]}],"is_beta":false,"boss_relics":[{"not_picked":["Philosopher\u0027s Stone","Cursed Key"],"picked":"Runic Pyramid"}],"items_purged_floors":[5,5,5,5,5,5,5,21,21,21,29,29],"is_endless":false,"potions_floor_spawned":[4,6,8,12,14,18,20],"ascension_level":1}}