{"host":"8jwrv7sn1174lfer","time":1614010429,"event":{"mods":["BaseMod","Colored Map","Colored Powertips","Highlight Path","Minty Spire (QoL Compilation)","StSLib"],"gold_per_floor":[110,121,1,17,92,127,127,158,207,207,207,207],"floor_reached":11,"language":"ENG","playtime":549,"items_purged":["Strike_B"],"score":97,"play_id":"72238fb1-90d2-43c8-9cf5-05f4c26f14e5","local_time":"20210222111349","is_ascension_mode":true,"campfire_choices":[{"data":"Conserve Battery","floor":10,"key":"SMITH"}],"circlet_count":0,"master_deck":["Strike_B","Strike_B","Strike_B","Defend_B","Defend_B","Defend_B","Defend_B","Dualcast","Doom and Gloom","Redo","Redo","Conserve Battery+1","Loop","Loop","Pain"],"relics":["Cursed Key","Bottled Flame","Anchor","Boot"],"acts_visited":["Exordium"],"potions_floor_usage":[5,11,11],"damage_taken":[{"damage":1,"enemies":"2 Louse","floor":1,"turns":2},{"damage":7,"enemies":"Jaw Worm","floor":2,"turns":3},{"damage":0,"enemies":"Cultist","floor":4,"turns":2},{"damage":23,"enemies":"3 Sentries","floor":6,"turns":8},{"damage":12,"enemies":"Gremlin Nob","floor":8,"turns":3},{"damage":36,"enemies":"Lagavulin","floor":11,"turns":5}],"seed_played":"-7248722418483032338","potions_obtained":[{"floor":1,"key":"EntropicBrew"},{"floor":6,"key":"DuplicationPotion"}],"is_trial":false,"path_per_floor":["M","M","$","M","?","E","?","E","T","R","E"],"character_chosen":"DEFECT","items_purchased":["Redo"],"campfire_rested":0,"item_purchase_floors":[3],"current_hp_per_floor":[74,67,67,67,56,33,33,21,21,21,0,0],"gold":207,"neow_bonus":"BOSS_RELIC","is_daily":false,"chose_seed":false,"campfire_upgraded":1,"win_rate":0.0,"timestamp":1614010429,"path_taken":["M","M","$","M","?","E","?","E","T","R","E"],"items_purchased_type":["Card"],"build_version":"2020-12-22","purchased_purges":1,"victory":false,"max_hp_per_floor":[75,75,75,75,75,75,75,75,75,75,75,75],"card_choices":[{"not_picked":["Streamline","Leap"],"picked":"Doom and Gloom","floor":1},{"not_picked":["All For One","Ball Lightning"],"picked":"Redo","floor":2},{"not_picked":["Cold Snap","Scrape"],"picked":"Conserve Battery","floor":4},{"not_picked":["Leap","Ball Lightning"],"picked":"Loop","floor":6},{"not_picked":["Streamline","Steam"],"picked":"Loop","floor":8}],"player_experience":668331,"relics_obtained":[{"floor":6,"key":"Bottled Flame"},{"floor":8,"key":"Anchor"},{"floor":9,"key":"Boot"}],"event_choices":[{"damage_healed":0,"gold_gain":75,"player_choice":"Gather Gold","damage_taken":11,"max_hp_gain":0,"max_hp_loss":0,"event_name":"World of Goop","floor":5,"gold_loss":0},{"cards_removed":["Zap"],"damage_healed":0,"gold_gain":0,"player_choice":"Forget","damage_taken":0,"max_hp_gain":0,"max_hp_loss":0,"event_name":"Living Wall","floor":7,"gold_loss":0}],"is_beta":false,"boss_relics":[],"items_purged_floors":[3],"is_endless":false,"potions_floor_spawned":[1,6],"killed_by":"Lagavulin","ascension_level":4}}