{"host":"lktusdb9orijgc6z","time":1614030828,"event":{"mods":["BaseMod","Bestiary","Colored Map","Colored Powertips","Filter the Spire","Minty Spire (QoL Compilation)","Permanent Neow","Quick Restart","Relic Stats","StSLib","everything is the same but u backflip on backflip","slay the spire mod where everything is the same but ironclad has a cowboy hat"],"gold_per_floor":[109,109,124,141,9,9,9,27,27,46,46,46,78,97,97,176,176,195,15,29,43,58,73,99,99,149,149,149,149,149],"floor_reached":29,"language":"ENG","playtime":1586,"items_purged":[],"score":698,"play_id":"055e8916-cf04-4b0e-9a05-1339f3fa4334","local_time":"20210222225348","is_ascension_mode":true,"campfire_choices":[{"data":"Wraith Form v2","floor":6.0,"key":"SMITH"},{"floor":12.0,"key":"REST"},{"data":"Bane","floor":15.0,"key":"SMITH"},{"floor":25.0,"key":"REST"},{"data":"Night Terror","floor":27.0,"key":"SMITH"}],"circlet_count":0,"master_deck":["AscendersBane","Survivor","Neutralize","Slice+1","Deflect","Choke+1","Deadly Poison","Acrobatics","Flying Knee","Expertise","Malaise","Wraith Form v2+1","Blade Dance","Poisoned Stab","Blade Dance","Well Laid Plans","Poisoned Stab","Reflex","Bouncing Flask","Bane+1","Backstab","Night Terror+1","Backflip","Magnetism","Terror","Blade Dance+1","Grand Finale","Noxious Fumes+1"],"relics":["Pandora\u0027s Box","Vajra","Boot","HoveringKite","Sundial","Snake Skull","Shovel"],"acts_visited":["Exordium","TheCity"],"potions_floor_usage":[29],"damage_taken":[{"damage":0.0,"enemies":"Jaw Worm","floor":1.0,"turns":3.0},{"damage":6.0,"enemies":"Small Slimes","floor":3.0,"turns":3.0},{"damage":0.0,"enemies":"Cultist","floor":4.0,"turns":3.0},{"damage":13.0,"enemies":"Large Slime","floor":7.0,"turns":5.0},{"damage":7.0,"enemies":"Looter","floor":8.0,"turns":2.0},{"damage":14.0,"enemies":"Red Slaver","floor":10.0,"turns":2.0},{"damage":11.0,"enemies":"Gremlin Nob","floor":13.0,"turns":4.0},{"damage":5.0,"enemies":"2 Fungi Beasts","floor":14.0,"turns":2.0},{"damage":3.0,"enemies":"Slime Boss","floor":16.0,"turns":9.0},{"damage":12.0,"enemies":"Chosen","floor":18.0,"turns":3.0},{"damage":11.0,"enemies":"Shell Parasite","floor":20.0,"turns":4.0},{"damage":8.0,"enemies":"Shelled Parasite and Fungi","floor":21.0,"turns":5.0},{"damage":1.0,"enemies":"Chosen and Byrds","floor":22.0,"turns":6.0},{"damage":9.0,"enemies":"3 Cultists","floor":23.0,"turns":5.0},{"damage":15.0,"enemies":"Gremlin Leader","floor":24.0,"turns":7.0},{"damage":26,"enemies":"Book of Stabbing","floor":29,"turns":4}],"seed_played":"598620720581397858","potions_obtained":[{"floor":4.0,"key":"Regen Potion"},{"floor":10.0,"key":"Dexterity Potion"},{"floor":16.0,"key":"DuplicationPotion"},{"floor":18.0,"key":"Energy Potion"},{"floor":24.0,"key":"SteroidPotion"}],"is_trial":false,"path_per_floor":["M","?","M","M","$","R","M","M","T","M","?","R","E","M","R","B",null,"M","$","M","M","M","M","E","R","T","R","?","E"],"character_chosen":"THE_SILENT","items_purchased":["Well Laid Plans","Poisoned Stab","Magnetism"],"campfire_rested":2,"item_purchase_floors":[5,5,19],"current_hp_per_floor":[59,64,58,58,58,58,45,38,38,24,3,24,13,8,8,20,58,46,46,35,27,26,17,2,23,23,23,23,0,0],"gold":149,"neow_bonus":"BOSS_RELIC","is_daily":false,"chose_seed":false,"campfire_upgraded":3,"win_rate":0.0,"timestamp":1614030828,"path_taken":["M","?","M","M","$","R","M","M","T","M","?","R","E","?","R","BOSS","M","$","M","M","M","M","E","R","T","R","?","E"],"items_purchased_type":["Card","Card","Card"],"build_version":"2020-12-22","purchased_purges":0,"victory":false,"max_hp_per_floor":[66,71,71,71,71,71,71,71,71,71,71,71,71,71,71,71,71,71,71,71,71,71,71,71,71,71,71,71,71,71],"relic_stats":{"Shovel":0,"counters":[16,67],"Sundial":[0],"HoveringKite":[6],"Pandora\u0027s Box":["Slice","Deflect","Choke","Deadly Poison","Acrobatics","Flying Knee","Expertise","Malaise","Wraith Form v2","Blade Dance"],"Snake Skull":[4],"Boot":[30],"obtain_stats":[{"Shovel":28,"Sundial":24,"Vajra":9,"HoveringKite":17,"Pandora\u0027s Box":0,"Snake Skull":26,"Boot":13,"Ring of the Snake":0},{"Shovel":15,"Sundial":15,"Vajra":5,"HoveringKite":9,"Pandora\u0027s Box":0,"Snake Skull":15,"Boot":7,"Ring of the Snake":0},{"Shovel":63,"Sundial":63,"Vajra":16,"HoveringKite":33,"Pandora\u0027s Box":0,"Snake Skull":63,"Boot":22,"Ring of the Snake":0}]},"card_choices":[{"not_picked":["Tactician","Deflect"],"picked":"Bane","floor":1.0},{"not_picked":["Deflect","Choke"],"picked":"Poisoned Stab","floor":3.0},{"not_picked":["Prepared","Bane"],"picked":"Blade Dance","floor":4.0},{"not_picked":["Slice","Dagger Throw"],"picked":"Reflex","floor":7.0},{"not_picked":["Choke","Masterful Stab"],"picked":"Bouncing Flask","floor":8.0},{"not_picked":["Cloak And Dagger","Acrobatics"],"picked":"Bane","floor":10.0},{"not_picked":["Dodge and Roll","Flying Knee"],"picked":"Backstab","floor":13.0},{"not_picked":["Slice","Outmaneuver","Heel Hook"],"picked":"SKIP","floor":14.0},{"not_picked":["A Thousand Cuts","Tools of the Trade"],"picked":"Night Terror","floor":16.0},{"not_picked":["Skewer","Sucker Punch"],"picked":"Backflip","floor":18.0},{"not_picked":["Flying Knee","Backflip","Deflect"],"picked":"SKIP","floor":20.0},{"not_picked":["Quick Slash","Endless Agony"],"picked":"Terror","floor":21.0},{"not_picked":["Sucker Punch+1","Quick Slash"],"picked":"Blade Dance+1","floor":22.0},{"not_picked":["Cloak And Dagger","Finisher"],"picked":"Grand Finale","floor":23.0},{"not_picked":["Dagger Throw","Choke"],"picked":"Noxious Fumes+1","floor":24.0}],"player_experience":807459,"relics_obtained":[{"floor":9.0,"key":"Vajra"},{"floor":13.0,"key":"Boot"},{"floor":24.0,"key":"Sundial"},{"floor":26.0,"key":"Snake Skull"}],"event_choices":[{"damage_healed":0.0,"max_hp_gain":5.0,"max_hp_loss":0.0,"gold_gain":0.0,"event_name":"Big Fish","player_choice":"Donut","floor":2.0,"gold_loss":0.0,"damage_taken":0.0},{"damage_healed":0.0,"max_hp_gain":0.0,"max_hp_loss":0.0,"gold_gain":0.0,"event_name":"Shining Light","player_choice":"Entered Light","floor":11.0,"gold_loss":0.0,"damage_taken":21.0,"cards_upgraded":["Slice","Choke"]},{"cards_removed":["Bane"],"damage_healed":0.0,"max_hp_gain":0.0,"max_hp_loss":0.0,"gold_gain":0.0,"event_name":"WeMeetAgain","player_choice":"Gave Card","floor":28.0,"gold_loss":0.0,"damage_taken":0.0,"relics_obtained":["Shovel"]}],"is_beta":false,"boss_relics":[{"not_picked":["Calling Bell","Cursed Key"],"picked":"HoveringKite"}],"items_purged_floors":[],"is_endless":false,"potions_floor_spawned":[4,10,16,18,21,24],"killed_by":"Book of Stabbing","ascension_level":20}}