{"host":"js2su9tbbk4rmjfl","time":1614033041,"event":{"mods":["AchievementEnabler","BaseMod","Block Reminder","Colored Map","Colored Powertips","Highlight Path","Minty Spire (QoL Compilation)","Relic Stats"],"gold_per_floor":[118,168,38,56,56,85,85,120,144,144,26,59,59,92,92,166,166,182,182,182,202,212,212,212,212],"floor_reached":24,"language":"ENG","playtime":1452,"items_purged":["Strike_R"],"score":478,"play_id":"66c03acd-fed8-44d3-abf4-408dc4c80eb3","local_time":"20210222233041","is_ascension_mode":true,"campfire_choices":[{"data":"Whirlwind","floor":7,"key":"SMITH"},{"data":"Metallicize","floor":10,"key":"SMITH"},{"data":"Metallicize","floor":13,"key":"SMITH"},{"data":"Power Through","floor":15,"key":"SMITH"},{"data":"Metallicize","floor":23,"key":"SMITH"}],"circlet_count":0,"master_deck":["AscendersBane","Strike_R+1","Strike_R+1","Defend_R+1","Defend_R+1","Bash","Battle Trance","Whirlwind+1","Power Through+1","Metallicize+1","Carnage","Metallicize+1","Battle Trance","Shrug It Off","Barricade","Combust+1","Demon Form+1","Searing Blow+1","Juggernaut","Metallicize+1"],"relics":["Burning Blood","NeowsBlessing","Anchor","Regal Pillow","Tiny Chest","MealTicket","Self Forming Clay","Astrolabe"],"acts_visited":["Exordium","TheCity"],"potions_floor_usage":[12,12,16,24],"damage_taken":[{"damage":0,"enemies":"Small Slimes","floor":1,"turns":1},{"damage":0,"enemies":"Cultist","floor":4,"turns":1},{"damage":0,"enemies":"Lagavulin","floor":6,"turns":1},{"damage":4,"enemies":"3 Sentries","floor":8,"turns":7},{"damage":13,"enemies":"Lagavulin","floor":12,"turns":7},{"damage":9,"enemies":"3 Sentries","floor":14,"turns":9},{"damage":58,"enemies":"Hexaghost","floor":16,"turns":15},{"damage":22,"enemies":"Shell Parasite","floor":18,"turns":9},{"damage":7,"enemies":"Spheric Guardian","floor":21,"turns":6},{"damage":10,"enemies":"Centurion and Healer","floor":22,"turns":10},{"damage":48,"enemies":"Book of Stabbing","floor":24,"turns":8}],"seed_played":"-145067727745369770","potions_obtained":[{"floor":1,"key":"Dexterity Potion"},{"floor":8,"key":"FearPotion"},{"floor":14,"key":"LiquidBronze"},{"floor":18,"key":"Fruit Juice"}],"is_trial":false,"path_per_floor":["M","?","$","M","?","E","R","E","T","R","$","E","R","E","R","B",null,"M","?","?","M","M","R","E"],"character_chosen":"IRONCLAD","items_purchased":["Whirlwind","Power Through","Battle Trance"],"campfire_rested":0,"item_purchase_floors":[3,3,11],"current_hp_per_floor":[74,74,74,75,68,74,74,75,75,75,75,68,68,65,65,13,60,44,44,44,43,39,39,0,0],"gold":212,"neow_bonus":"THREE_ENEMY_KILL","is_daily":false,"chose_seed":false,"campfire_upgraded":5,"win_rate":0.0,"timestamp":1614033041,"path_taken":["M","?","?","M","?","E","R","E","T","R","$","E","R","E","R","BOSS","M","?","?","?","M","R","E"],"items_purchased_type":["Card","Card","Card"],"build_version":"2020-12-22","purchased_purges":1,"victory":false,"max_hp_per_floor":[75,75,75,75,75,75,75,75,75,75,75,75,75,75,75,75,75,75,75,75,75,75,75,80,80],"relic_stats":{"Regal Pillow":0,"counters":[11,74],"Self Forming Clay":[132],"Astrolabe":["Combust","Demon Form","Searing Blow"],"Tiny Chest":0,"MealTicket":0,"obtain_stats":[{"Anchor":6,"Regal Pillow":8,"NeowsBlessing":0,"Self Forming Clay":14,"Astrolabe":17,"Tiny Chest":9,"MealTicket":12,"Burning Blood":0},{"Anchor":3,"Regal Pillow":4,"NeowsBlessing":0,"Self Forming Clay":6,"Astrolabe":7,"Tiny Chest":4,"MealTicket":5,"Burning Blood":0},{"Anchor":3,"Regal Pillow":10,"NeowsBlessing":0,"Self Forming Clay":26,"Astrolabe":41,"Tiny Chest":10,"MealTicket":17,"Burning Blood":0}],"Burning Blood":54},"card_choices":[{"not_picked":["Sentinel","Dual Wield"],"picked":"Battle Trance","floor":1},{"not_picked":["Burning Pact","Thunderclap"],"picked":"Metallicize","floor":4},{"not_picked":["Pummel","Iron Wave"],"picked":"Carnage","floor":6},{"not_picked":["Bloodletting","Inflame"],"picked":"Metallicize","floor":8},{"not_picked":["Infernal Blade","Evolve","Shrug It Off"],"picked":"SKIP","floor":12},{"not_picked":["Twin Strike","Reckless Charge"],"picked":"Shrug It Off","floor":14},{"not_picked":["Impervious","Feed"],"picked":"Barricade","floor":16},{"not_picked":["Blood for Blood","Armaments","Headbutt"],"picked":"SKIP","floor":18},{"not_picked":["Anger","Hemokinesis","Shockwave"],"picked":"SKIP","floor":21},{"not_picked":["Clothesline","Clash"],"picked":"Metallicize","floor":22}],"player_experience":900134,"relics_obtained":[{"floor":6,"key":"Anchor"},{"floor":8,"key":"Regal Pillow"},{"floor":9,"key":"Tiny Chest"},{"floor":12,"key":"MealTicket"},{"floor":14,"key":"Self Forming Clay"}],"event_choices":[{"damage_healed":0,"gold_gain":50,"player_choice":"Pray","damage_taken":0,"max_hp_gain":0,"max_hp_loss":0,"event_name":"Golden Shrine","floor":2,"gold_loss":0},{"cards_removed":["Defend_R"],"damage_healed":0,"gold_gain":0,"player_choice":"Card Removal","damage_taken":7,"max_hp_gain":0,"max_hp_loss":0,"event_name":"Golden Wing","floor":5,"gold_loss":0},{"damage_healed":0,"gold_gain":0,"player_choice":"Simplicity","damage_taken":0,"max_hp_gain":0,"max_hp_loss":0,"event_name":"Back to Basics","floor":19,"gold_loss":0,"cards_upgraded":["Strike_R","Strike_R","Defend_R","Defend_R"]},{"damage_healed":0,"gold_gain":0,"player_choice":"1 cards matched","damage_taken":0,"max_hp_gain":0,"max_hp_loss":0,"event_name":"Match and Keep!","floor":20,"gold_loss":0,"cards_obtained":["Juggernaut"]}],"is_beta":false,"boss_relics":[{"not_picked":["Fusion Hammer","Pandora\u0027s Box"],"picked":"Astrolabe"}],"items_purged_floors":[11],"is_endless":false,"potions_floor_spawned":[1,8,14,18],"killed_by":"Book of Stabbing","ascension_level":19}}