{"host":"sav7uxregyirlf69","time":1614007736,"event":{"mods":["AchievementEnabler","BaseMod","Colored Map","DeckTracker","Keyboard Shortcuts","Minty Spire (QoL Compilation)","READ ME - Guardian Mod","StSLib","SuperFastMode"],"gold_per_floor":[117,127,146,221,191,191,220,239,264,264,295,314,388,399,399,475,475,432,482,149,160,170,170,170,196,196,196,196,196],"floor_reached":28,"language":"KOR","playtime":621,"items_purged":["Strike_G"],"score":546,"play_id":"fbcb7d30-fc04-46b9-9793-b4e95d1b87dd","local_time":"20210223002856","is_ascension_mode":true,"campfire_choices":[{"data":"Footwork","floor":6.0,"key":"SMITH"},{"floor":10.0,"key":"REST"},{"floor":15.0,"key":"REST"},{"data":"Apotheosis","floor":23.0,"key":"SMITH"}],"circlet_count":0,"master_deck":["AscendersBane","Strike_G","Defend_G","Defend_G","Defend_G","Defend_G","Survivor","Neutralize","Concentrate","Infinite Blades","Dash","Footwork+1","Blade Dance","Deadly Poison","Accuracy","Blade Dance","Tactician","Blur","Prepared","Adrenaline","Apotheosis+1","Cloak And Dagger","Ghostly","Ghostly","Ghostly","Acrobatics"],"relics":["Ring of the Snake","Art of War","Dream Catcher","Oddly Smooth Stone","Empty Cage","Pear","Peace Pipe"],"acts_visited":["Exordium","TheCity"],"potions_floor_usage":[],"damage_taken":[{"damage":0.0,"enemies":"Jaw Worm","floor":1.0,"turns":5.0},{"damage":3.0,"enemies":"Cultist","floor":2.0,"turns":4.0},{"damage":2.0,"enemies":"2 Louse","floor":3.0,"turns":3.0},{"damage":24.0,"enemies":"Lagavulin","floor":7.0,"turns":9.0},{"damage":11.0,"enemies":"2 Fungi Beasts","floor":8.0,"turns":4.0},{"damage":21.0,"enemies":"3 Sentries","floor":11.0,"turns":11.0},{"damage":0.0,"enemies":"Large Slime","floor":12.0,"turns":6.0},{"damage":0.0,"enemies":"Looter","floor":14.0,"turns":4.0},{"damage":6.0,"enemies":"Hexaghost","floor":16.0,"turns":8.0},{"damage":0.0,"enemies":"2 Thieves","floor":18.0,"turns":5.0},{"damage":8.0,"enemies":"Chosen","floor":21.0,"turns":6.0},{"damage":0.0,"enemies":"Snecko","floor":22.0,"turns":3.0},{"damage":0.0,"enemies":"Gremlin Leader","floor":25.0,"turns":7.0},{"damage":36,"enemies":"Slavers","floor":28,"turns":5}],"seed_played":"-6346953920655552927","potions_obtained":[{"floor":1.0,"key":"SmokeBomb"},{"floor":5.0,"key":"PowerPotion"},{"floor":5.0,"key":"SkillPotion"},{"floor":8.0,"key":"LiquidBronze"},{"floor":12.0,"key":"FearPotion"},{"floor":14.0,"key":"LiquidMemories"},{"floor":16.0,"key":"FearPotion"},{"floor":18.0,"key":"Weak Potion"},{"floor":22.0,"key":"Swift Potion"}],"is_trial":false,"path_per_floor":["M","M","M","?","?","R","E","M","T","R","E","M","T","M","R","B",null,"M","?","$","M","M","R","?","E","T","?","E"],"character_chosen":"THE_SILENT","items_purchased":["Apotheosis","Cloak And Dagger"],"campfire_rested":2,"item_purchase_floors":[20,20],"current_hp_per_floor":[59,56,54,43,43,43,19,8,8,26,5,5,5,5,23,17,49,49,49,49,41,41,41,30,40,40,31,0,0],"gold":196,"neow_bonus":"TRANSFORM_TWO_CARDS","is_daily":false,"chose_seed":false,"campfire_upgraded":2,"win_rate":0.0,"timestamp":1614007736,"path_taken":["M","M","M","?","?","R","E","?","T","R","E","M","?","M","R","BOSS","M","?","$","M","M","R","?","E","T","?","E"],"items_purchased_type":["Card","Card"],"build_version":"2020-12-22","purchased_purges":1,"victory":false,"max_hp_per_floor":[60,60,60,60,60,60,60,60,60,60,60,60,60,60,60,60,60,60,60,60,60,60,60,30,40,40,45,45,45],"card_choices":[{"not_picked":["Flechettes","Cloak And Dagger"],"picked":"Dash","floor":1.0},{"not_picked":["Poisoned Stab","Calculated Gamble"],"picked":"Footwork","floor":2.0},{"not_picked":["Dagger Spray","Dagger Throw"],"picked":"Blade Dance","floor":3.0},{"not_picked":["Distraction","Sucker Punch","Flechettes"],"picked":"SKIP","floor":7.0},{"not_picked":["Deflect","Sucker Punch"],"picked":"Deadly Poison","floor":8.0},{"not_picked":["After Image","Leg Sweep"],"picked":"Accuracy","floor":10.0},{"not_picked":["Backstab","Footwork"],"picked":"Blade Dance","floor":11.0},{"not_picked":["Footwork","Dodge and Roll"],"picked":"Tactician","floor":12.0},{"not_picked":["Accuracy","PiercingWail"],"picked":"Blur","floor":14.0},{"not_picked":["Crippling Poison","Infinite Blades"],"picked":"Prepared","floor":15.0},{"not_picked":["Venomology","Storm of Steel"],"picked":"Adrenaline","floor":16.0},{"not_picked":["Sucker Punch","Setup+1","Blade Dance"],"picked":"SKIP","floor":18.0},{"not_picked":["Deflect","Dodge and Roll","Cloak And Dagger"],"picked":"SKIP","floor":21.0},{"not_picked":["Endless Agony","Dash","Skewer+1"],"picked":"SKIP","floor":22.0},{"not_picked":["Underhanded Strike","Blade Dance"],"picked":"Acrobatics","floor":25.0}],"player_experience":1651415,"relics_obtained":[{"floor":7.0,"key":"Art of War"},{"floor":9.0,"key":"Dream Catcher"},{"floor":11.0,"key":"Oddly Smooth Stone"},{"floor":25.0,"key":"Pear"},{"floor":26.0,"key":"Peace Pipe"}],"event_choices":[{"damage_healed":0.0,"max_hp_gain":0.0,"max_hp_loss":0.0,"gold_gain":75.0,"event_name":"World of Goop","player_choice":"Gather Gold","floor":4.0,"gold_loss":0.0,"damage_taken":11.0},{"damage_healed":0.0,"max_hp_gain":0.0,"max_hp_loss":0.0,"gold_gain":0.0,"event_name":"The Woman in Blue","player_choice":"Bought 2 Potions","floor":5.0,"gold_loss":0.0,"damage_taken":0.0},{"damage_healed":0.0,"max_hp_gain":0.0,"max_hp_loss":0.0,"gold_gain":50.0,"event_name":"Nest","player_choice":"Stole From Cult","floor":19.0,"gold_loss":0.0,"damage_taken":0.0},{"damage_healed":0.0,"max_hp_gain":0.0,"max_hp_loss":30.0,"gold_gain":0.0,"event_name":"Ghosts","player_choice":"Became a Ghost","floor":24.0,"gold_loss":0.0,"damage_taken":0.0,"cards_obtained":["Ghostly","Ghostly","Ghostly"]},{"damage_healed":0.0,"max_hp_gain":5.0,"max_hp_loss":0.0,"gold_gain":0.0,"event_name":"Forgotten Altar","player_choice":"Shed Blood","floor":27.0,"gold_loss":0.0,"damage_taken":14.0}],"is_beta":false,"boss_relics":[{"not_picked":["Busted Crown","Runic Dome"],"picked":"Empty Cage"}],"items_purged_floors":[20],"is_endless":false,"potions_floor_spawned":[1,8,12,14,16,18,22],"killed_by":"Slavers","ascension_level":20}}