{"host":"p20682arl12z5m5p","time":1614012703,"event":{"mods":["AchievementEnabler","BaseMod","Colored Map","Highlight Path","Minty Spire (QoL Compilation)","Permanent Neow","Relic Stats","StSLib"],"gold_per_floor":[115,115,133,144,162,162,188,11,11,31,42,53,65,94,94,196,196,214,233,233,252,252,282,282,312,312,312,15,35,35,52,52,155,155,168,168,20,38,85,111,111,111,137,149,182,182,210,220,220,220,220,220,70,101,101],"floor_reached":56,"language":"ENG","playtime":5447,"items_purged":["BowlingBash"],"score":2082,"play_id":"4bf1ab96-829f-4e95-86ad-991712933a7d","local_time":"20210222095143","is_ascension_mode":true,"campfire_choices":[{"data":"BattleHymn","floor":6.0,"key":"SMITH"},{"floor":15.0,"key":"REST"},{"floor":24.0,"key":"REST"},{"floor":27,"key":"REST"},{"data":"1","floor":32,"key":"LIFT"},{"data":"2","floor":42,"key":"LIFT"},{"data":"3","floor":46,"key":"LIFT"},{"floor":49,"key":"RECALL"},{"data":"Vault","floor":52,"key":"SMITH"}],"circlet_count":0,"master_deck":["AscendersBane","Vigilance","FlurryOfBlows","Sanctity","ClearTheMind","EmptyMind","BattleHymn+1","JustLucky","Protect","FearNoEvil","Worship","FearNoEvil","Vault+1","BowlingBash","Tantrum","Sanctity","EmptyMind","DeceiveReality","LikeWater","ThirdEye+1","EmptyFist","Consecrate","Prostrate","Prostrate","Prostrate","DeusExMachina","EmptyMind","ClearTheMind","Prostrate+1","Establishment"],"relics":["VioletLotus","Yang","Vajra","Letter Opener","Pandora\u0027s Box","Girya","Anchor","Shuriken","Lee\u0027s Waffle","SlaversCollar","Pen Nib","Torii","InkBottle","Bag of Marbles","MealTicket","Bottled Flame","HornCleat"],"acts_visited":["Exordium","TheCity","TheBeyond","TheEnding"],"potions_floor_usage":[39,40,55,55,55,55],"damage_taken":[{"damage":2.0,"enemies":"Jaw Worm","floor":1.0,"turns":4.0},{"damage":3.0,"enemies":"2 Louse","floor":3.0,"turns":4.0},{"damage":3.0,"enemies":"Small Slimes","floor":4.0,"turns":4.0},{"damage":20.0,"enemies":"Exordium Wildlife","floor":5.0,"turns":7.0},{"damage":1.0,"enemies":"3 Sentries","floor":7.0,"turns":6.0},{"damage":7.0,"enemies":"Red Slaver","floor":10.0,"turns":2.0},{"damage":6.0,"enemies":"Looter","floor":11.0,"turns":2.0},{"damage":17.0,"enemies":"Exordium Thugs","floor":12.0,"turns":3.0},{"damage":0.0,"enemies":"2 Fungi Beasts","floor":13.0,"turns":3.0},{"damage":0.0,"enemies":"Lagavulin","floor":14.0,"turns":4.0},{"damage":13.0,"enemies":"Slime Boss","floor":16.0,"turns":6.0},{"damage":0.0,"enemies":"Spheric Guardian","floor":18.0,"turns":2.0},{"damage":7.0,"enemies":"Shell Parasite","floor":19.0,"turns":4.0},{"damage":2.0,"enemies":"Centurion and Healer","floor":21.0,"turns":4.0},{"damage":16.0,"enemies":"Book of Stabbing","floor":23.0,"turns":5.0},{"damage":28,"enemies":"Gremlin Leader","floor":25,"turns":5},{"damage":0,"enemies":"3 Cultists","floor":29,"turns":4},{"damage":0,"enemies":"Cultist and Chosen","floor":31,"turns":3},{"damage":0,"enemies":"Automaton","floor":33,"turns":7},{"damage":0,"enemies":"3 Shapes","floor":35,"turns":6},{"damage":1,"enemies":"Orb Walker","floor":38,"turns":4},{"damage":55,"enemies":"2 Orb Walkers","floor":39,"turns":6},{"damage":2,"enemies":"Nemesis","floor":40,"turns":4},{"damage":14,"enemies":"4 Shapes","floor":44,"turns":4},{"damage":0,"enemies":"Giant Head","floor":45,"turns":5},{"damage":10,"enemies":"Reptomancer","floor":47,"turns":4},{"damage":7,"enemies":"Sphere and 2 Shapes","floor":48,"turns":2},{"damage":0,"enemies":"Donu and Deca","floor":50,"turns":5},{"damage":11,"enemies":"Shield and Spear","floor":54,"turns":4},{"damage":62,"enemies":"The Heart","floor":55,"turns":6}],"seed_played":"-8596712397648168191","potions_obtained":[{"floor":1.0,"key":"EssenceOfSteel"},{"floor":7.0,"key":"Ancient Potion"},{"floor":11.0,"key":"BottledMiracle"},{"floor":12.0,"key":"Block Potion"},{"floor":19.0,"key":"BottledMiracle"},{"floor":29,"key":"Dexterity Potion"},{"floor":33,"key":"LiquidMemories"},{"floor":39,"key":"EssenceOfSteel"},{"floor":45,"key":"Energy Potion"},{"floor":48,"key":"EntropicBrew"}],"is_trial":false,"path_per_floor":["M","?","M","M","M","R","E","$","T","M","M","M","M","E","R","B",null,"M","M","?","M","?","E","R","E","T","R","$","M","$","M","R","B",null,"M","?","$","M","?","E","?","R","T","M","E","R","E","M","R","B",null,"R","$","E","B",null],"character_chosen":"WATCHER","items_purchased":["Vajra","Protect","Prostrate","Lee\u0027s Waffle","Ambrosia","Pen Nib","Establishment"],"campfire_rested":3,"item_purchase_floors":[8,8,28,28,28,37,53],"current_hp_per_floor":[63,63,60,57,37,37,36,36,36,29,23,6,6,6,27,14,58,58,51,38,36,36,20,43,15,15,38,84,84,84,84,84,84,84,84,84,84,83,28,26,94,94,94,80,80,80,70,63,63,63,86,86,94,83,30],"gold":101,"neow_bonus":"BOSS_RELIC","is_daily":false,"chose_seed":false,"campfire_upgraded":2,"win_rate":0.0,"timestamp":1614012703,"path_taken":["M","?","M","M","M","R","E","$","T","M","M","M","M","E","R","BOSS","M","M","?","M","?","E","R","E","T","R","$","M","?","?","R","BOSS","M","?","?","M","?","E","?","R","T","M","E","R","E","?","R","BOSS","R","$","E","BOSS"],"items_purchased_type":["Relic","Card","Card","Relic","Potion","Relic","Card"],"build_version":"2020-12-22","purchased_purges":1,"victory":true,"max_hp_per_floor":[72,72,72,72,72,72,72,72,72,72,72,72,72,72,72,72,72,72,72,77,77,77,77,77,77,77,77,84,84,84,84,84,84,84,84,84,84,84,84,84,94,94,94,94,94,94,94,94,94,94,94,94,94,94,94],"relic_stats":{"Lee\u0027s Waffle":46,"Torii":30,"counters":[30,129],"Shuriken":[44],"Yang":[307],"Pandora\u0027s Box":["BowlingBash","Tantrum","Sanctity","EmptyMind","DeceiveReality","LikeWater","Blasphemy"],"MealTicket":8,"VioletLotus":[58],"Pen Nib":[13],"Letter Opener":[268],"obtain_stats":[{"Girya":23,"Lee\u0027s Waffle":28,"Torii":39,"Vajra":8,"Yang":7,"Pen Nib":37,"Letter Opener":14,"SlaversCollar":34,"Anchor":25,"Bottled Flame":47,"HornCleat":54,"Shuriken":26,"Pandora\u0027s Box":17,"MealTicket":45,"VioletLotus":0,"Bag of Marbles":43,"PureWater":0,"InkBottle":40},{"Girya":15,"Lee\u0027s Waffle":16,"Torii":22,"Vajra":5,"Yang":5,"Pen Nib":20,"Letter Opener":10,"SlaversCollar":19,"Anchor":16,"Bottled Flame":26,"HornCleat":29,"Shuriken":16,"Pandora\u0027s Box":11,"MealTicket":25,"VioletLotus":0,"Bag of Marbles":23,"PureWater":0,"InkBottle":23},{"Girya":60,"Lee\u0027s Waffle":65,"Torii":95,"Vajra":25,"Yang":25,"Pen Nib":85,"Letter Opener":39,"SlaversCollar":79,"Anchor":65,"Bottled Flame":112,"HornCleat":123,"Shuriken":65,"Pandora\u0027s Box":45,"MealTicket":108,"VioletLotus":0,"Bag of Marbles":99,"PureWater":0,"InkBottle":99}],"InkBottle":[21]},"card_choices":[{"not_picked":["CutThroughFate","PathToVictory"],"picked":"FlurryOfBlows","floor":1.0},{"not_picked":["Evaluate","CarveReality"],"picked":"ClearTheMind","floor":3.0},{"not_picked":["PathToVictory","FollowUp"],"picked":"EmptyMind","floor":4.0},{"not_picked":["CrushJoints","Swivel"],"picked":"BattleHymn","floor":5.0},{"not_picked":["Swivel","Evaluate"],"picked":"JustLucky","floor":7.0},{"not_picked":["Meditate","ThirdEye"],"picked":"FearNoEvil","floor":10.0},{"not_picked":["Adaptation","ClearTheMind"],"picked":"Worship","floor":11.0},{"not_picked":["SashWhip","SignatureMove"],"picked":"BowlingBash","floor":12.0},{"not_picked":["EmptyFist","WheelKick"],"picked":"FearNoEvil","floor":13.0},{"not_picked":["WreathOfFlame","JustLucky"],"picked":"Vault","floor":14.0},{"not_picked":["LessonLearned","Establishment"],"picked":"Blasphemy","floor":16.0},{"not_picked":["FollowUp+1","Evaluate"],"picked":"ThirdEye+1","floor":18.0},{"not_picked":["CutThroughFate","Study"],"picked":"EmptyFist","floor":19.0},{"not_picked":["EmptyBody","EmptyMind"],"picked":"Consecrate","floor":21.0},{"not_picked":["Adaptation","Sanctity","Halt"],"picked":"SKIP","floor":23.0},{"not_picked":["Vengeance","FollowUp"],"picked":"Prostrate","floor":25},{"not_picked":["LikeWater","EmptyFist","DeceiveReality"],"picked":"SKIP","floor":29},{"not_picked":["FlyingSleeves","JustLucky"],"picked":"Prostrate","floor":31},{"not_picked":["DevaForm","Alpha"],"picked":"DeusExMachina","floor":33},{"not_picked":["WheelKick","Wallop","EmptyFist"],"picked":"SKIP","floor":35},{"not_picked":["Adaptation","Indignation","Protect"],"picked":"SKIP","floor":38},{"not_picked":["Halt","FlyingSleeves","Pray"],"picked":"SKIP","floor":40},{"not_picked":["Study+1","Tantrum"],"picked":"ClearTheMind","floor":44},{"not_picked":["WreathOfFlame","FollowUp","ThirdEye"],"picked":"SKIP","floor":45},{"not_picked":["Consecrate","Prostrate+1","Pray"],"picked":"SKIP","floor":47},{"not_picked":["Consecrate","Pray"],"picked":"Prostrate+1","floor":47},{"not_picked":["FlyingSleeves+1","EmptyBody","Prostrate"],"picked":"SKIP","floor":48},{"not_picked":["Halt","Crescendo","Prostrate"],"picked":"SKIP","floor":54}],"player_experience":685505,"relics_obtained":[{"floor":7.0,"key":"Yang"},{"floor":14.0,"key":"Letter Opener"},{"floor":23.0,"key":"Girya"},{"floor":25,"key":"Anchor"},{"floor":26,"key":"Shuriken"},{"floor":39,"key":"Torii"},{"floor":40,"key":"InkBottle"},{"floor":43,"key":"Bag of Marbles"},{"floor":45,"key":"MealTicket"},{"floor":47,"key":"Bottled Flame"},{"floor":54,"key":"HornCleat"}],"event_choices":[{"damage_healed":0.0,"max_hp_gain":0.0,"max_hp_loss":0.0,"gold_gain":0.0,"cards_transformed":["Strike_P"],"event_name":"Living Wall","player_choice":"Change","floor":2.0,"gold_loss":0.0,"damage_taken":0.0,"cards_obtained":["Sanctity"]},{"damage_healed":0.0,"max_hp_gain":5.0,"max_hp_loss":0.0,"gold_gain":0.0,"event_name":"Forgotten Altar","player_choice":"Shed Blood","floor":20.0,"gold_loss":0.0,"damage_taken":18.0},{"cards_removed":["Eruption"],"damage_healed":0.0,"max_hp_gain":0.0,"max_hp_loss":0.0,"gold_gain":0.0,"event_name":"Back to Basics","player_choice":"Elegance","floor":22.0,"gold_loss":0.0,"damage_taken":0.0},{"damage_healed":0,"gold_gain":0,"cards_transformed":["Blasphemy"],"player_choice":"Transformed","damage_taken":0,"max_hp_gain":0,"max_hp_loss":0,"event_name":"Transmorgrifier","floor":36,"gold_loss":0,"cards_obtained":["EmptyMind"]},{"damage_healed":0,"gold_gain":0,"player_choice":"Fight","damage_taken":0,"max_hp_gain":0,"max_hp_loss":0,"event_name":"Mysterious Sphere","floor":39,"gold_loss":0},{"cards_removed":["Blasphemy"],"damage_healed":58,"gold_gain":0,"player_choice":"Offered Rare","damage_taken":0,"max_hp_gain":10,"max_hp_loss":0,"event_name":"Bonfire Elementals","floor":41,"gold_loss":0}],"is_beta":false,"boss_relics":[{"not_picked":["Velvet Choker","Philosopher\u0027s Stone"],"picked":"Pandora\u0027s Box"},{"not_picked":["Tiny House","Sozu"],"picked":"SlaversCollar"}],"items_purged_floors":[53],"is_endless":false,"potions_floor_spawned":[1,7,11,12,13,19,29,33,39,45,47,48],"ascension_level":12}}