{"host":"3n5xmnb54n2y5mb4","time":1614008599,"event":{"mods":["BaseMod","Colored Map","Colored Powertips","Minty Spire (QoL Compilation)","Permanent Neow","StSLib","Unceasing Turn Reminder","everything is the same but u backflip on backflip"],"gold_per_floor":[19,19,29,29,29,60,60,138,162,178,27,57,76,108,108,209,209,228,239,239,268,268,302,320,320,320,352,370,370,370,384,384,486,486,498,63,63,63,285,285,319,319,319,337,337,337,350,365,365,365],"floor_reached":51,"language":"ENG","playtime":4057,"items_purged":[],"score":1180,"play_id":"6fece1f3-9186-44fd-a96e-e004ab54e67c","local_time":"20210222104319","is_ascension_mode":true,"campfire_choices":[{"data":"Bash","floor":7.0,"key":"SMITH"},{"data":"Ghostly Armor","floor":15.0,"key":"SMITH"},{"data":"Armaments","floor":25.0,"key":"SMITH"},{"floor":32,"key":"REST"},{"data":"Uppercut","floor":40,"key":"SMITH"},{"floor":42,"key":"REST"},{"data":"Entrench","floor":45,"key":"SMITH"},{"floor":49,"key":"REST"}],"circlet_count":0,"master_deck":["AscendersBane","Bash+1","The Bomb+1","Ghostly Armor+1","Shrug It Off+1","Infernal Blade+1","Second Wind+1","Metallicize+1","Wild Strike+1","Havoc+1","Offering+1","Feed+1","Armaments+1","Infernal Blade+1","Immolate+1","Uppercut+1","Berserk+1","Bludgeon+1","Pummel+1","Infernal Blade+1","Twin Strike+1","Sentinel+1","Offering+1","Iron Wave+1","Metallicize+1","J.A.X.+1","Barricade+1","Disarm+1","Battle Trance+1","Madness+1","Madness+1","Entrench+1","True Grit+1"],"relics":["Burning Blood","MealTicket","Charon\u0027s Ashes","Bag of Preparation","Toy Ornithopter","Frozen Egg 2","Pandora\u0027s Box","Red Mask","Juzu Bracelet","Mercury Hourglass","Ice Cream","Orichalcum","Mark of Pain","Bottled Tornado","Lantern","Bronze Scales","War Paint","Mark of the Bloom"],"acts_visited":["Exordium","TheCity","TheBeyond"],"potions_floor_usage":[33,48],"damage_taken":[{"damage":1.0,"enemies":"Cultist","floor":1.0,"turns":3.0},{"damage":12.0,"enemies":"2 Louse","floor":3.0,"turns":3.0},{"damage":16.0,"enemies":"Gremlin Nob","floor":6.0,"turns":3.0},{"damage":6.0,"enemies":"Small Slimes","floor":10.0,"turns":3.0},{"damage":10.0,"enemies":"Lagavulin","floor":12.0,"turns":7.0},{"damage":4.0,"enemies":"Exordium Wildlife","floor":13.0,"turns":4.0},{"damage":15.0,"enemies":"Gremlin Nob","floor":14.0,"turns":3.0},{"damage":32.0,"enemies":"Hexaghost","floor":16.0,"turns":9.0},{"damage":12.0,"enemies":"Chosen","floor":18.0,"turns":4.0},{"damage":15.0,"enemies":"Shell Parasite","floor":19.0,"turns":5.0},{"damage":7.0,"enemies":"Masked Bandits","floor":21.0,"turns":3.0},{"damage":19.0,"enemies":"Slavers","floor":23.0,"turns":3.0},{"damage":14.0,"enemies":"Centurion and Healer","floor":24.0,"turns":3.0},{"damage":12.0,"enemies":"Book of Stabbing","floor":27.0,"turns":5.0},{"damage":18.0,"enemies":"Snake Plant","floor":28.0,"turns":3.0},{"damage":12,"enemies":"Chosen and Byrds","floor":31,"turns":5},{"damage":54,"enemies":"Champ","floor":33,"turns":10},{"damage":12,"enemies":"3 Darklings","floor":35,"turns":3},{"damage":17,"enemies":"Nemesis","floor":41,"turns":9},{"damage":12,"enemies":"3 Shapes","floor":44,"turns":4},{"damage":9,"enemies":"Spire Growth","floor":47,"turns":5},{"damage":6,"enemies":"3 Darklings","floor":48,"turns":3},{"damage":24,"enemies":"Time Eater","floor":50,"turns":9}],"seed_played":"-3876496857996200082","potions_obtained":[{"floor":1.0,"key":"Ancient Potion"},{"floor":3.0,"key":"Weak Potion"},{"floor":12.0,"key":"Regen Potion"},{"floor":27.0,"key":"LiquidBronze"},{"floor":31,"key":"Fruit Juice"},{"floor":35,"key":"SmokeBomb"}],"is_trial":false,"path_per_floor":["M","?","M","$","?","E","R","?","T","M","$","E","M","E","R","B",null,"M","M","?","?","?","E","M","R","T","E","M","?","?","M","R","B",null,"M","$","?","?","?","R","E","R","T","M","R","?","M","M","R","B",null],"character_chosen":"IRONCLAD","items_purchased":["Second Wind","Metallicize","Bottled Tornado","Battle Trance","Lantern"],"campfire_rested":3,"item_purchase_floors":[11,11,36,36,36],"current_hp_per_floor":[77,77,71,71,64,54,54,54,54,54,69,65,67,58,58,32,68,62,53,79,81,81,68,63,63,63,62,50,50,50,47,73,35,79,76,91,91,79,79,79,68,97,97,91,91,91,82,76,76,52],"gold":365,"neow_bonus":"RANDOM_COLORLESS_2","is_daily":false,"chose_seed":false,"campfire_upgraded":5,"win_rate":0.0,"timestamp":1614008599,"path_taken":["M","?","?","?","?","E","R","?","T","M","$","E","?","E","R","BOSS","M","M","?","?","?","E","M","R","T","E","M","?","?","M","R","BOSS","M","$","?","?","?","R","E","R","T","M","R","?","M","M","R","BOSS"],"items_purchased_type":["Card","Card","Relic","Card","Relic"],"build_version":"2020-12-22","purchased_purges":0,"victory":true,"max_hp_per_floor":[80,80,80,80,80,80,80,80,80,80,80,80,80,80,80,80,80,80,80,80,83,83,83,86,86,86,86,86,86,86,89,89,94,94,97,97,97,97,97,97,97,97,97,97,97,97,97,97,97,97],"card_choices":[{"not_picked":["HandOfGreed","Panache"],"picked":"The Bomb","floor":0.0},{"not_picked":["Rupture","Pummel"],"picked":"Ghostly Armor","floor":1.0},{"not_picked":["Spot Weakness","Anger"],"picked":"Shrug It Off","floor":3.0},{"not_picked":["Thunderclap","Dual Wield"],"picked":"Metallicize","floor":6.0},{"not_picked":["Hemokinesis","Anger"],"picked":"Infernal Blade","floor":10.0},{"not_picked":["Perfected Strike","Body Slam"],"picked":"Wild Strike","floor":12.0},{"not_picked":["Pommel Strike","Cleave"],"picked":"Havoc","floor":13.0},{"not_picked":["Clothesline","Battle Trance"],"picked":"Offering","floor":14.0},{"not_picked":["Impervious","Double Tap"],"picked":"Feed","floor":16.0},{"not_picked":["Pommel Strike","Anger"],"picked":"Twin Strike+1","floor":18.0},{"not_picked":["Thunderclap","Sword Boomerang"],"picked":"Sentinel+1","floor":19.0},{"not_picked":["Iron Wave","Dropkick+1"],"picked":"Offering","floor":23.0},{"not_picked":["Headbutt","Pommel Strike+1"],"picked":"Iron Wave+1","floor":24.0},{"not_picked":["Clash","Sword Boomerang"],"picked":"Metallicize+1","floor":27.0},{"not_picked":["Body Slam","Shrug It Off","Anger"],"picked":"SKIP","floor":28.0},{"not_picked":["True Grit","Cleave","Clash+1"],"picked":"SKIP","floor":31},{"not_picked":["Fiend Fire","Exhume"],"picked":"Barricade+1","floor":33},{"not_picked":["Clothesline+1","Searing Blow"],"picked":"Disarm+1","floor":35},{"not_picked":["Carnage","Body Slam"],"picked":"Entrench","floor":41},{"not_picked":["Spot Weakness","Armaments"],"picked":"True Grit+1","floor":44},{"not_picked":["Intimidate+1","Wild Strike+1","Searing Blow"],"picked":"SKIP","floor":47},{"not_picked":["Twin Strike","Iron Wave","Havoc"],"picked":"SKIP","floor":48}],"player_experience":998092,"relics_obtained":[{"floor":6.0,"key":"Charon\u0027s Ashes"},{"floor":9.0,"key":"Bag of Preparation"},{"floor":12.0,"key":"Toy Ornithopter"},{"floor":14.0,"key":"Frozen Egg 2"},{"floor":21.0,"key":"Red Mask"},{"floor":23.0,"key":"Mercury Hourglass"},{"floor":26.0,"key":"Ice Cream"},{"floor":27.0,"key":"Orichalcum"},{"floor":41,"key":"Bronze Scales"},{"floor":43,"key":"War Paint"}],"event_choices":[{"damage_healed":0.0,"max_hp_gain":0.0,"max_hp_loss":0.0,"gold_gain":0.0,"event_name":"Accursed Blacksmith","player_choice":"Forge","floor":2.0,"gold_loss":0.0,"damage_taken":0.0,"cards_upgraded":["The Bomb"]},{"damage_healed":0.0,"max_hp_gain":0.0,"max_hp_loss":0.0,"gold_gain":0.0,"event_name":"Scrap Ooze","player_choice":"Success","floor":5.0,"gold_loss":0.0,"damage_taken":7.0,"relics_obtained":["MealTicket"]},{"damage_healed":0.0,"max_hp_gain":0.0,"max_hp_loss":0.0,"gold_gain":78.0,"event_name":"Golden Wing","player_choice":"Gained Gold","floor":8.0,"gold_loss":0.0,"damage_taken":0.0},{"damage_healed":26.0,"max_hp_gain":0.0,"max_hp_loss":0.0,"gold_gain":0.0,"event_name":"The Library","player_choice":"Heal","floor":20.0,"gold_loss":0.0,"damage_taken":0.0},{"damage_healed":0.0,"max_hp_gain":0.0,"max_hp_loss":0.0,"gold_gain":0.0,"event_name":"Masked Bandits","player_choice":"Fought Bandits","floor":21.0,"gold_loss":0.0,"damage_taken":0.0},{"damage_healed":0.0,"max_hp_gain":0.0,"max_hp_loss":0.0,"gold_gain":0.0,"event_name":"The Mausoleum","player_choice":"Opened","floor":22.0,"gold_loss":0.0,"damage_taken":0.0,"relics_obtained":["Juzu Bracelet"]},{"cards_removed":["Entrench"],"damage_healed":0,"gold_gain":0,"player_choice":"Elegance","damage_taken":0,"max_hp_gain":0,"max_hp_loss":0,"event_name":"Back to Basics","floor":29,"gold_loss":0},{"damage_healed":0,"gold_gain":0,"player_choice":"Obtain J.A.X.","damage_taken":0,"max_hp_gain":0,"max_hp_loss":0,"event_name":"Drug Dealer","floor":30,"gold_loss":0,"cards_obtained":["J.A.X."]},{"cards_removed":["Metallicize"],"damage_healed":0,"gold_gain":0,"player_choice":"Removed Power","damage_taken":0,"max_hp_gain":0,"max_hp_loss":0,"event_name":"Falling","floor":37,"gold_loss":0},{"damage_healed":0,"gold_gain":0,"player_choice":"Embrace Madness","damage_taken":12,"max_hp_gain":0,"max_hp_loss":0,"event_name":"Winding Halls","floor":38,"gold_loss":0,"cards_obtained":["Madness","Madness"]},{"damage_healed":0,"gold_gain":222,"player_choice":"Wore Mask","damage_taken":0,"max_hp_gain":0,"max_hp_loss":0,"event_name":"Tomb of Lord Red Mask","floor":39,"gold_loss":0},{"damage_healed":0,"gold_gain":0,"player_choice":"Upgrade","damage_taken":0,"relics_obtained":["Mark of the Bloom"],"max_hp_gain":0,"max_hp_loss":0,"event_name":"MindBloom","floor":46,"gold_loss":0,"cards_upgraded":["Shrug It Off","Infernal Blade","Metallicize","Wild Strike","Offering","Feed","Infernal Blade","Immolate","Bludgeon","Pummel","Infernal Blade","Offering","J.A.X.","Battle Trance","Madness","Madness"]}],"is_beta":false,"boss_relics":[{"not_picked":["Tiny House","Runic Pyramid"],"picked":"Pandora\u0027s Box"},{"not_picked":["Astrolabe","Black Blood"],"picked":"Mark of Pain"}],"items_purged_floors":[],"is_endless":false,"potions_floor_spawned":[1,3,12,19,27,28,31,35,44,47],"ascension_level":12}}