{"host":"snampf0t8p8psf53","time":1614032731,"event":{"mods":["AchievementEnabler","BaseMod","Bestiary","Curses Come First","DeckTracker","Minty Spire (QoL Compilation)","Permanent Neow","StSLib","SuperFastMode"],"gold_per_floor":[109,284,284,299,146,179,192,231,231,249,265,278,278,299,299,299,299],"floor_reached":16,"language":"ENG","playtime":940,"items_purged":["Doubt"],"score":146,"play_id":"91f25645-d8b3-4be0-858d-509d92a0ae0e","local_time":"20210222142531","is_ascension_mode":true,"campfire_choices":[{"data":"Rampage","floor":13,"key":"SMITH"},{"floor":15,"key":"REST"}],"circlet_count":0,"master_deck":["Strike_R","Strike_R","Strike_R","Strike_R","Strike_R","Defend_R","Defend_R","Defend_R","Defend_R","Bash","Dark Embrace","Dark Embrace","Rampage+1","Shockwave"],"relics":["Burning Blood","NeowsBlessing","Golden Idol","Bird Faced Urn","Gremlin Horn","Calipers"],"acts_visited":["Exordium"],"potions_floor_usage":[8,8,12],"damage_taken":[{"damage":0,"enemies":"Jaw Worm","floor":1,"turns":1},{"damage":0,"enemies":"Small Slimes","floor":4,"turns":2},{"damage":0,"enemies":"3 Sentries","floor":6,"turns":1},{"damage":6,"enemies":"Cultist","floor":7,"turns":3},{"damage":57,"enemies":"Gremlin Nob","floor":8,"turns":6},{"damage":0,"enemies":"Large Slime","floor":10,"turns":5},{"damage":24,"enemies":"Gremlin Gang","floor":11,"turns":5},{"damage":16,"enemies":"Exordium Wildlife","floor":12,"turns":5},{"damage":7,"enemies":"Blue Slaver","floor":14,"turns":4},{"damage":45,"enemies":"Slime Boss","floor":16,"turns":7}],"seed_played":"6269049237890078721","potions_obtained":[{"floor":1,"key":"Fruit Juice"},{"floor":6,"key":"Strength Potion"},{"floor":11,"key":"Fire Potion"}],"is_trial":false,"path_per_floor":["M","?","?","M","$","E","M","E","T","M","M","M","R","M","R","B"],"character_chosen":"IRONCLAD","items_purchased":["Dark Embrace"],"campfire_rested":1,"item_purchase_floors":[5],"current_hp_per_floor":[80,80,60,66,66,72,72,28,28,36,20,12,12,11,36,0,0],"gold":299,"neow_bonus":"THREE_ENEMY_KILL","is_daily":false,"chose_seed":false,"campfire_upgraded":1,"win_rate":0.0,"timestamp":1614032731,"path_taken":["M","?","?","M","$","E","M","E","T","M","M","M","R","M","R","BOSS"],"items_purchased_type":["Card"],"build_version":"2020-12-22","purchased_purges":1,"victory":false,"max_hp_per_floor":[80,80,80,80,80,80,80,85,85,85,85,85,85,85,85,85,85],"card_choices":[{"not_picked":["Perfected Strike","Wild Strike"],"picked":"Dark Embrace","floor":1},{"not_picked":["Sword Boomerang","Reckless Charge","Armaments"],"picked":"SKIP","floor":4},{"not_picked":["Thunderclap","Intimidate"],"picked":"Rampage","floor":6},{"not_picked":["Havoc","Cleave","Clash"],"picked":"SKIP","floor":7},{"not_picked":["True Grit","Dropkick","Sever Soul"],"picked":"SKIP","floor":8},{"not_picked":["Reckless Charge","Combust"],"picked":"Shockwave","floor":10},{"not_picked":["Seeing Red","Bloodletting","True Grit"],"picked":"SKIP","floor":11},{"not_picked":["Sword Boomerang","Juggernaut","Cleave"],"picked":"SKIP","floor":12},{"not_picked":["Havoc","Thunderclap","True Grit"],"picked":"SKIP","floor":14}],"player_experience":174003,"relics_obtained":[{"floor":6,"key":"Bird Faced Urn"},{"floor":8,"key":"Gremlin Horn"},{"floor":9,"key":"Calipers"}],"event_choices":[{"damage_healed":0,"gold_gain":175,"player_choice":"AGREE","damage_taken":0,"max_hp_gain":0,"max_hp_loss":0,"event_name":"Liars Game","floor":2,"gold_loss":0,"cards_obtained":["Doubt"]},{"damage_healed":0,"gold_gain":0,"player_choice":"Take Damage","damage_taken":20,"relics_obtained":["Golden Idol"],"max_hp_gain":0,"max_hp_loss":0,"event_name":"Golden Idol","floor":3,"gold_loss":0}],"is_beta":false,"boss_relics":[],"items_purged_floors":[5],"is_endless":false,"potions_floor_spawned":[1,6,11],"killed_by":"Slime Boss","ascension_level":1}}