{"host":"8jwrv7sn1174lfer","time":1614003924,"event":{"mods":["BaseMod","Colored Map","Colored Powertips","Highlight Path","Minty Spire (QoL Compilation)","StSLib"],"gold_per_floor":[109,284,284,284,303,303,344,365,365,384,415,415,66,99,99,220,220,233,224,224,224,224,224,257,36,36,36,76,76,101,126,126,252,252,277,277,298,298,298],"floor_reached":38,"language":"ENG","playtime":3632,"items_purged":["Strike_G"],"score":599,"play_id":"b2f17943-4ea6-4aed-8c6f-cf0b6100420d","local_time":"20210222092524","is_ascension_mode":true,"campfire_choices":[{"data":"Underhanded Strike","floor":6,"key":"SMITH"},{"data":"Neutralize","floor":12,"key":"SMITH"},{"floor":15,"key":"REST"},{"data":"After Image","floor":23,"key":"SMITH"},{"data":"Malaise","floor":27,"key":"SMITH"},{"floor":32,"key":"REST"}],"circlet_count":0,"master_deck":["Strike_G","Strike_G","Strike_G","Defend_G","Defend_G","Defend_G","Defend_G","Defend_G","Survivor","Neutralize+1","Leg Sweep","Doubt","Underhanded Strike+1","All Out Attack","Tactician","Dodge and Roll","PiercingWail","Dagger Throw","Malaise+1","Caltrops","After Image+1","Dodge and Roll+1","Noxious Fumes+1","Shame","Cloak And Dagger+1","Acrobatics","Cloak And Dagger","Eviscerate","Prepared","Tools of the Trade","Deflect+1","Die Die Die","CurseOfTheBell","Blade Dance+1","Acrobatics+1"],"relics":["Ring of the Serpent","Juzu Bracelet","Ornamental Fan","Golden Idol","Oddly Smooth Stone","Darkstone Periapt","Strawberry","Bag of Preparation","PreservedInsect","Kunai","Pantograph","Tingsha","Orrery","Gremlin Horn","Red Mask","Calling Bell","Tiny Chest","Paper Crane","TungstenRod"],"acts_visited":["Exordium","TheCity","TheBeyond"],"potions_floor_usage":[7,11,16,19,19,19,24,24,33,38],"damage_taken":[{"damage":0,"enemies":"2 Louse","floor":1,"turns":4},{"damage":4,"enemies":"Small Slimes","floor":5,"turns":7},{"damage":25,"enemies":"3 Sentries","floor":7,"turns":15},{"damage":0,"enemies":"Jaw Worm","floor":8,"turns":6},{"damage":0,"enemies":"Exordium Thugs","floor":10,"turns":4},{"damage":15,"enemies":"Lagavulin","floor":11,"turns":10},{"damage":15,"enemies":"3 Sentries","floor":14,"turns":12},{"damage":14,"enemies":"Hexaghost","floor":16,"turns":16},{"damage":4,"enemies":"3 Byrds","floor":18,"turns":4},{"damage":4,"enemies":"2 Thieves","floor":19,"turns":4},{"damage":14,"enemies":"Slavers","floor":24,"turns":6},{"damage":32,"enemies":"Masked Bandits","floor":28,"turns":6},{"damage":3,"enemies":"Shelled Parasite and Fungi","floor":30,"turns":6},{"damage":0,"enemies":"Cultist and Chosen","floor":31,"turns":6},{"damage":45,"enemies":"Collector","floor":33,"turns":12},{"damage":0,"enemies":"3 Shapes","floor":35,"turns":8},{"damage":6,"enemies":"Orb Walker","floor":37,"turns":4},{"damage":73,"enemies":"2 Orb Walkers","floor":38,"turns":6}],"seed_played":"-5667895913546533759","potions_obtained":[{"floor":5,"key":"CunningPotion"},{"floor":7,"key":"Poison Potion"},{"floor":14,"key":"Fire Potion"},{"floor":16,"key":"Dexterity Potion"},{"floor":18,"key":"EntropicBrew"},{"floor":30,"key":"Swift Potion"},{"floor":35,"key":"Dexterity Potion"}],"is_trial":false,"path_per_floor":["M","?","?","?","M","R","E","M","T","M","E","R","$","E","R","B",null,"M","M","?","?","?","R","E","$","T","R","?","?","M","M","R","B",null,"M","?","M","?"],"character_chosen":"THE_SILENT","items_purchased":["Bag of Preparation","Dagger Throw","Malaise","Orrery"],"campfire_rested":2,"item_purchase_floors":[13,13,13,25],"current_hp_per_floor":[63,63,60,60,56,56,31,31,31,31,23,23,23,8,29,15,58,54,50,50,56,56,56,42,42,42,42,10,10,7,7,30,10,67,67,67,61,0,0],"gold":298,"neow_bonus":"RANDOM_COMMON_RELIC","is_daily":false,"chose_seed":false,"campfire_upgraded":4,"win_rate":0.0,"timestamp":1614003924,"path_taken":["M","?","?","?","M","R","E","M","T","M","E","R","?","E","R","BOSS","M","M","?","?","?","R","E","?","T","R","?","?","M","M","R","BOSS","M","?","M","?"],"items_purchased_type":["Relic","Card","Card","Relic"],"build_version":"2020-12-22","purchased_purges":1,"victory":false,"max_hp_per_floor":[70,70,70,65,65,65,65,65,65,65,72,72,72,72,72,72,72,72,72,72,78,78,78,78,78,78,78,78,78,78,78,78,78,84,84,84,84,84,84],"card_choices":[{"not_picked":["Acrobatics","Cloak And Dagger"],"picked":"Leg Sweep","floor":1},{"not_picked":["Acrobatics","Deflect"],"picked":"Underhanded Strike","floor":5},{"not_picked":["Deflect","Choke"],"picked":"All Out Attack","floor":7},{"not_picked":["Accuracy","Deadly Poison"],"picked":"Tactician","floor":8},{"not_picked":["Outmaneuver","Backflip"],"picked":"Dodge and Roll","floor":10},{"not_picked":["Night Terror","Blade Dance"],"picked":"PiercingWail","floor":11},{"not_picked":["Masterful Stab","Crippling Poison"],"picked":"Caltrops","floor":14},{"not_picked":["Die Die Die","Wraith Form v2"],"picked":"After Image","floor":16},{"not_picked":["Setup","Flechettes+1"],"picked":"Dodge and Roll+1","floor":18},{"not_picked":["Poisoned Stab+1","Flying Knee"],"picked":"Noxious Fumes+1","floor":19},{"not_picked":["Phantasmal Killer","Endless Agony","Quick Slash"],"picked":"SKIP","floor":24},{"not_picked":["Blade Dance+1","Dagger Spray"],"picked":"Cloak And Dagger+1","floor":25},{"not_picked":["Blade Dance+1","Escape Plan+1"],"picked":"Acrobatics","floor":25},{"not_picked":["Crippling Poison","Finisher"],"picked":"Cloak And Dagger","floor":25},{"not_picked":["Slice","Deadly Poison"],"picked":"Eviscerate","floor":28},{"not_picked":["PiercingWail","Prepared+1"],"picked":"Tools of the Trade","floor":30},{"not_picked":["Backflip","Skewer+1"],"picked":"Deflect+1","floor":31},{"not_picked":["Night Terror","Bullet Time"],"picked":"Die Die Die","floor":33},{"not_picked":["Flying Knee+1","Dagger Spray+1"],"picked":"Blade Dance+1","floor":35},{"not_picked":["Glass Knife","Noxious Fumes"],"picked":"Acrobatics+1","floor":37}],"player_experience":659060,"relics_obtained":[{"floor":7,"key":"Oddly Smooth Stone"},{"floor":9,"key":"Darkstone Periapt"},{"floor":11,"key":"Strawberry"},{"floor":14,"key":"PreservedInsect"},{"floor":24,"key":"Tingsha"},{"floor":26,"key":"Gremlin Horn"},{"floor":28,"key":"Red Mask"},{"floor":34,"key":"Tiny Chest"},{"floor":34,"key":"Paper Crane"},{"floor":34,"key":"TungstenRod"}],"event_choices":[{"damage_healed":0,"gold_gain":175,"player_choice":"AGREE","damage_taken":0,"max_hp_gain":0,"max_hp_loss":0,"event_name":"Liars Game","floor":2,"gold_loss":0,"cards_obtained":["Doubt"]},{"damage_healed":0,"gold_gain":0,"player_choice":"Success","damage_taken":3,"relics_obtained":["Ornamental Fan"],"max_hp_gain":0,"max_hp_loss":0,"event_name":"Scrap Ooze","floor":3,"gold_loss":0},{"damage_healed":0,"gold_gain":0,"player_choice":"Lose Max HP","damage_taken":0,"relics_obtained":["Golden Idol"],"max_hp_gain":0,"max_hp_loss":5,"event_name":"Golden Idol","floor":4,"gold_loss":0},{"damage_healed":0,"gold_gain":0,"player_choice":"Opened","damage_taken":0,"relics_obtained":["Kunai"],"max_hp_gain":0,"max_hp_loss":0,"event_name":"The Mausoleum","floor":20,"gold_loss":0},{"damage_healed":0,"gold_gain":0,"player_choice":"Stole Relic","damage_taken":0,"relics_obtained":["Pantograph"],"max_hp_gain":0,"max_hp_loss":0,"event_name":"Addict","floor":21,"gold_loss":0,"cards_obtained":["Shame"]},{"damage_healed":0,"gold_gain":0,"player_choice":"Ignored","damage_taken":0,"max_hp_gain":0,"max_hp_loss":0,"event_name":"Cursed Tome","floor":22,"gold_loss":0},{"damage_healed":0,"gold_gain":0,"player_choice":"Fought Bandits","damage_taken":0,"max_hp_gain":0,"max_hp_loss":0,"event_name":"Masked Bandits","floor":28,"gold_loss":0},{"damage_healed":0,"gold_gain":0,"player_choice":"Read","damage_taken":0,"max_hp_gain":0,"max_hp_loss":0,"event_name":"The Library","floor":29,"gold_loss":0,"cards_obtained":["Prepared"]},{"cards_removed":["Strike_G"],"damage_healed":0,"gold_gain":0,"player_choice":"Removed Attack","damage_taken":0,"max_hp_gain":0,"max_hp_loss":0,"event_name":"Falling","floor":36,"gold_loss":0},{"damage_healed":0,"gold_gain":0,"player_choice":"Fight","damage_taken":0,"max_hp_gain":0,"max_hp_loss":0,"event_name":"Mysterious Sphere","floor":38,"gold_loss":0}],"is_beta":false,"boss_relics":[{"not_picked":["Ectoplasm","Tiny House"],"picked":"Ring of the Serpent"},{"not_picked":["Astrolabe","Runic Dome"],"picked":"Calling Bell"}],"items_purged_floors":[25],"is_endless":false,"potions_floor_spawned":[5,7,14,16,18,30,35],"killed_by":"2 Orb Walkers","ascension_level":8}}