{"host":"fhwr1fuluf6086fh","time":1614025524,"event":{"mods":["2.2 Compatiblity","Act Like it!","BaseMod","Colored Map","Downfall","Elementarium","Minty Spire (QoL Compilation)","StSLib"],"gold_per_floor":[99,118,130,143,154,39,39,74,74,87,107,137,8,41,61,160,160,160,175,187,41,51,81,81,110,124,124,158,158,158,58,68,163,163,163,174,193,193,211,246,246,262,262,277,177,197,197,212,229,229],"floor_reached":51,"language":"ENG","playtime":22692,"items_purged":["Regret","bronze:Strike"],"score":830,"play_id":"fb22f2a6-3739-4c5d-9801-6b93a4d5369f","local_time":"20210222152524","is_ascension_mode":true,"campfire_choices":[{"data":"bronze:DigitalCarnage","floor":1.0,"key":"SMITH"},{"data":"bronze:Assembly","floor":18.0,"key":"SMITH"},{"floor":27.0,"key":"REST"},{"data":"bronze:Goto","floor":30.0,"key":"SMITH"},{"floor":35.0,"key":"RECALL"},{"data":"bronze:InfiniteBeams","floor":45,"key":"SMITH"},{"floor":47,"key":"REST"}],"circlet_count":0,"master_deck":["bronze:Defend","bronze:Defend","bronze:Replicate","bronze:Goto+1","bronze:ItsAFeature","bronze:DigitalCarnage+1","bronze:Branch","bronze:FindAndReplace","bronze:ChildClass","bronze:BuggyMess","bronze:GetLatest","bronze:Deprecate","bronze:Shell","bronze:Refactor","bronze:Fortify","bronze:Frontload","bronze:Branch","bronze:DigitalCarnage","bronze:ClassDefault","bronze:Return","bronze:Invalidate","bronze:Assembly+1","bronze:BuggyMess","bronze:BronzeArmor","bronze:BitShift","bronze:CleanCode","bronze:BitShift","bronze:ForceShield+1","bronze:DigitalCarnage","bronze:Branch+1","bronze:InfiniteBeams+1","bronze:DelayedGuard+1","bronze:Virus","bronze:Overload+1","bronze:InfiniteBeams+1","bronze:Deprecate","bronze:Goto","bronze:DelayedGuard","bronze:Repulsor+1","bronze:Return+1","expansioncontent:Chronoboost","bronze:Allocate","bronze:ChildClass","bronze:DarkDash+1","bronze:FollowUp"],"relics":["bronze:PlatinumCore","Matryoshka","Lantern","Bag of Preparation","Bottled Flame","Meat on the Bone","Oddly Smooth Stone","Elementarium:GoldenMirage","Bottled Lightning","Omamori","Kunai","Blue Candle","Anchor","Empty Cage","Question Card","HornCleat","Sundial","downfall:HeartBlessingRed"],"acts_visited":["Exordium","Elementarium:Elementarium","TheBeyond"],"potions_floor_usage":[37,50,50],"damage_taken":[{"damage":2.0,"enemies":"Cultist","floor":2.0,"turns":2.0},{"damage":0.0,"enemies":"Jaw Worm","floor":3.0,"turns":2.0},{"damage":3.0,"enemies":"2 Louse","floor":4.0,"turns":2.0},{"damage":0.0,"enemies":"Red Slaver","floor":5.0,"turns":1.0},{"damage":6.0,"enemies":"downfall:FleeingMerchant","floor":6.0,"turns":4.0},{"damage":1.0,"enemies":"3 Sentries","floor":8.0,"turns":5.0},{"damage":0.0,"enemies":"Blue Slaver","floor":10.0,"turns":1.0},{"damage":3.0,"enemies":"Lots of Slimes","floor":11.0,"turns":4.0},{"damage":0.0,"enemies":"Gremlin Nob","floor":12.0,"turns":2.0},{"damage":1.0,"enemies":"downfall:FleeingMerchant","floor":13.0,"turns":4.0},{"damage":4.0,"enemies":"3 Sentries","floor":14.0,"turns":3.0},{"damage":0.0,"enemies":"Gremlin Gang","floor":15.0,"turns":2.0},{"damage":6.0,"enemies":"IC_STATUS_ARCHETYPE","floor":16.0,"turns":2.0},{"damage":0.0,"enemies":"Elementarium:VoidCorruption","floor":19.0,"turns":1.0},{"damage":0.0,"enemies":"Elementarium:2_ELEMENTALS","floor":20.0,"turns":3.0},{"damage":0.0,"enemies":"downfall:FleeingMerchant","floor":21.0,"turns":4.0},{"damage":0.0,"enemies":"Elementarium:STONE_GOLEMS","floor":22.0,"turns":3.0},{"damage":0.0,"enemies":"Elementarium:GOLDEN_STATUES","floor":23.0,"turns":2.0},{"damage":27.0,"enemies":"Elementarium:ElementalPortal","floor":25.0,"turns":8.0},{"damage":0.0,"enemies":"Elementarium:VoidBeast","floor":26.0,"turns":1.0},{"damage":0.0,"enemies":"Elementarium:WarGolem","floor":28.0,"turns":1.0},{"damage":0.0,"enemies":"Elementarium:RubyGolem","floor":32.0,"turns":2.0},{"damage":45.0,"enemies":"DF_ARCHETYPE_CLAW","floor":33.0,"turns":12.0},{"damage":2.0,"enemies":"3 Shapes","floor":36.0,"turns":3.0},{"damage":30,"enemies":"3 Darklings","floor":37,"turns":8},{"damage":0,"enemies":"Maw","floor":39,"turns":7},{"damage":23,"enemies":"Reptomancer","floor":40,"turns":8},{"damage":20,"enemies":"Writhing Mass","floor":42,"turns":7},{"damage":0,"enemies":"3 Darklings","floor":44,"turns":1},{"damage":0,"enemies":"4 Shapes","floor":46,"turns":2},{"damage":8,"enemies":"Sphere and 2 Shapes","floor":48,"turns":5},{"damage":0,"enemies":"Spire Growth","floor":49,"turns":1},{"damage":34,"enemies":"WA_ARCHETYPE_DIVINITY","floor":50,"turns":30}],"seed_played":"5445242620213972040","potions_obtained":[{"floor":3.0,"key":"Weak Potion"},{"floor":5.0,"key":"hexamod:SoulburnPotion"},{"floor":12.0,"key":"FairyPotion"},{"floor":14.0,"key":"PowerPotion"},{"floor":15.0,"key":"Regen Potion"},{"floor":20.0,"key":"FearPotion"},{"floor":22.0,"key":"champ:CounterPotion"},{"floor":28.0,"key":"Guardian:BlockOnCardUsePotion"},{"floor":32.0,"key":"Dexterity Potion"},{"floor":33.0,"key":"Swift Potion"},{"floor":46,"key":"Block Potion"},{"floor":48,"key":"SmokeBomb"}],"is_trial":false,"path_per_floor":["R","M","M","M","M","$","T","E","?","M","M","E","$","E","M","B",null,"R","M","M","$","M","?","T","E","M","R","E","?","R","$","M","B",null,"R","M","M","?","M","E","T","M","?","M","R","M","R","M","M","B",null],"character_chosen":"THE_AUTOMATON","items_purchased":["bronze:Deprecate","bronze:DigitalCarnage","bronze:ClassDefault","bronze:CleanCode","Meat on the Bone","Oddly Smooth Stone"],"campfire_rested":2,"item_purchase_floors":[6,13,13,21,21,21],"current_hp_per_floor":[70,68,68,65,65,59,59,58,58,58,55,55,54,50,50,49,70,70,70,70,70,70,70,70,43,43,64,64,50,50,50,50,17,70,70,68,38,38,38,27,27,19,19,31,31,43,64,56,56,34],"gold":229,"neow_bonus":"TRANSFORM_TWO_CARDS","is_daily":false,"chose_seed":false,"campfire_upgraded":4,"win_rate":0.0,"timestamp":1614025524,"path_taken":["R","M","M","?","M","$","T","E","?","M","?","E","?","E","M","BOSS","R","M","M","$","M","?","T","E","?","R","E","?","R","$","M","BOSS","R","?","?","?","?","E","T","?","?","M","R","M","R","M","M","BOSS"],"items_purchased_type":["Card","Card","Card","Card","Relic","Relic"],"build_version":"2020-12-22","purchased_purges":2,"victory":true,"max_hp_per_floor":[70,70,70,70,70,70,70,70,70,70,70,70,70,70,70,70,70,70,70,70,70,70,70,70,70,70,70,70,70,70,70,70,70,70,70,70,70,70,70,70,70,70,70,70,70,70,70,70,70,70],"card_choices":[{"not_picked":["bronze:BronzeArmor","bronze:FineTuning"],"picked":"bronze:Branch","floor":2.0},{"not_picked":["bronze:Repair","bronze:FineTuning"],"picked":"bronze:FindAndReplace","floor":3.0},{"not_picked":["bronze:ForceShield","bronze:BitShift"],"picked":"bronze:ChildClass","floor":4.0},{"not_picked":["bronze:FineTuning","bronze:BitShift"],"picked":"bronze:BuggyMess","floor":5.0},{"not_picked":["bronze:Flail","bronze:CloningBeam"],"picked":"bronze:GetLatest","floor":6.0},{"not_picked":["bronze:Overload","bronze:Deprecate"],"picked":"bronze:Shell","floor":8.0},{"not_picked":["bronze:WhirlingStrike","bronze:OilSpill"],"picked":"bronze:Refactor","floor":10.0},{"not_picked":["bronze:Overheat","bronze:BuggyMess"],"picked":"bronze:Fortify","floor":11.0},{"not_picked":["bronze:RecursiveStrike","bronze:BugBarrage"],"picked":"bronze:Frontload","floor":12.0},{"not_picked":["bronze:OilSpill","bronze:Deprecate"],"picked":"bronze:Branch","floor":13.0},{"not_picked":["bronze:Backtrace","bronze:Philosophize"],"picked":"bronze:Return","floor":14.0},{"not_picked":["bronze:Separator","bronze:Turbo"],"picked":"bronze:Invalidate","floor":15.0},{"not_picked":["bronze:ThunderWave","bronze:BurnOut"],"picked":"bronze:Assembly","floor":16.0},{"not_picked":["bronze:CutThrough","bronze:Overheat"],"picked":"bronze:BuggyMess","floor":19.0},{"not_picked":["bronze:Iterate+1","bronze:Separator"],"picked":"bronze:BronzeArmor","floor":20.0},{"not_picked":["bronze:Constructor+1","bronze:FollowUp"],"picked":"bronze:BitShift","floor":21.0},{"not_picked":["bronze:ThunderWave","bronze:Refactor+1"],"picked":"bronze:BitShift","floor":22.0},{"not_picked":["bronze:Frontload+1","bronze:BronzeOrb+1"],"picked":"bronze:ForceShield+1","floor":23.0},{"not_picked":["bronze:Iterate","bronze:GetLatest"],"picked":"bronze:DigitalCarnage","floor":25.0},{"not_picked":["bronze:OilSpill","bronze:BronzeOrb"],"picked":"bronze:Branch+1","floor":26.0},{"not_picked":["bronze:BronzeOrb+1","bronze:Deprecate"],"picked":"bronze:InfiniteBeams+1","floor":28.0},{"not_picked":["bronze:Frontload","bronze:Constructor"],"picked":"bronze:DelayedGuard+1","floor":32.0},{"not_picked":["bronze:ShipIt","bronze:ThunderWave"],"picked":"bronze:Virus","floor":33.0},{"not_picked":["bronze:Deprecate","bronze:BitShift"],"picked":"bronze:Overload+1","floor":36},{"not_picked":["bronze:FineTuning+1","bronze:BronzeArmor+1"],"picked":"bronze:InfiniteBeams","floor":37},{"not_picked":["bronze:Separator","bronze:BronzeArmor"],"picked":"bronze:DelayedGuard","floor":39},{"not_picked":["bronze:Constructor","bronze:Frontload"],"picked":"bronze:Repulsor+1","floor":40},{"not_picked":["bronze:OilSpill","bronze:Overload","bronze:Frontload"],"picked":"bronze:Return+1","floor":42},{"not_picked":["expansioncontent:YouAreMine","expansioncontent:Hexaburn"],"picked":"expansioncontent:Chronoboost","floor":43},{"not_picked":["bronze:Branch","bronze:Invalidate+1","bronze:Iterate+1"],"picked":"bronze:Allocate","floor":44},{"not_picked":["bronze:Branch","bronze:Iterate+1","bronze:ForLoop+1"],"picked":"bronze:ChildClass","floor":46},{"not_picked":["bronze:ChosenStrike+1","bronze:NullPointer+1","bronze:BitShift"],"picked":"bronze:DarkDash+1","floor":48},{"not_picked":["bronze:Iterate+1","bronze:DelayedSlice+1","bronze:BugBarrage+1"],"picked":"bronze:FollowUp","floor":49}],"player_experience":1031783,"relics_obtained":[{"floor":7.0,"key":"Matryoshka"},{"floor":8.0,"key":"Lantern"},{"floor":12.0,"key":"Bag of Preparation"},{"floor":14.0,"key":"Bottled Flame"},{"floor":23.0,"key":"Elementarium:GoldenMirage"},{"floor":24.0,"key":"Bottled Lightning"},{"floor":24.0,"key":"Omamori"},{"floor":25.0,"key":"Kunai"},{"floor":28.0,"key":"Blue Candle"},{"floor":40,"key":"Question Card"},{"floor":41,"key":"HornCleat"},{"floor":41,"key":"Sundial"}],"event_choices":[{"cards_removed":["bronze:Strike"],"damage_healed":0.0,"max_hp_gain":0.0,"max_hp_loss":0.0,"gold_gain":0.0,"event_name":"Bonfire Elementals","player_choice":"Offered Basic","floor":9.0,"gold_loss":0.0,"damage_taken":0.0},{"damage_healed":0.0,"max_hp_gain":0.0,"max_hp_loss":0.0,"gold_gain":0.0,"event_name":"Elementarium:GoldenStatues","player_choice":"Fight","floor":23.0,"gold_loss":0.0,"damage_taken":0.0},{"damage_healed":0.0,"max_hp_gain":0.0,"max_hp_loss":0.0,"gold_gain":0.0,"event_name":"Elementarium:ShatteredPortal","player_choice":"Blood","floor":29.0,"gold_loss":0.0,"damage_taken":14.0,"relics_obtained":["Anchor"]}],"is_beta":false,"boss_relics":[{"not_picked":["Calling Bell","Fusion Hammer"],"picked":"bronze:PlatinumCore"},{"not_picked":["Coffee Dripper","Busted Crown"],"picked":"Empty Cage"}],"items_purged_floors":[6,31],"is_endless":false,"potions_floor_spawned":[3,5,12,14,15,20,22,28,32,33,46,48,49],"ascension_level":1}}