{"host":"99hdc171q9wfr3hk","time":1614033625,"event":{"mods":["BaseMod","Block Reminder","Colored Map","Colored Powertips","DeckTracker","Downfall","Minty Spire (QoL Compilation)","Relic Stats","StSLib"],"gold_per_floor":[99,99,99,99,24,50,95,95,111,11,27,12,12,26,40,143,143,143,156,156,181,205,205,205,232,232,253,283,310,310,15,34,34,34,34],"floor_reached":33,"language":"ENG","playtime":1774,"items_purged":["Pain"],"score":342,"play_id":"73791cca-df24-4c7e-81c2-22fe130b7cbf","local_time":"20210222234025","is_ascension_mode":false,"campfire_choices":[{"floor":1,"key":"RECALL"},{"data":"hexamod:ThermalTransfer","floor":8,"key":"SMITH"},{"data":"hexamod:HeatMetal","floor":10,"key":"SMITH"},{"data":"hexamod:FastForward","floor":13,"key":"SMITH"},{"data":"hexamod:UnlimitedPower","floor":18,"key":"SMITH"},{"data":"hexamod:Float","floor":23,"key":"SMITH"},{"data":"hexamod:WildfireWeapon","floor":26,"key":"SMITH"}],"circlet_count":0,"master_deck":["hexamod:Strike","hexamod:Strike+1","hexamod:Strike","hexamod:Defend","hexamod:Defend","hexamod:Defend","hexamod:Defend","hexamod:Sear","hexamod:Float+1","hexamod:ChargedBarrage","hexamod:FastForward+1","hexamod:ThermalTransfer+1","hexamod:HeatMetal+1","hexamod:SpectersWail","hexamod:WildfireWeapon+1","hexamod:StepThrough","hexamod:Hexaguard","hexamod:UnlimitedPower+1","hexamod:SecondSeal","hexamod:ShieldOfDarkness","hexamod:SpectersWail+1","hexamod:HauntingEcho+1","hexamod:RainOfEmbers+1","hexamod:ForkedFlame","hexamod:Incineration"],"relics":["hexamod:SpiritBrand","downfall:HeartsMalice","WarpedTongs","Tiny Chest","Bag of Preparation","downfall:HeartBlessingRed","Coffee Dripper","hexamod:InflammatoryLetter","Mercury Hourglass","Bottled Flame","Bottled Lightning"],"acts_visited":["Exordium","TheCity"],"potions_floor_usage":[11,15,28,28,29,31],"damage_taken":[{"damage":0,"enemies":"Small Slimes","floor":2,"turns":1},{"damage":0,"enemies":"Cultist","floor":3,"turns":1},{"damage":0,"enemies":"downfall:FleeingMerchant","floor":5,"turns":1},{"damage":16,"enemies":"Gremlin Nob","floor":6,"turns":5},{"damage":2,"enemies":"2 Louse","floor":9,"turns":2},{"damage":1,"enemies":"Gremlin Gang","floor":11,"turns":3},{"damage":5,"enemies":"downfall:FleeingMerchant","floor":12,"turns":4},{"damage":5,"enemies":"downfall:LooterAlt","floor":14,"turns":2},{"damage":7,"enemies":"Exordium Thugs","floor":15,"turns":3},{"damage":0,"enemies":"SI_SHIV_ARCHETYPE","floor":16,"turns":6},{"damage":10,"enemies":"3 Byrds","floor":19,"turns":3},{"damage":8,"enemies":"Spheric Guardian","floor":21,"turns":4},{"damage":0,"enemies":"Snake Plant","floor":22,"turns":3},{"damage":0,"enemies":"Chosen and Byrds","floor":25,"turns":4},{"damage":0,"enemies":"3 Cultists","floor":27,"turns":4},{"damage":0,"enemies":"Book of Stabbing","floor":28,"turns":3},{"damage":11,"enemies":"Snake Plant","floor":29,"turns":2},{"damage":0,"enemies":"downfall:FleeingMerchant","floor":31,"turns":4},{"damage":1,"enemies":"Cultist and Chosen","floor":32,"turns":3},{"damage":42,"enemies":"IC_MUSHROOM_ARCHETYPE","floor":33,"turns":4}],"seed_played":"-6429477416346583065","potions_obtained":[{"floor":6,"key":"Energy Potion"},{"floor":11,"key":"hexamod:EctoCoolerPotion"},{"floor":15,"key":"FearPotion"},{"floor":21,"key":"Weak Potion"},{"floor":25,"key":"hexamod:SoulburnPotion"},{"floor":27,"key":"DistilledChaos"},{"floor":28,"key":"AttackPotion"}],"is_trial":false,"path_per_floor":["R","M","M","?","$","E","T","R","M","R","M","$","R","M","M","B",null,"R","M","?","M","M","R","T","M","R","M","E","M","T","$","M","B"],"character_chosen":"THE_SPIRIT","items_purchased":["Bottled Lightning","hexamod:Incineration"],"campfire_rested":0,"item_purchase_floors":[31,31],"current_hp_per_floor":[70,70,70,70,70,54,54,54,52,52,51,46,46,41,34,34,70,70,60,52,44,44,44,44,44,44,44,44,33,33,33,32,0,0,0],"gold":34,"neow_bonus":"THREE_ENEMY_KILL","is_daily":false,"chose_seed":false,"campfire_upgraded":6,"win_rate":0.0,"timestamp":1614033625,"path_taken":["R","M","M","?","$","E","T","R","M","R","M","?","R","M","M","BOSS","R","M","?","M","M","R","T","M","R","M","E","?","?","?","M","BOSS"],"items_purchased_type":["Relic","Card"],"build_version":"2020-12-22","purchased_purges":1,"victory":false,"max_hp_per_floor":[70,70,70,70,70,70,70,70,70,70,70,70,70,70,70,70,70,70,70,70,70,70,70,70,70,70,70,70,70,70,70,70,70,70,70],"relic_stats":{"counters":[20,59],"Tiny Chest":1,"Bag of Preparation":[32],"obtain_stats":[{"Bottled Flame":30,"downfall:HeartBlessingRed":10,"downfall:HeartsMalice":0,"Tiny Chest":6,"hexamod:InflammatoryLetter":24,"Bag of Preparation":7,"Coffee Dripper":17,"Bottled Lightning":31,"hexamod:SpiritBrand":0,"WarpedTongs":4,"Mercury Hourglass":28},{"Bottled Flame":17,"downfall:HeartBlessingRed":5,"downfall:HeartsMalice":0,"Tiny Chest":4,"hexamod:InflammatoryLetter":13,"Bag of Preparation":4,"Coffee Dripper":10,"Bottled Lightning":18,"hexamod:SpiritBrand":0,"WarpedTongs":2,"Mercury Hourglass":16},{"Bottled Flame":48,"downfall:HeartBlessingRed":7,"downfall:HeartsMalice":0,"Tiny Chest":5,"hexamod:InflammatoryLetter":35,"Bag of Preparation":5,"Coffee Dripper":25,"Bottled Lightning":52,"hexamod:SpiritBrand":0,"WarpedTongs":0,"Mercury Hourglass":46}],"WarpedTongs":[58],"Mercury Hourglass":[45]},"card_choices":[{"not_picked":["hexamod:BurningTouch","hexamod:GhostLash"],"picked":"hexamod:ChargedBarrage","floor":2},{"not_picked":["hexamod:Rewind","hexamod:AdvancingGuard"],"picked":"hexamod:FastForward","floor":3},{"not_picked":["hexamod:Firestarter","hexamod:RecurringNightmare"],"picked":"hexamod:ThermalTransfer","floor":5},{"not_picked":["hexamod:FastForward","hexamod:ThermalTransfer"],"picked":"hexamod:HeatMetal","floor":6},{"not_picked":["hexamod:RetreatToShadows","hexamod:Firestarter"],"picked":"hexamod:SpectersWail","floor":9},{"not_picked":["hexamod:Haunt","hexamod:Hexaguard"],"picked":"hexamod:WildfireWeapon","floor":11},{"not_picked":["hexamod:ThermalTransfer","hexamod:NecessarySacrifice"],"picked":"hexamod:StepThrough","floor":12},{"not_picked":["hexamod:ThermalTransfer","hexamod:Firestarter"],"picked":"hexamod:Hexaguard","floor":14},{"not_picked":["hexamod:ThermalTransfer","hexamod:HeatMetal","hexamod:GhostOfSpireFuture"],"picked":"SKIP","floor":15},{"not_picked":["hexamod:ParanormalForm","hexamod:FifthSeal"],"picked":"hexamod:UnlimitedPower","floor":16},{"not_picked":["hexamod:BacktrackSmack","hexamod:FastForward"],"picked":"hexamod:SecondSeal","floor":19},{"not_picked":["hexamod:NightmareGuise","hexamod:SpectralAdrenaline+1"],"picked":"hexamod:ShieldOfDarkness","floor":21},{"not_picked":["hexamod:AdvancingGuard+1","hexamod:DynamicBlow"],"picked":"hexamod:SpectersWail+1","floor":22},{"not_picked":["hexamod:Rewind","hexamod:GhostShield","hexamod:EtherealExpedition"],"picked":"SKIP","floor":25},{"not_picked":["hexamod:Firestarter+1","hexamod:StepThrough+1"],"picked":"hexamod:HauntingEcho+1","floor":27},{"not_picked":["hexamod:Haunt","hexamod:HauntingEcho","hexamod:BacktrackSmack"],"picked":"SKIP","floor":28},{"not_picked":["hexamod:GhostflameBarrier+1","hexamod:FirstSeal"],"picked":"hexamod:RainOfEmbers+1","floor":29},{"not_picked":["hexamod:ThirdSeal","hexamod:SwordOfDarkness"],"picked":"hexamod:ForkedFlame","floor":31},{"not_picked":["hexamod:GhostShield","hexamod:NightmareStrike","hexamod:Firestarter"],"picked":"SKIP","floor":32}],"player_experience":61000,"relics_obtained":[{"floor":6,"key":"Tiny Chest"},{"floor":7,"key":"Bag of Preparation"},{"floor":24,"key":"hexamod:InflammatoryLetter"},{"floor":28,"key":"Mercury Hourglass"},{"floor":30,"key":"Bottled Flame"}],"event_choices":[{"damage_healed":0,"gold_gain":0,"player_choice":"Rummage","damage_taken":0,"relics_obtained":["WarpedTongs"],"max_hp_gain":0,"max_hp_loss":0,"event_name":"Accursed Blacksmith","floor":4,"gold_loss":0,"cards_obtained":["Pain"]}],"is_beta":false,"boss_relics":[{"not_picked":["bronze:MakeshiftBattery","Astrolabe"],"picked":"Coffee Dripper"}],"items_purged_floors":[5],"is_endless":false,"potions_floor_spawned":[6,11,15,21,25,27,28],"killed_by":"IC_MUSHROOM_ARCHETYPE","ascension_level":0}}