{"host":"ymmeoa1x24ihslbm","time":1614016508,"event":{"mods":["AchievementEnabler","BaseMod","Colored Map","Colored Powertips","Defuse TimeMaze Blight","Highlight Path","Minty Spire (QoL Compilation)","Permanent Neow","Quick Restart","StSLib","The Senshi","Unceasing Turn Reminder"],"gold_per_floor":[109,128,141,141,141,141,174,174,174,20,20,95,95,108,108,227,227,245,245,245,128,151,151,189,189,189,189,213,213,63,78,78,78,78],"floor_reached":33,"language":"ENG","playtime":1129,"items_purged":["Regret","Injury"],"score":400,"play_id":"0da2a693-09ae-4a7c-9139-de298668f363","local_time":"20210222185508","is_ascension_mode":true,"campfire_choices":[{"data":"theSenshi:NeptunesGrace","floor":6.0,"key":"SMITH"},{"data":"theSenshi:SilverMoonCrystalPowerKiss","floor":8.0,"key":"SMITH"},{"floor":13.0,"key":"REST"},{"data":"theSenshi:CrisisMakeUp","floor":15.0,"key":"SMITH"},{"data":"theSenshi:MoonCrisisMakeUp","floor":23.0,"key":"SMITH"},{"data":"theSenshi:SailorJupiterAssists","floor":25.0,"key":"SMITH"},{"data":"theSenshi:SailorV","floor":27.0,"key":"SMITH"},{"data":"theSenshi:SailorMercuryAssists","floor":32.0,"key":"SMITH"}],"circlet_count":0,"master_deck":["theSenshi:SailorKick+1","theSenshi:SailorKick","theSenshi:SailorKick","theSenshi:SailorKick+1","theSenshi:SailorBlock+1","theSenshi:SailorBlock","theSenshi:SailorBlock+1","theSenshi:SailorBlock","theSenshi:RoseThrow","theSenshi:MoonPrismPowerMakeUp","theSenshi:NeptunesGrace+1","theSenshi:SailorVenusAssists","theSenshi:SilverMoonCrystalPowerKiss+1","theSenshi:CrisisMakeUp+1","theSenshi:SailorJupiterAssists+1","theSenshi:SailorChibiMoonAssists+1","theSenshi:SailorCosmosAssists","theSenshi:SailorV+1","J.A.X.","theSenshi:MoonCrisisMakeUp+1","theSenshi:SailorMercuryAssists+1","theSenshi:UranusStrength"],"relics":["theSenshi:TransformationBroochRelic","Matryoshka","Art of War","Smiling Mask","Bronze Scales","Golden Idol","Black Star","Anchor","Dead Branch","Whetstone","PreservedInsect","Calipers","Happy Flower"],"acts_visited":["Exordium","TheCity"],"potions_floor_usage":[],"damage_taken":[{"damage":0.0,"enemies":"Small Slimes","floor":1.0,"turns":3.0},{"damage":0.0,"enemies":"2 Louse","floor":2.0,"turns":2.0},{"damage":0.0,"enemies":"Jaw Worm","floor":3.0,"turns":4.0},{"damage":36.0,"enemies":"Gremlin Nob","floor":7.0,"turns":6.0},{"damage":6.0,"enemies":"Blue Slaver","floor":14.0,"turns":4.0},{"damage":12.0,"enemies":"Slime Boss","floor":16.0,"turns":5.0},{"damage":28.0,"enemies":"2 Thieves","floor":18.0,"turns":5.0},{"damage":5.0,"enemies":"Chosen","floor":22.0,"turns":4.0},{"damage":30.0,"enemies":"Book of Stabbing","floor":24.0,"turns":5.0},{"damage":1.0,"enemies":"Snecko","floor":28.0,"turns":4.0},{"damage":8.0,"enemies":"Snake Plant","floor":31.0,"turns":4.0},{"damage":21,"enemies":"Collector","floor":33,"turns":5}],"seed_played":"-5976995519016282254","potions_obtained":[{"floor":1.0,"key":"AttackPotion"},{"floor":3.0,"key":"BlessingOfTheForge"},{"floor":16.0,"key":"GamblersBrew"},{"floor":22.0,"key":"Regen Potion"},{"floor":24.0,"key":"SteroidPotion"},{"floor":28.0,"key":"Energy Potion"}],"is_trial":false,"path_per_floor":["M","M","M","?","?","R","E","R","T","$","?","?","R","M","R","B",null,"M","?","?","$","M","R","E","R","T","R","M","T","$","M","R","B"],"character_chosen":"THE_SENSHI","items_purchased":["theSenshi:CrisisMakeUp","theSenshi:SailorJupiterAssists","theSenshi:MoonCrisisMakeUp","Happy Flower"],"campfire_rested":1,"item_purchase_floors":[10,10,21,30],"current_hp_per_floor":[68,68,68,68,53,53,17,17,17,17,17,6,28,22,22,10,59,31,56,56,56,51,51,35,35,35,35,34,34,34,26,26,5,5],"gold":78,"neow_bonus":"UPGRADE_CARD","is_daily":false,"chose_seed":false,"campfire_upgraded":7,"win_rate":0.0,"timestamp":1614016508,"path_taken":["M","M","M","?","?","R","E","R","T","$","?","?","R","M","R","BOSS","M","?","?","$","M","R","E","R","T","R","M","?","$","M","R","BOSS"],"items_purchased_type":["Card","Card","Card","Relic"],"build_version":"2020-12-22","purchased_purges":2,"victory":false,"max_hp_per_floor":[75,75,75,75,75,75,75,75,75,75,75,75,75,75,75,75,75,75,75,75,75,75,75,75,75,75,75,75,75,75,75,75,75,75],"card_choices":[{"not_picked":["theSenshi:MoonsReflection","theSenshi:KlutzyLuck"],"picked":"theSenshi:NeptunesGrace","floor":1.0},{"not_picked":["theSenshi:LateForSchool","theSenshi:MoonTiaraMagic"],"picked":"theSenshi:SailorVenusAssists","floor":2.0},{"not_picked":["theSenshi:SupersonicWaves","theSenshi:MoonCosmicPowerMakeUp","theSenshi:MarsPride"],"picked":"SKIP","floor":3.0},{"not_picked":["theSenshi:SailorMercuryAssists","theSenshi:MoonPunch"],"picked":"theSenshi:SilverMoonCrystalPowerKiss","floor":7.0},{"not_picked":["theSenshi:SailorJupiterAssists","theSenshi:TallSilhouette"],"picked":"theSenshi:SailorChibiMoonAssists","floor":14.0},{"not_picked":["theSenshi:SilverMoonCrystalPowerKiss","theSenshi:InTheNameOfTheMoon"],"picked":"theSenshi:SailorCosmosAssists","floor":16.0},{"not_picked":["theSenshi:EncouragingSpeech","theSenshi:MoonPower+1"],"picked":"theSenshi:SailorV","floor":18.0},{"not_picked":["theSenshi:RainbowMoonHeartAche","theSenshi:Sidestep"],"picked":"theSenshi:SailorMercuryAssists","floor":22.0},{"not_picked":["theSenshi:LunasBite","theSenshi:Sidestep","theSenshi:DramaticEntrance"],"picked":"SKIP","floor":24.0},{"not_picked":["theSenshi:MoonPunch","theSenshi:SailorStarMakerAssists","theSenshi:OdangoHead"],"picked":"SKIP","floor":28.0},{"not_picked":["theSenshi:SailorV","theSenshi:MoonPunch"],"picked":"theSenshi:UranusStrength","floor":31.0}],"player_experience":765692,"relics_obtained":[{"floor":7.0,"key":"Art of War"},{"floor":9.0,"key":"Smiling Mask"},{"floor":9.0,"key":"Bronze Scales"},{"floor":24.0,"key":"Anchor"},{"floor":24.0,"key":"Dead Branch"},{"floor":26.0,"key":"Whetstone"},{"floor":26.0,"key":"PreservedInsect"},{"floor":29.0,"key":"Calipers"}],"event_choices":[{"damage_healed":0.0,"max_hp_gain":0.0,"max_hp_loss":0.0,"gold_gain":0.0,"event_name":"Big Fish","player_choice":"Box","floor":4.0,"gold_loss":0.0,"damage_taken":0.0,"relics_obtained":["Matryoshka"],"cards_obtained":["Regret"]},{"damage_healed":0.0,"max_hp_gain":0.0,"max_hp_loss":0.0,"gold_gain":0.0,"event_name":"Shining Light","player_choice":"Entered Light","floor":5.0,"gold_loss":0.0,"damage_taken":15.0,"cards_upgraded":["theSenshi:SailorBlock","theSenshi:SailorBlock"]},{"damage_healed":0.0,"max_hp_gain":0.0,"max_hp_loss":0.0,"gold_gain":0.0,"event_name":"Golden Idol","player_choice":"Take Wound","floor":11.0,"gold_loss":0.0,"damage_taken":0.0,"relics_obtained":["Golden Idol"],"cards_obtained":["Injury"]},{"damage_healed":0.0,"max_hp_gain":0.0,"max_hp_loss":0.0,"gold_gain":75.0,"event_name":"World of Goop","player_choice":"Gather Gold","floor":12.0,"gold_loss":0.0,"damage_taken":11.0},{"damage_healed":25.0,"max_hp_gain":0.0,"max_hp_loss":0.0,"gold_gain":0.0,"event_name":"The Library","player_choice":"Heal","floor":19.0,"gold_loss":0.0,"damage_taken":0.0},{"damage_healed":0.0,"max_hp_gain":0.0,"max_hp_loss":0.0,"gold_gain":0.0,"event_name":"Drug Dealer","player_choice":"Obtain J.A.X.","floor":20.0,"gold_loss":0.0,"damage_taken":0.0,"cards_obtained":["J.A.X."]}],"is_beta":false,"boss_relics":[{"not_picked":["Philosopher\u0027s Stone","Runic Dome"],"picked":"Black Star"}],"items_purged_floors":[10,21],"is_endless":false,"potions_floor_spawned":[1,3,16,22,24,28],"killed_by":"Collector","ascension_level":8}}