{"host":"jz4ul6vrcxqkcr33","time":1614019936,"event":{"mods":["BaseMod","Minty Spire (QoL Compilation)","StSLib"],"gold_per_floor":[117,131,142,217,16,26,26,26,26,26,41,41,41,58,58,162,162,180,180,131,149,149,179,28,56,132,132,57,156,156,189,189,189,189],"floor_reached":33,"language":"ENG","playtime":1227,"items_purged":["Pain"],"score":379,"play_id":"187cb8b2-09b9-4c70-8bee-f9c0c3f795d6","local_time":"20210222135216","is_ascension_mode":true,"campfire_choices":[{"floor":7.0,"key":"REST"},{"floor":13.0,"key":"REST"},{"data":"Panache","floor":15.0,"key":"SMITH"},{"floor":27.0,"key":"REST"},{"floor":30.0,"key":"REST"},{"data":"A Thousand Cuts","floor":32,"key":"SMITH"}],"circlet_count":0,"master_deck":["Strike_G","Strike_G","Strike_G","Strike_G","Strike_G","Defend_G","Defend_G","Defend_G","Defend_G","Defend_G","Survivor","Neutralize","Panache+1","Prepared","Reflex","Blade Dance","Reflex","Blade Dance","Blade Dance","A Thousand Cuts+1","Slice","Crippling Poison+1","Noxious Fumes+1","Footwork+1","Decay","Dash+1"],"relics":["Ring of the Snake","Centennial Puzzle","Question Card","Nunchaku","Cursed Key","Gremlin Horn","Unceasing Top","Tiny Chest","Matryoshka","Omamori","Letter Opener","Red Mask"],"acts_visited":["Exordium","TheCity"],"potions_floor_usage":[31,31],"damage_taken":[{"damage":4.0,"enemies":"Cultist","floor":1.0,"turns":5.0},{"damage":1.0,"enemies":"Small Slimes","floor":2.0,"turns":4.0},{"damage":3.0,"enemies":"2 Louse","floor":3.0,"turns":3.0},{"damage":3.0,"enemies":"Exordium Wildlife","floor":6.0,"turns":3.0},{"damage":6.0,"enemies":"Red Slaver","floor":11.0,"turns":3.0},{"damage":1.0,"enemies":"Exordium Thugs","floor":14.0,"turns":3.0},{"damage":11.0,"enemies":"Hexaghost","floor":16.0,"turns":8.0},{"damage":2.0,"enemies":"Chosen","floor":18.0,"turns":3.0},{"damage":0.0,"enemies":"3 Byrds","floor":21.0,"turns":2.0},{"damage":8.0,"enemies":"Slavers","floor":23.0,"turns":3.0},{"damage":23.0,"enemies":"Book of Stabbing","floor":25.0,"turns":4.0},{"damage":16,"enemies":"Masked Bandits","floor":31,"turns":3},{"damage":67,"enemies":"Champ","floor":33,"turns":7}],"seed_played":"5918950698468237475","potions_obtained":[{"floor":3.0,"key":"FearPotion"},{"floor":6.0,"key":"Block Potion"},{"floor":18.0,"key":"LiquidBronze"},{"floor":21.0,"key":"CunningPotion"},{"floor":23.0,"key":"ColorlessPotion"},{"floor":25.0,"key":"LiquidMemories"}],"is_trial":false,"path_per_floor":["M","M","M","?","$","M","R","?","T","?","M","?","R","M","R","B",null,"M","?","$","M","T","E","$","E","T","R","$","?","R","?","R","B"],"character_chosen":"THE_SILENT","items_purchased":["Centennial Puzzle","PowerPotion","AttackPotion","Tiny Chest"],"campfire_rested":4,"item_purchase_floors":[5,5,20,24],"current_hp_per_floor":[41,40,37,26,26,23,44,11,11,28,22,22,42,41,41,30,58,56,50,50,50,50,42,42,19,19,39,39,39,59,43,43,0,0],"gold":189,"neow_bonus":"RANDOM_COLORLESS_2","is_daily":false,"chose_seed":false,"campfire_upgraded":2,"win_rate":0.0,"timestamp":1614019936,"path_taken":["M","M","?","?","$","M","R","?","T","?","M","?","R","M","R","BOSS","M","?","$","?","?","E","?","E","T","R","$","?","R","?","R","BOSS"],"items_purchased_type":["Relic","Potion","Potion","Relic"],"build_version":"2020-12-13","purchased_purges":1,"victory":false,"max_hp_per_floor":[70,70,70,70,70,70,70,70,70,70,70,67,67,67,67,67,67,67,67,67,67,67,67,67,67,67,67,67,67,67,67,67,67,67],"card_choices":[{"not_picked":["Violence","Master of Strategy"],"picked":"Panache","floor":0.0},{"not_picked":["Skewer","Setup"],"picked":"Prepared","floor":1.0},{"not_picked":["Catalyst","Setup"],"picked":"Reflex","floor":2.0},{"not_picked":["Poisoned Stab","PiercingWail"],"picked":"Blade Dance","floor":3.0},{"not_picked":["Bouncing Flask","Bane"],"picked":"Reflex","floor":6.0},{"not_picked":["Tools of the Trade","Choke","Underhanded Strike"],"picked":"Blade Dance","floor":11.0},{"not_picked":["Outmaneuver","Caltrops","Dagger Throw"],"picked":"Blade Dance","floor":14.0},{"not_picked":["Tools of the Trade","Grand Finale","Wraith Form v2"],"picked":"A Thousand Cuts","floor":16.0},{"not_picked":["Deadly Poison","Poisoned Stab","Flying Knee"],"picked":"Slice","floor":18.0},{"not_picked":["Prepared","Flying Knee","Infinite Blades+1"],"picked":"Crippling Poison+1","floor":21.0},{"not_picked":["Blur","Outmaneuver","Choke"],"picked":"Noxious Fumes+1","floor":23.0},{"not_picked":["Leg Sweep","Caltrops","Bane+1"],"picked":"Footwork+1","floor":25.0},{"not_picked":["Acrobatics","Distraction","Quick Slash"],"picked":"Dash+1","floor":31}],"player_experience":269362,"relics_obtained":[{"floor":9.0,"key":"Nunchaku"},{"floor":22.0,"key":"Gremlin Horn"},{"floor":23.0,"key":"Unceasing Top"},{"floor":25.0,"key":"Matryoshka"},{"floor":26.0,"key":"Omamori"},{"floor":26.0,"key":"Letter Opener"},{"floor":31,"key":"Red Mask"}],"event_choices":[{"damage_healed":0.0,"max_hp_gain":0.0,"max_hp_loss":0.0,"gold_gain":75.0,"event_name":"World of Goop","player_choice":"Gather Gold","floor":4.0,"gold_loss":0.0,"damage_taken":11.0},{"damage_healed":0.0,"max_hp_gain":0.0,"max_hp_loss":0.0,"gold_gain":0.0,"event_name":"Scrap Ooze","player_choice":"Success","floor":8.0,"gold_loss":0.0,"damage_taken":33.0,"relics_obtained":["Question Card"]},{"damage_healed":17.0,"max_hp_gain":0.0,"max_hp_loss":0.0,"gold_gain":0.0,"event_name":"Mushrooms","player_choice":"Healed and dodged fight","floor":10.0,"gold_loss":0.0,"damage_taken":0.0,"cards_obtained":["Parasite"]},{"cards_removed":["Parasite"],"damage_healed":0.0,"max_hp_gain":0.0,"max_hp_loss":0.0,"gold_gain":0.0,"event_name":"Living Wall","player_choice":"Forget","floor":12.0,"gold_loss":0.0,"damage_taken":0.0},{"damage_healed":0.0,"max_hp_gain":0.0,"max_hp_loss":0.0,"gold_gain":0.0,"event_name":"Knowing Skull","player_choice":"","floor":19.0,"potions_obtained":[],"gold_loss":0.0,"damage_taken":6.0,"cards_obtained":[]},{"damage_healed":0.0,"max_hp_gain":0.0,"max_hp_loss":0.0,"gold_gain":99.0,"event_name":"Nest","player_choice":"Stole From Cult","floor":29.0,"gold_loss":0.0,"damage_taken":0.0},{"damage_healed":0,"gold_gain":0,"player_choice":"Fought Bandits","damage_taken":0,"max_hp_gain":0,"max_hp_loss":0,"event_name":"Masked Bandits","floor":31,"gold_loss":0}],"is_beta":false,"boss_relics":[{"not_picked":["Velvet Choker","Snecko Eye"],"picked":"Cursed Key"}],"items_purged_floors":[28],"is_endless":false,"potions_floor_spawned":[3,6,18,21,23,25],"killed_by":"Champ","ascension_level":8}}