{"host":"5bsc0nab6whpyrbj","time":1614035428,"event":{"mods":["BaseMod","Highlight Path","Minty Spire (QoL Compilation)"],"gold_per_floor":[112,132,207,382,315,331,348,361,443,443,455,455,455],"floor_reached":12,"language":"ENG","playtime":337,"items_purged":[],"score":72,"play_id":"813e6092-7160-4a31-a204-91c0c658d67d","local_time":"20210222181028","is_ascension_mode":false,"campfire_choices":[{"floor":10,"key":"REST"}],"circlet_count":0,"master_deck":["Strike_B","Strike_B","Strike_B","Strike_B","Defend_B","Defend_B","Defend_B","Defend_B","Zap","Dualcast","Ball Lightning","Loop","Doubt","Capacitor","Steam","Static Discharge"],"relics":["Cracked Core","NeowsBlessing","Darkstone Periapt"],"acts_visited":["Exordium"],"potions_floor_usage":[12,12],"damage_taken":[{"damage":0,"enemies":"2 Louse","floor":1,"turns":1},{"damage":0,"enemies":"Jaw Worm","floor":2,"turns":1},{"damage":0,"enemies":"Cultist","floor":6,"turns":1},{"damage":14,"enemies":"3 Louse","floor":7,"turns":3},{"damage":26,"enemies":"Large Slime","floor":8,"turns":6},{"damage":21,"enemies":"2 Fungi Beasts","floor":11,"turns":3},{"damage":27,"enemies":"Gremlin Nob","floor":12,"turns":3}],"seed_played":"4325443123696274623","potions_obtained":[{"floor":2,"key":"Fire Potion"},{"floor":7,"key":"PotionOfCapacity"},{"floor":11,"key":"BlessingOfTheForge"}],"is_trial":false,"path_per_floor":["M","M","?","?","$","M","M","M","T","R","M","E"],"character_chosen":"DEFECT","items_purchased":["Capacitor"],"campfire_rested":1,"item_purchase_floors":[5],"current_hp_per_floor":[75,75,64,64,64,64,50,24,24,46,25,0,0],"gold":455,"neow_bonus":"THREE_ENEMY_KILL","is_daily":false,"chose_seed":false,"campfire_upgraded":0,"win_rate":0.0,"timestamp":1614035428,"path_taken":["M","M","?","?","?","M","M","M","T","R","M","E"],"items_purchased_type":["Card"],"build_version":"2020-12-22","purchased_purges":0,"victory":false,"max_hp_per_floor":[75,75,75,75,75,75,75,75,75,75,75,75,75],"card_choices":[{"not_picked":["Cold Snap","Leap"],"picked":"Ball Lightning","floor":1},{"not_picked":["Steam","Compile Driver"],"picked":"Loop","floor":2},{"not_picked":["Hologram","Leap"],"picked":"Steam","floor":6},{"not_picked":["All For One","Go for the Eyes","Chill"],"picked":"SKIP","floor":7},{"not_picked":["Hologram","Turbo","Compile Driver"],"picked":"SKIP","floor":8},{"not_picked":["Conserve Battery","Genetic Algorithm"],"picked":"Static Discharge","floor":11}],"player_experience":104671,"relics_obtained":[{"floor":9,"key":"Darkstone Periapt"}],"event_choices":[{"damage_healed":0,"gold_gain":75,"player_choice":"Gather Gold","damage_taken":11,"max_hp_gain":0,"max_hp_loss":0,"event_name":"World of Goop","floor":3,"gold_loss":0},{"damage_healed":0,"gold_gain":175,"player_choice":"AGREE","damage_taken":0,"max_hp_gain":0,"max_hp_loss":0,"event_name":"Liars Game","floor":4,"gold_loss":0,"cards_obtained":["Doubt"]}],"is_beta":false,"boss_relics":[],"items_purged_floors":[],"is_endless":false,"potions_floor_spawned":[2,7,11],"killed_by":"Gremlin Nob","ascension_level":0}}