{"host":"fuszjwm6fqgjjp4d","time":1614032980,"event":{"mods":["BaseMod","Colored Map","Minty Spire (QoL Compilation)","Permanent Neow","Relic Sorter","Relic Stats","StSLib"],"gold_per_floor":[111,33,51,1,1,28,28,58,140,140,150,179,206,206,206,280,280,294,294,209,209,226,252,269,269,269,26,43,76,76,32,32,109,109,124,143,159,159,172,507,507,507],"floor_reached":41,"language":"ENG","playtime":1466,"items_purged":["Zap"],"score":1029,"play_id":"ff3a85ab-90a2-4048-b372-3e9d490b28b5","local_time":"20210222162940","is_ascension_mode":true,"campfire_choices":[{"data":"Barrage","floor":7,"key":"SMITH"},{"data":"Hologram","floor":10,"key":"SMITH"},{"data":"Defragment","floor":15,"key":"SMITH"},{"data":"Capacitor","floor":25,"key":"SMITH"},{"data":"Creative AI","floor":32,"key":"SMITH"}],"circlet_count":0,"master_deck":["AscendersBane","Cold Snap","Cold Snap","Barrage+1","Hologram+1","Hologram","Compile Driver","Ball Lightning","Sweeping Beam","Capacitor+1","Defragment+1","Reboot","CurseOfTheBell","Static Discharge","Bite","Bite","Bite","Bite","Bite","Loop","Turbo","Biased Cognition","Seek","Fission+1","Capacitor","Creative AI+1","Steam Power","Genetic Algorithm+1","Gash+1","Loop+1","Barrage","Hologram+1"],"relics":["Cracked Core","NeowsBlessing","Art of War","Oddly Smooth Stone","Cables","Odd Mushroom","Pocketwatch","Calling Bell","Vajra","Pear","Lizard Tail","Lantern","Eternal Feather","Sundial","Akabeko","Astrolabe","Old Coin"],"acts_visited":["Exordium","TheCity","TheBeyond"],"potions_floor_usage":[8,16,24,33,37,40,40],"damage_taken":[{"damage":0.0,"enemies":"Cultist","floor":1.0,"turns":1.0},{"damage":0.0,"enemies":"2 Louse","floor":3.0,"turns":1.0},{"damage":0.0,"enemies":"Lagavulin","floor":6.0,"turns":1.0},{"damage":2,"enemies":"Gremlin Nob","floor":8,"turns":3},{"damage":6,"enemies":"Small Slimes","floor":11,"turns":2},{"damage":24,"enemies":"The Mushroom Lair","floor":12,"turns":5},{"damage":14,"enemies":"3 Sentries","floor":13,"turns":7},{"damage":5,"enemies":"The Guardian","floor":16,"turns":9},{"damage":13,"enemies":"3 Byrds","floor":18,"turns":4},{"damage":23,"enemies":"Shell Parasite","floor":22,"turns":6},{"damage":44,"enemies":"Book of Stabbing","floor":23,"turns":4},{"damage":23,"enemies":"Snecko","floor":24,"turns":5},{"damage":7,"enemies":"Sentry and Sphere","floor":28,"turns":4},{"damage":33,"enemies":"Slavers","floor":29,"turns":5},{"damage":14,"enemies":"Champ","floor":33,"turns":12},{"damage":8,"enemies":"Orb Walker","floor":35,"turns":4},{"damage":32,"enemies":"3 Shapes","floor":36,"turns":5},{"damage":16,"enemies":"Sphere and 2 Shapes","floor":37,"turns":6},{"damage":5,"enemies":"4 Shapes","floor":39,"turns":9},{"damage":23,"enemies":"Nemesis","floor":40,"turns":7},{"damage":29,"enemies":"3 Darklings","floor":41,"turns":2}],"seed_played":"-5219539107183565120","potions_obtained":[{"floor":6,"key":"Fire Potion"},{"floor":13,"key":"Weak Potion"},{"floor":23,"key":"EssenceOfSteel"},{"floor":29,"key":"SkillPotion"},{"floor":33,"key":"Energy Potion"},{"floor":35,"key":"PowerPotion"},{"floor":37,"key":"Block Potion"}],"is_trial":false,"path_per_floor":["M","$","M","$","?","E","R","E","T","R","M","?","E","?","R","B",null,"M","?","?","?","M","E","M","R","T","$","M","E","?","$","R","B",null,"M","M","M","?","M","E","M"],"character_chosen":"DEFECT","items_purchased":["Cold Snap","Barrage","Hologram","Biased Cognition","Steam Power"],"campfire_rested":0,"item_purchase_floors":[2,2,4,27,31],"current_hp_per_floor":[64,64,64,64,69,69,69,67,67,67,61,37,23,23,23,18,72,59,34,34,34,25,35,18,33,33,33,32,11,11,11,29,35,56,58,34,30,30,39,28,0,0],"gold":507,"neow_bonus":"THREE_ENEMY_KILL","is_daily":false,"chose_seed":false,"campfire_upgraded":5,"win_rate":0.0,"timestamp":1614032980,"path_taken":["M","$","?","$","?","E","R","E","T","R","M","?","E","?","R","BOSS","M","?","?","?","M","E","M","R","T","$","M","E","?","?","R","BOSS","M","M","M","?","M","E","?"],"items_purchased_type":["Card","Card","Card","Card","Card"],"build_version":"2020-12-22","purchased_purges":1,"victory":false,"max_hp_per_floor":[71,71,71,71,76,76,76,76,76,76,76,76,76,76,76,76,86,86,91,91,63,63,63,63,63,63,63,63,63,63,63,63,63,63,63,63,63,63,63,63,63,63],"relic_stats":{"Lizard Tail":31,"counters":[21,101],"Sundial":[10],"Astrolabe":["Genetic Algorithm","Gash","Loop"],"Eternal Feather":33,"Art of War":[11],"obtain_stats":[{"Lantern":20,"Pear":17,"NeowsBlessing":0,"Astrolabe":34,"Oddly Smooth Stone":8,"Vajra":17,"Eternal Feather":23,"Odd Mushroom":12,"Akabeko":29,"Cables":9,"Old Coin":40,"Calling Bell":17,"Lizard Tail":17,"Sundial":26,"Art of War":6,"Cracked Core":0,"Pocketwatch":13},{"Lantern":9,"Pear":8,"NeowsBlessing":0,"Astrolabe":15,"Oddly Smooth Stone":4,"Vajra":8,"Eternal Feather":11,"Odd Mushroom":6,"Akabeko":14,"Cables":4,"Old Coin":20,"Calling Bell":8,"Lizard Tail":8,"Sundial":12,"Art of War":3,"Cracked Core":0,"Pocketwatch":7},{"Lantern":33,"Pear":29,"NeowsBlessing":0,"Astrolabe":69,"Oddly Smooth Stone":6,"Vajra":29,"Eternal Feather":43,"Odd Mushroom":13,"Akabeko":57,"Cables":6,"Old Coin":99,"Calling Bell":29,"Lizard Tail":29,"Sundial":48,"Art of War":3,"Cracked Core":0,"Pocketwatch":20}],"Cables":[81,50,31,0,0],"Pocketwatch":[110]},"card_choices":[{"not_picked":["Turbo","Rebound"],"picked":"Cold Snap","floor":1.0},{"not_picked":["Reprogram","Coolheaded"],"picked":"Hologram","floor":3.0},{"not_picked":["Coolheaded","Rebound"],"picked":"Compile Driver","floor":6},{"not_picked":["Rebound","Multi-Cast"],"picked":"Ball Lightning","floor":8},{"not_picked":["Hologram","Cold Snap"],"picked":"Sweeping Beam","floor":11},{"not_picked":["Streamline","Gash"],"picked":"Capacitor","floor":12},{"not_picked":["Seek","Steam"],"picked":"Defragment","floor":13},{"not_picked":["Echo Form","Buffer"],"picked":"Reboot","floor":16},{"not_picked":["Gash","Steam"],"picked":"Static Discharge","floor":18},{"not_picked":["Turbo","Streamline","Reprogram"],"picked":"SKIP","floor":22},{"not_picked":["Darkness+1","Rebound"],"picked":"Loop","floor":23},{"not_picked":["Coolheaded","Sweeping Beam"],"picked":"Turbo","floor":24},{"not_picked":["Coolheaded","Scrape"],"picked":"Seek","floor":28},{"not_picked":["Coolheaded","Ball Lightning"],"picked":"Fission","floor":29},{"not_picked":["Cold Snap+1","Coolheaded","Barrage"],"picked":"SKIP","floor":35},{"not_picked":["Cold Snap+1","Coolheaded"],"picked":"Barrage","floor":35},{"not_picked":["Sweeping Beam+1","Sunder","FTL"],"picked":"SKIP","floor":36},{"not_picked":["Streamline+1","Beam Cell","Gash"],"picked":"SKIP","floor":37},{"not_picked":["Stack+1","Cold Snap","Ball Lightning"],"picked":"SKIP","floor":39},{"not_picked":["Streamline+1","Tempest+1"],"picked":"Hologram+1","floor":40}],"player_experience":1518672,"relics_obtained":[{"floor":6,"key":"Art of War"},{"floor":8,"key":"Oddly Smooth Stone"},{"floor":9,"key":"Cables"},{"floor":12,"key":"Odd Mushroom"},{"floor":13,"key":"Pocketwatch"},{"floor":17,"key":"Vajra"},{"floor":17,"key":"Pear"},{"floor":17,"key":"Lizard Tail"},{"floor":23,"key":"Eternal Feather"},{"floor":26,"key":"Sundial"},{"floor":29,"key":"Akabeko"},{"floor":40,"key":"Old Coin"}],"event_choices":[{"damage_healed":0.0,"max_hp_gain":5.0,"max_hp_loss":0.0,"gold_gain":0.0,"event_name":"Big Fish","player_choice":"Donut","floor":5.0,"gold_loss":0.0,"damage_taken":0.0},{"damage_healed":0,"gold_gain":0,"player_choice":"Fought Mushrooms","damage_taken":0,"max_hp_gain":0,"max_hp_loss":0,"event_name":"Mushrooms","floor":12,"gold_loss":0},{"cards_removed":["Strike_B"],"damage_healed":0,"gold_gain":0,"player_choice":"Offered Basic","damage_taken":0,"max_hp_gain":0,"max_hp_loss":0,"event_name":"Bonfire Elementals","floor":14,"gold_loss":0},{"damage_healed":0,"gold_gain":0,"player_choice":"Shed Blood","damage_taken":30,"max_hp_gain":5,"max_hp_loss":0,"event_name":"Forgotten Altar","floor":19,"gold_loss":0},{"damage_healed":0,"gold_gain":0,"player_choice":"Obtained Relic","damage_taken":0,"relics_obtained":["Lantern"],"max_hp_gain":0,"max_hp_loss":0,"event_name":"Addict","floor":20,"gold_loss":85},{"damage_healed":0,"gold_gain":0,"player_choice":"Became a vampire","damage_taken":0,"max_hp_gain":0,"max_hp_loss":28,"event_name":"Vampires","floor":21,"gold_loss":0,"cards_obtained":["Bite","Bite","Bite","Bite","Bite"]},{"damage_healed":0,"gold_gain":0,"cards_transformed":["Dualcast","Defend_B"],"player_choice":"Became Test Subject","damage_taken":0,"max_hp_gain":0,"max_hp_loss":0,"event_name":"Drug Dealer","floor":30,"gold_loss":0,"cards_obtained":["Capacitor","Creative AI"]},{"damage_healed":0,"gold_gain":0,"player_choice":"Upgraded","damage_taken":0,"max_hp_gain":0,"max_hp_loss":0,"event_name":"Upgrade Shrine","floor":38,"gold_loss":0,"cards_upgraded":["Fission"]}],"is_beta":false,"boss_relics":[{"not_picked":["Velvet Choker","Philosopher\u0027s Stone"],"picked":"Calling Bell"},{"not_picked":["Inserter","Black Star"],"picked":"Astrolabe"}],"items_purged_floors":[27],"is_endless":false,"potions_floor_spawned":[6,13,23,29,33,35,37],"killed_by":"3 Darklings","ascension_level":20}}