{"host":"5qewjvycy34u7aeo","time":1614018512,"event":{"mods":["BaseMod","Downfall","GifTheSpireLib","Infinite Spire","Minty Spire (QoL Compilation)","Permanent Neow","Replay The Spire","StSLib","Wandering Minibosses"],"gold_per_floor":[115,115,40,115,115,147,147,3,3,3,35,53,86,105,105,206,206,225,211,211,211],"floor_reached":20,"language":"ENG","playtime":942,"items_purged":["Strike_G"],"score":317,"play_id":"f7f1cb54-9925-4f23-bc21-d1472d9fcf7a","local_time":"20210222122832","is_ascension_mode":true,"campfire_choices":[{"data":"ReplayTheSpireMod:??????????????????????","floor":7.0,"key":"SMITH"},{"data":"Dodge and Roll","floor":10.0,"key":"SMITH"},{"data":"Survivor","floor":15,"key":"SMITH"}],"circlet_count":0,"master_deck":["Strike_G","Strike_G","Strike_G","Defend_G","Defend_G","Defend_G","Defend_G","Defend_G","Survivor+1","Neutralize","Dodge and Roll+1","Poisoned Stab+1","ReplayTheSpireMod:??????????????????????+1","Deadly Poison","Blur","Backflip","Poisoned Stab","Deadly Poison","Footwork+1","Poisoned Stab"],"relics":["Ring of the Serpent","NeowsBlessing","Divine Protection","bronze:DonusWashers","Replay:Ringing Soul","PreservedInsect","Boot"],"acts_visited":["Exordium","TheCity"],"potions_floor_usage":[],"damage_taken":[{"damage":0.0,"enemies":"Cultist","floor":1.0,"turns":1.0},{"damage":0.0,"enemies":"Lagavulin","floor":6.0,"turns":1.0},{"damage":0.0,"enemies":"3 Sentries","floor":11.0,"turns":1.0},{"damage":0.0,"enemies":"2 Louse","floor":12.0,"turns":2.0},{"damage":0,"enemies":"Lagavulin","floor":13,"turns":6},{"damage":0,"enemies":"Small Slimes","floor":14,"turns":1},{"damage":24,"enemies":"Fading Forest","floor":16,"turns":11},{"damage":9,"enemies":"3 Byrds","floor":18,"turns":6},{"damage":7,"enemies":"2 Thieves","floor":19,"turns":4},{"damage":76,"enemies":"3 Cultists","floor":20,"turns":4}],"seed_played":"-4620633307249020398","potions_obtained":[{"floor":6.0,"key":"DuplicationPotion"},{"floor":11.0,"key":"Energy Potion"},{"floor":18,"key":"SkillPotion"}],"is_trial":false,"path_per_floor":["M","?","$","?","?","E","R","$","T","R","E","M","E","M","R","B",null,"M","M","M"],"character_chosen":"THE_SILENT","items_purchased":["bronze:DonusWashers"],"campfire_rested":0,"item_purchase_floors":[8],"current_hp_per_floor":[70,70,70,59,42,42,42,42,42,42,45,48,51,54,54,30,82,76,72,0,0],"gold":211,"neow_bonus":"THREE_ENEMY_KILL","is_daily":false,"chose_seed":false,"campfire_upgraded":3,"win_rate":0.0,"timestamp":1614018512,"path_taken":["M","?","$","?","?","E","R","?","T","R","E","M","E","M","R","BOSS","M","M","?"],"items_purchased_type":["Relic"],"build_version":"2020-12-22","purchased_purges":1,"victory":false,"max_hp_per_floor":[70,70,70,70,70,70,70,70,70,70,73,76,79,82,82,82,82,85,88,88,88],"card_choices":[{"not_picked":["Quick Slash","Outmaneuver"],"picked":"Dodge and Roll","floor":1.0},{"not_picked":["infinitespire:FinalStrike","infinitespire:SealOfDarkness+"],"picked":"ReplayTheSpireMod:??????????????????????","floor":5.0},{"not_picked":["Dagger Spray","Accuracy"],"picked":"Deadly Poison","floor":6.0},{"not_picked":["Predator","Sucker Punch"],"picked":"Blur","floor":11.0},{"not_picked":["Hidden Blade","Expertise"],"picked":"Backflip","floor":12},{"not_picked":["Dagger Throw","PiercingWail"],"picked":"Poisoned Stab","floor":13},{"not_picked":["Slice","Cloak And Dagger"],"picked":"Deadly Poison","floor":14},{"not_picked":["Choke","Well Laid Plans+1"],"picked":"Footwork+1","floor":18},{"not_picked":["Sucker Punch","PiercingWail"],"picked":"Poisoned Stab","floor":19}],"player_experience":507746,"relics_obtained":[{"floor":6.0,"key":"Divine Protection"},{"floor":9.0,"key":"Replay:Ringing Soul"},{"floor":11.0,"key":"PreservedInsect"},{"floor":13,"key":"Boot"}],"event_choices":[{"damage_healed":0.0,"max_hp_gain":0.0,"max_hp_loss":0.0,"gold_gain":75.0,"event_name":"World of Goop","player_choice":"Gather Gold","floor":4.0,"gold_loss":0.0,"damage_taken":11.0}],"is_beta":false,"boss_relics":[{"not_picked":["Cursed Key","SlaversCollar"],"picked":"Ring of the Serpent"}],"items_purged_floors":[3],"is_endless":false,"potions_floor_spawned":[6,11,18,19],"killed_by":"3 Cultists","ascension_level":2}}