{"host":"4xh8v5undae39mue","time":1614038289,"event":{"mods":["AchievementEnabler","BaseMod","Minty Spire (QoL Compilation)"],"gold_per_floor":[116,129,79,79,154,154,189,201,237,279,320,177,194,221,221,326,326,344,40,50,64,64,64,76,123,123,123,223,223,241,3,3,107,107,122,122,122,140,140,140],"floor_reached":39,"language":"ENG","playtime":1873,"items_purged":["Defend_B"],"score":567,"play_id":"6bdeb36c-7ddf-47c0-9e4a-16d2167fd92e","local_time":"20210222185809","is_ascension_mode":true,"campfire_choices":[{"data":"Chaos","floor":6,"key":"SMITH"},{"floor":8,"key":"REST"},{"floor":15,"key":"REST"},{"floor":23,"key":"REST"},{"floor":27,"key":"REST"},{"floor":29,"key":"REST"},{"floor":32,"key":"REST"}],"circlet_count":0,"master_deck":["Zap","Dualcast","Beam Cell","Rebound","Chaos+1","Hologram","Compile Driver","Sweeping Beam","Glacier","Auto Shields","Thunder Strike","Steam Power","Static Discharge","Leap","Normality","Normality","Skim","White Noise","Meteor Strike","Fission","Coolheaded","Fusion","Double Energy","Streamline","Cold Snap+1","Auto Shields","Reinforced Body+1"],"relics":["Cracked Core","Ancient Tea Set","MawBank","Sundial","Mercury Hourglass","Toy Ornithopter","Cursed Key","Unceasing Top","Strawberry","Orichalcum","CaptainsWheel","StrikeDummy","Cables","Pandora\u0027s Box"],"acts_visited":["Exordium","TheCity","TheBeyond"],"potions_floor_usage":[11,11,16,28,30,33],"damage_taken":[{"damage":9,"enemies":"Jaw Worm","floor":1,"turns":3},{"damage":7,"enemies":"Small Slimes","floor":2,"turns":4},{"damage":25,"enemies":"Lagavulin","floor":7,"turns":6},{"damage":0,"enemies":"Gremlin Nob","floor":11,"turns":2},{"damage":0,"enemies":"2 Louse","floor":13,"turns":2},{"damage":13,"enemies":"Lagavulin","floor":14,"turns":5},{"damage":7,"enemies":"Slime Boss","floor":16,"turns":8},{"damage":0,"enemies":"Spheric Guardian","floor":18,"turns":3},{"damage":20,"enemies":"2 Thieves","floor":20,"turns":3},{"damage":19,"enemies":"Snake Plant","floor":21,"turns":4},{"damage":30,"enemies":"Centurion and Healer","floor":24,"turns":6},{"damage":4,"enemies":"Colosseum Slavers","floor":28,"turns":3},{"damage":26,"enemies":"Colosseum Nobs","floor":28,"turns":6},{"damage":14,"enemies":"3 Cultists","floor":30,"turns":6},{"damage":60,"enemies":"Champ","floor":33,"turns":13},{"damage":34,"enemies":"3 Darklings","floor":35,"turns":5},{"damage":10,"enemies":"3 Shapes","floor":38,"turns":4},{"damage":33,"enemies":"Maw","floor":39,"turns":4}],"seed_played":"5555098274136662221","potions_obtained":[{"floor":2,"key":"Fire Potion"},{"floor":7,"key":"FocusPotion"},{"floor":14,"key":"Regen Potion"},{"floor":21,"key":"FearPotion"},{"floor":28,"key":"SkillPotion"},{"floor":30,"key":"Strength Potion"},{"floor":38,"key":"Weak Potion"}],"is_trial":false,"path_per_floor":["M","M","?","?","?","R","E","R","T","?","E","$","M","E","R","B",null,"M","$","M","M","?","R","M","T","T","R","?","R","M","$","R","B",null,"M","?","?","M","M"],"character_chosen":"DEFECT","items_purchased":["Glacier","Unceasing Top","Cables"],"campfire_rested":6,"item_purchase_floors":[12,19,31],"current_hp_per_floor":[59,52,52,45,34,34,9,31,31,31,31,31,31,18,40,52,69,69,69,49,30,16,40,10,17,17,43,18,44,35,35,61,6,67,33,33,33,23,0,0],"gold":140,"neow_bonus":"TRANSFORM_TWO_CARDS","is_daily":false,"chose_seed":false,"campfire_upgraded":1,"win_rate":0.0,"timestamp":1614038289,"path_taken":["M","M","?","?","?","R","E","R","T","?","E","$","M","E","R","BOSS","M","$","M","M","?","R","M","?","T","R","?","R","M","?","R","BOSS","M","?","?","M","?"],"items_purchased_type":["Card","Relic","Relic"],"build_version":"2020-12-22","purchased_purges":1,"victory":false,"max_hp_per_floor":[75,75,75,75,75,75,75,75,75,75,75,75,75,75,75,75,75,75,75,75,75,80,80,80,87,87,87,87,87,87,87,87,87,87,87,87,87,87,87,87],"card_choices":[{"not_picked":["Hologram","BootSequence"],"picked":"Chaos","floor":1},{"not_picked":["Stack","Reprogram"],"picked":"Hologram","floor":2},{"not_picked":["Hologram","Barrage"],"picked":"Compile Driver","floor":7},{"not_picked":["Streamline","Hologram"],"picked":"Sweeping Beam","floor":11},{"not_picked":["Rebound","Streamline"],"picked":"Amplify","floor":13},{"not_picked":["Barrage","Skim"],"picked":"Auto Shields","floor":14},{"not_picked":["Reboot","Amplify"],"picked":"Thunder Strike","floor":16},{"not_picked":["Double Energy+1","Redo"],"picked":"Steam Power","floor":18},{"not_picked":["Reinforced Body","Cold Snap"],"picked":"Static Discharge","floor":20},{"not_picked":["Steam","Beam Cell","Double Energy"],"picked":"SKIP","floor":21},{"not_picked":["Double Energy+1","Sweeping Beam"],"picked":"Leap","floor":24},{"not_picked":["Steam Power","Steam"],"picked":"Skim","floor":28},{"not_picked":["Recycle","Cold Snap"],"picked":"White Noise","floor":30},{"not_picked":["Core Surge","Multi-Cast"],"picked":"Meteor Strike","floor":33},{"not_picked":["Gash+1","Steam+1"],"picked":"Cold Snap+1","floor":35},{"not_picked":["Turbo+1","Fusion+1"],"picked":"Reinforced Body+1","floor":38}],"player_experience":251168,"relics_obtained":[{"floor":7,"key":"MawBank"},{"floor":11,"key":"Mercury Hourglass"},{"floor":14,"key":"Toy Ornithopter"},{"floor":25,"key":"Strawberry"},{"floor":26,"key":"Orichalcum"},{"floor":28,"key":"CaptainsWheel"},{"floor":28,"key":"StrikeDummy"}],"event_choices":[{"cards_removed":["Writhe"],"damage_healed":0,"gold_gain":0,"player_choice":"Card Removal","damage_taken":0,"max_hp_gain":0,"max_hp_loss":0,"event_name":"The Cleric","floor":3,"gold_loss":50},{"damage_healed":0,"gold_gain":0,"player_choice":"Success","damage_taken":7,"relics_obtained":["Ancient Tea Set"],"max_hp_gain":0,"max_hp_loss":0,"event_name":"Scrap Ooze","floor":4,"gold_loss":0},{"damage_healed":0,"gold_gain":75,"player_choice":"Gather Gold","damage_taken":11,"max_hp_gain":0,"max_hp_loss":0,"event_name":"World of Goop","floor":5,"gold_loss":0},{"damage_healed":0,"gold_gain":30,"player_choice":"Searched \u00273\u0027 times","damage_taken":0,"relics_obtained":["Sundial"],"max_hp_gain":0,"max_hp_loss":0,"event_name":"Dead Adventurer","floor":10,"gold_loss":0},{"damage_healed":0,"gold_gain":0,"player_choice":"Shed Blood","damage_taken":19,"max_hp_gain":5,"max_hp_loss":0,"event_name":"Forgotten Altar","floor":22,"gold_loss":0},{"damage_healed":0,"gold_gain":0,"player_choice":"Fight","damage_taken":0,"max_hp_gain":0,"max_hp_loss":0,"event_name":"Colosseum","floor":28,"gold_loss":0},{"damage_healed":0,"gold_gain":0,"player_choice":"Fought Nobs","damage_taken":0,"max_hp_gain":0,"max_hp_loss":0,"event_name":"Colosseum","floor":28,"gold_loss":0},{"damage_healed":0,"gold_gain":0,"player_choice":"Ignored","damage_taken":0,"max_hp_gain":0,"max_hp_loss":0,"event_name":"Tomb of Lord Red Mask","floor":36,"gold_loss":0},{"damage_healed":0,"gold_gain":0,"cards_transformed":["Amplify"],"player_choice":"Transformed","damage_taken":0,"max_hp_gain":0,"max_hp_loss":0,"event_name":"Transmorgrifier","floor":37,"gold_loss":0,"cards_obtained":["Auto Shields"]}],"is_beta":false,"boss_relics":[{"not_picked":["Black Star","Runic Pyramid"],"picked":"Cursed Key"},{"not_picked":["Runic Dome","SlaversCollar"],"picked":"Pandora\u0027s Box"}],"items_purged_floors":[12],"is_endless":false,"potions_floor_spawned":[2,7,14,21,28,30,38],"killed_by":"Maw","ascension_level":7}}