{"host":"nwd160me4iqdtr8u","time":1614009141,"event":{"mods":["AchievementEnabler","Act Like it!","BaseMod","Colored Map","DeckTracker","Hallownest","Keyboard Shortcuts","Minty Spire (QoL Compilation)","Quick Restart","Rare Cards Sparkle","Smile Girya","StSLib","SuperFastMode","The Bug Knight","everything is the same but u backflip on backflip"],"gold_per_floor":[117,42,52,64,64,89,89,114,137,137,149,149,149,22,22,22,22],"floor_reached":16,"language":"KOR","playtime":989,"items_purged":[],"score":134,"play_id":"359dbb44-3af7-4898-8959-07638e229fc4","local_time":"20210223005221","is_ascension_mode":true,"campfire_choices":[{"data":"HollowMod:FastStrike","floor":13,"key":"SMITH"},{"data":"Apotheosis","floor":15,"key":"SMITH"}],"circlet_count":0,"master_deck":["HollowMod:NailStrikeStart","HollowMod:NailStrikeStart","HollowMod:NailStrikeStart","HollowMod:NailStrikeStart+1","HollowMod:QuickDashStart","HollowMod:QuickDashStart","HollowMod:QuickDashStart","HollowMod:QuickDashStart","HollowMod:FocusHealStart","HollowMod:PogoStrike+1","Deep Breath","HollowMod:VengefulVoid","HollowMod:MawleksShell","HollowMod:CornifersMapStart","HollowMod:MonarchWings","HollowMod:RecoilStrike","HollowMod:FastStrike+1","HollowMod:CloakDash","Apotheosis+1"],"relics":["HollowMod:VesselMask","Hallownest:BankAccountRelic","HollowMod:MantisClawRelic","Smiling Mask","Whetstone","Centennial Puzzle","Hallownest:SalubrasBlessingRelic"],"acts_visited":["Hallownest:Greenpath"],"potions_floor_usage":[],"damage_taken":[{"damage":2.0,"enemies":"Hallownest:monsterHuskGuard","floor":1.0,"turns":3.0},{"damage":7.0,"enemies":"2_ Uuma","floor":3.0,"turns":5.0},{"damage":2.0,"enemies":"Hallownest:monsterHuskWarrior","floor":4.0,"turns":4.0},{"damage":12.0,"enemies":"Hallownest:eliteMossKnight","floor":6.0,"turns":17.0},{"damage":11.0,"enemies":"Hallownest:eliteVengeflyKing","floor":8.0,"turns":6.0},{"damage":0.0,"enemies":"Hallownest:monsterAspidMother","floor":10.0,"turns":3.0},{"damage":4,"enemies":"Hallownest:monsterFoolEater","floor":11,"turns":4},{"damage":49,"enemies":"Hallownest:BossBrokenVessel","floor":16,"turns":9}],"seed_played":"2434707433773138821","potions_obtained":[{"floor":1.0,"key":"LiquidMemories"},{"floor":3.0,"key":"LiquidBronze"},{"floor":6.0,"key":"Strength Potion"}],"is_trial":false,"path_per_floor":["M","?","M","M","?","E","T","E","T","M","M","?","R","$","R","B"],"character_chosen":"THE_BUGKNIGHT","items_purchased":["Apotheosis"],"campfire_rested":0,"item_purchase_floors":[14],"current_hp_per_floor":[66,66,65,63,54,52,52,41,41,41,43,43,43,43,43,0,0],"gold":22,"neow_bonus":"RANDOM_COLORLESS","is_daily":false,"chose_seed":false,"campfire_upgraded":2,"win_rate":0.0,"timestamp":1614009141,"path_taken":["M","?","M","M","?","E","?","E","T","M","?","?","R","?","R","BOSS"],"items_purchased_type":["Card"],"build_version":"2020-12-22","purchased_purges":0,"victory":false,"max_hp_per_floor":[75,75,75,75,75,75,75,75,75,75,75,75,75,75,75,75,75],"card_choices":[{"not_picked":["Impatience","Panacea"],"picked":"Deep Breath","floor":0.0},{"not_picked":["HollowMod:SiblingsSouls","HollowMod:CoiledNail"],"picked":"HollowMod:VengefulVoid","floor":1.0},{"not_picked":["HollowMod:FastStrike","HollowMod:VengefulVoid"],"picked":"HollowMod:MawleksShell","floor":3.0},{"not_picked":["HollowMod:WraithStrike","HollowMod:InfectedCysts"],"picked":"HollowMod:CornifersMapStart","floor":4.0},{"not_picked":["HollowMod:MothsMistake","HollowMod:CloakDash"],"picked":"HollowMod:MonarchWings","floor":6.0},{"not_picked":["HollowMod:ShadowDash","HollowMod:NewGlowingWomb"],"picked":"HollowMod:RecoilStrike","floor":8.0},{"not_picked":["HollowMod:InfectedCysts","HollowMod:WraithStrike"],"picked":"HollowMod:FastStrike","floor":10.0},{"not_picked":["HollowMod:SiblingsShadow","HollowMod:MidwifesHunger"],"picked":"HollowMod:CloakDash","floor":11}],"player_experience":500283,"relics_obtained":[{"floor":6.0,"key":"HollowMod:MantisClawRelic"},{"floor":7.0,"key":"Smiling Mask"},{"floor":8.0,"key":"Whetstone"},{"floor":9.0,"key":"Centennial Puzzle"}],"event_choices":[],"is_beta":false,"boss_relics":[],"items_purged_floors":[],"is_endless":false,"potions_floor_spawned":[1,3,6],"killed_by":"Hallownest:BossBrokenVessel","ascension_level":6}}