{"host":"wqi7jvkbznmdbtu0","time":1614001988,"event":{"mods":["Act Like it!","BaseMod","Downfall","Hermit","Hubris","Infinite Spire","Mimic Mod","Minty Spire (QoL Compilation)","Quick Restart","Ruina","StSLib","The Construct","The Jungle","The Mystic"],"gold_per_floor":[113,128,78,109,34,34,45,45,71,71,90,108,8,8,8,8,8],"floor_reached":16,"language":"ENG","playtime":1370,"items_purged":["Strike_R","Strike_R"],"score":90,"play_id":"216c6982-7180-4514-90cf-05e57a654b0a","local_time":"20210222135308","is_ascension_mode":false,"campfire_choices":[{"data":"Shrug It Off","floor":6,"key":"SMITH"},{"data":"True Grit","floor":8,"key":"SMITH"},{"data":"Defend_R","floor":10,"key":"SMITH"},{"data":"Body Slam","floor":15,"key":"SMITH"}],"circlet_count":0,"master_deck":["Strike_R","Strike_R","Defend_R+1","Defend_R","Defend_R","Defend_R","Bash","Shrug It Off+1","True Grit+1","Twin Strike","Body Slam+1"],"relics":["Burning Blood","Ice Cream","Vajra","hubris:Towel"],"acts_visited":["Exordium"],"potions_floor_usage":[16,16,16],"damage_taken":[{"damage":3,"enemies":"Jaw Worm","floor":1,"turns":4},{"damage":6,"enemies":"Cultist","floor":2,"turns":3},{"damage":12,"enemies":"2 Louse","floor":4,"turns":13},{"damage":1,"enemies":"2 Louse","floor":7,"turns":3},{"damage":21,"enemies":"Exordium Thugs","floor":11,"turns":7},{"damage":1,"enemies":"Looter","floor":12,"turns":4},{"damage":61,"enemies":"Slime Boss","floor":16,"turns":13}],"seed_played":"8952310881862740386","potions_obtained":[{"floor":2,"key":"EssenceOfSteel"},{"floor":7,"key":"Weak Potion"},{"floor":12,"key":"LiquidBronze"}],"is_trial":false,"path_per_floor":["M","M","?","MIM","$","R","M","R","T","R","M","M","$","?","R","B"],"character_chosen":"IRONCLAD","items_purchased":[],"campfire_rested":0,"item_purchase_floors":[],"current_hp_per_floor":[72,72,72,66,66,66,71,71,71,71,56,61,61,61,61,0,0],"gold":8,"neow_bonus":"ONE_RARE_RELIC","is_daily":false,"chose_seed":false,"campfire_upgraded":4,"win_rate":0.0,"timestamp":1614001988,"path_taken":["M","M","?","?","$","R","M","R","T","R","M","M","$","?","R","BOSS"],"items_purchased_type":[],"build_version":"2020-12-22","purchased_purges":2,"victory":false,"max_hp_per_floor":[72,72,72,72,72,72,72,72,72,72,72,72,72,72,72,72,72],"card_choices":[{"not_picked":["Dropkick","Cleave"],"picked":"Shrug It Off","floor":1},{"not_picked":["Disarm","Dropkick"],"picked":"True Grit","floor":2},{"not_picked":["Havoc","Flex","Iron Wave"],"picked":"SKIP","floor":7},{"not_picked":["Pummel","Headbutt"],"picked":"Twin Strike","floor":11},{"not_picked":["Blood for Blood","Thunderclap"],"picked":"Body Slam","floor":12}],"player_experience":85277,"relics_obtained":[{"floor":9,"key":"Vajra"}],"event_choices":[{"cards_removed":["Strike_R"],"damage_healed":0,"gold_gain":0,"player_choice":"Card Removal","damage_taken":0,"max_hp_gain":0,"max_hp_loss":0,"event_name":"The Cleric","floor":3,"gold_loss":50}],"is_beta":false,"boss_relics":[],"items_purged_floors":[5,13],"is_endless":false,"potions_floor_spawned":[2,7,12],"killed_by":"Slime Boss","ascension_level":0}}