{"host":"ooy9sn8qgs7oliwr","time":1614008174,"event":{"mods":["100% Spire Juice","ATMod(°¢èªMod)","Act Like it!","BaseMod","BetterRewards","Bossed Relics","CapriCore","Friendly Minions","Kiyohime£¨Çå¼§£©","Minty Spire (QoL Compilation)","Pale of the Ancients","Reliquary","Replay The Spire","RumiaBox-Â¶Ã×æ«µÄÉñÃØºÐ×Ó","StSLib","The Immortal","The Jungle","Yakumo Yukari mod","¡¾ÒÅÎï¿¨ÅÆ¡¿REMEMod"],"gold_per_floor":[119,133,133,148,103,103,120,151,151,179,19,19,54,88,68,190,190,213,192,192,235,271,322,322,368,368,399,440,509,551,56,56,158,38,69,91,130,130,174,213,225,269,269,299,344,373,373,111,111,115,115,115,78,127,139],"floor_reached":56,"language":"ZHS","playtime":2488,"items_purged":[],"score":1421,"play_id":"118bde92-403d-4f7d-8801-62ee3dd0ec9b","local_time":"20210222233614","is_ascension_mode":true,"campfire_choices":[{"floor":6,"key":"REST"},{"data":"Moonworks:AnotherUltimateWeapon","floor":24,"key":"SMITH"},{"floor":32,"key":"RECALL"},{"floor":49,"key":"DIG"},{"data":"Moonworks:AnotherUltimateWeapon","floor":52,"key":"SMITH"}],"circlet_count":0,"master_deck":["Moonworks:Strike","Moonworks:Strike","Moonworks:Strike","Moonworks:Strike","Moonworks:Defend","Moonworks:Defend","Moonworks:Defend","Moonworks:Defend","Moonworks:Ambush","Moonworks:LongDistanceShot","AT_Dispersion+1","Moonworks:IndiscriminateFireSupport+1","Moonworks:NicePresent","Moonworks:Flamethrower","Moonworks:Flamethrower","Moonworks:Bloodlust+1","Moonworks:Heat300Percent+1","Moonworks:AnotherUltimateWeapon+1","Moonworks:CompletionReward+1","Moonworks:EvilSpyWorkPreparation+1","Moonworks:NicePresent+1","Moonworks:AccelHyper+1","Moonworks:EvilSpyWorkPreparation+1","Moonworks:AnotherUltimateWeapon+1","Moonworks:EvilSpyWorkPreparation+1","Moonworks:EvilMastermind+1","Moonworks:Flamethrower+1","Moonworks:BigMagnum+1","Moonworks:PlushieMaster+1","Moonworks:NicePresent+1","Moonworks:RagingMadness"],"relics":["Moonworks:BrokenBomb","Moonworks:Homemark","AT_ATBox","REME_ComplimentaryCards","Toxic Egg 2","AT_ImmortalShieldbow","AT_RedNoBalance","Replay:Bandana","AddBug","AT_ImmortalShieldbow","AT_SunfireAegis","REME_HandOfSuture","Replay:WaspNest","Moonworks:Homemark","Ginger","LastBattle","Snack Pack","reliquary:RedCape","Omamori","REME_ComplimentaryCards","Pondfish Scales","reliquary:BallBearing","reliquary:Spinner","Ring of Chaos","ReplayTheSpireMod:Ring of Collecting","AT_SilvercatRing","Durian","AT_SilvercatRing","REME_IWantAll"],"acts_visited":["Exordium","TheCity","TheBeyond","TheEnding"],"potions_floor_usage":[8,55,55],"damage_taken":[{"damage":6,"enemies":"Jaw Worm","floor":1,"turns":4},{"damage":1,"enemies":"Cultist","floor":2,"turns":4},{"damage":2,"enemies":"2 Louse","floor":4,"turns":2},{"damage":7,"enemies":"Red Slaver","floor":7,"turns":2},{"damage":7,"enemies":"Lagavulin","floor":8,"turns":5},{"damage":10,"enemies":"Gremlin Nob","floor":10,"turns":3},{"damage":14,"enemies":"Lagavulin","floor":13,"turns":3},{"damage":4,"enemies":"3 Louse","floor":14,"turns":3},{"damage":8,"enemies":"Slime Boss","floor":16,"turns":4},{"damage":11,"enemies":"Chosen","floor":18,"turns":5},{"damage":4,"enemies":"3 Byrds","floor":21,"turns":2},{"damage":21,"enemies":"Centurion and Healer","floor":22,"turns":3},{"damage":27,"enemies":"Book of Stabbing","floor":23,"turns":4},{"damage":8,"enemies":"Slavers","floor":25,"turns":2},{"damage":7,"enemies":"Sentry and Sphere","floor":27,"turns":3},{"damage":8,"enemies":"Cultist and Chosen","floor":28,"turns":3},{"damage":16,"enemies":"Gremlin Leader","floor":29,"turns":4},{"damage":0,"enemies":"Centurion and Healer","floor":30,"turns":2},{"damage":37,"enemies":"Automaton","floor":33,"turns":5},{"damage":8,"enemies":"3 Darklings","floor":35,"turns":3},{"damage":30,"enemies":"Orb Walker","floor":36,"turns":3},{"damage":32,"enemies":"Sphere and 2 Shapes","floor":37,"turns":3},{"damage":7,"enemies":"Writhing Mass","floor":39,"turns":3},{"damage":4,"enemies":"R_Hoarder","floor":40,"turns":4},{"damage":20,"enemies":"Maw","floor":41,"turns":5},{"damage":18,"enemies":"Reptomancer","floor":42,"turns":4},{"damage":31,"enemies":"3 Darklings","floor":44,"turns":3},{"damage":31,"enemies":"R_Hoarder","floor":45,"turns":5},{"damage":8,"enemies":"Jaw Worm Horde","floor":46,"turns":3},{"damage":31,"enemies":"Awakened One","floor":50,"turns":7},{"damage":31,"enemies":"Shield and Spear","floor":54,"turns":4},{"damage":38,"enemies":"The Heart","floor":55,"turns":4}],"seed_played":"-7599103468119489236","potions_obtained":[{"floor":1,"key":"SkillPotion"},{"floor":4,"key":"Elixir"},{"floor":16,"key":"Venom Potion"},{"floor":22,"key":"LiquidMemories"},{"floor":25,"key":"SkillPotion"},{"floor":27,"key":"Moonworks:OneHundredPercentOrangeJuicePotion"},{"floor":36,"key":"Moonworks:OneHundredPercentOrangeJuicePotion"}],"is_trial":false,"path_per_floor":["M","M","?","M","?","R","M","E","T","E","?","?","E","M","R","B",null,"M","?","?","M","M","E","R","E","T","M","M","E","M","$","R","B",null,"M","M","M","?","M","E","M","E","T","M","E","M","?","$","R","B",null,"R","$","E","B",null],"character_chosen":"THE_STARBREAKER","items_purchased":["LastBattle","Snack Pack","AT_SilvercatRing","Moonworks:RagingMadness"],"campfire_rested":1,"item_purchase_floors":[31,31,48,53],"current_hp_per_floor":[54,53,53,51,40,58,51,44,44,34,34,34,24,28,28,26,60,27,27,27,26,48,23,23,60,60,55,51,55,55,55,55,44,60,54,32,25,25,22,30,60,54,54,23,45,49,49,49,54,45,65,65,65,38,65],"gold":139,"neow_bonus":"","is_daily":false,"chose_seed":false,"campfire_upgraded":2,"win_rate":0.0,"timestamp":1614008174,"path_taken":["M","M","?","?","?","R","M","E","T","E","?","?","E","M","R","BOSS","M","?","?","M","M","E","R","E","T","M","M","E","M","$","R","BOSS","M","M","M","?","M","E","M","E","T","?","E","M","?","$","R","BOSS","R","$","E","BOSS"],"items_purchased_type":["Relic","Relic","Relic","Card"],"build_version":"2020-12-22","purchased_purges":0,"victory":true,"max_hp_per_floor":[60,60,60,60,60,60,60,60,60,60,60,60,60,60,60,60,60,60,60,60,60,60,60,60,60,60,60,60,60,60,60,60,60,60,60,60,60,60,60,60,60,60,60,60,60,60,60,60,65,65,65,65,65,65,65],"card_choices":[{"not_picked":["Moonworks:EvilSpyWorkPreparation","Moonworks:MixPhenomenon"],"picked":"Moonworks:IndiscriminateFireSupport","floor":1},{"not_picked":["Moonworks:TacticalRetreat","Moonworks:BigMagnum"],"picked":"Moonworks:NicePresent","floor":2},{"not_picked":["Moonworks:MetallicMonocoque","Moonworks:SakisCookie"],"picked":"Moonworks:Flamethrower","floor":4},{"not_picked":["Moonworks:JonathanRush","Moonworks:NicePresent"],"picked":"Moonworks:Flamethrower","floor":7},{"not_picked":["Moonworks:Assault","Moonworks:ForcedRevival+1","Moonworks:IndiscriminateFireSupport"],"picked":"SKIP","floor":8},{"not_picked":["Moonworks:CloudOfSeagulls","Moonworks:DeployBits+1"],"picked":"Moonworks:Bloodlust+1","floor":10},{"not_picked":["Moonworks:StiffCrystal+1","Moonworks:CloudOfSeagulls"],"picked":"Moonworks:Heat300Percent+1","floor":13},{"not_picked":["Moonworks:SweetBattle+1","Moonworks:RagingMadness"],"picked":"Moonworks:BigBangBell+1","floor":14},{"not_picked":["Moonworks:WeAreWaruda+1","Moonworks:ReflectiveShell"],"picked":"Moonworks:AnotherUltimateWeapon","floor":16},{"not_picked":["Moonworks:TacticalRetreat+1","Moonworks:SealedMemories+1"],"picked":"Moonworks:CompletionReward+1","floor":18},{"not_picked":["Moonworks:ImOnFire+1","Moonworks:BackdoorTrade+1"],"picked":"Moonworks:EvilSpyWorkPreparation+1","floor":21},{"not_picked":["Moonworks:CloudOfSeagulls+1","Moonworks:SakisCookie+1","Moonworks:LulusLuckyEgg+1"],"picked":"SKIP","floor":22},{"not_picked":["Moonworks:IndiscriminateFireSupport","Moonworks:x16BigRocket+1","Moonworks:LeapThroughSpace"],"picked":"SKIP","floor":23},{"not_picked":["Moonworks:IndiscriminateFireSupport","Moonworks:CloudOfSeagulls","Moonworks:SweetBattle+1"],"picked":"SKIP","floor":25},{"not_picked":["Moonworks:IndiscriminateFireSupport","Moonworks:SelfDestruct","Moonworks:DeployBits+1"],"picked":"SKIP","floor":27},{"not_picked":["Moonworks:ScrambledEve+1","Moonworks:JonathanRush"],"picked":"Moonworks:NicePresent+1","floor":28},{"not_picked":["Moonworks:EvilMastermind+1","Moonworks:ExtendedPhotonRifle"],"picked":"Moonworks:AccelHyper+1","floor":29},{"not_picked":["Moonworks:BigMagnum+1","Moonworks:BindingChains+1"],"picked":"Moonworks:EvilSpyWorkPreparation+1","floor":30},{"not_picked":["Moonworks:Accelerator","Moonworks:Encore"],"picked":"Moonworks:AnotherUltimateWeapon","floor":33},{"not_picked":["Moonworks:IndiscriminateFireSupport+1","Moonworks:IntelligenceOfficer+1"],"picked":"Moonworks:EvilSpyWorkPreparation+1","floor":35},{"not_picked":["Moonworks:IndiscriminateFireSupport","Moonworks:DeployBits+1","Moonworks:JonathanRush"],"picked":"SKIP","floor":36},{"not_picked":["Moonworks:x16BigRocket","Moonworks:UnpaidWork+1","Moonworks:Assault+1"],"picked":"SKIP","floor":37},{"not_picked":["Moonworks:DeployBits+1","Moonworks:EvilSpyWorkPreparation+1","Moonworks:Assault"],"picked":"SKIP","floor":39},{"not_picked":["Moonworks:UnluckyCharm+1","Moonworks:ImmovableObject+1"],"picked":"Moonworks:Flamethrower+1","floor":40},{"not_picked":["Moonworks:CastOff+1","Moonworks:IndiscriminateFireSupport"],"picked":"Moonworks:BigMagnum+1","floor":41},{"not_picked":["Moonworks:Heat300Percent+1","Moonworks:EvilSpyWorkPreparation+1"],"picked":"Moonworks:PlushieMaster+1","floor":42},{"not_picked":["Moonworks:CloudOfSeagulls","Moonworks:WindyEnchantment+1","Moonworks:BigMagnum+1"],"picked":"SKIP","floor":44},{"not_picked":["Moonworks:CloudOfSeagulls+1","Moonworks:BigMagnum+1"],"picked":"Moonworks:NicePresent+1","floor":45},{"not_picked":["Moonworks:SakisCookie+1","Moonworks:CloudOfSeagulls+1","Moonworks:BackdoorTrade+1"],"picked":"SKIP","floor":46},{"not_picked":["Moonworks:SakisCookie+1","Moonworks:Assault","Moonworks:BackdoorTrade+1"],"picked":"SKIP","floor":54}],"player_experience":54081,"relics_obtained":[{"floor":8,"key":"Toxic Egg 2"},{"floor":9,"key":"AT_ImmortalShieldbow"},{"floor":10,"key":"AT_SilverBalance"},{"floor":13,"key":"Replay:Bandana"},{"floor":18,"key":"AT_ImmortalShieldbow"},{"floor":23,"key":"AT_SunfireAegis"},{"floor":25,"key":"REME_HandOfSuture"},{"floor":26,"key":"Replay:WaspNest"},{"floor":27,"key":"Moonworks:Homemark"},{"floor":29,"key":"Ginger"},{"floor":39,"key":"REME_ComplimentaryCards"},{"floor":40,"key":"Pondfish Scales"},{"floor":42,"key":"reliquary:BallBearing"},{"floor":45,"key":"reliquary:Spinner"},{"floor":47,"key":"Ring of Chaos"},{"floor":47,"key":"ReplayTheSpireMod:Ring of Collecting"},{"floor":49,"key":"Durian"},{"floor":54,"key":"AT_SilvercatRing"},{"floor":54,"key":"REME_IWantAll"}],"event_choices":[{"damage_healed":0,"gold_gain":0,"player_choice":"Forge","damage_taken":0,"max_hp_gain":0,"max_hp_loss":0,"event_name":"Accursed Blacksmith","floor":3,"gold_loss":0,"cards_upgraded":["Moonworks:IndiscriminateFireSupport"]},{"damage_healed":0,"gold_gain":75,"player_choice":"Gather Gold","damage_taken":11,"max_hp_gain":0,"max_hp_loss":0,"event_name":"World of Goop","floor":5,"gold_loss":0},{"damage_healed":0,"gold_gain":0,"player_choice":"Upgraded","damage_taken":0,"max_hp_gain":0,"max_hp_loss":0,"event_name":"Upgrade Shrine","floor":12,"gold_loss":0,"cards_upgraded":["AT_Dispersion"]},{"damage_healed":0,"gold_gain":100,"player_choice":"Pray","damage_taken":0,"max_hp_gain":0,"max_hp_loss":0,"event_name":"Golden Shrine","floor":15,"gold_loss":0},{"damage_healed":0,"gold_gain":99,"player_choice":"Stole From Cult","damage_taken":0,"max_hp_gain":0,"max_hp_loss":0,"event_name":"Nest","floor":19,"gold_loss":0},{"cards_removed":["Delirium"],"damage_healed":0,"gold_gain":0,"player_choice":"Elegance","damage_taken":0,"max_hp_gain":0,"max_hp_loss":0,"event_name":"Back to Basics","floor":20,"gold_loss":0},{"cards_removed":["Moonworks:BigBangBell"],"damage_healed":0,"gold_gain":0,"player_choice":"Gave Card","damage_taken":0,"relics_obtained":["Omamori"],"max_hp_gain":0,"max_hp_loss":0,"event_name":"WeMeetAgain","floor":38,"gold_loss":0}],"is_beta":false,"boss_relics":[{"not_picked":["SacredBark","Cursed Key"],"picked":"AddBug"},{"not_picked":["Replay:Ancient Bell","SoulBox"],"picked":"reliquary:RedCape"}],"items_purged_floors":[],"is_endless":false,"potions_floor_spawned":[1,4,16,22,25,27,28,30,33,36,37,40,44],"ascension_level":1}}