{"host":"y080dcqw8fj32q7d","time":1614013240,"event":{"mods":["AchievementEnabler","BaseMod","Colored Map","Colored Powertips","DeckTracker","Minty Spire (QoL Compilation)","Relic Sorter"],"gold_per_floor":[20,20,20,30,50,81,81,112,112,147,1,19,54,70,70,168,168,180,180,200,225,245,245,256,269,293,310,310,310,310,335,335,335,335],"floor_reached":33,"language":"ENG","playtime":2447,"items_purged":[],"score":312,"play_id":"6657b642-33f0-4ff3-a5a4-9aaf352b45f2","local_time":"20210222200040","is_ascension_mode":true,"campfire_choices":[{"floor":7.0,"key":"RECALL"},{"floor":15.0,"key":"REST"},{"floor":23.0,"key":"REST"},{"data":"Double Tap","floor":28.0,"key":"SMITH"},{"floor":32,"key":"REST"}],"circlet_count":0,"master_deck":["Strike_R","Strike_R","Strike_R","Strike_R","Strike_R","Defend_R","Defend_R","Defend_R","Defend_R","Bash","Cleave","Shrug It Off","Power Through","Flame Barrier+1","Seeing Red","Cleave","Impervious","Rampage+1","Bash","Flame Barrier+1","Cleave+1","Double Tap+1"],"relics":["Black Blood","FossilizedHelix","Tiny Chest","Eternal Feather","Art of War","MealTicket","Membership Card","Happy Flower","Anchor","Nunchaku","Ornamental Fan"],"acts_visited":["Exordium","TheCity"],"potions_floor_usage":[31],"damage_taken":[{"damage":0.0,"enemies":"Cultist","floor":1.0,"turns":3.0},{"damage":0.0,"enemies":"Jaw Worm","floor":4.0,"turns":3.0},{"damage":0.0,"enemies":"2 Louse","floor":5.0,"turns":3.0},{"damage":18.0,"enemies":"Gremlin Nob","floor":6.0,"turns":5.0},{"damage":23.0,"enemies":"3 Sentries","floor":8.0,"turns":6.0},{"damage":54.0,"enemies":"Gremlin Nob","floor":10.0,"turns":6.0},{"damage":8.0,"enemies":"Exordium Thugs","floor":12.0,"turns":6.0},{"damage":21.0,"enemies":"3 Sentries","floor":13.0,"turns":12.0},{"damage":0.0,"enemies":"Blue Slaver","floor":14.0,"turns":4.0},{"damage":10.0,"enemies":"Slime Boss","floor":16.0,"turns":14.0},{"damage":46.0,"enemies":"Shell Parasite","floor":18.0,"turns":13.0},{"damage":12.0,"enemies":"Spheric Guardian","floor":20.0,"turns":8.0},{"damage":20.0,"enemies":"Snake Plant","floor":22.0,"turns":7.0},{"damage":0.0,"enemies":"Snecko","floor":24.0,"turns":6.0},{"damage":38.0,"enemies":"Centurion and Healer","floor":25.0,"turns":14.0},{"damage":17.0,"enemies":"Snake Plant","floor":27.0,"turns":7.0},{"damage":62,"enemies":"Book of Stabbing","floor":31,"turns":7},{"damage":105,"enemies":"Automaton","floor":33,"turns":12}],"seed_played":"-7322231952023828542","potions_obtained":[{"floor":1.0,"key":"Weak Potion"},{"floor":4.0,"key":"PowerPotion"},{"floor":6.0,"key":"GamblersBrew"},{"floor":8.0,"key":"BloodPotion"},{"floor":13.0,"key":"BlessingOfTheForge"},{"floor":18.0,"key":"CultistPotion"},{"floor":25.0,"key":"Energy Potion"},{"floor":27.0,"key":"SpeedPotion"}],"is_trial":false,"path_per_floor":["M","$","?","M","M","E","R","E","T","E","$","M","E","M","R","B",null,"M","?","M","T","M","R","M","M","T","M","R","?","?","E","R","B"],"character_chosen":"IRONCLAD","items_purchased":["Membership Card"],"campfire_rested":3,"item_purchase_floors":[11],"current_hp_per_floor":[80,80,62,68,74,62,68,51,51,19,34,32,17,23,56,52,80,46,46,46,46,38,74,80,54,54,49,61,80,80,30,66,0,0],"gold":335,"neow_bonus":"ONE_RARE_RELIC","is_daily":false,"chose_seed":false,"campfire_upgraded":1,"win_rate":0.0,"timestamp":1614013240,"path_taken":["M","?","?","M","M","E","R","E","T","E","?","?","E","M","R","BOSS","M","?","M","?","M","R","M","?","T","M","R","?","?","E","R","BOSS"],"items_purchased_type":["Relic"],"build_version":"2020-12-22","purchased_purges":0,"victory":false,"max_hp_per_floor":[80,80,80,80,80,80,80,80,80,80,80,80,80,80,80,80,80,80,80,80,80,80,80,80,80,80,80,80,80,80,80,80,80,80],"card_choices":[{"not_picked":["Dropkick","Havoc"],"picked":"Cleave","floor":1.0},{"not_picked":["Flex","Twin Strike"],"picked":"Shrug It Off","floor":4.0},{"not_picked":["Inflame","Twin Strike"],"picked":"Power Through","floor":5.0},{"not_picked":["Fiend Fire","Shockwave","Iron Wave"],"picked":"SKIP","floor":6.0},{"not_picked":["Reckless Charge","Wild Strike","Clash"],"picked":"SKIP","floor":8.0},{"not_picked":["Sword Boomerang","Armaments"],"picked":"Flame Barrier","floor":10.0},{"not_picked":["Whirlwind","Dropkick","Twin Strike"],"picked":"SKIP","floor":12.0},{"not_picked":["Entrench","Armaments"],"picked":"Seeing Red","floor":13.0},{"not_picked":["Infernal Blade","Disarm"],"picked":"Cleave","floor":14.0},{"not_picked":["Fiend Fire","Offering"],"picked":"Impervious","floor":16.0},{"not_picked":["Sever Soul+1","Thunderclap"],"picked":"Rampage+1","floor":18.0},{"not_picked":["Flex","True Grit","Wild Strike"],"picked":"SKIP","floor":20.0},{"not_picked":["Headbutt","Twin Strike"],"picked":"Flame Barrier+1","floor":22.0},{"not_picked":["Shockwave","Pommel Strike+1","Body Slam"],"picked":"SKIP","floor":24.0},{"not_picked":["Iron Wave","Clothesline"],"picked":"Cleave+1","floor":25.0},{"not_picked":["Anger","Reckless Charge"],"picked":"Double Tap","floor":27.0},{"not_picked":["Anger","Twin Strike","Havoc"],"picked":"SKIP","floor":31}],"player_experience":365375,"relics_obtained":[{"floor":6.0,"key":"Eternal Feather"},{"floor":8.0,"key":"Art of War"},{"floor":10.0,"key":"MealTicket"},{"floor":13.0,"key":"Happy Flower"},{"floor":21.0,"key":"Anchor"},{"floor":26.0,"key":"Nunchaku"},{"floor":31,"key":"Ornamental Fan"}],"event_choices":[{"damage_healed":0.0,"max_hp_gain":0.0,"max_hp_loss":0.0,"gold_gain":0.0,"event_name":"Scrap Ooze","player_choice":"Success","floor":3.0,"gold_loss":0.0,"damage_taken":18.0,"relics_obtained":["Tiny Chest"]},{"damage_healed":0.0,"max_hp_gain":0.0,"max_hp_loss":0.0,"gold_gain":0.0,"event_name":"Match and Keep!","player_choice":"1 cards matched","floor":19.0,"gold_loss":0.0,"damage_taken":0.0,"cards_obtained":["Bash"]},{"damage_healed":26.0,"max_hp_gain":0.0,"max_hp_loss":0.0,"gold_gain":0.0,"event_name":"The Library","player_choice":"Heal","floor":29.0,"gold_loss":0.0,"damage_taken":0.0},{"damage_healed":0.0,"max_hp_gain":0.0,"max_hp_loss":0.0,"gold_gain":0.0,"event_name":"Upgrade Shrine","player_choice":"Upgraded","floor":30.0,"gold_loss":0.0,"damage_taken":0.0,"cards_upgraded":["Flame Barrier"]}],"is_beta":false,"boss_relics":[{"not_picked":["Philosopher\u0027s Stone","Pandora\u0027s Box"],"picked":"Black Blood"}],"items_purged_floors":[],"is_endless":false,"potions_floor_spawned":[1,4,6,8,13,18,25,27],"killed_by":"Automaton","ascension_level":1}}