{"host":"4a6fro0of1ie0h2w","time":1614017649,"event":{"mods":["Aspiration","BaseMod","CCEM2","Colored Map","Conspire","Downfall","GifTheSpireLib","Halation","Highlight Path","Hubris","Infinite Spire","Marisa????????","Minty Spire (QoL Compilation)","Permanent Neow","Replay The Spire","StSLib","Stuff the Spire","The Servant 0.9.4"],"gold_per_floor":[99,110,121,31,31,41,64,78,108,108,122,154,154,154,165,165,165,165],"floor_reached":16,"language":"ENG","playtime":775,"items_purged":["champ:Defend"],"score":134,"play_id":"25b8a2c7-deaf-40e4-8297-b839b8c451d9","local_time":"20210222201409","is_ascension_mode":true,"campfire_choices":[{"data":"ReplayTheSpireMod:Brewmster","floor":1,"key":"SMITH"},{"floor":13,"key":"REST"}],"circlet_count":0,"master_deck":["champ:Strike","champ:Strike","champ:Strike","champ:Strike","champ:Defend","champ:Defend","champ:Defend","champ:Execute","champ:Taunt","ReplayTheSpireMod:Brewmster+1","champ:StanceDance","champ:PreciseThrust","champ:AdrenalArmor","Pain","champ:StanceDance","champ:RapidStrikes","downfall:Bewildered","champ:FlashCut","champ:PerfectedStrike+1","champ:BringItOn"],"relics":["champ:ChampionCrown","WarpedTongs","Replay:Wax Seal","Onion Ring","ReplayTheSpireMod:Ring of Exchange","Ring of Fury","Molten Egg 2"],"acts_visited":["Exordium"],"potions_floor_usage":[2,2,3,4,4,4,4,4,8,8,9,9,9,9,11,11,11,11,12,12,15,15,16,16],"damage_taken":[{"damage":31,"enemies":"Small Slimes","floor":2,"turns":3},{"damage":19,"enemies":"Cultist","floor":3,"turns":5},{"damage":25,"enemies":"downfall:FleeingMerchant","floor":4,"turns":4},{"damage":11,"enemies":"2 Louse","floor":6,"turns":3},{"damage":4,"enemies":"Blue Slaver","floor":8,"turns":3},{"damage":44,"enemies":"Lagavulin","floor":9,"turns":5},{"damage":33,"enemies":"Large Slime","floor":11,"turns":5},{"damage":18,"enemies":"Gremlin Nob","floor":12,"turns":4},{"damage":5,"enemies":"Red Slaver","floor":15,"turns":1},{"damage":28,"enemies":"DF_ARCHETYPE_STREAMLINE","floor":16,"turns":3}],"seed_played":"5485287296529107364","potions_obtained":[{"floor":3,"key":"champ:CounterPotion"},{"floor":8,"key":"GamblersBrew"},{"floor":9,"key":"ColorlessPotion"},{"floor":12,"key":"sneckomod:MuddlingPotion"},{"floor":15,"key":"FearPotion"}],"is_trial":false,"path_per_floor":["R","M","M","$","?","M","T","M","E","?","M","E","R","?","M","B"],"character_chosen":"THE_CHAMP","items_purchased":[],"campfire_rested":1,"item_purchase_floors":[],"current_hp_per_floor":[81,60,56,51,51,50,50,46,37,37,19,1,25,25,20,0,0,0],"gold":165,"neow_bonus":"RANDOM_COLORLESS_2","is_daily":false,"chose_seed":false,"campfire_upgraded":1,"win_rate":0.0,"timestamp":1614017649,"path_taken":["R","M","M","$","?","?","T","M","E","?","M","E","R","?","M","BOSS"],"items_purchased_type":[],"build_version":"2020-12-22","purchased_purges":1,"victory":false,"max_hp_per_floor":[81,81,81,81,81,81,81,81,81,81,81,81,81,81,81,81,81,81],"card_choices":[{"not_picked":["Mayhem","Panache"],"picked":"ReplayTheSpireMod:Brewmster","floor":0},{"not_picked":["champ:Backstep","champ:PreciseThrust"],"picked":"champ:StanceDance","floor":2},{"not_picked":["champ:PerfectedStrike","champ:GutPunch"],"picked":"champ:PreciseThrust","floor":3},{"not_picked":["champ:FocusedDefense","champ:BladeFlurry"],"picked":"champ:AdrenalArmor","floor":4},{"not_picked":["champ:PreemptiveStrike","champ:PreciseThrust"],"picked":"champ:StanceDance","floor":6},{"not_picked":["champ:DeathBlow","champ:Circumvent","champ:ShieldSlam"],"picked":"SKIP","floor":8},{"not_picked":["champ:Encircle","champ:Devastate"],"picked":"champ:RapidStrikes","floor":9},{"not_picked":["champ:DefensiveStyle","champ:SwordSigil"],"picked":"champ:FlashCut","floor":11},{"not_picked":["champ:Encircle+1","champ:Shatter+1"],"picked":"champ:PerfectedStrike+1","floor":12},{"not_picked":["champ:DeathBlow+1","champ:DefensiveStyle"],"picked":"champ:BringItOn","floor":15}],"player_experience":249692,"relics_obtained":[{"floor":7,"key":"Replay:Wax Seal"},{"floor":9,"key":"Onion Ring"},{"floor":10,"key":"ReplayTheSpireMod:Ring of Exchange"},{"floor":10,"key":"Ring of Fury"},{"floor":12,"key":"Molten Egg 2"}],"event_choices":[{"damage_healed":0,"gold_gain":0,"player_choice":"Rummage","damage_taken":0,"relics_obtained":["WarpedTongs"],"max_hp_gain":0,"max_hp_loss":0,"event_name":"Accursed Blacksmith","floor":5,"gold_loss":0,"cards_obtained":["Pain"]}],"is_beta":false,"boss_relics":[],"items_purged_floors":[4],"is_endless":false,"potions_floor_spawned":[3,8,9,12,15],"killed_by":"DF_ARCHETYPE_STREAMLINE","ascension_level":4}}