{"host":"y4fuci1jk2rsxnep","time":1614022711,"event":{"mods":["AchievementEnabler","BaseMod","Colored Powertips","Custom Start","Defuse TimeMaze Blight","Dio Mod","Downfall","Hermit","Hero for Fun","Hubris","Hunter ??","Infinite Spire","Minty Spire (QoL Compilation)","Quick Restart","Reliquary","Remove Card Discount Mod","Replay The Spire","StSLib","The Blackbeard","The Bug Knight","The Mystic","The Runesmith"],"gold_per_floor":[115,126,126,143,161,161,161],"floor_reached":6,"language":"ENG","playtime":297,"items_purged":[],"score":46,"play_id":"0cfd9331-f0ed-484a-aa5e-5952d952cb20","local_time":"20210222203831","is_ascension_mode":true,"campfire_choices":[],"circlet_count":0,"master_deck":["hermit:Strike_Hermit","hermit:Strike_Hermit","hermit:Strike_Hermit","hermit:Strike_Hermit","hermit:Defend_Hermit","hermit:Defend_Hermit","hermit:Defend_Hermit","hermit:Defend_Hermit","hermit:Snapshot","hermit:Covet","hermit:HighCaliber","hermit:Midnight","hermit:HoleUp","hermit:HoleUp"],"relics":["hermit:Momento","Bird Faced Urn","Lantern"],"acts_visited":["Exordium"],"potions_floor_usage":[],"damage_taken":[{"damage":0,"enemies":"Small Slimes","floor":1,"turns":2},{"damage":0,"enemies":"2 Louse","floor":2,"turns":3},{"damage":1,"enemies":"Cultist","floor":4,"turns":3},{"damage":0,"enemies":"3 Louse","floor":5,"turns":3},{"damage":53,"enemies":"Gremlin Nob","floor":6,"turns":5}],"seed_played":"-2610675947593380677","potions_obtained":[{"floor":1,"key":"Dexterity Potion"},{"floor":2,"key":"SpeedPotion"},{"floor":5,"key":"Elixir"}],"is_trial":false,"path_per_floor":["M","M","?","M","M","E"],"character_chosen":"HERMIT","items_purchased":[],"campfire_rested":0,"item_purchase_floors":[],"current_hp_per_floor":[54,54,54,53,53,0,0],"gold":161,"neow_bonus":"ONE_RARE_RELIC","is_daily":false,"chose_seed":false,"campfire_upgraded":0,"win_rate":0.0,"timestamp":1614022711,"path_taken":["M","M","?","M","M","E"],"items_purchased_type":[],"build_version":"2020-12-22","purchased_purges":0,"victory":false,"max_hp_per_floor":[75,75,75,75,75,75,75],"card_choices":[{"not_picked":["hermit:ItchyTrigger","hermit:Headshot"],"picked":"hermit:HighCaliber","floor":1},{"not_picked":["hermit:Quickdraw","hermit:Dive"],"picked":"hermit:Midnight","floor":2},{"not_picked":["hermit:Quickdraw","hermit:Grudge"],"picked":"hermit:HoleUp","floor":4},{"not_picked":["hermit:LuckOfTheDraw","hermit:Feint"],"picked":"hermit:HoleUp","floor":5}],"player_experience":690693,"relics_obtained":[{"floor":3,"key":"Lantern"}],"event_choices":[],"is_beta":false,"boss_relics":[],"items_purged_floors":[],"is_endless":false,"potions_floor_spawned":[1,2,5],"killed_by":"Gremlin Nob","ascension_level":4}}