{"host":"dq2d9inx7yjdstkp","time":1614011988,"event":{"mods":["AchievementEnabler","BaseMod","Colored Map","DeckTracker","Minty Spire (QoL Compilation)","Permanent Neow","Quick Restart","StSLib"],"gold_per_floor":[110,136,149,159,172,197,197,197,197,230,230,230,245,286,286,415,478,502,521,521,521,521],"floor_reached":21,"language":"KOR","playtime":748,"items_purged":[],"score":224,"play_id":"4df92ce3-a39a-4a0f-a000-bc1b415e27ef","local_time":"20210223013948","is_ascension_mode":false,"campfire_choices":[{"data":"Heavy Blade","floor":7,"key":"SMITH"},{"floor":11,"key":"REST"},{"data":"Spot Weakness","floor":15,"key":"SMITH"}],"circlet_count":0,"master_deck":["Strike_R","Strike_R","Strike_R","Defend_R","Defend_R","Defend_R+1","Bash","Twin Strike","Flex","Rampage","Heavy Blade+1","Clash","Clash","Spot Weakness+1","Bloodletting+1","Burning Pact","Heavy Blade","Disarm+1","Reaper","Warcry+1","Heavy Blade","Writhe"],"relics":["Burning Blood","Bronze Scales","Question Card","Golden Idol","Ornamental Fan","Meat on the Bone","Centennial Puzzle","Tiny House","War Paint"],"acts_visited":["Exordium","TheCity"],"potions_floor_usage":[],"damage_taken":[{"damage":0,"enemies":"Cultist","floor":1,"turns":2},{"damage":0,"enemies":"Small Slimes","floor":3,"turns":2},{"damage":2,"enemies":"2 Louse","floor":4,"turns":2},{"damage":11,"enemies":"Exordium Thugs","floor":5,"turns":4},{"damage":18,"enemies":"Lagavulin","floor":6,"turns":4},{"damage":14,"enemies":"Gremlin Nob","floor":10,"turns":3},{"damage":0,"enemies":"Large Slime","floor":13,"turns":5},{"damage":3,"enemies":"Lagavulin","floor":14,"turns":4},{"damage":6,"enemies":"Slime Boss","floor":16,"turns":7},{"damage":0,"enemies":"Spheric Guardian","floor":18,"turns":3},{"damage":28,"enemies":"2 Thieves","floor":19,"turns":3},{"damage":0,"enemies":"Centurion and Healer","floor":21,"turns":1}],"seed_played":"7993271783729971764","potions_obtained":[{"floor":1,"key":"Block Potion"},{"floor":4,"key":"GamblersBrew"},{"floor":13,"key":"SmokeBomb"},{"floor":17,"key":"HeartOfIron"},{"floor":19,"key":"Strength Potion"}],"is_trial":false,"path_per_floor":["M","T","M","M","M","E","R","?","T","E","R","?","M","E","R","B",null,"M","M","?","M"],"character_chosen":"IRONCLAD","items_purchased":[],"campfire_rested":1,"item_purchase_floors":[],"current_hp_per_floor":[62,62,68,72,67,55,55,35,35,27,51,51,57,60,60,60,85,85,63,63,63,63],"gold":521,"neow_bonus":"TRANSFORM_TWO_CARDS","is_daily":false,"chose_seed":false,"campfire_upgraded":2,"win_rate":0.0,"timestamp":1614011988,"path_taken":["M","?","?","M","M","E","R","?","T","E","R","?","?","E","R","BOSS","M","M","?","M"],"items_purchased_type":[],"build_version":"2020-12-22","purchased_purges":0,"victory":false,"max_hp_per_floor":[80,80,80,80,80,80,80,80,80,80,80,80,80,80,80,80,85,85,85,85,85,85],"card_choices":[{"not_picked":["Hemokinesis","Body Slam"],"picked":"Rampage","floor":1},{"not_picked":["Sword Boomerang","True Grit"],"picked":"Heavy Blade","floor":3},{"not_picked":["Blood for Blood","Warcry"],"picked":"Clash","floor":4},{"not_picked":["Searing Blow","Flex"],"picked":"Clash","floor":5},{"not_picked":["Dropkick","Headbutt"],"picked":"Spot Weakness","floor":6},{"not_picked":["Thunderclap","Shrug It Off","Bludgeon"],"picked":"Bloodletting","floor":10},{"not_picked":["Armaments","Body Slam","Sword Boomerang"],"picked":"Heavy Blade","floor":13},{"not_picked":["Hemokinesis","Pommel Strike","Juggernaut"],"picked":"Disarm","floor":14},{"not_picked":["Demon Form","Barricade","Offering"],"picked":"Reaper","floor":16},{"not_picked":["Anger+1","True Grit","Thunderclap"],"picked":"Warcry+1","floor":18},{"not_picked":["Clash+1","Cleave+1","Flame Barrier"],"picked":"Heavy Blade","floor":19}],"player_experience":3603,"relics_obtained":[{"floor":2,"key":"Bronze Scales"},{"floor":6,"key":"Question Card"},{"floor":9,"key":"Ornamental Fan"},{"floor":10,"key":"Meat on the Bone"},{"floor":14,"key":"Centennial Puzzle"}],"event_choices":[{"damage_healed":0,"gold_gain":0,"player_choice":"Take Damage","damage_taken":20,"relics_obtained":["Golden Idol"],"max_hp_gain":0,"max_hp_loss":0,"event_name":"Golden Idol","floor":8,"gold_loss":0},{"damage_healed":0,"gold_gain":0,"cards_transformed":["Strike_R"],"player_choice":"Transformed","damage_taken":0,"max_hp_gain":0,"max_hp_loss":0,"event_name":"Transmorgrifier","floor":12,"gold_loss":0,"cards_obtained":["Burning Pact"]},{"damage_healed":0,"gold_gain":0,"player_choice":"Opened","damage_taken":0,"relics_obtained":["War Paint"],"max_hp_gain":0,"max_hp_loss":0,"event_name":"The Mausoleum","floor":20,"gold_loss":0,"cards_obtained":["Writhe"]}],"is_beta":false,"boss_relics":[{"not_picked":["Runic Dome","SacredBark"],"picked":"Tiny House"}],"items_purged_floors":[],"is_endless":false,"potions_floor_spawned":[1,4,13,16,19],"killed_by":"Centurion and Healer","ascension_level":0}}