{"host":"s7jyoiekpotq35vv","time":1614009114,"event":{"mods":["BaseMod","Colored Map","Highlight Path","Minty Spire (QoL Compilation)"],"gold_per_floor":[217,217,232,232,307,307,307,327,354,388,407,427,468,488,488,611,611,636,649,133,148,148,148,189,209,209,252,177,191,8,48,48,178,178,199,199,199,199,46,90,90,105,105,130,463,463,476,506,506,506,506],"floor_reached":50,"language":"ENG","playtime":2527,"items_purged":["Strike_R"],"score":770,"play_id":"c45941c0-edc7-41f0-9fbd-9bcbe144345a","local_time":"20210222165154","is_ascension_mode":false,"campfire_choices":[{"data":"Bash","floor":7,"key":"SMITH"},{"data":"Clothesline","floor":15,"key":"SMITH"},{"data":"Carnage","floor":23,"key":"SMITH"},{"data":"Demon Form","floor":32,"key":"SMITH"},{"data":"Metallicize","floor":41,"key":"SMITH"},{"data":"Evolve","floor":49,"key":"SMITH"}],"circlet_count":0,"master_deck":["Strike_R+1","Strike_R+1","Strike_R+1","Strike_R+1","Defend_R+1","Defend_R+1","Defend_R+1","Bash+1","Sever Soul","Ghostly Armor","Carnage+1","Metallicize+1","Clothesline+1","Shrug It Off","Shrug It Off","Demon Form+1","Cleave+1","Ghostly Armor","Pummel","Inflame","Evolve+1","Impervious","Body Slam+1","Hemokinesis","Shrug It Off","Exhume","Anger+1","Immolate+1","Heavy Blade+1","Twin Strike+1","Parasite","Writhe","Disarm+1"],"relics":["Burning Blood","Blood Vial","MealTicket","Meat on the Bone","Coffee Dripper","Tiny Chest","Kunai","Bottled Flame","Juzu Bracelet","Red Skull","PreservedInsect","Bag of Preparation","SlaversCollar","Molten Egg 2","Sundial","Darkstone Periapt"],"acts_visited":["Exordium","TheCity","TheBeyond"],"potions_floor_usage":[10,12,16,19,24,25,27,47,48,50],"damage_taken":[{"damage":5,"enemies":"Jaw Worm","floor":1,"turns":4},{"damage":4,"enemies":"2 Louse","floor":3,"turns":4},{"damage":0,"enemies":"Small Slimes","floor":8,"turns":3},{"damage":28,"enemies":"Gremlin Nob","floor":10,"turns":5},{"damage":14,"enemies":"Exordium Thugs","floor":11,"turns":6},{"damage":10,"enemies":"2 Fungi Beasts","floor":12,"turns":4},{"damage":14,"enemies":"3 Sentries","floor":13,"turns":9},{"damage":16,"enemies":"3 Louse","floor":14,"turns":3},{"damage":17,"enemies":"Slime Boss","floor":16,"turns":10},{"damage":9,"enemies":"Shell Parasite","floor":18,"turns":6},{"damage":12,"enemies":"3 Byrds","floor":19,"turns":5},{"damage":29,"enemies":"Sentry and Sphere","floor":21,"turns":6},{"damage":10,"enemies":"Book of Stabbing","floor":24,"turns":5},{"damage":0,"enemies":"Snecko","floor":25,"turns":4},{"damage":17,"enemies":"Slavers","floor":27,"turns":5},{"damage":14,"enemies":"Cultist and Chosen","floor":29,"turns":8},{"damage":4,"enemies":"Book of Stabbing","floor":31,"turns":4},{"damage":27,"enemies":"Automaton","floor":33,"turns":8},{"damage":22,"enemies":"3 Darklings","floor":35,"turns":6},{"damage":14,"enemies":"Reptomancer","floor":40,"turns":4},{"damage":20,"enemies":"Orb Walker","floor":42,"turns":3},{"damage":13,"enemies":"Writhing Mass","floor":44,"turns":8},{"damage":26,"enemies":"Sphere and 2 Shapes","floor":47,"turns":4},{"damage":0,"enemies":"Giant Head","floor":48,"turns":5},{"damage":67,"enemies":"Time Eater","floor":50,"turns":10}],"seed_played":"716322710296658149","potions_obtained":[{"floor":1,"key":"SpeedPotion"},{"floor":3,"key":"SteroidPotion"},{"floor":10,"key":"Weak Potion"},{"floor":11,"key":"BloodPotion"},{"floor":14,"key":"Dexterity Potion"},{"floor":18,"key":"PowerPotion"},{"floor":24,"key":"Fruit Juice"},{"floor":25,"key":"DuplicationPotion"},{"floor":33,"key":"Explosive Potion"},{"floor":40,"key":"AttackPotion"},{"floor":42,"key":"GamblersBrew"}],"is_trial":false,"path_per_floor":["M","?","M","?","?","?","R","M","T","E","M","M","E","M","R","B",null,"M","M","$","M","?","R","E","M","T","E","?","M","$","E","R","B",null,"M","?","T","?","$","E","R","M","T","M","?","?","M","E","R","B"],"character_chosen":"IRONCLAD","items_purchased":["Pummel","Tiny Chest","Kunai","Hemokinesis","PreservedInsect","Immolate+1"],"campfire_rested":0,"item_purchase_floors":[20,20,20,30,30,39],"current_hp_per_floor":[80,74,74,59,59,59,59,65,65,45,39,37,31,35,35,52,74,71,67,74,51,51,51,49,62,62,53,53,47,62,66,66,47,79,63,63,63,63,78,71,71,59,59,54,54,74,56,64,64,0,0],"gold":506,"neow_bonus":"HUNDRED_GOLD","is_daily":false,"chose_seed":false,"campfire_upgraded":6,"win_rate":0.0,"timestamp":1614009114,"path_taken":["M","?","M","?","?","?","R","M","T","E","M","?","E","M","R","BOSS","M","M","$","M","?","R","E","M","T","E","?","M","$","E","R","BOSS","M","?","?","?","$","E","R","M","T","M","?","?","M","E","R","BOSS"],"items_purchased_type":["Card","Relic","Relic","Card","Relic","Card"],"build_version":"2020-12-22","purchased_purges":1,"victory":false,"max_hp_per_floor":[80,74,74,74,74,74,74,74,74,74,74,74,74,74,74,74,74,74,74,74,74,74,74,74,79,79,79,79,79,79,79,79,79,79,79,79,79,79,79,79,79,79,79,79,79,79,79,79,79,79,79],"card_choices":[{"not_picked":["Bloodletting","Thunderclap"],"picked":"Sever Soul","floor":1},{"not_picked":["Twin Strike","Rage"],"picked":"Ghostly Armor","floor":3},{"not_picked":["Twin Strike","Body Slam"],"picked":"Carnage","floor":8},{"not_picked":["Heavy Blade","Sword Boomerang"],"picked":"Metallicize","floor":10},{"not_picked":["Iron Wave","Heavy Blade"],"picked":"Clothesline","floor":11},{"not_picked":["Body Slam","Flex"],"picked":"Shrug It Off","floor":12},{"not_picked":["Clash","Body Slam"],"picked":"Reckless Charge","floor":13},{"not_picked":["Havoc","Warcry"],"picked":"Shrug It Off","floor":14},{"not_picked":["Berserk","Limit Break"],"picked":"Demon Form","floor":16},{"not_picked":["Rupture","Clothesline+1"],"picked":"Cleave+1","floor":18},{"not_picked":["Cleave+1","Pommel Strike"],"picked":"Ghostly Armor","floor":19},{"not_picked":["True Grit","Clothesline","Rage"],"picked":"SKIP","floor":21},{"not_picked":["Clash","Cleave"],"picked":"Inflame","floor":24},{"not_picked":["Juggernaut","Thunderclap"],"picked":"Evolve","floor":25},{"not_picked":["Clothesline","Pommel Strike+1"],"picked":"Impervious","floor":27},{"not_picked":["Cleave","Power Through"],"picked":"Body Slam+1","floor":29},{"not_picked":["Clothesline","Iron Wave"],"picked":"Shrug It Off","floor":31},{"not_picked":["Barricade","Feed"],"picked":"Exhume","floor":33},{"not_picked":["Clothesline","Power Through"],"picked":"Anger+1","floor":35},{"not_picked":["Sever Soul+1","Impervious"],"picked":"Heavy Blade+1","floor":40},{"not_picked":["Anger+1","Iron Wave+1"],"picked":"Twin Strike+1","floor":42},{"not_picked":["Shrug It Off","Flex","Combust"],"picked":"SKIP","floor":44},{"not_picked":["Clash+1","Clothesline+1","Shrug It Off"],"picked":"SKIP","floor":47},{"not_picked":["Uppercut+1","Impervious"],"picked":"Disarm+1","floor":48}],"player_experience":156153,"relics_obtained":[{"floor":9,"key":"Blood Vial"},{"floor":10,"key":"MealTicket"},{"floor":13,"key":"Meat on the Bone"},{"floor":24,"key":"Bottled Flame"},{"floor":26,"key":"Juzu Bracelet"},{"floor":27,"key":"Red Skull"},{"floor":31,"key":"Bag of Preparation"},{"floor":37,"key":"Molten Egg 2"},{"floor":40,"key":"Sundial"},{"floor":48,"key":"Darkstone Periapt"}],"event_choices":[{"damage_healed":0,"gold_gain":0,"player_choice":"Lose Max HP","damage_taken":0,"relics_obtained":["Golden Idol"],"max_hp_gain":0,"max_hp_loss":6,"event_name":"Golden Idol","floor":2,"gold_loss":0},{"damage_healed":0,"gold_gain":0,"player_choice":"Entered Light","damage_taken":15,"max_hp_gain":0,"max_hp_loss":0,"event_name":"Shining Light","floor":4,"gold_loss":0,"cards_upgraded":["Strike_R","Defend_R"]},{"damage_healed":0,"gold_gain":75,"player_choice":"Gained Gold","damage_taken":0,"max_hp_gain":0,"max_hp_loss":0,"event_name":"Golden Wing","floor":5,"gold_loss":0},{"damage_healed":0,"gold_gain":0,"player_choice":"Bought 0 Potions","damage_taken":0,"max_hp_gain":0,"max_hp_loss":0,"event_name":"The Woman in Blue","floor":6,"gold_loss":0},{"damage_healed":0,"gold_gain":0,"player_choice":"Simplicity","damage_taken":0,"max_hp_gain":0,"max_hp_loss":0,"event_name":"Back to Basics","floor":22,"gold_loss":0,"cards_upgraded":["Strike_R","Strike_R","Strike_R","Defend_R","Defend_R","Defend_R"]},{"cards_removed":["Reckless Charge"],"damage_healed":0,"gold_gain":0,"player_choice":"Gave Gold","damage_taken":0,"max_hp_gain":0,"max_hp_loss":0,"event_name":"Beggar","floor":28,"gold_loss":75},{"cards_removed":["Defend_R"],"damage_healed":0,"gold_gain":0,"player_choice":"Removed Skill","damage_taken":0,"max_hp_gain":0,"max_hp_loss":0,"event_name":"Falling","floor":36,"gold_loss":0},{"damage_healed":0,"gold_gain":0,"player_choice":"Ignored","damage_taken":0,"max_hp_gain":0,"max_hp_loss":0,"event_name":"Tomb of Lord Red Mask","floor":38,"gold_loss":0},{"damage_healed":0,"gold_gain":333,"player_choice":"Gave Idol","damage_taken":0,"max_hp_gain":0,"max_hp_loss":0,"event_name":"The Moai Head","floor":45,"relics_lost":["Golden Idol"],"gold_loss":0},{"damage_healed":20,"gold_gain":0,"player_choice":"Writhe","damage_taken":0,"max_hp_gain":0,"max_hp_loss":0,"event_name":"Winding Halls","floor":46,"gold_loss":0,"cards_obtained":["Writhe"]}],"is_beta":false,"boss_relics":[{"not_picked":["Runic Dome","Calling Bell"],"picked":"Coffee Dripper"},{"not_picked":["Runic Pyramid","Velvet Choker"],"picked":"SlaversCollar"}],"items_purged_floors":[20],"is_endless":false,"potions_floor_spawned":[1,3,10,11,14,18,24,25,33,40,42,44],"killed_by":"Time Eater","ascension_level":0}}