{"host":"dwyzfvnzfcqffr30","time":1614026806,"event":{"mods":["2.2 Compatiblity","Act Like it!","Aspiration","BaseMod","Beaked The Cultist","Better Altar","Better Match","Better Note","Better Sensory Stone","Better Skull","Better Third Choice","Clockwork Mod","Colored Map","Colored Powertips","Conspire","Downfall","Elementarium","GifTheSpireLib","Halation","Hermit","Hubris","Infinite Spire","Ironclad Rager","Jedi Mod","Menagerie","Mimic Mod","Minty Spire (QoL Compilation)","Permanent Neow","Random Character Button","Relic Filter Mod","Reliquary","Replay The Spire","Shapeshifter Mod","Spicy Shops","Spikes Relics","StSLib","Stuff the Spire","The Construct","The Disciple","The Druid","The Marked","TheFirefly","Trackpad","Wandering Minibosses"],"gold_per_floor":[124,152,178,52,52,88,88,123,196,239,267,300,300,300,300,415,415,461,461,461,511,563,724,783,934,934,1006,1006,1088,1169,146,146,257,257,287,287,587,587,642,784,953,977,977,1165,1165,1257,1349,35,35,35,35,35,35,177,177],"floor_reached":56,"language":"ENG","playtime":20574,"items_purged":["StSShapeShifter:ShapeShifter_Strike+1","StSShapeShifter:ShapeShifter_Defend+1","StSShapeShifter:Vengeance+1","StSShapeShifter:Garden+1","StSShapeShifter:ShapeShifter_Defend+1"],"score":1479,"play_id":"8894d1bf-2fb5-42e0-bbd0-16b021522822","local_time":"20210222124646","is_ascension_mode":true,"campfire_choices":[{"floor":7,"key":"RECALL"},{"floor":15,"key":"REST"},{"data":"StSShapeShifter:BurstingSpore+1","floor":45,"key":"SMITH"},{"data":"StSShapeShifter:BarkSkin+1","floor":49,"key":"SMITH"},{"data":"StSShapeShifter:BurstingSpore+2","floor":52,"key":"SMITH"}],"circlet_count":0,"master_deck":["champ:GladiatorStyle+3","StSShapeShifter:ShapeShifter_Strike+1","StSShapeShifter:ShapeShifter_Strike+1","StSShapeShifter:ShapeShifter_Defend+1","StSShapeShifter:ShapeShifter_Defend+1","MasterReality+1","Apotheosis+1","StSShapeShifter:ThrashAbout+1","StSShapeShifter:BurstingSpore+3","StSShapeShifter:BladeOfGrass+1","StSShapeShifter:VineHandcuffs+1","StSShapeShifter:BarkSkin+2","StSShapeShifter:FruitBasket+1","StSShapeShifter:WolfsBane+1","StSShapeShifter:RockSlide+1","StSShapeShifter:Efflorescence+1","StSShapeShifter:ReplenishingNectar+1","StSShapeShifter:Garden+1","StSShapeShifter:Sap_Burst+1","StSShapeShifter:BaskInBloom+1","StSShapeShifter:EmbraceTheCycle+1","StSShapeShifter:BaskInBloom+1"],"relics":["StSShapeShifter:AnimalHeart","StSShapeShifter:TheShapeShiftersMagnolia","Bottled Tornado","hubris:TinFlute","halation:Prosthetics","SacredBark","conspire:InfiniteJournal","infinitespire:EvilPickle","Quantum Egg","Molten Egg 2","Toxic Egg 2","Frozen Egg 2","Oddly Smooth Stone","conspire:TopHat","aspiration:FetidBarrel","The Courier","Empty Cage","StuffTheSpire:TintedRock","jedi:heavyjacket","Pantograph","aspiration:ArtOfWarUpgrade","FossilizedHelix","Replay:Wax Seal","Oddly Smooth Stone","Chemical X","reliquary:Knoch","Chameleon Ring","trackpad:SappingStone","Ring of Chaos","Old Coin","sneckomod:SneckoTalon","hubris:Icosahedron","aspiration:SeaSaltIceCream","halation:LettersToHer","StSShapeShifter:Fertilizer","aspiration:VileToxins","trackpad:RapidFire","infinitespire:Lucky Rock","BargainBundle","StuffTheSpire:SapphireSignet","Singing Bowl","reliquary:SilkGlove","Replay:Kaleidoscope","ReplayFunnel","hubris:SphereOfDissonance","hubris:MobiusCoin"],"acts_visited":["Menagerie:Menagerie","TheCity","TheBeyond","TheEnding"],"potions_floor_usage":[10,12,16,25,29,40,44,50,50,55],"damage_taken":[{"damage":0,"enemies":"Menagerie:StygianBoar","floor":1,"turns":3},{"damage":0,"enemies":"Menagerie:MonstrousExperiment","floor":2,"turns":4},{"damage":3,"enemies":"Menagerie:WhisperingWraith","floor":3,"turns":4},{"damage":0,"enemies":"Menagerie:Hydra","floor":6,"turns":4},{"damage":5,"enemies":"Menagerie:VoidReaper","floor":8,"turns":5},{"damage":11,"enemies":"Menagerie:MaskedSummoner","floor":10,"turns":5},{"damage":0,"enemies":"Menagerie:BEAST_MAGE_AND_PROWLING_AMALGAM","floor":11,"turns":3},{"damage":0,"enemies":"Menagerie:3_RABBITS","floor":12,"turns":2},{"damage":0,"enemies":"Menagerie:Chimera","floor":16,"turns":6},{"damage":5,"enemies":"Spheric Guardian","floor":18,"turns":6},{"damage":0,"enemies":"Shell Parasite","floor":21,"turns":4},{"damage":0,"enemies":"Centurion and Healer","floor":22,"turns":6},{"damage":2,"enemies":"Book of Stabbing","floor":23,"turns":6},{"damage":0,"enemies":"Cultist and Chosen","floor":24,"turns":4},{"damage":6,"enemies":"Gremlin Leader","floor":25,"turns":4},{"damage":1,"enemies":"Snake Plant","floor":27,"turns":4},{"damage":0,"enemies":"3 Cultists","floor":29,"turns":4},{"damage":0,"enemies":"Shelled Parasite and Fungi","floor":30,"turns":5},{"damage":0,"enemies":"Collector","floor":33,"turns":6},{"damage":13,"enemies":"Orb Walker","floor":35,"turns":6},{"damage":0,"enemies":"3 Shapes","floor":39,"turns":5},{"damage":0,"enemies":"Reptomancer","floor":40,"turns":7},{"damage":0,"enemies":"Maw","floor":41,"turns":5},{"damage":0,"enemies":"3 Darklings","floor":42,"turns":2},{"damage":0,"enemies":"Giant Head","floor":44,"turns":5},{"damage":0,"enemies":"Jaw Worm Horde","floor":46,"turns":2},{"damage":0,"enemies":"Sphere and 2 Shapes","floor":47,"turns":6},{"damage":0,"enemies":"Replay:Hell Engine","floor":50,"turns":6},{"damage":2,"enemies":"Shield and Spear","floor":54,"turns":5},{"damage":29,"enemies":"The Heart","floor":55,"turns":7}],"seed_played":"-6839533959210900471","potions_obtained":[{"floor":3,"key":"Elixir"},{"floor":8,"key":"ColorlessPotion"},{"floor":10,"key":"jedi:StrikingPotion"},{"floor":11,"key":"Explosive Potion"},{"floor":23,"key":"Dexterity Potion"},{"floor":25,"key":"SpeedPotion"},{"floor":33,"key":"jedi:StrikingPotion"},{"floor":41,"key":"FearPotion"},{"floor":44,"key":"Milkshake"},{"floor":46,"key":"PowerPotion"},{"floor":54,"key":"Explosive Potion"}],"is_trial":false,"path_per_floor":["M","M","M","$","?","E","R","E","T","E","M","M","?","?","R","B",null,"M","AVR","?","M","M","E","M","E","T","M","R","M","M","$","R","B",null,"M","?","AVR","?","M","E","M","M","T","E","R","M","M","$","R","B",null,"R","$","E","B",null],"character_chosen":"SHAPESHIFTER","items_purchased":["StSShapeShifter:BladeOfGrass+1","StSShapeShifter:Vengeance+1","Replay:Wax Seal","reliquary:SculptingSteel","StSShapeShifter:Garden+1","Chemical X","reliquary:Knoch","Chameleon Ring","trackpad:SappingStone","trackpad:RapidFire","infinitespire:Lucky Rock","BargainBundle","StuffTheSpire:SapphireSignet","Singing Bowl","reliquary:SilkGlove","StSShapeShifter:EmbraceTheCycle+1","StSShapeShifter:BaskInBloom+1","Replay:Kaleidoscope","ReplayFunnel","hubris:SphereOfDissonance"],"campfire_rested":1,"item_purchase_floors":[4,31,31,31,31,31,31,31,31,48,48,48,48,48,48,48,48,48,48,48],"current_hp_per_floor":[43,43,40,40,31,31,31,26,26,15,15,15,15,15,27,27,43,38,38,38,38,41,42,43,40,40,39,39,42,43,43,43,43,43,36,36,36,36,43,43,43,43,43,43,43,43,43,43,43,43,43,43,43,45,24],"gold":177,"neow_bonus":"ONE_RANDOM_RARE_CARD","is_daily":false,"chose_seed":false,"campfire_upgraded":3,"win_rate":0.0,"timestamp":1614026806,"path_taken":["M","M","M","$","?","E","R","E","T","E","?","M","?","?","R","BOSS","M","AVR","?","M","M","E","M","E","T","?","R","M","M","$","R","BOSS","M","?","AVR","?","M","E","M","M","T","E","R","M","M","$","R","BOSS","R","$","E","BOSS"],"items_purchased_type":["Card","Card","Relic","Relic","Card","Relic","Relic","Relic","Relic","Relic","Relic","Relic","Relic","Relic","Relic","Card","Card","Relic","Relic","Relic"],"build_version":"2020-12-22","purchased_purges":5,"victory":true,"max_hp_per_floor":[43,43,43,43,43,43,43,43,43,43,43,43,43,43,43,43,43,43,43,43,43,43,43,43,43,43,43,43,43,43,43,43,43,43,43,43,43,43,43,43,43,43,43,43,43,43,43,43,43,43,43,43,43,45,45],"card_choices":[{"not_picked":["StSShapeShifter:SunflowerShuriken+1","StSShapeShifter:Guard+1","StSShapeShifter:TopazSkin+1"],"picked":"SKIP","floor":1},{"not_picked":["StSShapeShifter:OpportuneSwoop+1","StSShapeShifter:MagicMushrooms+1"],"picked":"StSShapeShifter:ThrashAbout+1","floor":2},{"not_picked":["StSShapeShifter:FesteringBite+1","StSShapeShifter:ThornedSkin+1"],"picked":"StSShapeShifter:BurstingSpore+1","floor":3},{"not_picked":["StSShapeShifter:ThornToss+1","StSShapeShifter:BurrBomb+1"],"picked":"StSShapeShifter:VineHandcuffs+1","floor":6},{"not_picked":["StSShapeShifter:Rest+1","StSShapeShifter:DiverseSpirit+1"],"picked":"StSShapeShifter:BarkSkin+1","floor":8},{"not_picked":["StSShapeShifter:MultiSpiritedStrike+1","StSShapeShifter:EagleForm+1"],"picked":"StSShapeShifter:FruitBasket+1","floor":10},{"not_picked":["StSShapeShifter:CosmicShifter+1","StSShapeShifter:BarkSkin+1","StSShapeShifter:Bonk+1"],"picked":"SKIP","floor":11},{"not_picked":["StSShapeShifter:VineHandcuffs+1","StSShapeShifter:CosmicShifter+1","StSShapeShifter:BearForm+1"],"picked":"SKIP","floor":12},{"not_picked":["StSShapeShifter:MammothForm+1","StSShapeShifter:BurrBomb+1"],"picked":"StSShapeShifter:WolfsBane+1","floor":16},{"not_picked":["StSShapeShifter:VineHandcuffs+1","StSShapeShifter:ThrashAbout+1","StSShapeShifter:FlamingoForm+1"],"picked":"SKIP","floor":18},{"not_picked":["StSShapeShifter:PorcupineForm+1","StSShapeShifter:VineHandcuffs+1","StSShapeShifter:Sapling+1"],"picked":"SKIP","floor":21},{"not_picked":["StSShapeShifter:WolfForm+1","StSShapeShifter:SquirrelForm+1","StSShapeShifter:CosmicShifter+1"],"picked":"SKIP","floor":22},{"not_picked":["StSShapeShifter:Evolution+1","StSShapeShifter:OwlForm+1","StSShapeShifter:RatForm+1"],"picked":"SKIP","floor":23},{"not_picked":["StSShapeShifter:OakBlade+1","StSShapeShifter:ReplenishingNectar+1"],"picked":"StSShapeShifter:RockSlide+1","floor":24},{"not_picked":["StSShapeShifter:Hunt+1","StSShapeShifter:HydraForm+1"],"picked":"StSShapeShifter:Efflorescence+1","floor":25},{"not_picked":["StSShapeShifter:Rest+1","StSShapeShifter:FoxForm+1","StSShapeShifter:MonkeyForm+1"],"picked":"SKIP","floor":27},{"not_picked":["StSShapeShifter:SquirrelForm+1","StSShapeShifter:OakBlade+1"],"picked":"StSShapeShifter:ReplenishingNectar+1","floor":29},{"not_picked":["StSShapeShifter:PoisonIvy+1","StSShapeShifter:Roar+1","StSShapeShifter:WaspSwarmForm+1"],"picked":"SKIP","floor":30},{"not_picked":["StSShapeShifter:RitualOfTheElders+1","StSShapeShifter:SkullBash+1"],"picked":"StSShapeShifter:Sap_Burst+1","floor":33},{"not_picked":["StSShapeShifter:HippoForm+1","StSShapeShifter:RockSlide+1","StSShapeShifter:ThornToss+1"],"picked":"SKIP","floor":35},{"not_picked":["StSShapeShifter:Sapling+1","StSShapeShifter:FallingLeaves+1","StSShapeShifter:BladeOfGrass+1"],"picked":"SKIP","floor":39},{"not_picked":["StSShapeShifter:Rest+1","StSShapeShifter:MultiSpiritedStrike+1","StSShapeShifter:ShiftingStrike+1"],"picked":"SKIP","floor":40},{"not_picked":["StSShapeShifter:Bonk+1","StSShapeShifter:OwlForm+1","StSShapeShifter:Autumn+1"],"picked":"SKIP","floor":41},{"not_picked":["StSShapeShifter:FesteringBite+1","StSShapeShifter:EagleForm+1"],"picked":"StSShapeShifter:BaskInBloom+1","floor":42},{"not_picked":["StSShapeShifter:MysticalSeed+1","StSShapeShifter:BurstingSpore+1","StSShapeShifter:MagicMushrooms+1"],"picked":"SKIP","floor":44},{"not_picked":["StSShapeShifter:BloomingSlash+1","StSShapeShifter:IntimidatingAura+1","StSShapeShifter:ShiftingStrike+1"],"picked":"SKIP","floor":46},{"not_picked":["StSShapeShifter:Guard+1","StSShapeShifter:BloomingSlash+1","StSShapeShifter:MysticalSeed+1"],"picked":"SKIP","floor":47},{"not_picked":["StSShapeShifter:GoldenBerries+1","StSShapeShifter:DeerForm+1","StSShapeShifter:Ensconce+1"],"picked":"Singing Bowl","floor":54}],"player_experience":3469977,"relics_obtained":[{"floor":6,"key":"conspire:TopHat"},{"floor":8,"key":"aspiration:FetidBarrel"},{"floor":10,"key":"The Courier"},{"floor":23,"key":"Pantograph"},{"floor":25,"key":"Art of War"},{"floor":26,"key":"FossilizedHelix"},{"floor":40,"key":"aspiration:SeaSaltIceCream"},{"floor":43,"key":"halation:LettersToHer"},{"floor":43,"key":"StSShapeShifter:Fertilizer"},{"floor":44,"key":"aspiration:VileToxins"},{"floor":54,"key":"hubris:MobiusCoin"}],"event_choices":[{"damage_healed":0,"gold_gain":0,"player_choice":"Simplicity","damage_taken":0,"max_hp_gain":0,"max_hp_loss":10,"event_name":"betterThird:BetterWriting","floor":0,"gold_loss":0},{"damage_healed":0,"gold_gain":0,"player_choice":"RE ","damage_taken":11,"relics_obtained":["Oddly Smooth Stone"],"max_hp_gain":0,"max_hp_loss":0,"event_name":"betterSkull:BetterSkull","floor":5,"gold_loss":0,"cards_upgraded":[]},{"cards_removed":["StSShapeShifter:ShapeShifter_Strike"],"damage_healed":0,"gold_gain":0,"player_choice":"Wisdom","damage_taken":0,"max_hp_gain":0,"max_hp_loss":0,"event_name":"Menagerie:CloudVision","floor":13,"gold_loss":0},{"damage_healed":0,"gold_gain":0,"player_choice":"Ignored","damage_taken":0,"max_hp_gain":0,"max_hp_loss":0,"event_name":"Menagerie:GrandMagusTower","floor":14,"gold_loss":0}],"is_beta":false,"boss_relics":[{"not_picked":["SlaversCollar","hubris:HollowSoul"],"picked":"Empty Cage"},{"not_picked":["Abe\u0027s Treasure","Velvet Choker"],"picked":"Ring of Chaos"}],"items_purged_floors":[4,19,31,37,48],"is_endless":false,"potions_floor_spawned":[3,8,10,11,18,23,25,33,35,41,44,46,54],"ascension_level":4}}