{"host":"t6r1isv2bex5ovch","time":1614035880,"event":{"mods":["AchievementEnabler","Act Like it!","Aspiration","BaseMod","Better Altar","Better Match","Better Note","Better Sensory Stone","Better Skull","Better Third Choice","Better Vampires","Bossed Relics","Colored Powertips","Displayed Cursed Tome","Evolution","Fox Events","Hubris","Minty Spire (QoL Compilation)","Reliquary","Ruina","StSLib"],"gold_per_floor":[115,95,115,40,56,81,81,115,115,129,29,29,39,49,49,49,49],"floor_reached":16,"language":"ENG","playtime":843,"items_purged":["Strike_G","Strike_G"],"score":129,"play_id":"b89dbee3-1bd2-494a-8a85-0605f45beb79","local_time":"20210223101800","is_ascension_mode":true,"campfire_choices":[{"floor":7,"key":"RECALL"},{"data":"Poisoned Stab","floor":12,"key":"SMITH"},{"data":"Neutralize","floor":15,"key":"SMITH"}],"circlet_count":0,"master_deck":["Dagger Spray","Dagger Spray","Dagger Spray","Defend_G","Defend_G","Defend_G","Defend_G","Defend_G","Survivor","Neutralize+1","Poisoned Stab+1"],"relics":["Ring of the Snake","EVO:Axolotl","aspiration:Nostalgia","PureWater","Happy Flower","reliquary:PrincelyHelmet"],"acts_visited":["Exordium"],"potions_floor_usage":[6,8,8,16],"damage_taken":[{"damage":0,"enemies":"Small Slimes","floor":1,"turns":2},{"damage":0,"enemies":"Cultist","floor":3,"turns":2},{"damage":0,"enemies":"2 Louse","floor":5,"turns":1},{"damage":28,"enemies":"Lagavulin","floor":6,"turns":4},{"damage":12,"enemies":"Gremlin Nob","floor":8,"turns":3},{"damage":0,"enemies":"Blue Slaver","floor":10,"turns":3},{"damage":0,"enemies":"3 Louse","floor":13,"turns":2},{"damage":0,"enemies":"Large Slime","floor":14,"turns":4},{"damage":35,"enemies":"Slime Boss","floor":16,"turns":8}],"seed_played":"8432998561273101772","potions_obtained":[{"floor":2,"key":"ColorlessPotion"},{"floor":5,"key":"Swift Potion"},{"floor":6,"key":"Poison Potion"},{"floor":14,"key":"Explosive Potion"}],"is_trial":false,"path_per_floor":["M","?","M","$","M","E","R","E","T","M","$","R","M","M","R","B"],"character_chosen":"THE_SILENT","items_purchased":[],"campfire_rested":0,"item_purchase_floors":[],"current_hp_per_floor":[70,70,70,70,70,42,42,30,30,30,30,30,30,30,30,0,0],"gold":49,"neow_bonus":"NOSTALGIA","is_daily":false,"chose_seed":false,"campfire_upgraded":2,"win_rate":0.0,"timestamp":1614035880,"path_taken":["M","?","M","$","M","E","R","E","T","M","$","R","M","?","R","BOSS"],"items_purchased_type":[],"build_version":"2020-12-22","purchased_purges":2,"victory":false,"max_hp_per_floor":[70,70,70,70,70,70,70,70,70,70,70,70,70,70,70,70,70],"card_choices":[{"not_picked":["Acrobatics","Sucker Punch"],"picked":"Poisoned Stab","floor":1},{"not_picked":["Distraction","Sucker Punch","hubris:TrickCloak"],"picked":"SKIP","floor":3},{"not_picked":["Distraction","Slice","Eviscerate"],"picked":"SKIP","floor":5},{"not_picked":["Backflip","aspiration:Lunge","Dagger Spray"],"picked":"SKIP","floor":6},{"not_picked":["Well Laid Plans","Flying Knee","Cloak And Dagger"],"picked":"SKIP","floor":8},{"not_picked":["Finisher","Well Laid Plans","Footwork"],"picked":"SKIP","floor":10},{"not_picked":["Flying Knee","hubris:Sniper","Leg Sweep"],"picked":"SKIP","floor":13},{"not_picked":["Prepared","Underhanded Strike","Tactician"],"picked":"SKIP","floor":14}],"player_experience":367677,"relics_obtained":[{"floor":6,"key":"Happy Flower"},{"floor":8,"key":"reliquary:PrincelyHelmet"}],"event_choices":[{"damage_healed":0,"gold_gain":0,"player_choice":"Bought 1 Potion","damage_taken":0,"max_hp_gain":0,"max_hp_loss":0,"event_name":"The Woman in Blue","floor":2,"gold_loss":0}],"is_beta":false,"boss_relics":[],"items_purged_floors":[4,11],"is_endless":false,"potions_floor_spawned":[5,6,14],"killed_by":"Slime Boss","ascension_level":3}}