{"host":"5xkp6lbjk85sl3i7","time":1614032482,"event":{"mods":["BaseMod","Better Match","Better Note","Colored Powertips","Curses Come First","Hermit","Highlight Path","Minty Spire (QoL Compilation)","Quick Restart","Replay The Spire","StSLib","The Cursed"],"gold_per_floor":[115,125,145,159,209,237,237,262,289,324,341,341,516,541,541,640,640,658,573,573,585,605,635,635,664,664,680,699,699,277,294,294,393,393,411,254,254,274,198,198,262,312,312,312,343,343,343,354,354,354],"floor_reached":51,"language":"ENG","playtime":5751,"items_purged":[],"score":838,"play_id":"07eaf337-f439-4a7c-9cf5-29af30191bc3","local_time":"20210222172122","is_ascension_mode":true,"campfire_choices":[{"floor":7,"key":"REST"},{"floor":12,"key":"REST"},{"data":"hermit:GoldenBullet","floor":15,"key":"SMITH"},{"data":"hermit:OverwhelmingPower","floor":24,"key":"SMITH"},{"floor":29,"key":"REST"},{"data":"hermit:Combo","floor":32,"key":"SMITH"},{"data":"hermit:Combo","floor":40,"key":"SMITH"},{"data":"1","floor":44,"key":"LIFT"},{"data":"2","floor":46,"key":"LIFT"}],"circlet_count":0,"master_deck":["hermit:Strike_Hermit","hermit:Strike_Hermit","hermit:Strike_Hermit","hermit:Strike_Hermit","hermit:Defend_Hermit","hermit:Defend_Hermit","hermit:Defend_Hermit","hermit:Defend_Hermit","hermit:Snapshot","hermit:Covet","hermit:GoldenBullet+1","hermit:Glare","hermit:NoHoldsBarred","hermit:Ricochet+1","hermit:CalledShot","hermit:OverwhelmingPower+1","hermit:ItchyTrigger","hermit:Headshot","hermit:Cheat","hermit:Roughhouse","hermit:ItchyTrigger+1","hermit:Virtue","hermit:Headshot+1","hermit:Glare+1","hermit:Combo+1","hermit:Ricochet+1","hermit:Headshot+1","Impatience","hermit:Snipe","hermit:HighCaliber+1","hermit:Purgatory","hermit:Headshot+1","Finesse","hermit:Combo+1","hermit:Horror","hermit:Horror+1","CommonCold","hermit:GhostlyPresence+1","Looming Evil","hermit:EyeOfTheStorm"],"relics":["hermit:Momento","NeowsBlessing","HornCleat","Centennial Puzzle","Omamori","Nunchaku","White Beast Statue","Cursed Key","Regal Pillow","Quantum Egg","ReplayTheSpireMod:Ninjato","Toy Ornithopter","Shuriken","Pear","hermit:DentedPlate","ReplayTheSpireMod:TigerMarble","Girya","Thread and Needle","Replay:Ringing Soul","Replay:Accelerometer","ReplayTheSpireMod:Ring of Collecting","Ring of Fury"],"acts_visited":["Exordium","TheCity","TheBeyond"],"potions_floor_usage":[6,8,18,23,23,31,33,42,45,45,45,50],"damage_taken":[{"damage":0,"enemies":"Cultist","floor":1,"turns":1},{"damage":0,"enemies":"2 Louse","floor":2,"turns":1},{"damage":0,"enemies":"Small Slimes","floor":3,"turns":1},{"damage":7,"enemies":"Blue Slaver","floor":4,"turns":3},{"damage":30,"enemies":"Lagavulin","floor":6,"turns":2},{"damage":0,"enemies":"Gremlin Nob","floor":8,"turns":3},{"damage":11,"enemies":"Lagavulin","floor":10,"turns":5},{"damage":8,"enemies":"Looter","floor":11,"turns":2},{"damage":0,"enemies":"Gremlin Nob","floor":14,"turns":3},{"damage":41,"enemies":"Hexaghost","floor":16,"turns":9},{"damage":6,"enemies":"3 Byrds","floor":18,"turns":4},{"damage":3,"enemies":"Chosen","floor":21,"turns":3},{"damage":13,"enemies":"Snake Plant","floor":22,"turns":3},{"damage":10,"enemies":"Book of Stabbing","floor":23,"turns":3},{"damage":25,"enemies":"Gremlin Leader","floor":25,"turns":5},{"damage":2,"enemies":"Snecko","floor":27,"turns":3},{"damage":0,"enemies":"Centurion and Healer","floor":28,"turns":2},{"damage":0,"enemies":"Sentry and Sphere","floor":31,"turns":2},{"damage":36,"enemies":"Champ","floor":33,"turns":5},{"damage":0,"enemies":"Orb Walker","floor":35,"turns":1},{"damage":0,"enemies":"3 Shapes","floor":38,"turns":2},{"damage":0,"enemies":"Reptomancer","floor":41,"turns":1},{"damage":8,"enemies":"Mind Bloom Boss Battle","floor":42,"turns":2},{"damage":9,"enemies":"R_Hoarder","floor":45,"turns":5},{"damage":15,"enemies":"Jaw Worm Horde","floor":48,"turns":1},{"damage":20,"enemies":"Replay:Hell Engine","floor":50,"turns":4}],"seed_played":"-4310947298252129560","potions_obtained":[{"floor":3,"key":"AttackPotion"},{"floor":4,"key":"SpeedPotion"},{"floor":6,"key":"LiquidMemories"},{"floor":10,"key":"hermit:Tonic"},{"floor":16,"key":"SneckoOil"},{"floor":18,"key":"BlessingOfTheForge"},{"floor":21,"key":"Regen Potion"},{"floor":23,"key":"Languid Potion"},{"floor":25,"key":"Explosive Potion"},{"floor":27,"key":"AttackPotion"},{"floor":28,"key":"SkillPotion"},{"floor":31,"key":"Swift Potion"},{"floor":33,"key":"EssenceOfSteel"},{"floor":35,"key":"Regen Potion"},{"floor":42,"key":"ColorlessPotion"},{"floor":45,"key":"hermit:Tonic"},{"floor":48,"key":"FearPotion"}],"is_trial":false,"path_per_floor":["M","M","M","M","?","E","R","E","T","E","M","R","?","E","R","B",null,"M","?","?","M","M","E","R","E","T","M","M","R","$","M","R","B",null,"M","$","?","M","$","R","E","?","T","R","E","R","?","M","R","B",null],"character_chosen":"HERMIT","items_purchased":["hermit:Headshot+1","Impatience","Pear","hermit:Snipe","ReplayTheSpireMod:TigerMarble","hermit:Combo"],"campfire_rested":3,"item_purchase_floors":[30,30,30,30,36,39],"current_hp_per_floor":[75,75,75,68,68,38,60,60,60,49,41,63,63,63,63,22,75,69,69,69,66,53,52,52,27,27,25,25,62,72,77,77,46,78,78,78,78,78,78,78,78,80,80,80,97,97,100,88,126,106],"gold":354,"neow_bonus":"THREE_ENEMY_KILL","is_daily":false,"chose_seed":false,"campfire_upgraded":4,"win_rate":0.0,"timestamp":1614032482,"path_taken":["M","?","?","M","?","E","R","E","T","E","M","R","?","E","R","BOSS","M","?","?","?","M","E","R","E","T","M","M","R","$","M","R","BOSS","M","$","?","M","$","R","E","?","T","R","E","R","?","M","R","BOSS"],"items_purchased_type":["Card","Card","Relic","Card","Relic","Card"],"build_version":"2020-12-22","purchased_purges":0,"victory":true,"max_hp_per_floor":[75,75,75,75,75,75,75,75,75,75,75,75,75,75,75,75,75,75,75,75,75,75,75,75,75,75,75,75,75,85,85,85,85,117,117,117,117,117,117,117,117,117,117,117,120,120,123,126,126,126],"card_choices":[{"not_picked":["hermit:Manifest","hermit:BigShot"],"picked":"hermit:GoldenBullet","floor":1},{"not_picked":["hermit:Ricochet","hermit:GhostlyPresence"],"picked":"hermit:Glare","floor":2},{"not_picked":["hermit:Dive","hermit:Ricochet"],"picked":"hermit:NoHoldsBarred","floor":3},{"not_picked":["hermit:TakeAim","hermit:Deadeye"],"picked":"hermit:Ricochet","floor":4},{"not_picked":["hermit:BigShot","hermit:Manifest"],"picked":"hermit:CalledShot","floor":6},{"not_picked":["hermit:Midnight","hermit:Gestalt"],"picked":"hermit:OverwhelmingPower","floor":8},{"not_picked":["hermit:EternalForm","hermit:Dive"],"picked":"hermit:ItchyTrigger","floor":10},{"not_picked":["hermit:WideOpen","hermit:Desperado"],"picked":"hermit:Headshot","floor":11},{"not_picked":["hermit:HoleUp","hermit:Gestalt"],"picked":"hermit:Cheat","floor":14},{"not_picked":["hermit:Purgatory","hermit:Magnum"],"picked":"hermit:Roughhouse","floor":16},{"not_picked":["hermit:BodyArmor","hermit:HighCaliber"],"picked":"hermit:ItchyTrigger+1","floor":18},{"not_picked":["hermit:LuckOfTheDraw+1","hermit:Manifest"],"picked":"hermit:Virtue","floor":21},{"not_picked":["hermit:Feint","hermit:CursedWeapon"],"picked":"hermit:Headshot+1","floor":22},{"not_picked":["hermit:Cheat","hermit:Purgatory"],"picked":"hermit:Glare+1","floor":23},{"not_picked":["hermit:Quickdraw","hermit:Vantage"],"picked":"hermit:Combo","floor":25},{"not_picked":["hermit:Virtue","hermit:NoHoldsBarred+1"],"picked":"hermit:Ricochet+1","floor":27},{"not_picked":["hermit:GhostlyPresence","hermit:Manifest","hermit:Determination"],"picked":"SKIP","floor":28},{"not_picked":["hermit:LowProfile","hermit:Roulette+1"],"picked":"hermit:HighCaliber+1","floor":31},{"not_picked":["hermit:FatalDesire","hermit:Dissolve"],"picked":"hermit:Purgatory","floor":33},{"not_picked":["hermit:Coalescence","hermit:Manifest"],"picked":"hermit:Headshot+1","floor":35},{"not_picked":["ReplayTheSpireMod:Uncanny Aura","PanicButton"],"picked":"Finesse","floor":37},{"not_picked":["hermit:Feint+1","hermit:BodyArmor+1","hermit:Shortfuse+1"],"picked":"SKIP","floor":38},{"not_picked":["hermit:HoleUp+1","hermit:LoneWolf+1"],"picked":"hermit:Horror","floor":41},{"not_picked":["hermit:Feint+1","hermit:Headshot"],"picked":"hermit:Horror+1","floor":42},{"not_picked":["hermit:Midnight+1","hermit:Misfire"],"picked":"hermit:GhostlyPresence+1","floor":45},{"not_picked":["hermit:Glare","hermit:Horror"],"picked":"hermit:EyeOfTheStorm","floor":48}],"player_experience":753070,"relics_obtained":[{"floor":6,"key":"HornCleat"},{"floor":8,"key":"Centennial Puzzle"},{"floor":9,"key":"Omamori"},{"floor":10,"key":"Nunchaku"},{"floor":14,"key":"White Beast Statue"},{"floor":23,"key":"ReplayTheSpireMod:Ninjato"},{"floor":25,"key":"Toy Ornithopter"},{"floor":26,"key":"Shuriken"},{"floor":41,"key":"Girya"},{"floor":42,"key":"Thread and Needle"},{"floor":43,"key":"Replay:Ringing Soul"},{"floor":45,"key":"Replay:Accelerometer"},{"floor":47,"key":"ReplayTheSpireMod:Ring of Collecting"},{"floor":47,"key":"Ring of Fury"}],"event_choices":[{"damage_healed":0,"gold_gain":50,"player_choice":"Gained Gold","damage_taken":0,"max_hp_gain":0,"max_hp_loss":0,"event_name":"Golden Wing","floor":5,"gold_loss":0},{"damage_healed":0,"gold_gain":175,"player_choice":"AGREE","damage_taken":0,"max_hp_gain":0,"max_hp_loss":0,"event_name":"Liars Game","floor":13,"gold_loss":0,"cards_obtained":["Doubt"]},{"damage_healed":0,"gold_gain":0,"player_choice":"Obtained Relic","damage_taken":0,"relics_obtained":["Regal Pillow"],"max_hp_gain":0,"max_hp_loss":0,"event_name":"Addict","floor":19,"gold_loss":85},{"damage_healed":0,"gold_gain":0,"player_choice":"Opened","damage_taken":0,"relics_obtained":["Quantum Egg"],"max_hp_gain":0,"max_hp_loss":0,"event_name":"The Mausoleum","floor":20,"gold_loss":0},{"damage_healed":0,"gold_gain":0,"player_choice":"Memory 1","damage_taken":0,"max_hp_gain":0,"max_hp_loss":0,"event_name":"SensoryStone","floor":37,"gold_loss":0},{"damage_healed":0,"gold_gain":0,"player_choice":"Fight","damage_taken":0,"max_hp_gain":0,"max_hp_loss":0,"event_name":"MindBloom","floor":42,"gold_loss":0}],"is_beta":false,"boss_relics":[{"not_picked":["Replay:Bronze Core","Abe\u0027s Treasure"],"picked":"Cursed Key"},{"not_picked":["Tiny House","Snecko Eye"],"picked":"hermit:DentedPlate"}],"items_purged_floors":[],"is_endless":false,"potions_floor_spawned":[3,4,6,10,16,18,21,22,23,25,27,28,31,33,35,38,41,42,45,48],"ascension_level":2}}