{"host":"1c52r9kaxdyo25eq","time":1614003809,"event":{"mods":["AchievementEnabler","BaseMod","DeckTracker","Minty Spire (QoL Compilation)","Rare Cards Sparkle","SuperFastMode","everything is the same but u backflip on backflip"],"gold_per_floor":[118,118,118,134,134,134,166,166,166,51,67,81,93,106,106,182,182,195,195,110,110,130,130,145,145,192,204,228,256,278,290,302,314,314],"floor_reached":33,"language":"KOR","playtime":687,"items_purged":["Defend_R"],"score":486,"play_id":"065c7299-3137-43b4-bbd5-c83b76bfb97c","local_time":"20210222232329","is_ascension_mode":true,"campfire_choices":[{"data":"Twin Strike","floor":6.0,"key":"SMITH"},{"data":"Disarm","floor":8.0,"key":"SMITH"},{"data":"Fire Breathing","floor":15.0,"key":"SMITH"},{"data":"Immolate","floor":23.0,"key":"SMITH"},{"floor":25.0,"key":"REST"},{"data":"Feel No Pain","floor":27.0,"key":"SMITH"},{"floor":32.0,"key":"REST"}],"circlet_count":0,"master_deck":["AscendersBane","Strike_R+1","Defend_R","Defend_R+1","Bash","Battle Trance","Twin Strike+1","Disarm+1","Fire Breathing+1","Fiend Fire","Immolate+1","Clothesline+1","Bloodletting+1","Headbutt+1","Feel No Pain+1","Corruption","Flame Barrier"],"relics":["Burning Blood","Torii","Eternal Feather","Pocketwatch","Astrolabe","Pen Nib","PreservedInsect","MawBank","Nilry\u0027s Codex"],"acts_visited":["Exordium","TheCity"],"potions_floor_usage":[],"damage_taken":[{"damage":9.0,"enemies":"Jaw Worm","floor":1.0,"turns":4.0},{"damage":2.0,"enemies":"2 Louse","floor":4.0,"turns":3.0},{"damage":8.0,"enemies":"Gremlin Nob","floor":7.0,"turns":3.0},{"damage":18.0,"enemies":"Small Slimes","floor":11.0,"turns":2.0},{"damage":8.0,"enemies":"Blue Slaver","floor":12.0,"turns":2.0},{"damage":10.0,"enemies":"Exordium Wildlife","floor":13.0,"turns":4.0},{"damage":10.0,"enemies":"Red Slaver","floor":14.0,"turns":3.0},{"damage":18.0,"enemies":"Hexaghost","floor":16.0,"turns":6.0},{"damage":18.0,"enemies":"3 Byrds","floor":18.0,"turns":4.0},{"damage":28.0,"enemies":"Shell Parasite","floor":22.0,"turns":4.0},{"damage":18.0,"enemies":"Centurion and Healer","floor":24.0,"turns":5.0},{"damage":28.0,"enemies":"Shelled Parasite and Fungi","floor":28.0,"turns":4.0},{"damage":0.0,"enemies":"Snecko","floor":29.0,"turns":2.0},{"damage":22.0,"enemies":"Snake Plant","floor":30.0,"turns":4.0},{"damage":40,"enemies":"Collector","floor":33,"turns":6}],"seed_played":"-4015618558135497604","potions_obtained":[{"floor":1.0,"key":"DistilledChaos"},{"floor":4.0,"key":"LiquidBronze"},{"floor":14.0,"key":"GamblersBrew"},{"floor":16.0,"key":"BlessingOfTheForge"},{"floor":22.0,"key":"DistilledChaos"},{"floor":30.0,"key":"Dexterity Potion"}],"is_trial":false,"path_per_floor":["M","?","?","M","?","R","E","R","T","$","M","M","M","M","R","B",null,"M","T","?","?","M","R","M","R","T","R","M","M","M","?","R","B"],"character_chosen":"IRONCLAD","items_purchased":["Fire Breathing"],"campfire_rested":2,"item_purchase_floors":[10],"current_hp_per_floor":[65,45,50,54,54,54,52,58,58,58,46,44,40,36,45,33,63,51,51,51,51,29,38,26,56,56,65,43,49,33,12,42,2,2],"gold":314,"neow_bonus":"ONE_RARE_RELIC","is_daily":false,"chose_seed":false,"campfire_upgraded":5,"win_rate":0.0,"timestamp":1614003809,"path_taken":["M","?","?","M","?","R","E","R","T","?","M","M","M","?","R","BOSS","M","?","?","?","M","R","M","R","T","R","M","M","M","?","R","BOSS"],"items_purchased_type":["Card"],"build_version":"2020-12-22","purchased_purges":1,"victory":false,"max_hp_per_floor":[68,68,73,73,73,73,73,73,73,73,73,73,73,73,73,73,73,73,73,73,73,73,73,73,73,73,73,73,73,73,73,73,73,73],"card_choices":[{"not_picked":["Ghostly Armor","Anger"],"picked":"Headbutt","floor":1.0},{"not_picked":["Warcry","Twin Strike"],"picked":"Battle Trance","floor":4.0},{"not_picked":["Sever Soul","Iron Wave"],"picked":"Disarm","floor":7.0},{"not_picked":["Flex","Dropkick","Heavy Blade"],"picked":"SKIP","floor":11.0},{"not_picked":["Headbutt","Cleave","Disarm"],"picked":"SKIP","floor":12.0},{"not_picked":["Perfected Strike","Pommel Strike"],"picked":"Fiend Fire","floor":13.0},{"not_picked":["Twin Strike","Clothesline","Fire Breathing"],"picked":"SKIP","floor":14.0},{"not_picked":["Reaper","Juggernaut"],"picked":"Immolate","floor":16.0},{"not_picked":["Fire Breathing","Twin Strike","Shockwave"],"picked":"SKIP","floor":18.0},{"not_picked":["Armaments+1","Clothesline","Shockwave"],"picked":"SKIP","floor":22.0},{"not_picked":["Disarm","Heavy Blade","Blood for Blood"],"picked":"SKIP","floor":24.0},{"not_picked":["Headbutt","Heavy Blade","Spot Weakness"],"picked":"SKIP","floor":28.0},{"not_picked":["Cleave","Armaments+1"],"picked":"Flame Barrier","floor":29.0},{"not_picked":["Flex","Twin Strike+1","Warcry+1"],"picked":"SKIP","floor":30.0}],"player_experience":657910,"relics_obtained":[{"floor":7.0,"key":"Eternal Feather"},{"floor":9.0,"key":"Pocketwatch"},{"floor":19.0,"key":"Pen Nib"},{"floor":26.0,"key":"MawBank"},{"floor":31.0,"key":"Nilry\u0027s Codex"}],"event_choices":[{"damage_healed":0.0,"max_hp_gain":0.0,"max_hp_loss":0.0,"gold_gain":0.0,"event_name":"Shining Light","player_choice":"Entered Light","floor":2.0,"gold_loss":0.0,"damage_taken":20.0,"cards_upgraded":["Defend_R","Strike_R"]},{"damage_healed":0.0,"max_hp_gain":5.0,"max_hp_loss":0.0,"gold_gain":0.0,"event_name":"Big Fish","player_choice":"Donut","floor":3.0,"gold_loss":0.0,"damage_taken":0.0},{"damage_healed":0.0,"max_hp_gain":0.0,"max_hp_loss":0.0,"gold_gain":0.0,"cards_transformed":["Strike_R"],"event_name":"Living Wall","player_choice":"Change","floor":5.0,"gold_loss":0.0,"damage_taken":0.0,"cards_obtained":["Twin Strike"]},{"damage_healed":0.0,"max_hp_gain":0.0,"max_hp_loss":0.0,"gold_gain":0.0,"event_name":"Addict","player_choice":"Obtained Relic","floor":20.0,"gold_loss":85.0,"damage_taken":0.0,"relics_obtained":["PreservedInsect"]},{"damage_healed":0.0,"max_hp_gain":0.0,"max_hp_loss":0.0,"gold_gain":0.0,"cards_transformed":["Strike_R","Headbutt"],"event_name":"Drug Dealer","player_choice":"Became Test Subject","floor":21.0,"gold_loss":0.0,"damage_taken":0.0,"cards_obtained":["Feel No Pain","Corruption"]},{"damage_healed":0.0,"max_hp_gain":0.0,"max_hp_loss":0.0,"gold_gain":0.0,"event_name":"Cursed Tome","player_choice":"Obtained Book","floor":31.0,"gold_loss":0.0,"damage_taken":21.0}],"is_beta":false,"boss_relics":[{"not_picked":["SlaversCollar","Runic Dome"],"picked":"Astrolabe"}],"items_purged_floors":[10],"is_endless":false,"potions_floor_spawned":[1,4,14,16,22,30],"killed_by":"Collector","ascension_level":19}}