{"host":"04hmnwiiducntwm3","time":1614020979,"event":{"mods":["Aspiration","BaseMod","Downfall","Energized Spire","GifTheSpireLib","Halation","Hubris","Infinite Spire","Minty Spire (QoL Compilation)","Relic Filter","Reliquary","Replay The Spire","Shop Mod","Spikes Relics","StSLib","The Jungle"],"gold_per_floor":[217,217,232,232,232,262,262,295,320,22,39,39,39,49,49,151,151,169,189,104,29,29,41,41],"floor_reached":23,"language":"ENG","playtime":774,"items_purged":["Defend_R"],"score":249,"play_id":"ab949159-ec91-4c9a-a4ba-57af96822e53","local_time":"20210222160939","is_ascension_mode":false,"campfire_choices":[{"floor":7.0,"key":"REST"},{"data":"Defend_R","floor":12.0,"key":"PURGE"}],"circlet_count":0,"master_deck":["Strike_R","Strike_R","Strike_R","Strike_R","Defend_R","Bash","Metallicize+1","ReplayReversal+1","Double Tap","Hemogenesis","Flex","ReplayTheSpireMod:Muscle Training"],"relics":["Burning Blood","halation:PinkSoulGem","hubris:ChampionShield","Pen Nib","Replay:Multitool","ZombieTooth","SacredBark","infinitespire:Midas Blood"],"acts_visited":["Exordium","TheCity"],"potions_floor_usage":[23],"damage_taken":[{"damage":10.0,"enemies":"Small Slimes","floor":1.0,"turns":3.0},{"damage":8.0,"enemies":"2 Louse","floor":3.0,"turns":3.0},{"damage":38.0,"enemies":"3 Sentries","floor":6.0,"turns":10.0},{"damage":19.0,"enemies":"Gremlin Nob","floor":8.0,"turns":4.0},{"damage":7.0,"enemies":"Cultist","floor":11.0,"turns":4.0},{"damage":23.0,"enemies":"Exordium Thugs","floor":14.0,"turns":5.0},{"damage":0.0,"enemies":"Slime Boss","floor":16.0,"turns":3.0},{"damage":59.0,"enemies":"Shell Parasite","floor":18.0,"turns":9.0},{"damage":22.0,"enemies":"Chosen","floor":19.0,"turns":5.0},{"damage":0.0,"enemies":"Shelled Parasite and Fungi","floor":22.0,"turns":1.0},{"damage":39,"enemies":"Slavers","floor":23,"turns":2}],"seed_played":"1283145065593122377","potions_obtained":[{"floor":1.0,"key":"Guardian:BlockOnCardUsePotion"},{"floor":6.0,"key":"Fire Potion"},{"floor":8.0,"key":"Energy Potion"},{"floor":18.0,"key":"Fruit Juice"},{"floor":19.0,"key":"SmokeBomb"}],"is_trial":false,"path_per_floor":["M","?","M","?","?","E","R","E","T","$","M","R","?","M","R","B",null,"M","M","?","$","M","E"],"character_chosen":"IRONCLAD","items_purchased":["Replay:Multitool"],"campfire_rested":1,"item_purchase_floors":[10],"current_hp_per_floor":[76,76,74,74,74,42,66,53,53,53,52,52,52,35,59,65,80,42,31,31,31,37,0,0],"gold":41,"neow_bonus":"HUNDRED_GOLD","is_daily":false,"chose_seed":false,"campfire_upgraded":0,"win_rate":0.0,"timestamp":1614020979,"path_taken":["M","?","M","?","?","E","R","E","T","$","M","R","?","?","R","BOSS","M","M","?","$","M","E"],"items_purchased_type":["Relic"],"build_version":"2020-12-22","purchased_purges":1,"victory":false,"max_hp_per_floor":[80,80,80,80,80,80,80,80,80,80,80,80,80,80,80,80,80,90,90,90,90,90,90,90],"card_choices":[{"not_picked":["Headbutt","hubris:ReadiedAction","Sentinel"],"picked":"SKIP","floor":1.0},{"not_picked":["Anger","Havoc","Massacre"],"picked":"SKIP","floor":3.0},{"not_picked":["Battle Trance","Combust","Headbutt"],"picked":"SKIP","floor":6.0},{"not_picked":["Battle Trance","Combust","Headbutt"],"picked":"SKIP","floor":6.0},{"not_picked":["Dual Wield","Cleave"],"picked":"Double Tap","floor":8.0},{"not_picked":["Headbutt","Combust","Fire Breathing"],"picked":"SKIP","floor":11.0},{"not_picked":["Cleave","Perfected Strike","Burning Pact"],"picked":"SKIP","floor":14.0},{"not_picked":["Corruption","Double Tap"],"picked":"Hemogenesis","floor":16.0},{"not_picked":["ReplayTheSpireMod:Strike From Hell","Anger"],"picked":"Flex","floor":18.0},{"not_picked":["Disarm+1","ReplayTheSpireMod:Strike From Hell"],"picked":"ReplayTheSpireMod:Muscle Training","floor":19.0}],"player_experience":389238,"relics_obtained":[{"floor":6.0,"key":"hubris:ChampionShield"},{"floor":8.0,"key":"Pen Nib"},{"floor":13.0,"key":"ZombieTooth"}],"event_choices":[{"damage_healed":0.0,"max_hp_gain":0.0,"max_hp_loss":0.0,"gold_gain":0.0,"cards_transformed":["Defend_R"],"event_name":"Living Wall","player_choice":"Change","floor":4.0,"gold_loss":0.0,"damage_taken":0.0,"cards_obtained":["ReplayReversal"]},{"damage_healed":0.0,"max_hp_gain":0.0,"max_hp_loss":0.0,"gold_gain":0.0,"event_name":"Wheel of Change","player_choice":"Relic","floor":13.0,"gold_loss":0.0,"damage_taken":0.0},{"damage_healed":0.0,"max_hp_gain":0.0,"max_hp_loss":0.0,"gold_gain":0.0,"event_name":"Addict","player_choice":"Obtained Relic","floor":20.0,"gold_loss":85.0,"damage_taken":0.0,"relics_obtained":["infinitespire:Midas Blood"]}],"is_beta":false,"boss_relics":[{"not_picked":["reliquary:WritOfMandamus","halation:MonkeysPaw"],"picked":"SacredBark"}],"items_purged_floors":[21],"is_endless":false,"potions_floor_spawned":[1,6,8,18,19,22],"killed_by":"Slavers","ascension_level":0}}