{"host":"5qewjvycy34u7aeo","time":1614015702,"event":{"mods":["BaseMod","Downfall","GifTheSpireLib","Infinite Spire","Minty Spire (QoL Compilation)","Permanent Neow","Replay The Spire","StSLib","Wandering Minibosses"],"gold_per_floor":[109,109,128,128,144,144,162,162,162,162,7,41,59,69,69,69,69],"floor_reached":16,"language":"ENG","playtime":613,"items_purged":["Strike_G"],"score":112,"play_id":"108c97e1-beda-4b4a-9c19-c1487d09b8cd","local_time":"20210222114142","is_ascension_mode":true,"campfire_choices":[{"data":"Survivor","floor":6,"key":"SMITH"},{"floor":8,"key":"REST"},{"data":"Leg Sweep","floor":15,"key":"SMITH"}],"circlet_count":0,"master_deck":["Strike_G","Strike_G","Strike_G","Defend_G","Defend_G","Defend_G","Defend_G","Defend_G","Survivor+1","Neutralize+1","Prepared","ReplayTheSpireMod:Speed Training","Deadly Poison","Leg Sweep+1"],"relics":["m_BronzeBlood","Counterbalance","Paper Crane","infinitespire:Cubic Diamond","Durian"],"acts_visited":["Exordium"],"potions_floor_usage":[],"damage_taken":[{"damage":0,"enemies":"Cultist","floor":1,"turns":4},{"damage":0,"enemies":"2 Louse","floor":3,"turns":3},{"damage":41,"enemies":"Small Slimes","floor":5,"turns":6},{"damage":0,"enemies":"Looter","floor":7,"turns":4},{"damage":17,"enemies":"Gremlin Nob","floor":12,"turns":10},{"damage":0,"enemies":"Blue Slaver","floor":13,"turns":4},{"damage":12,"enemies":"Exordium Wildlife","floor":14,"turns":8},{"damage":39,"enemies":"Slime Boss","floor":16,"turns":12}],"seed_played":"-5472440779439922853","potions_obtained":[{"floor":3,"key":"Adrenaline Potion"},{"floor":5,"key":"LiquidBronze"},{"floor":13,"key":"Strength Potion"},{"floor":14,"key":"LifebloodPotion"}],"is_trial":false,"path_per_floor":["M","?","M","?","M","R","M","R","T","?","$","E","M","M","R","B"],"character_chosen":"THE_SILENT","items_purchased":["ReplayTheSpireMod:Speed Training"],"campfire_rested":1,"item_purchase_floors":[11],"current_hp_per_floor":[70,70,70,52,11,11,11,32,32,32,32,26,32,26,26,0,0],"gold":69,"neow_bonus":"UPGRADE_CARD","is_daily":false,"chose_seed":false,"campfire_upgraded":2,"win_rate":0.0,"timestamp":1614015702,"path_taken":["M","?","M","?","M","R","M","R","T","?","$","E","M","M","R","BOSS"],"items_purchased_type":["Card"],"build_version":"2020-12-22","purchased_purges":1,"victory":false,"max_hp_per_floor":[70,70,70,70,70,70,70,70,70,70,70,75,75,75,75,75,75],"card_choices":[{"not_picked":["Prepared","Infinite Blades","All Out Attack"],"picked":"SKIP","floor":1},{"not_picked":["Deflect","ReplayTheSpireMod:The Works","ReplayTheSpireMod:Tripwire"],"picked":"SKIP","floor":3},{"not_picked":["Quick Slash","Slice","Outmaneuver"],"picked":"SKIP","floor":5},{"not_picked":["Dagger Throw","Quick Slash"],"picked":"Prepared","floor":7},{"not_picked":["Endless Agony","Dagger Throw"],"picked":"Deadly Poison","floor":12},{"not_picked":["Outmaneuver","Malaise"],"picked":"Leg Sweep","floor":13},{"not_picked":["Blade Dance","Wild Strike","Outmaneuver"],"picked":"SKIP","floor":14}],"player_experience":505609,"relics_obtained":[{"floor":9,"key":"Paper Crane"},{"floor":12,"key":"Durian"}],"event_choices":[{"cards_removed":["Strike_G"],"damage_healed":0,"gold_gain":0,"player_choice":"Forget","damage_taken":0,"max_hp_gain":0,"max_hp_loss":0,"event_name":"Living Wall","floor":2,"gold_loss":0},{"damage_healed":0,"gold_gain":0,"player_choice":"Success","damage_taken":18,"relics_obtained":["Counterbalance"],"max_hp_gain":0,"max_hp_loss":0,"event_name":"Scrap Ooze","floor":4,"gold_loss":0}],"is_beta":false,"boss_relics":[],"items_purged_floors":[11],"is_endless":false,"potions_floor_spawned":[3,5,13,14],"killed_by":"Slime Boss","ascension_level":2}}