{"host":"epc8efk9vrywpcsw","time":1614013311,"event":{"mods":["BaseMod","Minty Spire (QoL Compilation)","Relic Stats","StSLib"],"gold_per_floor":[20,32,32,42,61,211,211,231,231,249,249,249],"floor_reached":11,"language":"ENG","playtime":357,"items_purged":[],"score":134,"play_id":"c9527f1e-d1d9-45ea-b3d5-df970c592028","local_time":"20210222180151","is_ascension_mode":true,"campfire_choices":[{"data":"Infinite Blades","floor":7,"key":"SMITH"}],"circlet_count":0,"master_deck":["AscendersBane","Strike_G","Strike_G","Strike_G","Strike_G","Strike_G","Defend_G","Defend_G","Defend_G","Defend_G","Defend_G","Survivor","Neutralize","Panache","Prepared","Slice","Infinite Blades+1","Heel Hook","Doubt","Backflip"],"relics":["Ring of the Snake","The Courier"],"acts_visited":["Exordium"],"potions_floor_usage":[5,8],"damage_taken":[{"damage":4,"enemies":"Small Slimes","floor":1,"turns":5},{"damage":2,"enemies":"2 Louse","floor":2,"turns":4},{"damage":4,"enemies":"Jaw Worm","floor":4,"turns":5},{"damage":5,"enemies":"Gremlin Gang","floor":5,"turns":3},{"damage":0,"enemies":"2 Fungi Beasts","floor":8,"turns":3},{"damage":1,"enemies":"Looter","floor":10,"turns":4},{"damage":38,"enemies":"Gremlin Nob","floor":11,"turns":4}],"seed_played":"3840077020886041045","potions_obtained":[{"floor":2,"key":"Swift Potion"},{"floor":4,"key":"EssenceOfSteel"}],"is_trial":false,"path_per_floor":["M","M","$","M","M","?","R","M","T","M","E"],"character_chosen":"THE_SILENT","items_purchased":[],"campfire_rested":0,"item_purchase_floors":[],"current_hp_per_floor":[55,53,53,49,44,44,44,44,44,43,5,5],"gold":249,"neow_bonus":"RANDOM_COLORLESS_2","is_daily":false,"chose_seed":false,"campfire_upgraded":1,"win_rate":0.0,"timestamp":1614013311,"path_taken":["M","M","$","M","M","?","R","M","T","M","E"],"items_purchased_type":[],"build_version":"2020-12-22","purchased_purges":0,"victory":false,"max_hp_per_floor":[66,66,66,66,66,66,66,66,66,66,66,66],"relic_stats":{"counters":[7,28],"obtain_stats":[{"The Courier":9,"Ring of the Snake":0},{"The Courier":5,"Ring of the Snake":0},{"The Courier":20,"Ring of the Snake":0}],"Ring of the Snake":[14]},"card_choices":[{"not_picked":["Sadistic Nature","Violence"],"picked":"Panache","floor":0},{"not_picked":["Riddle With Holes","Deflect"],"picked":"Prepared","floor":1},{"not_picked":["Dagger Throw","Deadly Poison"],"picked":"Slice","floor":2},{"not_picked":["Reflex","Acrobatics"],"picked":"Infinite Blades","floor":4},{"not_picked":["Dagger Throw","Sucker Punch"],"picked":"Heel Hook","floor":5},{"not_picked":["Outmaneuver","Sucker Punch","Dodge and Roll"],"picked":"SKIP","floor":8},{"not_picked":["Outmaneuver","Dagger Throw"],"picked":"Backflip","floor":10}],"player_experience":539378,"relics_obtained":[{"floor":9,"key":"The Courier"}],"event_choices":[{"damage_healed":0,"gold_gain":150,"player_choice":"AGREE","damage_taken":0,"max_hp_gain":0,"max_hp_loss":0,"event_name":"Liars Game","floor":6,"gold_loss":0,"cards_obtained":["Doubt"]}],"is_beta":false,"boss_relics":[],"items_purged_floors":[],"is_endless":false,"potions_floor_spawned":[2,4],"killed_by":"Gremlin Nob","ascension_level":20}}