{"host":"zm2copjc1o2b6hjv","time":1614031885,"event":{"mods":["AchievementEnabler","BaseMod","BetterRewards","Conspire","Downfall","Friendly Minions","Infinite Spire","Minty Spire (QoL Compilation)","Replay The Spire","StSLib"],"gold_per_floor":[118,193,206,241,241,274,274,308,362,362,55,70,86,100,100,195,195,195,195,195],"floor_reached":18,"language":"ENG","playtime":1142,"items_purged":[],"score":309,"play_id":"404794bb-581d-413b-80fa-a3dd0a568f9c","local_time":"20210222171125","is_ascension_mode":true,"campfire_choices":[{"floor":7,"key":"REST"},{"floor":10,"key":"REST"},{"floor":15,"key":"REST"}],"circlet_count":0,"master_deck":["champ:Strike","champ:Strike","champ:Strike","champ:Strike","champ:Defend","champ:Defend","champ:Defend","champ:Defend","champ:Execute","champ:Taunt","Mayhem+1","conspire:Banana+1","champ:IronFortress","champ:ShieldWall","champ:CrookedStrike","champ:EnragedBash","champ:DefensiveStyle","champ:GutPunch","champ:VampiricStrike","champ:Circumvent","champ:ShieldThrow"],"relics":["champ:ChampionCrown","infinitespire:Broken Mirror","Guide Book","infinitespire:Lucky Rock","Ginger","conspire:DeflatedDodgeball","Replay:Wax Seal","Guardian:GemstoneGun","conspire:SlowCooker"],"acts_visited":["Exordium","TheCity"],"potions_floor_usage":[4,4,8,13,16],"damage_taken":[{"damage":17,"enemies":"Small Slimes","floor":1,"turns":3},{"damage":14,"enemies":"conspire:RoseBush","floor":3,"turns":4},{"damage":27,"enemies":"conspire:MimicChest","floor":4,"turns":4},{"damage":10,"enemies":"Gremlin Nob","floor":6,"turns":5},{"damage":37,"enemies":"3 Sentries","floor":8,"turns":6},{"damage":3,"enemies":"2 Louse","floor":12,"turns":3},{"damage":11,"enemies":"Blue Slaver","floor":13,"turns":3},{"damage":5,"enemies":"Lots of Slimes","floor":14,"turns":3},{"damage":77,"enemies":"Hexaghost","floor":16,"turns":7},{"damage":0,"enemies":"3 Byrds","floor":18,"turns":1}],"seed_played":"-9156438332172690066","potions_obtained":[{"floor":3,"key":"Energy Potion"},{"floor":6,"key":"PowerPotion"},{"floor":12,"key":"BlessingOfTheForge"},{"floor":13,"key":"ColorlessPotion"}],"is_trial":false,"path_per_floor":["M","?","M","?","?","E","R","E","T","R","$","M","M","M","R","B",null,"M"],"character_chosen":"THE_CHAMP","items_purchased":["infinitespire:Broken Mirror","Mayhem","conspire:Banana","Guide Book","Toxic Potion","Guardian:GemstoneGun"],"campfire_rested":3,"item_purchase_floors":[0,0,0,0,0,11],"current_hp_per_floor":[54,43,41,36,31,23,52,32,32,62,62,61,52,54,85,60,108,108,108,108],"gold":195,"neow_bonus":"","is_daily":false,"chose_seed":false,"campfire_upgraded":0,"win_rate":0.0,"timestamp":1614031885,"path_taken":["M","?","M","?","?","E","R","E","T","R","$","M","M","M","R","BOSS","M"],"items_purchased_type":["Relic","Card","Card","Relic","Potion","Relic"],"build_version":"2020-12-22","purchased_purges":0,"victory":false,"max_hp_per_floor":[92,92,94,96,96,98,98,100,100,100,100,102,104,106,106,108,108,108,108,108],"card_choices":[{"not_picked":["champ:GutPunch","champ:Backstep"],"picked":"champ:IronFortress","floor":1},{"not_picked":["champ:PerfectedStrike","champ:FanOfKnives"],"picked":"champ:ShieldWall","floor":3},{"not_picked":["champ:DeathBlow","champ:GutPunch"],"picked":"champ:CrookedStrike","floor":4},{"not_picked":["champ:AdrenalArmor","champ:FanOfKnives"],"picked":"champ:EnragedBash","floor":6},{"not_picked":["champ:TornadoPunch","champ:FanOfKnives"],"picked":"champ:DefensiveStyle","floor":8},{"not_picked":["champ:BerserkersShout","champ:Shatter"],"picked":"champ:GutPunch","floor":12},{"not_picked":["champ:AdrenalArmor","champ:ShieldSigil"],"picked":"champ:VampiricStrike","floor":13},{"not_picked":["champ:Haymaker","champ:GutPunch"],"picked":"champ:Circumvent","floor":14},{"not_picked":["champ:SwordThrow","champ:HeavySlash"],"picked":"champ:ShieldThrow","floor":16}],"player_experience":250623,"relics_obtained":[{"floor":4,"key":"infinitespire:Lucky Rock"},{"floor":6,"key":"Ginger"},{"floor":8,"key":"conspire:DeflatedDodgeball"},{"floor":9,"key":"Replay:Wax Seal"}],"event_choices":[{"damage_healed":0,"gold_gain":75,"player_choice":"Gather Gold","damage_taken":11,"max_hp_gain":0,"max_hp_loss":0,"event_name":"World of Goop","floor":2,"gold_loss":0}],"is_beta":false,"boss_relics":[{"not_picked":["bronze:MakeshiftBattery","Philosopher\u0027s Stone"],"picked":"conspire:SlowCooker"}],"items_purged_floors":[],"is_endless":false,"potions_floor_spawned":[3,6,12,13],"killed_by":"3 Byrds","ascension_level":1}}