{"host":"qswkx8hggytna0kc","time":1614010120,"event":{"mods":["Aspiration","BaseMod","BetterRewards","Colored Map","Colored Powertips","Highlight Path","Hubris","Mimic Mod","Minty Spire (QoL Compilation)","MostiFishMod","Quick Restart","Replay The Spire","StSLib","SuperFastMode"],"gold_per_floor":[119,135,285,285,-1307,-1281,-1281,-1225,-1176,-1148,-1129,-1096,-1081,-1066,-1066,-990,-990,-974,-920,-920,-920,-906,-881,-864,-831,-831,-799,-799,-780,-762,-762,-762,-685,-685,-674,-656,-631,-577,-577,-543,-543,-511,-511,-496,-470,-454,-422,-422,-422,-422,-422,-422,-422,-122,-87,-87],"floor_reached":57,"language":"ZHS","playtime":3070,"items_purged":["Doubt"],"score":3896,"play_id":"08bfcc11-ad2e-441c-b4cf-6772cf908b4d","local_time":"20210223000840","is_ascension_mode":true,"campfire_choices":[{"floor":15.0,"key":"REST"},{"floor":32.0,"key":"RECALL"},{"data":"MostiFishMod:StarOceanB","floor":41.0,"key":"SMITH"},{"data":"ReplayTheSpireMod:System Scan","floor":53.0,"key":"SMITH"}],"circlet_count":0,"master_deck":["AscendersBane","Defend_B","Defend_B","Zap+1","Dualcast","Recycle+1","Hologram","All For One","All For One","Steam Power","Go for the Eyes","Gash","Go for the Eyes","MostiFishMod:StarOceanB+1","Loop+1","Panic Button","All For One","ReplayTheSpireMod:System Scan+1","Buffer+1","Go for the Eyes","Overencumbered","Gash","Aggregate+1","Beam Cell+1","Go for the Eyes+1","Go for the Eyes","Bite","Bite","Bite","Bite","Bite","Go for the Eyes","Go for the Eyes","Crystallizer+1","MostiFishMod:InterfaceCompatibility+1","Coolheaded+1","Sweeping Beam+1","Sweeping Beam","MostiFishMod:PushDownKick","Sweeping Beam+1","ReplayGash","Hologram","Steam+1","ReplaySort+1","Gash+1","White Noise","Beam Cell","MostiFishMod:TalkingToTheRain+1","hubris:Ukulele","MostiFishMod:ActiveDefenseSystem+1","Sweeping Beam","Chill","hubris:EnhanceAbility+1","Recycle+1"],"relics":["Cracked Core","DaveBox","SynthV","aspiration:Nostalgia","Ring of the Snake","SynthV:TestCard","SynthV:MejaisSoulstealer","Bottled Lightning","hubris:ToyBattleship","Akabeko","Frozen Egg 2","Oddly Smooth Stone","White Beast Statue","Gremlin Horn","HornCleat","Prayer Wheel","Toy Ornithopter","Happy Flower","Replay:Bronze Core","Thread and Needle","Durian","hubris:Icosahedron","Matryoshka","Strawberry","InkBottle","aspiration:FaultyCoupler","aspiration:SeaSaltIceCream","ArrowTower","Replay:Wax Seal","hubris:NiceRug","HollowDreamFlower","Turnip","Ying","hubris:TenFootPole"],"acts_visited":["Exordium","TheCity","TheBeyond","TheEnding"],"potions_floor_usage":[56,56],"damage_taken":[{"damage":4.0,"enemies":"Jaw Worm","floor":1.0,"turns":4.0},{"damage":0.0,"enemies":"Cultist","floor":2.0,"turns":3.0},{"damage":24.0,"enemies":"Lagavulin","floor":6.0,"turns":4.0},{"damage":2.0,"enemies":"Lagavulin Event","floor":8.0,"turns":3.0},{"damage":0.0,"enemies":"Gremlin Nob","floor":10.0,"turns":2.0},{"damage":0.0,"enemies":"2 Louse","floor":11.0,"turns":2.0},{"damage":0.0,"enemies":"3 Sentries","floor":12.0,"turns":3.0},{"damage":0.0,"enemies":"Blue Slaver","floor":13.0,"turns":2.0},{"damage":0.0,"enemies":"Looter","floor":14.0,"turns":1.0},{"damage":0.0,"enemies":"Fading Forest","floor":16.0,"turns":10.0},{"damage":0.0,"enemies":"Chosen","floor":18.0,"turns":2.0},{"damage":1.0,"enemies":"Shell Parasite","floor":22.0,"turns":2.0},{"damage":0.0,"enemies":"Book of Stabbing","floor":23.0,"turns":3.0},{"damage":0.0,"enemies":"Chosen and Byrds","floor":24.0,"turns":4.0},{"damage":0.0,"enemies":"Replay:Snechameleon","floor":25.0,"turns":1.0},{"damage":10.0,"enemies":"Book of Stabbing","floor":27.0,"turns":4.0},{"damage":0.0,"enemies":"Cultist and Chosen","floor":29.0,"turns":2.0},{"damage":0.0,"enemies":"Snake Plant","floor":30.0,"turns":1.0},{"damage":1.0,"enemies":"Champ","floor":33.0,"turns":7.0},{"damage":12.0,"enemies":"Orb Walker","floor":35.0,"turns":3.0},{"damage":16.0,"enemies":"3 Darklings","floor":36.0,"turns":2.0},{"damage":0.0,"enemies":"Mind Bloom Boss Battle","floor":37.0,"turns":2.0},{"damage":15.0,"enemies":"2 Orb Walkers","floor":38.0,"turns":4.0},{"damage":0.0,"enemies":"Nemesis","floor":40.0,"turns":5.0},{"damage":0.0,"enemies":"R_Hoarder","floor":42.0,"turns":4.0},{"damage":0.0,"enemies":"4 Shapes","floor":44.0,"turns":6.0},{"damage":0.0,"enemies":"Nemesis","floor":45.0,"turns":3.0},{"damage":0.0,"enemies":"Maw","floor":46.0,"turns":3.0},{"damage":0.0,"enemies":"R_Hoarder","floor":47.0,"turns":6.0},{"damage":13.0,"enemies":"Time Eater","floor":50.0,"turns":7.0},{"damage":0.0,"enemies":"hubris:GrandSnecko","floor":51.0,"turns":2.0},{"damage":0.0,"enemies":"hubris:Merchant","floor":54.0,"turns":4.0},{"damage":4.0,"enemies":"Shield and Spear","floor":55.0,"turns":4.0},{"damage":30,"enemies":"The Heart","floor":56,"turns":7}],"seed_played":"6484113684115099204","potions_obtained":[{"floor":1.0,"key":"ColorlessPotion"},{"floor":11.0,"key":"CultistPotion"},{"floor":16.0,"key":"Energy Potion"},{"floor":27.0,"key":"SteroidPotion"},{"floor":29.0,"key":"Elixir"},{"floor":36.0,"key":"LiquidBronze"},{"floor":38.0,"key":"SteroidPotion"},{"floor":45.0,"key":"FocusPotion"}],"is_trial":false,"path_per_floor":["M","M","?","?","$","E","$","?","T","E","M","E","M","M","R","B",null,"M","?","?","?","M","E","M","E","T","E","?","M","M","?","R","B",null,"M","M","?","?","?","E","R","E","T","M","E","M","E","?","R_BF","B","B",null,"R","$","E","B",null],"character_chosen":"DEFECT","items_purchased":["All For One","SynthV:MejaisSoulstealer"],"campfire_rested":1,"item_purchase_floors":[5,5],"current_hp_per_floor":[60,60,60,39,39,15,15,13,13,13,13,13,17,17,38,46,65,65,42,42,42,41,41,41,41,41,36,36,47,47,47,47,49,49,39,33,37,38,38,54,54,61,61,61,61,61,61,61,61,54,61,61,61,61,61,43],"gold":-87,"neow_bonus":"NOSTALGIA","is_daily":false,"chose_seed":false,"campfire_upgraded":2,"win_rate":0.0,"timestamp":1614010120,"path_taken":["M","M","?","?","$","E","?","?","T","E","M","E","?","M","R","BOSS","M","?","?","?","M","E","M","E","T","E","?","M","M","?","R","BOSS","M","M","?","?","?","E","R","E","T","M","E","?","E","?","R_BF","BOSS","BOSS","R","$","E","BOSS"],"items_purchased_type":["Card","Relic"],"build_version":"2020-12-22","purchased_purges":1,"victory":true,"max_hp_per_floor":[71,71,71,71,71,71,71,71,71,71,71,71,71,71,71,71,71,71,71,71,71,71,71,71,71,71,71,49,49,49,49,49,49,49,49,49,49,54,54,54,54,61,61,61,61,61,61,61,61,61,61,61,61,61,61,61],"card_choices":[{"not_picked":["Rebound","Sunder"],"picked":"Recycle","floor":1.0},{"not_picked":["Stack","ReplayTheSpireMod:Calculation Training","BasicCrystalCard","Chaos"],"picked":"Hologram","floor":2.0},{"not_picked":["Capacitor","Streamline","ReplayTheSpireMod:Reroute Power","Compile Driver"],"picked":"Steam Power","floor":6.0},{"not_picked":["Coolheaded","Conserve Battery","Crystallizer","Tempest"],"picked":"Go for the Eyes","floor":8.0},{"not_picked":["Time Bomb","MostiFishMod:PushDownKick","Panic Button","Hologram"],"picked":"Gash","floor":10.0},{"not_picked":["MostiFishMod:PushDownKick","Reprogram","Redo","Sweeping Beam"],"picked":"Go for the Eyes","floor":11.0},{"not_picked":["Redo","Glacier","ReplayTheSpireMod:Reroute Power","Beam Cell"],"picked":"MostiFishMod:StarOceanB","floor":12.0},{"not_picked":["Aggregate","Chill","MostiFishMod:PushDownKick","FIFO Queue+1"],"picked":"Loop+1","floor":13.0},{"not_picked":["Sunder","MostiFishMod:PushDownKick","Coolheaded","Sweeping Beam"],"picked":"Panic Button","floor":14.0},{"not_picked":["ReplayRNGCard","ReplayTheSpireMod:Fabricate Wheel","MostiFishMod:StrandedSiren+1","MostiFishMod:Exploitation"],"picked":"All For One","floor":16.0},{"not_picked":["Stack","Compile Driver+1","MostiFishMod:PushDownKick+1","Skim"],"picked":"ReplayTheSpireMod:System Scan","floor":18.0},{"not_picked":["Barrage","Leap","ReplayTheSpireMod:Calculation Training","hubris:PowerSurge+1"],"picked":"Buffer+1","floor":19.0},{"not_picked":["MostiFishMod:PushDownKick","Glacier","Barrage","hubris:PowerSurge+1"],"picked":"Go for the Eyes","floor":19.0},{"not_picked":["Leap","hubris:Ukulele","Coolheaded","Rip and Tear+1"],"picked":"Gash","floor":22.0},{"not_picked":["Redo","Turbo","MostiFishMod:ActiveDefenseSystem+1","Hyperbeam"],"picked":"Aggregate+1","floor":23.0},{"not_picked":["Conserve Battery","hubris:PowerSurge+1","Streamline","Compile Driver"],"picked":"Beam Cell+1","floor":24.0},{"not_picked":["Panic Button","Loop+1","Redo","MostiFishMod:IntelligentEquipment+1"],"picked":"Go for the Eyes+1","floor":25.0},{"not_picked":["MostiFishMod:GatherIntelligence","Force Field","Compile Driver","BasicCrystalCard+1"],"picked":"Go for the Eyes","floor":27.0},{"not_picked":["Rip and Tear","Ball Lightning+1","Defragment+1","Doom and Gloom"],"picked":"Go for the Eyes","floor":29.0},{"not_picked":["Redo","Glacier","Coolheaded","Hologram","Leap"],"picked":"SKIP","floor":29.0},{"not_picked":["Sweeping Beam","Hologram","MostiFishMod:IntelligentEquipment+1","Chaos"],"picked":"Go for the Eyes","floor":30.0},{"not_picked":["Conserve Battery","MostiFishMod:PushDownKick","Melter+1","Compile Driver"],"picked":"Crystallizer+1","floor":30.0},{"not_picked":["MostiFishMod:Hijack","MostiFishMod:DeathFromBelow","Buffer+1","MostiFishMod:Prepare+1"],"picked":"MostiFishMod:InterfaceCompatibility+1","floor":33.0},{"not_picked":["Cold Snap","MostiFishMod:PushDownKick+1","Turbo+1","Stack"],"picked":"Coolheaded+1","floor":35.0},{"not_picked":["Panic Button+1","hubris:PowerSurge+1","Beam Cell","Hologram+1"],"picked":"Sweeping Beam+1","floor":35.0},{"not_picked":["Beam Cell","MostiFishMod:IceShield","Thunder Strike","Fusion+1"],"picked":"Sweeping Beam","floor":36.0},{"not_picked":["Cold Snap","Compile Driver","MostiFishMod:IceShield+1","Storm+1"],"picked":"MostiFishMod:PushDownKick","floor":36.0},{"not_picked":["Reinforced Body","Recycle+1","Redo","Capacitor+1"],"picked":"Sweeping Beam+1","floor":37.0},{"not_picked":["Doom and Gloom","MostiFishMod:LinkProtocol","MostiFishMod:Impulse","Coolheaded"],"picked":"ReplayGash","floor":38.0},{"not_picked":["Cold Snap","Ball Lightning","Consume","Turbo+1"],"picked":"Hologram","floor":40.0},{"not_picked":["Static Discharge+1","Fusion+1","Meteor Strike","Double Energy"],"picked":"Steam+1","floor":42.0},{"not_picked":["Panic Button","Beam Cell","Leap","Streamline"],"picked":"ReplaySort+1","floor":44.0},{"not_picked":["Beam Cell+1","Force Field","hubris:Ukulele","Barrage"],"picked":"Gash+1","floor":44.0},{"not_picked":["ReplayTheSpireMod:Reroute Power","Barrage","Rebound","Multi-Cast"],"picked":"White Noise","floor":45.0},{"not_picked":["Compile Driver","Coolheaded","Leap+1","Lockon+1"],"picked":"Beam Cell","floor":46.0},{"not_picked":["Barrage","Glacier","BootSequence","Panic Button+1"],"picked":"MostiFishMod:TalkingToTheRain+1","floor":46.0},{"not_picked":["hubris:Ukulele","Reprogram","ReplayTheSpireMod:GoodbyeWorld+1","Crystallizer+1","Rebound"],"picked":"SKIP","floor":47.0},{"not_picked":[],"picked":"Sweeping Beam","floor":54.0},{"not_picked":[],"picked":"Chill","floor":54.0},{"not_picked":[],"picked":"hubris:EnhanceAbility+1","floor":54.0},{"not_picked":["Meteor Strike"],"picked":"SKIP","floor":54.0},{"not_picked":["Conserve Battery"],"picked":"SKIP","floor":54.0},{"not_picked":["hubris:PowerSurge+1"],"picked":"SKIP","floor":54.0},{"not_picked":["Replay:Sssssssssstrike"],"picked":"SKIP","floor":54.0},{"not_picked":["Rip and Tear","MostiFishMod:ReprogramOld","Conserve Battery","Redo"],"picked":"Recycle+1","floor":55.0}],"player_experience":419531,"relics_obtained":[{"floor":1.0,"key":"SynthV:TestCard"},{"floor":6.0,"key":"Bottled Lightning"},{"floor":9.0,"key":"Akabeko"},{"floor":10.0,"key":"Frozen Egg 2"},{"floor":12.0,"key":"Oddly Smooth Stone"},{"floor":19.0,"key":"White Beast Statue"},{"floor":23.0,"key":"HornCleat"},{"floor":25.0,"key":"Toy Ornithopter"},{"floor":27.0,"key":"Happy Flower"},{"floor":37.0,"key":"Thread and Needle"},{"floor":38.0,"key":"Durian"},{"floor":40.0,"key":"Matryoshka"},{"floor":42.0,"key":"Strawberry"},{"floor":43.0,"key":"InkBottle"},{"floor":43.0,"key":"aspiration:FaultyCoupler"},{"floor":45.0,"key":"aspiration:SeaSaltIceCream"},{"floor":47.0,"key":"Replay:Wax Seal"},{"floor":54.0,"key":"HollowDreamFlower"},{"floor":54.0,"key":"Turnip"},{"floor":54.0,"key":"Ying"},{"floor":55.0,"key":"hubris:TenFootPole"}],"event_choices":[{"damage_healed":0.0,"max_hp_gain":0.0,"max_hp_loss":0.0,"gold_gain":150.0,"event_name":"Liars Game","player_choice":"AGREE","floor":3.0,"gold_loss":0.0,"damage_taken":0.0,"cards_obtained":["Doubt"]},{"damage_healed":0.0,"max_hp_gain":0.0,"max_hp_loss":0.0,"gold_gain":0.0,"event_name":"Shining Light","player_choice":"Entered Light","floor":4.0,"gold_loss":0.0,"damage_taken":21.0,"cards_upgraded":["Zap","Recycle"]},{"damage_healed":0.0,"max_hp_gain":0.0,"max_hp_loss":0.0,"gold_gain":0.0,"event_name":"Dead Adventurer","player_choice":"Searched \u00272\u0027 times","floor":8.0,"gold_loss":0.0,"damage_taken":0.0,"relics_obtained":["hubris:ToyBattleship"]},{"damage_healed":0.0,"max_hp_gain":0.0,"max_hp_loss":22.0,"gold_gain":0.0,"event_name":"Vampires","player_choice":"Became a vampire","floor":28.0,"gold_loss":0.0,"damage_taken":0.0,"cards_obtained":["Bite","Bite","Bite","Bite","Bite"]},{"damage_healed":0.0,"max_hp_gain":0.0,"max_hp_loss":0.0,"gold_gain":0.0,"event_name":"MindBloom","player_choice":"Fight","floor":37.0,"gold_loss":0.0,"damage_taken":0.0},{"damage_healed":0.0,"max_hp_gain":0.0,"max_hp_loss":0.0,"gold_gain":0.0,"event_name":"Mysterious Sphere","player_choice":"Fight","floor":38.0,"gold_loss":0.0,"damage_taken":0.0},{"damage_healed":0.0,"max_hp_gain":0.0,"max_hp_loss":0.0,"gold_gain":0.0,"cards_transformed":["Defend_B"],"event_name":"Transmorgrifier","player_choice":"Transformed","floor":48.0,"gold_loss":0.0,"damage_taken":0.0,"cards_obtained":["hubris:Ukulele"]}],"is_beta":false,"boss_relics":[{"not_picked":["Cursed Key","Ectoplasm","Replay:Wanted Poster"]},{"not_picked":["Empty Cage","hubris:Stopwatch"],"picked":"Replay:Bronze Core"}],"items_purged_floors":[5],"is_endless":false,"potions_floor_spawned":[1,11,13,14,16,18,22,23,24,25,27,29,30,33,35,36,37,38,40,42,44,45,46,47,54,55],"ascension_level":20}}