{"host":"3n5xmnb54n2y5mb4","time":1614031360,"event":{"mods":["BaseMod","Colored Map","Colored Powertips","Minty Spire (QoL Compilation)","Permanent Neow","StSLib","Unceasing Turn Reminder","everything is the same but u backflip on backflip"],"gold_per_floor":[117,128,128,140,105,136,136,170,197,209,240,252,291,314,326,441,453,479,491,503,526,463,501,513,558,570,607,635,29,29,0,0,0,0],"floor_reached":33,"language":"ENG","playtime":1557,"items_purged":[],"score":554,"play_id":"2378c87b-5503-4547-93bb-13ff7b193b7a","local_time":"20210222170240","is_ascension_mode":true,"campfire_choices":[{"data":"Dodge and Roll","floor":7,"key":"SMITH"},{"floor":10,"key":"REST"},{"floor":12,"key":"REST"},{"data":"Caltrops","floor":15,"key":"SMITH"},{"data":"Venomology","floor":24,"key":"SMITH"},{"data":"Noxious Fumes","floor":32,"key":"SMITH"}],"circlet_count":0,"master_deck":["AscendersBane","Strike_G","Strike_G","Strike_G","Strike_G","Defend_G","Defend_G+1","Defend_G","Defend_G","Defend_G+1","Survivor","Neutralize+1","Backstab","Dodge and Roll+1","Venomology+1","Blade Dance","Cloak And Dagger","Dagger Spray","Caltrops+1","Venomology","CurseOfTheBell","Dagger Throw","J.A.X.","Noxious Fumes+1","Caltrops","Slice","Acrobatics+1","Master of Strategy+1","Deflect+1"],"relics":["Ring of the Snake","MealTicket","Ancient Tea Set","War Paint","MawBank","Toy Ornithopter","Calling Bell","Blood Vial","Shuriken","CaptainsWheel","StrikeDummy","Toxic Egg 2","Question Card","Lantern","Bottled Flame","Boot","Bottled Tornado"],"acts_visited":["Exordium","TheCity"],"potions_floor_usage":[6,8,13,14,16,16,18,21,21,23,23,25,25,27,27,28,28,33,33,33,33],"damage_taken":[{"damage":0,"enemies":"Small Slimes","floor":1,"turns":4},{"damage":4,"enemies":"Jaw Worm","floor":2,"turns":3},{"damage":0,"enemies":"2 Louse","floor":4,"turns":3},{"damage":13,"enemies":"3 Sentries","floor":6,"turns":14},{"damage":23,"enemies":"Lagavulin","floor":8,"turns":8},{"damage":0,"enemies":"2 Fungi Beasts","floor":11,"turns":3},{"damage":0,"enemies":"3 Sentries","floor":13,"turns":7},{"damage":0,"enemies":"Exordium Wildlife","floor":14,"turns":4},{"damage":44,"enemies":"Hexaghost","floor":16,"turns":11},{"damage":12,"enemies":"Chosen","floor":18,"turns":7},{"damage":1,"enemies":"3 Byrds","floor":21,"turns":4},{"damage":26,"enemies":"Book of Stabbing","floor":23,"turns":5},{"damage":36,"enemies":"Slavers","floor":25,"turns":7},{"damage":7,"enemies":"Gremlin Leader","floor":27,"turns":6},{"damage":3,"enemies":"Centurion and Healer","floor":28,"turns":5},{"damage":103,"enemies":"Collector","floor":33,"turns":7}],"seed_played":"4794705720492379354","potions_obtained":[{"floor":1,"key":"SkillPotion"},{"floor":2,"key":"DuplicationPotion"},{"floor":16,"key":"GamblersBrew"},{"floor":27,"key":"Block Potion"}],"is_trial":false,"path_per_floor":["M","M","?","M","?","E","R","E","T","R","M","R","E","M","R","B",null,"M","?","?","M","?","E","R","E","T","E","M","$","T","?","R","B"],"character_chosen":"THE_SILENT","items_purchased":["Master of Strategy+1","Bottled Flame","Deflect+1","Boot"],"campfire_rested":2,"item_purchase_floors":[29,29,29,29],"current_hp_per_floor":[63,59,47,47,64,51,51,28,28,49,49,70,70,70,70,31,60,55,55,55,66,66,52,52,28,28,33,42,57,57,57,57,0,0],"gold":0,"neow_bonus":"UPGRADE_CARD","is_daily":false,"chose_seed":false,"campfire_upgraded":4,"win_rate":0.0,"timestamp":1614031360,"path_taken":["M","M","?","M","?","E","R","E","T","R","M","R","E","M","R","BOSS","M","?","?","M","?","E","R","E","T","E","?","$","?","?","R","BOSS"],"items_purchased_type":["Card","Relic","Card","Relic"],"build_version":"2020-12-22","purchased_purges":0,"victory":false,"max_hp_per_floor":[70,70,70,70,70,70,70,70,70,70,70,70,70,70,70,70,70,70,70,70,70,70,70,70,70,70,70,70,70,70,70,70,70,70],"card_choices":[{"not_picked":["PiercingWail","Quick Slash"],"picked":"Backstab","floor":1},{"not_picked":["Outmaneuver","Calculated Gamble"],"picked":"Dodge and Roll","floor":2},{"not_picked":["Deflect","Infinite Blades"],"picked":"Venomology","floor":4},{"not_picked":["Dagger Spray","Accuracy"],"picked":"Blade Dance","floor":6},{"not_picked":["Poisoned Stab","Skewer"],"picked":"Cloak And Dagger","floor":8},{"not_picked":["Underhanded Strike","Catalyst"],"picked":"Dagger Spray","floor":11},{"not_picked":["Corpse Explosion","Bane","Distraction"],"picked":"SKIP","floor":13},{"not_picked":["Prepared","Heel Hook"],"picked":"Caltrops","floor":14},{"not_picked":["Malaise","Tools of the Trade"],"picked":"Venomology","floor":16},{"not_picked":["Concentrate","Dagger Spray"],"picked":"Dagger Throw","floor":18},{"not_picked":["Crippling Poison","Deadly Poison","Escape Plan"],"picked":"SKIP","floor":21},{"not_picked":["Quick Slash","Catalyst"],"picked":"Noxious Fumes","floor":23},{"not_picked":["Bane","Flying Knee"],"picked":"Caltrops","floor":25},{"not_picked":["Corpse Explosion+1","Poisoned Stab+1","Deflect+1"],"picked":"Slice","floor":27},{"not_picked":["Masterful Stab","Calculated Gamble+1","Well Laid Plans"],"picked":"Acrobatics+1","floor":28}],"player_experience":1003065,"relics_obtained":[{"floor":6,"key":"Ancient Tea Set"},{"floor":8,"key":"War Paint"},{"floor":9,"key":"MawBank"},{"floor":13,"key":"Toy Ornithopter"},{"floor":17,"key":"Blood Vial"},{"floor":17,"key":"Shuriken"},{"floor":17,"key":"CaptainsWheel"},{"floor":23,"key":"StrikeDummy"},{"floor":25,"key":"Toxic Egg 2"},{"floor":26,"key":"Question Card"},{"floor":27,"key":"Lantern"},{"floor":30,"key":"Bottled Tornado"}],"event_choices":[{"damage_healed":0,"gold_gain":0,"player_choice":"Success","damage_taken":12,"relics_obtained":["MealTicket"],"max_hp_gain":0,"max_hp_loss":0,"event_name":"Scrap Ooze","floor":3,"gold_loss":0},{"damage_healed":17,"gold_gain":0,"player_choice":"Healed","damage_taken":0,"max_hp_gain":0,"max_hp_loss":0,"event_name":"The Cleric","floor":5,"gold_loss":35},{"damage_healed":0,"gold_gain":0,"player_choice":"Obtain J.A.X.","damage_taken":0,"max_hp_gain":0,"max_hp_loss":0,"event_name":"Drug Dealer","floor":19,"gold_loss":0,"cards_obtained":["J.A.X."]},{"damage_healed":0,"gold_gain":0,"player_choice":"Ignored","damage_taken":0,"max_hp_gain":0,"max_hp_loss":0,"event_name":"Ghosts","floor":20,"gold_loss":0},{"cards_removed":["Strike_G"],"damage_healed":0,"gold_gain":0,"player_choice":"Gave Gold","damage_taken":0,"max_hp_gain":0,"max_hp_loss":0,"event_name":"Beggar","floor":22,"gold_loss":75},{"damage_healed":0,"gold_gain":0,"player_choice":"Paid Fearfully","damage_taken":0,"max_hp_gain":0,"max_hp_loss":0,"event_name":"Masked Bandits","floor":31,"gold_loss":29}],"is_beta":false,"boss_relics":[{"not_picked":["Snecko Eye","Black Star"],"picked":"Calling Bell"}],"items_purged_floors":[],"is_endless":false,"potions_floor_spawned":[1,2,13,14,16,18,23,27],"killed_by":"Collector","ascension_level":12}}