{"host":"e8hwgc5hwysw32tq","time":1614030244,"event":{"mods":["BaseMod","Downfall","Googly Eyes","Minty Spire (QoL Compilation)","StSLib","Together in Spire"],"gold_per_floor":[99,109,120,135,285,285,334,361,393,419,433,471,471,499,527,640,640,640,665,687,696,715,738,738,738,738,738,738],"floor_reached":26,"language":"ENG","playtime":1901,"items_purged":[],"score":224,"play_id":"6e372938-e8ee-4714-9143-27d46525a6fe","local_time":"20210222134404","is_ascension_mode":false,"campfire_choices":[{"data":"hexamod:Sear","floor":1,"key":"SMITH"},{"data":"hexamod:AdvancingGuard","floor":6,"key":"SMITH"},{"data":"hexamod:Rewind","floor":18,"key":"SMITH"},{"floor":25,"key":"REST"}],"circlet_count":0,"master_deck":["hexamod:Strike","hexamod:Strike","hexamod:Strike","hexamod:Defend","hexamod:Defend","hexamod:Defend","hexamod:Defend","hexamod:Sear+1","hexamod:Float","hexamod:FastForward","hexamod:AdvancingGuard+1","hexamod:TimeOfNeed","downfall:Icky","hexamod:Rewind+1","hexamod:InspiringFlames","hexamod:SuperheatedStrike+1","hexamod:FlamesFromBeyond","hexamod:ThermalTransfer","hexamod:GiftsFromTheDead","hexamod:FastForward","hexamod:HeatShield","hexamod:TurnItUp","hexamod:Hexaguard","hexamod:ThermalTransfer+1"],"relics":["hexamod:UnbrokenSoul","CeramicFish","Potion Belt","Bottled Tornado"],"acts_visited":["Exordium","TheCity"],"potions_floor_usage":[8,12,12,16],"damage_taken":[{"damage":1,"enemies":"Jaw Worm","floor":2,"turns":3},{"damage":0,"enemies":"2 Louse","floor":3,"turns":3},{"damage":0,"enemies":"Cultist","floor":4,"turns":3},{"damage":0,"enemies":"Lots of Slimes","floor":8,"turns":2},{"damage":2,"enemies":"Lagavulin","floor":9,"turns":7},{"damage":2,"enemies":"Blue Slaver","floor":10,"turns":3},{"damage":0,"enemies":"Red Slaver","floor":11,"turns":5},{"damage":20,"enemies":"Gremlin Nob","floor":12,"turns":3},{"damage":0,"enemies":"Large Slime","floor":14,"turns":5},{"damage":8,"enemies":"2 Fungi Beasts","floor":15,"turns":4},{"damage":34,"enemies":"DF_ARCHETYPE_STREAMLINE","floor":16,"turns":11},{"damage":7,"enemies":"Shell Parasite","floor":19,"turns":4},{"damage":17,"enemies":"Chosen","floor":20,"turns":5},{"damage":2,"enemies":"Snake Plant","floor":22,"turns":3},{"damage":18,"enemies":"Centurion and Healer","floor":23,"turns":5},{"damage":56,"enemies":"Gremlin Leader","floor":26,"turns":4}],"seed_played":"3682065391833429687","potions_obtained":[{"floor":2,"key":"Explosive Potion"},{"floor":4,"key":"hexamod:SoulburnPotion"},{"floor":9,"key":"Energy Potion"},{"floor":11,"key":"champ:CounterPotion"},{"floor":19,"key":"Strength Potion"}],"is_trial":false,"path_per_floor":["R","M","M","M","?","R","T","M","E","M","M","E","?","M","M","B",null,"R","M","M","?","M","M","T","R","E"],"character_chosen":"THE_SPIRIT","items_purchased":[],"campfire_rested":1,"item_purchase_floors":[],"current_hp_per_floor":[70,69,69,69,69,69,69,69,67,65,65,45,45,45,37,3,70,70,63,46,46,44,26,26,47,0,0,0],"gold":738,"neow_bonus":"REMOVE_CARD","is_daily":false,"chose_seed":false,"campfire_upgraded":3,"win_rate":0.0,"timestamp":1614030244,"path_taken":["R","M","M","M","?","R","T","M","E","M","M","E","?","?","M","BOSS","R","?","?","?","M","M","T","R","E"],"items_purchased_type":[],"build_version":"2020-12-22","purchased_purges":0,"victory":false,"max_hp_per_floor":[70,70,70,70,70,70,70,70,70,70,70,70,70,70,70,70,70,70,70,70,70,70,70,70,70,70,70,70],"card_choices":[{"not_picked":["hexamod:RetreatToShadows","hexamod:SkipABeat"],"picked":"hexamod:FastForward","floor":2},{"not_picked":["hexamod:SuperheatedStrike","hexamod:SecondSeal"],"picked":"hexamod:AdvancingGuard","floor":3},{"not_picked":["hexamod:FastForward","hexamod:AdvancingGuard"],"picked":"hexamod:TimeOfNeed","floor":4},{"not_picked":["hexamod:SuperheatedStrike","hexamod:SpectersWail"],"picked":"hexamod:Rewind","floor":8},{"not_picked":["hexamod:SwordOfDarkness","hexamod:ParanormalForm","hexamod:BurningTouch"],"picked":"SKIP","floor":9},{"not_picked":["hexamod:HeatMetal","hexamod:RetreatToShadows"],"picked":"hexamod:InspiringFlames","floor":10},{"not_picked":["hexamod:SecondSeal","hexamod:HeatCrush","hexamod:BurningTouch"],"picked":"SKIP","floor":11},{"not_picked":["hexamod:SkipABeat","hexamod:BurningTouch"],"picked":"hexamod:SuperheatedStrike","floor":12},{"not_picked":["hexamod:EtherealExpedition","hexamod:ThermalTransfer"],"picked":"hexamod:FlamesFromBeyond","floor":14},{"not_picked":["hexamod:AdvancingGuard","hexamod:BurningTouch"],"picked":"hexamod:ThermalTransfer","floor":15},{"not_picked":["hexamod:UnlimitedPower","hexamod:SixthSeal"],"picked":"hexamod:GiftsFromTheDead","floor":16},{"not_picked":["hexamod:DynamicBlow","hexamod:HeatCrush"],"picked":"hexamod:FastForward","floor":19},{"not_picked":["hexamod:SuperheatedStrike","hexamod:Firestarter+1"],"picked":"hexamod:HeatShield","floor":20},{"not_picked":["hexamod:BurningTouch","hexamod:NightmareStrike+1"],"picked":"hexamod:Hexaguard","floor":22},{"not_picked":["hexamod:NecessarySacrifice","hexamod:BacktrackSmack"],"picked":"hexamod:ThermalTransfer+1","floor":23}],"player_experience":473057,"relics_obtained":[{"floor":7,"key":"CeramicFish"},{"floor":9,"key":"Sundial"},{"floor":12,"key":"Potion Belt"},{"floor":24,"key":"Bottled Tornado"}],"event_choices":[{"damage_healed":0,"gold_gain":0,"player_choice":"Forge","damage_taken":0,"max_hp_gain":0,"max_hp_loss":0,"event_name":"Accursed Blacksmith","floor":13,"gold_loss":0,"cards_upgraded":["hexamod:SuperheatedStrike"]}],"is_beta":false,"boss_relics":[{"not_picked":["Calling Bell","Sozu"],"picked":"hexamod:UnbrokenSoul"}],"items_purged_floors":[],"is_endless":false,"potions_floor_spawned":[2,4,9,11,19],"killed_by":"Gremlin Leader","ascension_level":0}}