{"host":"seujf6kmfn3ctpoe","time":1614015978,"event":{"mods":["BaseMod","Colored Map","Jedi Mod","Minty Spire (QoL Compilation)","Permanent Neow","Relic Sorter","Relic Stats","StSLib"],"gold_per_floor":[113,63,63,83,106,146,66,66,145,70,105,105,144,144,144,270,270,283,183,199,74,97,138,163,163,163,206,206,221,221,264,264,394,394,413,413,433,433,458,458,499,518,518,559,392,427,446,469,469,469,469,469,189,230,230,230],"floor_reached":55,"language":"ENG","playtime":8005,"items_purged":["Strike_R","Bash","Defend_R"],"score":900,"play_id":"cddaa25a-a0d4-4431-80af-a773c24bda40","local_time":"20210222184618","is_ascension_mode":true,"campfire_choices":[{"data":"Shockwave","floor":8,"key":"SMITH"},{"data":"Carnage","floor":12,"key":"SMITH"},{"data":"Rampage","floor":15,"key":"SMITH"},{"data":"Double Tap","floor":28,"key":"SMITH"},{"data":"Shrug It Off","floor":30,"key":"SMITH"},{"data":"Cleave","floor":32,"key":"SMITH"},{"floor":40,"key":"RECALL"},{"data":"Shrug It Off","floor":49,"key":"SMITH"},{"data":"Defend_R","floor":52,"key":"SMITH"}],"circlet_count":0,"master_deck":["Defend_R+1","Defend_R","Cleave+1","Shockwave+1","Carnage+1","Rampage+1","Shrug It Off+1","Double Tap+1","Uppercut+1","Shrug It Off+1","Pommel Strike+1"],"relics":["Burning Blood","jedi:matchstick","Golden Idol","Oddly Smooth Stone","jedi:angrymask","jedi:purplefairy","Sozu","Boot","Magic Flower","Art of War","Letter Opener","Busted Crown","Shuriken","jedi:cryingmask","CaptainsWheel","Membership Card","Self Forming Clay","TheAbacus","Pen Nib","jedi:leech","Calipers"],"acts_visited":["Exordium","TheCity","TheBeyond","TheEnding"],"potions_floor_usage":[27,27,55],"damage_taken":[{"damage":0,"enemies":"Small Slimes","floor":1,"turns":6},{"damage":0,"enemies":"2 Louse","floor":4,"turns":2},{"damage":6,"enemies":"Jaw Worm","floor":5,"turns":3},{"damage":34,"enemies":"3 Sentries","floor":6,"turns":9},{"damage":12,"enemies":"Gremlin Nob","floor":11,"turns":3},{"damage":14,"enemies":"Lagavulin","floor":13,"turns":5},{"damage":4,"enemies":"Hexaghost","floor":16,"turns":8},{"damage":0,"enemies":"Chosen","floor":18,"turns":2},{"damage":0,"enemies":"3 Byrds","floor":20,"turns":5},{"damage":0,"enemies":"3 Cultists","floor":22,"turns":4},{"damage":1,"enemies":"Book of Stabbing","floor":23,"turns":5},{"damage":1,"enemies":"Cultist and Chosen","floor":24,"turns":4},{"damage":6,"enemies":"Gremlin Leader","floor":27,"turns":5},{"damage":7,"enemies":"Snecko","floor":29,"turns":4},{"damage":19,"enemies":"Slavers","floor":31,"turns":3},{"damage":4,"enemies":"Champ","floor":33,"turns":6},{"damage":0,"enemies":"Orb Walker","floor":35,"turns":2},{"damage":4,"enemies":"3 Darklings","floor":37,"turns":4},{"damage":3,"enemies":"Writhing Mass","floor":39,"turns":4},{"damage":3,"enemies":"Giant Head","floor":41,"turns":5},{"damage":7,"enemies":"4 Shapes","floor":42,"turns":3},{"damage":6,"enemies":"Reptomancer","floor":44,"turns":4},{"damage":0,"enemies":"Giant Head","floor":46,"turns":5},{"damage":22,"enemies":"3 Darklings","floor":47,"turns":3},{"damage":3,"enemies":"Maw","floor":48,"turns":5},{"damage":38,"enemies":"Awakened One","floor":50,"turns":10},{"damage":15,"enemies":"Shield and Spear","floor":54,"turns":4},{"damage":69,"enemies":"The Heart","floor":55,"turns":6}],"seed_played":"-2604054202350954775","potions_obtained":[{"floor":11,"key":"PowerPotion"},{"floor":13,"key":"Block Potion"},{"floor":16,"key":"Block Potion"}],"is_trial":false,"path_per_floor":["M","?","?","M","M","E","$","R","T","$","E","R","E","?","R","B",null,"M","$","M","$","M","E","M","?","T","E","R","M","R","E","R","B",null,"M","?","M","?","M","R","E","M","T","E","$","E","M","M","R","B",null,"R","$","E","B"],"character_chosen":"IRONCLAD","items_purchased":["Carnage","Membership Card","Shrug It Off","TheAbacus","Pen Nib","jedi:leech"],"campfire_rested":0,"item_purchase_floors":[7,45,45,53,53,53],"current_hp_per_floor":[62,62,62,68,68,40,40,40,40,40,34,34,26,26,31,33,74,74,74,74,74,74,74,74,74,74,74,74,74,74,64,74,74,74,74,74,74,74,74,74,74,74,74,74,74,74,61,67,74,45,74,74,74,68,0,0],"gold":230,"neow_bonus":"REMOVE_TWO","is_daily":false,"chose_seed":false,"campfire_upgraded":8,"win_rate":0.0,"timestamp":1614015978,"path_taken":["M","?","?","M","M","E","$","R","T","?","E","R","E","?","R","BOSS","M","$","M","$","M","E","M","?","T","E","R","?","R","E","R","BOSS","M","?","?","?","?","R","E","M","T","E","$","E","M","M","R","BOSS","R","$","E","BOSS"],"items_purchased_type":["Card","Relic","Card","Relic","Relic","Relic"],"build_version":"2020-12-22","purchased_purges":3,"victory":false,"max_hp_per_floor":[80,80,74,74,74,74,74,74,74,74,74,74,74,74,74,74,74,74,74,74,74,74,74,74,74,74,74,74,74,74,74,74,74,74,74,74,74,74,74,74,74,74,74,74,74,74,74,74,74,74,74,74,74,74,74,74],"relic_stats":{"counters":[28,129],"Golden Idol":210,"Self Forming Clay":[54],"Magic Flower":[17],"Pen Nib":[2],"Letter Opener":[39],"Boot":[1],"Burning Blood":129,"Sozu":9,"Busted Crown":20,"TheAbacus":[30],"Shuriken":[22],"Art of War":[2],"obtain_stats":[{"jedi:angrymask":9,"Calipers":54,"Golden Idol":3,"Self Forming Clay":46,"Oddly Smooth Stone":6,"jedi:purplefairy":13,"Magic Flower":26,"Pen Nib":53,"Letter Opener":31,"Boot":23,"Burning Blood":0,"Sozu":17,"jedi:leech":53,"CaptainsWheel":44,"Busted Crown":34,"TheAbacus":53,"Shuriken":36,"jedi:matchstick":11,"jedi:cryingmask":41,"Art of War":27,"Membership Card":45},{"jedi:angrymask":4,"Calipers":27,"Golden Idol":1,"Self Forming Clay":23,"Oddly Smooth Stone":4,"jedi:purplefairy":6,"Magic Flower":12,"Pen Nib":26,"Letter Opener":15,"Boot":11,"Burning Blood":0,"Sozu":7,"jedi:leech":26,"CaptainsWheel":22,"Busted Crown":16,"TheAbacus":26,"Shuriken":17,"jedi:matchstick":5,"jedi:cryingmask":20,"Art of War":13,"Membership Card":22},{"jedi:angrymask":20,"Calipers":123,"Golden Idol":6,"Self Forming Clay":101,"Oddly Smooth Stone":20,"jedi:purplefairy":28,"Magic Flower":56,"Pen Nib":119,"Letter Opener":68,"Boot":52,"Burning Blood":0,"Sozu":36,"jedi:leech":119,"CaptainsWheel":96,"Busted Crown":74,"TheAbacus":119,"Shuriken":76,"jedi:matchstick":23,"jedi:cryingmask":89,"Art of War":61,"Membership Card":96}]},"card_choices":[{"not_picked":["Headbutt","Pommel Strike"],"picked":"Cleave","floor":1},{"not_picked":["Blood for Blood","Pommel Strike","Perfected Strike"],"picked":"SKIP","floor":4},{"not_picked":["Burning Pact","True Grit"],"picked":"Shockwave","floor":5},{"not_picked":["Cleave","Second Wind","Havoc"],"picked":"SKIP","floor":6},{"not_picked":["Ghostly Armor","Carnage"],"picked":"Rampage","floor":11},{"not_picked":["Wild Strike","Clothesline"],"picked":"Shrug It Off","floor":13},{"not_picked":["Reaper","Feed"],"picked":"Double Tap","floor":16},{"not_picked":["Rage","Flex","Twin Strike"],"picked":"SKIP","floor":18},{"not_picked":["Infernal Blade","jedi:suffering","Warcry"],"picked":"SKIP","floor":20},{"not_picked":["Heavy Blade","Hemokinesis","Clash"],"picked":"SKIP","floor":22},{"not_picked":["Havoc","Sever Soul","Second Wind"],"picked":"SKIP","floor":23},{"not_picked":["Inflame","Rage+1","Clash+1"],"picked":"SKIP","floor":24},{"not_picked":["Sword Boomerang+1","Pommel Strike","Flame Barrier"],"picked":"SKIP","floor":27},{"not_picked":["Perfected Strike","Shockwave"],"picked":"Uppercut+1","floor":29},{"not_picked":["Corruption","Clash","Warcry"],"picked":"SKIP","floor":31},{"not_picked":["Armaments"],"picked":"SKIP","floor":35},{"not_picked":["jedi:hate"],"picked":"SKIP","floor":37},{"not_picked":["Iron Wave+1"],"picked":"SKIP","floor":39},{"not_picked":["Cleave"],"picked":"SKIP","floor":41},{"not_picked":["Body Slam+1"],"picked":"SKIP","floor":42},{"not_picked":["Wild Strike+1"],"picked":"SKIP","floor":44},{"not_picked":["jedi:fear+1"],"picked":"SKIP","floor":46},{"not_picked":["jedi:fear+1"],"picked":"SKIP","floor":47},{"not_picked":["Pommel Strike+1"],"picked":"SKIP","floor":48},{"not_picked":[],"picked":"Pommel Strike+1","floor":48},{"not_picked":["Armaments+1"],"picked":"SKIP","floor":54}],"player_experience":459723,"relics_obtained":[{"floor":6,"key":"Oddly Smooth Stone"},{"floor":9,"key":"jedi:angrymask"},{"floor":11,"key":"jedi:matchstick"},{"floor":13,"key":"jedi:purplefairy"},{"floor":23,"key":"Boot"},{"floor":26,"key":"Magic Flower"},{"floor":27,"key":"Art of War"},{"floor":31,"key":"Letter Opener"},{"floor":36,"key":"Shuriken"},{"floor":41,"key":"jedi:cryingmask"},{"floor":44,"key":"CaptainsWheel"},{"floor":46,"key":"Self Forming Clay"},{"floor":54,"key":"Calipers"}],"event_choices":[{"cards_removed":["Strike_R"],"damage_healed":0,"gold_gain":0,"player_choice":"Card Removal","damage_taken":0,"max_hp_gain":0,"max_hp_loss":0,"event_name":"The Cleric","floor":2,"gold_loss":50},{"damage_healed":0,"gold_gain":0,"player_choice":"Lose Max HP","damage_taken":0,"relics_obtained":["Golden Idol"],"max_hp_gain":0,"max_hp_loss":6,"event_name":"Golden Idol","floor":3,"gold_loss":0},{"cards_removed":["Strike_R"],"damage_healed":0,"gold_gain":0,"player_choice":"Forget","damage_taken":0,"max_hp_gain":0,"max_hp_loss":0,"event_name":"Living Wall","floor":14,"gold_loss":0},{"cards_removed":["Defend_R"],"damage_healed":0,"gold_gain":0,"player_choice":"Offered Basic","damage_taken":0,"max_hp_gain":0,"max_hp_loss":0,"event_name":"Bonfire Elementals","floor":25,"gold_loss":0},{"damage_healed":0,"gold_gain":0,"player_choice":"Relic","damage_taken":0,"max_hp_gain":0,"max_hp_loss":0,"event_name":"Wheel of Change","floor":36,"gold_loss":0},{"damage_healed":0,"gold_gain":0,"player_choice":"0 cards matched","damage_taken":0,"max_hp_gain":0,"max_hp_loss":0,"event_name":"Match and Keep!","floor":38,"gold_loss":0,"cards_obtained":[]}],"is_beta":false,"boss_relics":[{"not_picked":["Astrolabe","Calling Bell"],"picked":"Sozu"},{"not_picked":["Runic Dome","SacredBark"],"picked":"Busted Crown"}],"items_purged_floors":[10,19,21],"is_endless":false,"potions_floor_spawned":[11,13,16,18,23,24,29,31,41,42,47,48],"killed_by":"The Heart","ascension_level":1}}