{"host":"sy26bfguqtls01um","time":1614010313,"event":{"mods":["BaseMod","DeckTracker","Hermit","Minty Spire (QoL Compilation)","Random Character Button","StSLib","SuperFastMode","The Hierophant","The Necromancer","The Servant 0.9.4","The Wild Card"],"gold_per_floor":[114,114,133,146,66,66,66,66,66,95,109,109,121,136,136,136,136],"floor_reached":16,"language":"KOR","playtime":308,"items_purged":[],"score":204,"play_id":"4b09ab61-f34e-4d2a-959c-8d35f2fdd581","local_time":"20210223011153","is_ascension_mode":true,"campfire_choices":[{"data":"Potential","floor":6,"key":"SMITH"},{"data":"Exchange","floor":8,"key":"SMITH"},{"floor":15,"key":"REST"}],"circlet_count":0,"master_deck":["AscendersBane","Strike_S","Strike_S","Strike_S","Strike_S","Defend_S","Defend_S","Defend_S","Defend_S","KidneyShot","Exchange+1","Potential+1","Reset","Luminosity+1","Misdirection","SpecialFormula+1","Barrier"],"relics":["Uniform","NeowsBlessing","Vajra","Potion Belt"],"acts_visited":["Exordium"],"potions_floor_usage":[16],"damage_taken":[{"damage":0,"enemies":"Jaw Worm","floor":1,"turns":1},{"damage":0,"enemies":"Cultist","floor":3,"turns":1},{"damage":0,"enemies":"Small Slimes","floor":4,"turns":1},{"damage":20,"enemies":"Gremlin Nob","floor":10,"turns":4},{"damage":5,"enemies":"Blue Slaver","floor":11,"turns":5},{"damage":6,"enemies":"Looter","floor":13,"turns":4},{"damage":22,"enemies":"Large Slime","floor":14,"turns":7},{"damage":50,"enemies":"Hexaghost","floor":16,"turns":14}],"seed_played":"826210554137599177","potions_obtained":[{"floor":1,"key":"Energy Potion"},{"floor":11,"key":"Ancient Potion"},{"floor":13,"key":"FairyPotion"},{"floor":14,"key":"BlessingOfTheForge"}],"is_trial":false,"path_per_floor":["M","?","M","M","$","R","?","R","T","E","M","?","M","M","R","B"],"character_chosen":"THE_SERVANT","items_purchased":["Luminosity"],"campfire_rested":1,"item_purchase_floors":[5],"current_hp_per_floor":[54,45,45,45,45,45,45,45,45,25,20,20,22,18,36,0,0],"gold":136,"neow_bonus":"THREE_ENEMY_KILL","is_daily":false,"chose_seed":false,"campfire_upgraded":2,"win_rate":0.0,"timestamp":1614010313,"path_taken":["M","?","?","M","$","R","?","R","T","E","?","?","?","M","R","BOSS"],"items_purchased_type":["Card"],"build_version":"2020-12-22","purchased_purges":0,"victory":false,"max_hp_per_floor":[60,60,60,60,60,60,60,60,60,60,60,60,60,60,60,60,60],"card_choices":[{"not_picked":["Collapse","Shuttle","Revamp"],"picked":"SKIP","floor":1},{"not_picked":["ShatteredReality","FanOfKnives"],"picked":"Potential","floor":3},{"not_picked":["Spin","Unruled"],"picked":"Reset","floor":4},{"not_picked":["Replace","Reset"],"picked":"Misdirection","floor":10},{"not_picked":["Unruled","ShatteredReality"],"picked":"SpecialFormula","floor":11},{"not_picked":["StarChef","ForgedInTime"],"picked":"Barrier","floor":13},{"not_picked":["Orbit","Ricochet","Alleviate"],"picked":"SKIP","floor":14}],"player_experience":1909095,"relics_obtained":[{"floor":9,"key":"Vajra"},{"floor":10,"key":"Potion Belt"}],"event_choices":[{"damage_healed":0,"gold_gain":0,"player_choice":"Damaged","damage_taken":9,"max_hp_gain":0,"max_hp_loss":0,"event_name":"Wheel of Change","floor":2,"gold_loss":0},{"damage_healed":0,"gold_gain":0,"player_choice":"Upgraded","damage_taken":0,"max_hp_gain":0,"max_hp_loss":0,"event_name":"Upgrade Shrine","floor":7,"gold_loss":0,"cards_upgraded":["Luminosity"]},{"damage_healed":0,"gold_gain":0,"player_choice":"Forge","damage_taken":0,"max_hp_gain":0,"max_hp_loss":0,"event_name":"Accursed Blacksmith","floor":12,"gold_loss":0,"cards_upgraded":["SpecialFormula"]}],"is_beta":false,"boss_relics":[],"items_purged_floors":[],"is_endless":false,"potions_floor_spawned":[1,11,13,14],"killed_by":"Hexaghost","ascension_level":20}}