{"host":"fdzt26oh6i4vaxrk","time":1614030584,"event":{"mods":["BaseMod","Colored Map","Minty Spire (QoL Compilation)"],"gold_per_floor":[112,130,147,159,159,159,192,192,215,215,247,261,261,274,274,351,351,365,40,53,66,78,110,110,144,198,198,198,198,198,0,0,71,71,84,94,94,106,116,116,116,116,116],"floor_reached":42,"language":"ITA","playtime":6414,"items_purged":["Shame"],"score":1195,"play_id":"284e13f7-8537-45ab-9685-609c12083c9e","local_time":"20210222224944","is_ascension_mode":true,"campfire_choices":[{"data":"Consume","floor":6.0,"key":"SMITH"},{"floor":8.0,"key":"REST"},{"floor":10.0,"key":"REST"},{"floor":13.0,"key":"REST"},{"floor":15.0,"key":"REST"},{"floor":24.0,"key":"REST"},{"floor":28.0,"key":"REST"},{"floor":32.0,"key":"REST"},{"data":"Fission","floor":40,"key":"SMITH"}],"circlet_count":0,"master_deck":["AscendersBane","Zap","Dualcast","Compile Driver+1","Conserve Battery","Consume+1","Go for the Eyes","Multi-Cast","FTL","Doom and Gloom+1","Stack","Go for the Eyes","Glacier","Glacier","Chill","Core Surge","Fission+1","Go for the Eyes","Rainbow","Rip and Tear","Lockon","Meteor Strike","FTL","Core Surge","Panacea","Hologram","Leap","Beam Cell+1","Coolheaded+1","Hello World","Hologram","Turbo","Defragment","BootSequence","Buffer","CurseOfTheBell","Self Repair","Stack+1","Rebound","Hyperbeam","Parasite","Aggregate"],"relics":["Cracked Core","Happy Flower","Dream Catcher","Whetstone","Pandora\u0027s Box","The Courier","PreservedInsect","Oddly Smooth Stone","Bag of Marbles","Calling Bell","Bag of Preparation","Pantograph","Bird Faced Urn"],"acts_visited":["Exordium","TheCity","TheBeyond"],"potions_floor_usage":[38],"damage_taken":[{"damage":4.0,"enemies":"Small Slimes","floor":1.0,"turns":3.0},{"damage":1.0,"enemies":"Cultist","floor":2.0,"turns":3.0},{"damage":2.0,"enemies":"Jaw Worm","floor":3.0,"turns":4.0},{"damage":1.0,"enemies":"Exordium Wildlife","floor":4.0,"turns":3.0},{"damage":35.0,"enemies":"3 Sentries","floor":7.0,"turns":8.0},{"damage":15.0,"enemies":"Lagavulin","floor":11.0,"turns":5.0},{"damage":8.0,"enemies":"Exordium Thugs","floor":12.0,"turns":3.0},{"damage":15.0,"enemies":"3 Louse","floor":14.0,"turns":2.0},{"damage":29.0,"enemies":"The Guardian","floor":16.0,"turns":12.0},{"damage":14.0,"enemies":"Shell Parasite","floor":18.0,"turns":4.0},{"damage":5.0,"enemies":"Spheric Guardian","floor":20.0,"turns":4.0},{"damage":4.0,"enemies":"3 Cultists","floor":21.0,"turns":7.0},{"damage":28.0,"enemies":"Centurion and Healer","floor":22.0,"turns":7.0},{"damage":9.0,"enemies":"Book of Stabbing","floor":23.0,"turns":6.0},{"damage":32.0,"enemies":"Slavers","floor":25.0,"turns":7.0},{"damage":0.0,"enemies":"Snake Plant","floor":30.0,"turns":1.0},{"damage":48.0,"enemies":"Collector","floor":33.0,"turns":16.0},{"damage":25.0,"enemies":"3 Darklings","floor":35.0,"turns":10.0},{"damage":2.0,"enemies":"3 Shapes","floor":36.0,"turns":9.0},{"damage":27,"enemies":"Writhing Mass","floor":38,"turns":12},{"damage":8,"enemies":"Sphere and 2 Shapes","floor":39,"turns":11},{"damage":67,"enemies":"Giant Head","floor":42,"turns":9}],"seed_played":"-4424005024340004947","potions_obtained":[{"floor":2.0,"key":"SkillPotion"},{"floor":3.0,"key":"AttackPotion"},{"floor":4.0,"key":"LiquidBronze"},{"floor":12.0,"key":"LiquidBronze"},{"floor":16.0,"key":"LiquidMemories"},{"floor":20.0,"key":"SmokeBomb"},{"floor":22.0,"key":"SpeedPotion"},{"floor":25.0,"key":"EssenceOfSteel"},{"floor":33.0,"key":"Weak Potion"},{"floor":35.0,"key":"ColorlessPotion"}],"is_trial":false,"path_per_floor":["M","M","M","M","?","R","E","R","T","R","E","M","R","M","R","B",null,"M","$","M","M","M","E","R","E","T","?","R","T","M","$","R","B",null,"M","M","?","M","M","R","?","E"],"character_chosen":"DEFECT","items_purchased":["Panacea","Hologram","Leap","Block Potion","Fruit Juice","Defragment","SpeedPotion"],"campfire_rested":7,"item_purchase_floors":[19,19,19,19,31,31,31],"current_hp_per_floor":[67,66,64,63,63,63,28,51,51,74,59,51,74,59,78,49,71,57,57,52,48,20,11,34,2,2,2,25,25,25,30,54,6,64,41,54,54,40,47,47,47,0,0],"gold":116,"neow_bonus":"TEN_PERCENT_HP_BONUS","is_daily":false,"chose_seed":false,"campfire_upgraded":2,"win_rate":0.0,"timestamp":1614030584,"path_taken":["M","M","M","M","?","R","E","R","T","R","E","?","R","M","R","BOSS","M","$","M","?","M","E","R","E","T","?","R","?","?","$","R","BOSS","M","M","?","M","?","R","?","E"],"items_purchased_type":["Card","Card","Card","Potion","Potion","Card","Potion"],"build_version":"2020-12-22","purchased_purges":1,"victory":false,"max_hp_per_floor":[78,78,78,78,78,78,78,78,78,78,78,78,78,78,78,78,78,78,78,78,78,78,78,78,78,78,78,78,78,78,83,83,83,83,83,83,83,83,83,83,83,83,83],"card_choices":[{"not_picked":["Gash","Steam Power"],"picked":"Compile Driver","floor":1.0},{"not_picked":["Scrape","Hologram"],"picked":"Conserve Battery","floor":2.0},{"not_picked":["Force Field","Barrage"],"picked":"Consume","floor":3.0},{"not_picked":["Steam","Rebound"],"picked":"Go for the Eyes","floor":4.0},{"not_picked":["Thunder Strike","Force Field"],"picked":"FTL","floor":7.0},{"not_picked":["Skim","Cold Snap"],"picked":"Doom and Gloom","floor":10.0},{"not_picked":["Hologram","Beam Cell"],"picked":"Stack","floor":11.0},{"not_picked":["Loop","Beam Cell"],"picked":"Go for the Eyes","floor":12.0},{"not_picked":["Genetic Algorithm","Blizzard"],"picked":"Glacier","floor":13.0},{"not_picked":["Sweeping Beam","Doom and Gloom"],"picked":"Glacier","floor":14.0},{"not_picked":["Sweeping Beam","Undo"],"picked":"Chill","floor":15.0},{"not_picked":["Machine Learning","Seek"],"picked":"Core Surge","floor":16.0},{"not_picked":["Cold Snap","Consume"],"picked":"Leap+1","floor":18.0},{"not_picked":["Streamline","Static Discharge"],"picked":"Beam Cell+1","floor":20.0},{"not_picked":["Sweeping Beam","Hologram"],"picked":"Coolheaded+1","floor":21.0},{"not_picked":["FTL","Compile Driver"],"picked":"Hello World","floor":22.0},{"not_picked":["Conserve Battery","FTL","Heatsinks"],"picked":"SKIP","floor":23.0},{"not_picked":["Aggregate","Coolheaded"],"picked":"Hologram","floor":24.0},{"not_picked":["Amplify","Melter","Glacier"],"picked":"SKIP","floor":25.0},{"not_picked":["Gash","Stack"],"picked":"Turbo","floor":28.0},{"not_picked":["Chill","Redo"],"picked":"BootSequence","floor":32.0},{"not_picked":["Hyperbeam","Rainbow"],"picked":"Buffer","floor":33.0},{"not_picked":["White Noise","Sweeping Beam"],"picked":"Self Repair","floor":35.0},{"not_picked":["Go for the Eyes","Cold Snap"],"picked":"Stack+1","floor":36.0},{"not_picked":["Ball Lightning","Genetic Algorithm+1"],"picked":"Aggregate","floor":38},{"not_picked":["Rebound","Heatsinks","Compile Driver"],"picked":"SKIP","floor":39}],"player_experience":589803,"relics_obtained":[{"floor":7.0,"key":"Happy Flower"},{"floor":9.0,"key":"Dream Catcher"},{"floor":11.0,"key":"Whetstone"},{"floor":23.0,"key":"The Courier"},{"floor":25.0,"key":"PreservedInsect"},{"floor":26.0,"key":"Oddly Smooth Stone"},{"floor":29.0,"key":"Bag of Marbles"},{"floor":34.0,"key":"Bag of Preparation"},{"floor":34.0,"key":"Pantograph"},{"floor":34.0,"key":"Bird Faced Urn"}],"event_choices":[{"damage_healed":0.0,"max_hp_gain":0.0,"max_hp_loss":0.0,"gold_gain":0.0,"event_name":"Match and Keep!","player_choice":"2 cards matched","floor":5.0,"gold_loss":0.0,"damage_taken":0.0,"cards_obtained":["Multi-Cast","Shame"]},{"damage_healed":0.0,"max_hp_gain":0.0,"max_hp_loss":0.0,"gold_gain":0.0,"event_name":"Ghosts","player_choice":"Ignored","floor":27.0,"gold_loss":0.0,"damage_taken":0.0},{"damage_healed":0.0,"max_hp_gain":0.0,"max_hp_loss":0.0,"gold_gain":0.0,"event_name":"Match and Keep!","player_choice":"2 cards matched","floor":37.0,"gold_loss":0.0,"damage_taken":0.0,"cards_obtained":["Rebound","Hyperbeam"]},{"cards_removed":["Leap"],"damage_healed":0,"gold_gain":0,"player_choice":"Removed Skill","damage_taken":0,"max_hp_gain":0,"max_hp_loss":0,"event_name":"Falling","floor":41,"gold_loss":0}],"is_beta":false,"boss_relics":[{"not_picked":["SacredBark","Tiny House"],"picked":"Pandora\u0027s Box"},{"not_picked":["FrozenCore","Astrolabe"],"picked":"Calling Bell"}],"items_purged_floors":[19],"is_endless":false,"potions_floor_spawned":[2,3,4,12,16,20,22,25,33,35],"killed_by":"Giant Head","ascension_level":19}}