{"host":"lxihx0b6awoz2w1j","time":1614009083,"event":{"mods":["BaseMod","Better Third Choice","BetterRewards","CapriCore","Colored Powertips","Conspire","Downfall","Fox Events","Infinite Spire","Melee Mod","Minty Spire (QoL Compilation)","Permanent Neow","Quick Restart","Relic Stats","Reliquary","Replay The Spire","Spicy Shops","StSLib","The Alterego","The Blue Laboratory","The Death Knight","The Forsaken","The Jungle","Waifu the Spire"],"gold_per_floor":[111,126,145,164,164,164,176,176,176,191,191,191,206,237,237,338,338,350,370,370,370,385,414,414,414,414],"floor_reached":25,"language":"ENG","playtime":1268,"items_purged":["Overencumbered"],"score":289,"play_id":"dd2d29c6-9f96-47f5-ae97-924b73144533","local_time":"20210222165123","is_ascension_mode":true,"campfire_choices":[{"data":"DeathKnight:BludPresence","floor":6.0,"key":"SMITH"},{"data":"DeathKnight:BludPresence","floor":6.0,"key":"SMITH"},{"floor":11.0,"key":"REST"},{"floor":15.0,"key":"REST"},{"floor":24.0,"key":"REST"}],"circlet_count":0,"master_deck":["DeathKnight:Strike_DeathKnight","DeathKnight:Strike_DeathKnight","DeathKnight:Strike_DeathKnight","DeathKnight:Strike_DeathKnight","DeathKnight:Strike_DeathKnight","DeathKnight:Defend_DeathKnight","DeathKnight:Defend_DeathKnight","DeathKnight:Defend_DeathKnight","DeathKnight:Defend_DeathKnight","DeathKnight:Defend_DeathKnight","DeathKnight:RuneTap","DeathKnight:RuneStrike","DeathKnight:FrosPresence+1","DeathKnight:BladedArmor","DeathKnight:HowlingBlast","DeathKnight:BludPresence+1","DeathKnight:BludPresence+1","DeathKnight:BloodStrike","DeathKnight:IceboundArmor","DeathKnight:FrostStrike","DeathKnight:VampiricBlood","DeathKnight:DeathGrip","DeathKnight:BloodBoil","infinitespire:SevenWalls","DeathKnight:IceboundArmor","DeathKnight:HornOfWinter+1"],"relics":["DeathKnight:BrokenRuneblade","ReplayTheSpireMod:CursedCoin","Replay:Rubber Ducky","Replay:Arrowhead","conspire:Dentures","White Beast Statue","Blue Candle","infinitespire:Cupcake","Replay:Kaleidoscope","bronze:MakeshiftBattery","Orichalcum"],"acts_visited":["Exordium","TheCity"],"potions_floor_usage":[],"damage_taken":[{"damage":1.0,"enemies":"Cultist","floor":1.0,"turns":5.0},{"damage":0.0,"enemies":"Jaw Worm","floor":2.0,"turns":5.0},{"damage":6.0,"enemies":"Small Slimes","floor":3.0,"turns":4.0},{"damage":16.0,"enemies":"Red Slaver","floor":4.0,"turns":8.0},{"damage":3.0,"enemies":"Looter","floor":7.0,"turns":4.0},{"damage":10.0,"enemies":"Large Slime","floor":10.0,"turns":6.0},{"damage":6.0,"enemies":"2 Fungi Beasts","floor":13.0,"turns":1.0},{"damage":32.0,"enemies":"Gremlin Nob","floor":14.0,"turns":6.0},{"damage":0.0,"enemies":"Hexaghost","floor":16.0,"turns":10.0},{"damage":5.0,"enemies":"Chosen","floor":18.0,"turns":6.0},{"damage":11.0,"enemies":"Shell Parasite","floor":19.0,"turns":8.0},{"damage":0.0,"enemies":"Centurion and Healer","floor":22.0,"turns":7.0},{"damage":17.0,"enemies":"Nightmare","floor":23.0,"turns":15.0},{"damage":35,"enemies":"Book of Stabbing","floor":25,"turns":6}],"seed_played":"-451101156950382030","potions_obtained":[{"floor":3.0,"key":"blueLaboratory:HorrorPotion"},{"floor":4.0,"key":"Weak Potion"},{"floor":10.0,"key":"AttackPotion"},{"floor":13.0,"key":"blueLaboratory:PolymorphPotion"},{"floor":16.0,"key":"blueLaboratory:LouseDecoction"}],"is_trial":false,"path_per_floor":["M","M","M","M","?","R","M","?","T","M","R","?","M","E","R","B",null,"M","M","AVR","?","M","NM","R","E"],"character_chosen":"DEATH_KNIGHT","items_purchased":["ReplayTheSpireMod:CursedCoin","Replay:Rubber Ducky","DeathKnight:FrosPresence","Replay:Arrowhead","DeathKnight:BladedArmor"],"campfire_rested":3,"item_purchase_floors":[0,0,0,0,0],"current_hp_per_floor":[66,66,60,44,44,44,41,41,41,31,53,58,52,20,42,42,75,70,59,59,45,45,28,52,17,17],"gold":414,"neow_bonus":"","is_daily":false,"chose_seed":false,"campfire_upgraded":2,"win_rate":0.0,"timestamp":1614009083,"path_taken":["M","?","M","M","?","R","M","?","T","M","R","?","?","E","R","BOSS","M","M","AVR","?","M","NM","R","E"],"items_purchased_type":["Relic","Relic","Card","Relic","Card"],"build_version":"2020-12-22","purchased_purges":1,"victory":false,"max_hp_per_floor":[75,75,75,75,75,75,75,75,75,75,75,75,75,75,75,75,75,75,75,75,80,80,80,80,80,80],"relic_stats":{"counters":[40,208],"Blue Candle":[1],"Orichalcum":[6],"obtain_stats":[{"reliquary:FeatherDuster":43,"reliquary:PrincelyHelmet":28,"Vajra":45,"Whetstone":29,"theForsaken:Gavel":2,"reliquary:ThirdArm":36,"Replay:Rubber Ducky":0,"Red Mask":23,"DeathKnight:HelmOfDomination":14,"Replay:Wax Seal":21,"DeathKnight:BrokenRuneblade":0,"conspire:Dentures":0,"Pear":33,"ReplayTheSpireMod:CursedCoin":0,"Blue Candle":14,"Thread and Needle":26,"Replay:Kaleidoscope":20,"Orichalcum":23,"reliquary:IridiumChain":9,"Replay:Arrowhead":0,"White Beast Statue":9,"DeathKnight:LightbringersTabard":21,"Strange Spoon":49,"Anchor":10,"DeathKnight:PutricidesVial":7,"infinitespire:Satchel":50,"Simple Rune":5,"ChewingGum":19,"Toy Ornithopter":48,"bronze:MakeshiftBattery":20,"DeathKnight:SindragosasSkull":0,"infinitespire:Cupcake":17},{"reliquary:FeatherDuster":22,"reliquary:PrincelyHelmet":13,"Vajra":22,"Whetstone":14,"theForsaken:Gavel":2,"reliquary:ThirdArm":18,"Replay:Rubber Ducky":26,"Red Mask":12,"DeathKnight:HelmOfDomination":8,"Replay:Wax Seal":10,"DeathKnight:BrokenRuneblade":0,"conspire:Dentures":26,"Pear":17,"ReplayTheSpireMod:CursedCoin":26,"Blue Candle":34,"Thread and Needle":13,"Replay:Kaleidoscope":37,"Orichalcum":39,"reliquary:IridiumChain":5,"Replay:Arrowhead":26,"White Beast Statue":31,"DeathKnight:LightbringersTabard":10,"Strange Spoon":24,"Anchor":6,"DeathKnight:PutricidesVial":5,"infinitespire:Satchel":25,"Simple Rune":4,"ChewingGum":9,"Toy Ornithopter":24,"bronze:MakeshiftBattery":37,"DeathKnight:SindragosasSkull":0,"infinitespire:Cupcake":35},{"reliquary:FeatherDuster":102,"reliquary:PrincelyHelmet":66,"Vajra":102,"Whetstone":70,"theForsaken:Gavel":11,"reliquary:ThirdArm":89,"Replay:Rubber Ducky":117,"Red Mask":64,"DeathKnight:HelmOfDomination":45,"Replay:Wax Seal":58,"DeathKnight:BrokenRuneblade":0,"conspire:Dentures":117,"Pear":81,"ReplayTheSpireMod:CursedCoin":117,"Blue Candle":156,"Thread and Needle":66,"Replay:Kaleidoscope":180,"Orichalcum":202,"reliquary:IridiumChain":26,"Replay:Arrowhead":117,"White Beast Statue":143,"DeathKnight:LightbringersTabard":58,"Strange Spoon":111,"Anchor":34,"DeathKnight:PutricidesVial":26,"infinitespire:Satchel":116,"Simple Rune":19,"ChewingGum":55,"Toy Ornithopter":111,"bronze:MakeshiftBattery":180,"DeathKnight:SindragosasSkull":0,"infinitespire:Cupcake":166}]},"card_choices":[{"not_picked":["DeathKnight:BloodEchoes","DeathKnight:MutagenicPlague"],"picked":"DeathKnight:HowlingBlast","floor":1.0},{"not_picked":["DeathKnight:FrosPresence","DeathKnight:RaiseAlly"],"picked":"DeathKnight:BludPresence","floor":2.0},{"not_picked":["DeathKnight:Ossuary","DeathKnight:MutagenicPlague"],"picked":"DeathKnight:BludPresence","floor":3.0},{"not_picked":["DeathKnight:PillarOfFrost","DeathKnight:RaiseAlly"],"picked":"DeathKnight:BloodTap","floor":4.0},{"not_picked":["DeathKnight:FrostStrike","DeathKnight:Simulacrum"],"picked":"DeathKnight:BloodStrike","floor":7.0},{"not_picked":["DeathKnight:BloodTap","DeathKnight:Parry","DeathKnight:Marrowrend"],"picked":"SKIP","floor":10.0},{"not_picked":["DeathKnight:BloodPact","DeathKnight:RunicCorruption"],"picked":"DeathKnight:IceboundArmor","floor":13.0},{"not_picked":["DeathKnight:BoneShield","DeathKnight:BloodEchoes"],"picked":"DeathKnight:FrostStrike","floor":14.0},{"not_picked":["DeathKnight:Simulacrum","DeathKnight:ArmyOfTheDead"],"picked":"DeathKnight:VampiricBlood","floor":16.0},{"not_picked":["DeathKnight:PlagueStrike","DeathKnight:ShatteringStrikes+1"],"picked":"DeathKnight:DeathGrip","floor":18.0},{"not_picked":["DeathKnight:BloodEchoes+1","DeathKnight:HowlingBlast"],"picked":"DeathKnight:BloodBoil","floor":19.0},{"not_picked":["DeathKnight:FrosPresence","DeathKnight:UnholyFrenzy+1"],"picked":"DeathKnight:IceboundArmor","floor":22.0},{"not_picked":["DeathKnight:AntiMagicShell","DeathKnight:Culling"],"picked":"DeathKnight:HornOfWinter+1","floor":23.0}],"player_experience":632489,"relics_obtained":[{"floor":9.0,"key":"White Beast Statue"},{"floor":14.0,"key":"Blue Candle"},{"floor":23.0,"key":"Orichalcum"}],"event_choices":[{"damage_healed":0.0,"max_hp_gain":0.0,"max_hp_loss":0.0,"gold_gain":0.0,"event_name":"conspire:LoneGhost","player_choice":"Disagree","floor":5.0,"gold_loss":0.0,"damage_taken":0.0},{"damage_healed":0.0,"max_hp_gain":0.0,"max_hp_loss":0.0,"gold_gain":0.0,"event_name":"Living Wall","player_choice":"Grow","floor":8.0,"gold_loss":0.0,"damage_taken":0.0,"cards_upgraded":["DeathKnight:FrosPresence"]},{"cards_removed":["DeathKnight:BloodTap"],"damage_healed":5.0,"max_hp_gain":0.0,"max_hp_loss":0.0,"gold_gain":0.0,"event_name":"Bonfire Elementals","player_choice":"Offered Common","floor":12.0,"gold_loss":0.0,"damage_taken":0.0},{"cards_removed":["DeathKnight:BloodTap"],"damage_healed":5.0,"max_hp_gain":0.0,"max_hp_loss":0.0,"gold_gain":0.0,"event_name":"Bonfire Elementals","player_choice":"Offered Special","floor":12.0,"gold_loss":0.0,"damage_taken":0.0},{"damage_healed":0.0,"max_hp_gain":5.0,"max_hp_loss":0.0,"gold_gain":0.0,"event_name":"Forgotten Altar","player_choice":"Shed Blood","floor":21.0,"gold_loss":0.0,"damage_taken":19.0}],"is_beta":false,"boss_relics":[{"not_picked":["ReplayTheSpireMod:SealedPack","reliquary:WritOfMandamus"],"picked":"infinitespire:Cupcake"}],"items_purged_floors":[0],"is_endless":false,"potions_floor_spawned":[3,4,10,13,14,16,18,19,22,23],"killed_by":"Book of Stabbing","ascension_level":1}}