{"host":"y080dcqw8fj32q7d","time":1614018611,"event":{"mods":["AchievementEnabler","BaseMod","Colored Map","Colored Powertips","DeckTracker","Minty Spire (QoL Compilation)","Relic Sorter"],"gold_per_floor":[13,113,133,308,328,355,375,424,470,485,485,501,534,547,547,547,547],"floor_reached":16,"language":"ENG","playtime":1085,"items_purged":[],"score":145,"play_id":"2f5251c4-64e8-4b7f-9a52-bbcb1e0f4c52","local_time":"20210222213011","is_ascension_mode":true,"campfire_choices":[{"floor":11,"key":"RECALL"},{"floor":15,"key":"REST"}],"circlet_count":0,"master_deck":["Strike_R","Strike_R","Strike_R","Strike_R","Strike_R","Defend_R","Defend_R+1","Defend_R","Defend_R","Bash","Shrug It Off","Doubt","Armaments","Cleave","Armaments+1","Shrug It Off"],"relics":["Burning Blood","Letter Opener","Boot","Oddly Smooth Stone","War Paint"],"acts_visited":["Exordium"],"potions_floor_usage":[6,13,13,16],"damage_taken":[{"damage":6,"enemies":"Jaw Worm","floor":1,"turns":3},{"damage":1,"enemies":"Cultist","floor":3,"turns":3},{"damage":0,"enemies":"2 Louse","floor":5,"turns":3},{"damage":33,"enemies":"3 Sentries","floor":6,"turns":19},{"damage":4,"enemies":"Large Slime","floor":7,"turns":9},{"damage":7,"enemies":"Exordium Wildlife","floor":10,"turns":4},{"damage":6,"enemies":"Blue Slaver","floor":12,"turns":5},{"damage":63,"enemies":"Gremlin Nob","floor":13,"turns":8},{"damage":3,"enemies":"Exordium Thugs","floor":14,"turns":7},{"damage":48,"enemies":"The Guardian","floor":16,"turns":13}],"seed_played":"2397742152102799484","potions_obtained":[{"floor":1,"key":"HeartOfIron"},{"floor":3,"key":"ElixirPotion"},{"floor":10,"key":"Swift Potion"},{"floor":12,"key":"FearPotion"}],"is_trial":false,"path_per_floor":["M","?","M","?","M","E","M","T","T","M","R","M","E","M","R","B"],"character_chosen":"IRONCLAD","items_purchased":[],"campfire_rested":1,"item_purchase_floors":[],"current_hp_per_floor":[96,96,96,96,96,69,71,71,71,70,70,70,13,16,44,0,0],"gold":547,"neow_bonus":"TWENTY_PERCENT_HP_BONUS","is_daily":false,"chose_seed":false,"campfire_upgraded":0,"win_rate":0.0,"timestamp":1614018611,"path_taken":["M","?","?","?","M","E","M","?","T","M","R","M","E","M","R","BOSS"],"items_purchased_type":[],"build_version":"2020-12-22","purchased_purges":0,"victory":false,"max_hp_per_floor":[96,96,96,96,96,96,96,96,96,96,96,96,96,96,96,96,96],"card_choices":[{"not_picked":["Dual Wield","Burning Pact","Dark Embrace"],"picked":"SKIP","floor":1},{"not_picked":["Infernal Blade","Sword Boomerang"],"picked":"Shrug It Off","floor":3},{"not_picked":["Headbutt","Hemokinesis"],"picked":"Armaments","floor":5},{"not_picked":["Spot Weakness","Infernal Blade"],"picked":"Cleave","floor":6},{"not_picked":["Anger","Feel No Pain","Rage"],"picked":"SKIP","floor":7},{"not_picked":["Inflame","Twin Strike","Flex"],"picked":"SKIP","floor":10},{"not_picked":["Havoc","Shockwave"],"picked":"Armaments","floor":12},{"not_picked":["Infernal Blade","Pummel","Whirlwind"],"picked":"SKIP","floor":13},{"not_picked":["Feel No Pain","Limit Break"],"picked":"Shrug It Off","floor":14}],"player_experience":367822,"relics_obtained":[{"floor":6,"key":"Letter Opener"},{"floor":8,"key":"Boot"},{"floor":9,"key":"Oddly Smooth Stone"},{"floor":13,"key":"War Paint"}],"event_choices":[{"damage_healed":0,"gold_gain":100,"player_choice":"Pray","damage_taken":0,"max_hp_gain":0,"max_hp_loss":0,"event_name":"Golden Shrine","floor":2,"gold_loss":0},{"damage_healed":0,"gold_gain":175,"player_choice":"AGREE","damage_taken":0,"max_hp_gain":0,"max_hp_loss":0,"event_name":"Liars Game","floor":4,"gold_loss":0,"cards_obtained":["Doubt"]}],"is_beta":false,"boss_relics":[],"items_purged_floors":[],"is_endless":false,"potions_floor_spawned":[1,3,10,12],"killed_by":"The Guardian","ascension_level":1}}