{"host":"pu1pmxeu7vyxsds8","time":1614029604,"event":{"mods":["Act Like it!","BaseMod","Block Reminder","Minty Spire (QoL Compilation)","Permanent Neow","Quick Restart","Relic Stats"],"gold_per_floor":[117,117,42,52,52,77,77,77,77,112,112,144,11,46,46,142,142,117,146,157,157,171,171,197,212,236,266,266,284,294,323,323,424,424,439,450,450,450,450,483,494,524,573,601,601,951,983,1033,1033,1033],"floor_reached":51,"language":"SPA","playtime":4956,"items_purged":["Strike_G","Strike_G"],"score":1072,"play_id":"6ad0006d-84c0-40b3-9919-c9b6d895eb60","local_time":"20210222183324","is_ascension_mode":true,"campfire_choices":[{"floor":8.0,"key":"REST"},{"data":"Footwork","floor":11.0,"key":"SMITH"},{"floor":15.0,"key":"REST"},{"data":"Catalyst","floor":23.0,"key":"SMITH"},{"data":"Burst","floor":28.0,"key":"SMITH"},{"data":"Footwork","floor":32.0,"key":"SMITH"},{"data":"After Image","floor":45,"key":"SMITH"},{"data":"After Image","floor":49,"key":"SMITH"}],"circlet_count":0,"master_deck":["Defend_G","Defend_G+1","Defend_G+1","Defend_G","Defend_G","Survivor","Neutralize","Bouncing Flask","Caltrops","Footwork+1","Dodge and Roll","Noxious Fumes","Footwork+1","Catalyst+1","Burst+1","PiercingWail+1","PiercingWail","Deadly Poison+1","RitualDagger","Backflip","Noxious Fumes","Crippling Poison+1","Caltrops","PiercingWail","After Image+1","Acrobatics+1","Crippling Poison+1","Sadistic Nature","Well Laid Plans","Deadly Poison","Dodge and Roll","Catalyst+1","After Image+1"],"relics":["Ring of the Snake","Du-Vu Doll","Pen Nib","Mummified Hand","Eternal Feather","Incense Burner","Potion Belt","Sozu","Red Mask","Blood Vial","Centennial Puzzle","Nunchaku","Pantograph","Coffee Dripper","Girya","PreservedInsect","Anchor","Juzu Bracelet","Old Coin","War Paint","Calipers"],"acts_visited":["Exordium","TheCity","TheBeyond"],"potions_floor_usage":[],"damage_taken":[{"damage":0.0,"enemies":"Cultist","floor":1.0,"turns":5.0},{"damage":0.0,"enemies":"2 Louse","floor":4.0,"turns":4.0},{"damage":37.0,"enemies":"Lagavulin","floor":6.0,"turns":6.0},{"damage":6.0,"enemies":"Gremlin Nob","floor":10.0,"turns":5.0},{"damage":21.0,"enemies":"3 Sentries","floor":12.0,"turns":12.0},{"damage":0.0,"enemies":"Gremlin Nob","floor":14.0,"turns":5.0},{"damage":11.0,"enemies":"Slime Boss","floor":16.0,"turns":14.0},{"damage":2.0,"enemies":"2 Thieves","floor":18.0,"turns":5.0},{"damage":8.0,"enemies":"Masked Bandits","floor":19.0,"turns":7.0},{"damage":0.0,"enemies":"Spheric Guardian","floor":20.0,"turns":3.0},{"damage":0.0,"enemies":"Shelled Parasite and Fungi","floor":22.0,"turns":5.0},{"damage":5.0,"enemies":"Slavers","floor":24.0,"turns":5.0},{"damage":1.0,"enemies":"Centurion and Healer","floor":25.0,"turns":5.0},{"damage":1.0,"enemies":"Book of Stabbing","floor":27.0,"turns":4.0},{"damage":0.0,"enemies":"3 Cultists","floor":29.0,"turns":3.0},{"damage":0.0,"enemies":"Snake Plant","floor":30.0,"turns":3.0},{"damage":0.0,"enemies":"Slavers","floor":31.0,"turns":5.0},{"damage":18.0,"enemies":"Automaton","floor":33.0,"turns":8.0},{"damage":0.0,"enemies":"3 Darklings","floor":35.0,"turns":4.0},{"damage":19.0,"enemies":"3 Shapes","floor":36.0,"turns":5.0},{"damage":4,"enemies":"Nemesis","floor":40,"turns":3},{"damage":0,"enemies":"3 Darklings","floor":41,"turns":4},{"damage":0,"enemies":"Reptomancer","floor":42,"turns":5},{"damage":0,"enemies":"Giant Head","floor":44,"turns":5},{"damage":0,"enemies":"2 Orb Walkers","floor":46,"turns":4},{"damage":0,"enemies":"Nemesis","floor":47,"turns":5},{"damage":0,"enemies":"Mind Bloom Boss Battle","floor":48,"turns":4},{"damage":0,"enemies":"Donu and Deca","floor":50,"turns":8}],"seed_played":"5885895537922882705","potions_obtained":[{"floor":1.0,"key":"Poison Potion"},{"floor":10.0,"key":"Strength Potion"}],"is_trial":false,"path_per_floor":["M","?","$","M","$","E","?","R","T","E","R","E","$","E","R","B",null,"M","?","M","?","M","R","E","M","T","E","R","M","M","E","R","B",null,"M","M","?","?","?","E","M","E","T","E","R","?","E","?","R","B",null],"character_chosen":"THE_SILENT","items_purchased":["Footwork"],"campfire_rested":2,"item_purchase_floors":[13],"current_hp_per_floor":[49,49,49,49,49,12,12,33,33,27,33,12,12,12,42,31,70,68,60,60,54,54,66,61,62,62,63,70,70,70,70,70,52,70,70,51,51,51,51,49,51,53,53,55,66,66,66,66,66,66],"gold":1033,"neow_bonus":"ONE_RARE_RELIC","is_daily":false,"chose_seed":false,"campfire_upgraded":6,"win_rate":0.0,"timestamp":1614029604,"path_taken":["M","?","$","M","?","E","?","R","T","E","R","E","$","E","R","BOSS","M","?","M","?","M","R","E","M","T","E","R","M","M","E","R","BOSS","M","M","?","?","?","E","M","E","T","E","R","?","E","?","R","BOSS"],"items_purchased_type":["Card"],"build_version":"2020-12-22","purchased_purges":2,"victory":true,"max_hp_per_floor":[70,70,70,70,70,70,70,70,70,70,70,70,70,70,70,70,70,70,70,70,70,70,70,70,70,70,70,70,70,70,70,70,70,70,70,70,66,66,66,66,66,66,66,66,66,66,66,66,66,66],"relic_stats":{"counters":[28,151],"Eternal Feather":45,"Pen Nib":[7],"PreservedInsect":172,"Juzu Bracelet":1,"War Paint":["Defend_G","Defend_G"],"Sozu":9,"Blood Vial":12,"Centennial Puzzle":[12],"Nunchaku":[2],"Mummified Hand":[155],"Pantograph":0,"obtain_stats":[{"Potion Belt":14,"Girya":40,"Calipers":48,"Eternal Feather":10,"Pen Nib":6,"PreservedInsect":42,"Incense Burner":12,"Juzu Bracelet":44,"War Paint":47,"Old Coin":46,"Du-Vu Doll":0,"Sozu":17,"Blood Vial":24,"Centennial Puzzle":26,"Nunchaku":27,"Anchor":43,"Mummified Hand":9,"Pantograph":31,"Red Mask":19,"Coffee Dripper":34,"Ring of the Snake":0},{"Potion Belt":6,"Girya":21,"Calipers":27,"Eternal Feather":4,"Pen Nib":3,"PreservedInsect":23,"Incense Burner":5,"Juzu Bracelet":24,"War Paint":26,"Old Coin":25,"Du-Vu Doll":0,"Sozu":7,"Blood Vial":12,"Centennial Puzzle":13,"Nunchaku":14,"Anchor":23,"Mummified Hand":3,"Pantograph":17,"Red Mask":9,"Coffee Dripper":18,"Ring of the Snake":0},{"Potion Belt":37,"Girya":116,"Calipers":143,"Eternal Feather":20,"Pen Nib":15,"PreservedInsect":125,"Incense Burner":32,"Juzu Bracelet":130,"War Paint":139,"Old Coin":134,"Du-Vu Doll":0,"Sozu":51,"Blood Vial":76,"Centennial Puzzle":81,"Nunchaku":85,"Anchor":125,"Mummified Hand":15,"Pantograph":96,"Red Mask":63,"Coffee Dripper":104,"Ring of the Snake":0}],"Ring of the Snake":[56]},"card_choices":[{"not_picked":["Choke","PiercingWail"],"picked":"Bouncing Flask","floor":1.0},{"not_picked":["Cloak And Dagger","Quick Slash"],"picked":"Caltrops","floor":4.0},{"not_picked":["Distraction","Cloak And Dagger"],"picked":"Footwork","floor":6.0},{"not_picked":["Acrobatics","Finisher"],"picked":"Dodge and Roll","floor":10.0},{"not_picked":["Calculated Gamble","Dagger Throw"],"picked":"Noxious Fumes","floor":12.0},{"not_picked":["Predator","Doppelganger"],"picked":"Catalyst","floor":14.0},{"not_picked":["Tools of the Trade","Die Die Die"],"picked":"Burst","floor":16.0},{"not_picked":["Slice","Dagger Spray"],"picked":"PiercingWail+1","floor":18.0},{"not_picked":["Heel Hook","Skewer+1"],"picked":"PiercingWail","floor":19.0},{"not_picked":["Accuracy+1","Poisoned Stab"],"picked":"Deadly Poison+1","floor":20.0},{"not_picked":["Outmaneuver+1","Deadly Poison"],"picked":"Backflip","floor":22.0},{"not_picked":["Acrobatics","Heel Hook"],"picked":"Noxious Fumes","floor":24.0},{"not_picked":["Dagger Throw","Blade Dance"],"picked":"Crippling Poison+1","floor":25.0},{"not_picked":["Malaise","Flechettes"],"picked":"Caltrops","floor":27.0},{"not_picked":["Slice","Reflex+1","Backstab"],"picked":"SKIP","floor":29.0},{"not_picked":["Underhanded Strike","Dagger Throw","Dash"],"picked":"SKIP","floor":30.0},{"not_picked":["Slice","Flying Knee"],"picked":"PiercingWail","floor":31.0},{"not_picked":["Tools of the Trade","Bullet Time"],"picked":"After Image","floor":33.0},{"not_picked":["Quick Slash+1","Sucker Punch"],"picked":"Acrobatics+1","floor":35.0},{"not_picked":["Riddle With Holes+1","Infinite Blades+1"],"picked":"Crippling Poison+1","floor":36.0},{"not_picked":["Master of Strategy","Mind Blast"],"picked":"Sadistic Nature","floor":38.0},{"not_picked":["Poisoned Stab","Underhanded Strike+1"],"picked":"Well Laid Plans","floor":40},{"not_picked":["Riddle With Holes+1","Expertise","Eviscerate"],"picked":"SKIP","floor":41},{"not_picked":["Deflect+1","Outmaneuver+1"],"picked":"Deadly Poison","floor":42},{"not_picked":["Finisher","PiercingWail+1"],"picked":"Dodge and Roll","floor":44},{"not_picked":["Deflect+1","Accuracy"],"picked":"Catalyst+1","floor":46},{"not_picked":["Masterful Stab+1","Calculated Gamble+1"],"picked":"After Image","floor":47}],"player_experience":43536,"relics_obtained":[{"floor":6.0,"key":"Pen Nib"},{"floor":9.0,"key":"Mummified Hand"},{"floor":10.0,"key":"Eternal Feather"},{"floor":12.0,"key":"Incense Burner"},{"floor":14.0,"key":"Potion Belt"},{"floor":19.0,"key":"Red Mask"},{"floor":24.0,"key":"Blood Vial"},{"floor":26.0,"key":"Centennial Puzzle"},{"floor":27.0,"key":"Nunchaku"},{"floor":31.0,"key":"Pantograph"},{"floor":40,"key":"Girya"},{"floor":42,"key":"PreservedInsect"},{"floor":43,"key":"Anchor"},{"floor":44,"key":"Juzu Bracelet"},{"floor":46,"key":"Old Coin"},{"floor":47,"key":"War Paint"},{"floor":48,"key":"Calipers"}],"event_choices":[{"cards_removed":["Strike_G"],"damage_healed":0.0,"max_hp_gain":0.0,"max_hp_loss":0.0,"gold_gain":0.0,"event_name":"Purifier","player_choice":"Purged","floor":2.0,"gold_loss":0.0,"damage_taken":0.0},{"cards_removed":["Strike_G"],"damage_healed":0.0,"max_hp_gain":0.0,"max_hp_loss":0.0,"gold_gain":0.0,"event_name":"Living Wall","player_choice":"Forget","floor":7.0,"gold_loss":0.0,"damage_taken":0.0},{"damage_healed":0.0,"max_hp_gain":0.0,"max_hp_loss":0.0,"gold_gain":0.0,"event_name":"Masked Bandits","player_choice":"Fought Bandits","floor":19.0,"gold_loss":0.0,"damage_taken":0.0},{"damage_healed":0.0,"max_hp_gain":0.0,"max_hp_loss":0.0,"gold_gain":0.0,"event_name":"Nest","player_choice":"Joined the Cult","floor":21.0,"gold_loss":0.0,"damage_taken":6.0,"cards_obtained":["RitualDagger"]},{"damage_healed":0.0,"max_hp_gain":0.0,"max_hp_loss":4.0,"gold_gain":0.0,"event_name":"Winding Halls","player_choice":"Max HP","floor":37.0,"gold_loss":0.0,"damage_taken":0.0},{"damage_healed":0.0,"max_hp_gain":0.0,"max_hp_loss":0.0,"gold_gain":0.0,"event_name":"SensoryStone","player_choice":"Memory 1","floor":38.0,"gold_loss":0.0,"damage_taken":0.0},{"cards_removed":["Strike_G"],"damage_healed":0.0,"max_hp_gain":0.0,"max_hp_loss":0.0,"gold_gain":0.0,"event_name":"Purifier","player_choice":"Purged","floor":39.0,"gold_loss":0.0,"damage_taken":0.0},{"damage_healed":0,"gold_gain":0,"player_choice":"Fight","damage_taken":0,"max_hp_gain":0,"max_hp_loss":0,"event_name":"Mysterious Sphere","floor":46,"gold_loss":0},{"damage_healed":0,"gold_gain":0,"player_choice":"Fight","damage_taken":0,"max_hp_gain":0,"max_hp_loss":0,"event_name":"MindBloom","floor":48,"gold_loss":0}],"is_beta":false,"boss_relics":[{"not_picked":["Black Star","Busted Crown"],"picked":"Sozu"},{"not_picked":["Calling Bell","Astrolabe"],"picked":"Coffee Dripper"}],"items_purged_floors":[3,13],"is_endless":false,"potions_floor_spawned":[1,10,20,25,30,31,33,36,41,42,46],"ascension_level":1}}