{"host":"8rgpnls124hwjv5t","time":1614031178,"event":{"mods":["BaseMod","Colored Map","Colored Powertips","DeckTracker","Highlight Path","Minty Spire (QoL Compilation)","Permanent Neow","Quick Restart","Relic Stats","Shop Mod","StSLib"],"gold_per_floor":[10,22,36,56,131,163,163,181,181,16,16,45,45,71,71,148,148,148],"floor_reached":17,"language":"ENG","playtime":900,"items_purged":[],"score":333,"play_id":"9ff0cd13-62fb-44b9-bef0-013082352d09","local_time":"20210222165938","is_ascension_mode":true,"campfire_choices":[{"data":"Sunder","floor":7,"key":"SMITH"},{"floor":11,"key":"REST"},{"floor":13,"key":"REST"},{"data":"Streamline","floor":15,"key":"SMITH"}],"circlet_count":0,"master_deck":["AscendersBane","Zap","Dualcast","Sweeping Beam","Streamline+1","Sunder+1","Coolheaded","Compile Driver","Stack","Creative AI","Core Surge","Hologram","Amplify","Glacier","Core Surge","Rebound","Conserve Battery","Multi-Cast"],"relics":["Cracked Core","WingedGreaves","Vajra","CaptainsWheel","PrismaticShard","Singing Bowl","Dead Branch","Pandora\u0027s Box"],"acts_visited":["Exordium","TheCity"],"potions_floor_usage":[6,12,14],"damage_taken":[{"damage":2,"enemies":"Jaw Worm","floor":1,"turns":3},{"damage":4,"enemies":"Small Slimes","floor":2,"turns":4},{"damage":0,"enemies":"Cultist","floor":3,"turns":3},{"damage":3,"enemies":"Large Slime","floor":4,"turns":4},{"damage":19,"enemies":"3 Sentries","floor":6,"turns":6},{"damage":8,"enemies":"2 Fungi Beasts","floor":8,"turns":3},{"damage":3,"enemies":"Lagavulin","floor":12,"turns":6},{"damage":5,"enemies":"3 Sentries","floor":14,"turns":4},{"damage":30,"enemies":"Slime Boss","floor":16,"turns":9}],"seed_played":"1058509677601163989","potions_obtained":[{"floor":2,"key":"SteroidPotion"},{"floor":8,"key":"Block Potion"},{"floor":12,"key":"ColorlessPotion"},{"floor":14,"key":"Strength Potion"}],"is_trial":false,"path_per_floor":["M","M","M","M","?","E","R","M","T","$","R","E","R","E","R","B",null],"character_chosen":"DEFECT","items_purchased":["PrismaticShard"],"campfire_rested":2,"item_purchase_floors":[10],"current_hp_per_floor":[62,58,58,55,44,25,25,17,17,17,38,37,58,55,55,25,63,63],"gold":148,"neow_bonus":"ONE_RARE_RELIC","is_daily":false,"chose_seed":false,"campfire_upgraded":2,"win_rate":0.0,"timestamp":1614031178,"path_taken":["M","M","M","M","?","E","R","M","T","$","R","E","R","E","R","BOSS"],"items_purchased_type":["Relic"],"build_version":"2020-12-22","purchased_purges":0,"victory":false,"max_hp_per_floor":[71,71,71,71,71,71,71,71,71,71,71,73,73,75,75,75,75,75],"relic_stats":{"Singing Bowl":4,"counters":[9,42],"Dead Branch":[1],"Pandora\u0027s Box":["Core Surge","Hologram","Amplify","Glacier","Core Surge","Rebound","Conserve Battery","Multi-Cast"],"obtain_stats":[{"CaptainsWheel":9,"Singing Bowl":12,"Dead Branch":14,"Vajra":6,"Pandora\u0027s Box":17,"WingedGreaves":0,"Cracked Core":0,"PrismaticShard":10},{"CaptainsWheel":6,"Singing Bowl":7,"Dead Branch":8,"Vajra":5,"Pandora\u0027s Box":9,"WingedGreaves":0,"Cracked Core":0,"PrismaticShard":6},{"CaptainsWheel":23,"Singing Bowl":29,"Dead Branch":33,"Vajra":20,"Pandora\u0027s Box":42,"WingedGreaves":0,"Cracked Core":0,"PrismaticShard":23}]},"card_choices":[{"not_picked":["Aggregate","Turbo"],"picked":"Sweeping Beam","floor":1},{"not_picked":["Hologram","Static Discharge"],"picked":"Streamline","floor":2},{"not_picked":["Rebound","Hello World"],"picked":"Sunder","floor":3},{"not_picked":["Streamline","Reboot"],"picked":"Coolheaded","floor":4},{"not_picked":["Sweeping Beam","Heatsinks"],"picked":"Compile Driver","floor":6},{"not_picked":["Storm","Melter"],"picked":"Stack","floor":8},{"not_picked":["JustLucky","Bouncing Flask","SashWhip"],"picked":"Singing Bowl","floor":12},{"not_picked":["Crippling Poison","Reflex","BowlingBash"],"picked":"Singing Bowl","floor":14},{"not_picked":["Wish","Thunder Strike"],"picked":"Creative AI","floor":16}],"player_experience":632754,"relics_obtained":[{"floor":6,"key":"Vajra"},{"floor":9,"key":"CaptainsWheel"},{"floor":12,"key":"Singing Bowl"},{"floor":14,"key":"Dead Branch"}],"event_choices":[{"damage_healed":0,"gold_gain":75,"player_choice":"Gather Gold","damage_taken":11,"max_hp_gain":0,"max_hp_loss":0,"event_name":"World of Goop","floor":5,"gold_loss":0}],"is_beta":false,"boss_relics":[{"not_picked":["Velvet Choker","Snecko Eye"],"picked":"Pandora\u0027s Box"}],"items_purged_floors":[],"is_endless":false,"potions_floor_spawned":[2,8,12,14],"ascension_level":18}}