{"host":"dvpvhz1t6etneyb3","time":1614007918,"event":{"mods":["AchievementEnabler","BaseMod","Colored Map","Highlight Path","Minty Spire (QoL Compilation)","Permanent Neow","Quick Restart"],"gold_per_floor":[118,129,141,152,152,181,181,214,240,240,48,0,20,20,20,99,99,114,114,114,58,70,70,104,104,131,149,149,181,181,193,193,193,193],"floor_reached":33,"language":"ENG","playtime":1295,"items_purged":[],"score":586,"play_id":"186c4ee6-7d9a-4881-b59b-e860e1d7353c","local_time":"20210222103158","is_ascension_mode":true,"campfire_choices":[{"floor":7.0,"key":"REST"},{"data":"Inflame","floor":10.0,"key":"SMITH"},{"data":"Shockwave","floor":15.0,"key":"SMITH"},{"data":"Double Tap","floor":23.0,"key":"SMITH"},{"floor":25.0,"key":"REST"},{"data":"Inflame","floor":28.0,"key":"SMITH"},{"data":"Battle Trance","floor":30.0,"key":"SMITH"},{"floor":32,"key":"REST"}],"circlet_count":0,"master_deck":["AscendersBane","Strike_R","Strike_R","Strike_R","Strike_R","Strike_R","Defend_R","Defend_R+1","Defend_R","Defend_R","Bash+1","Shockwave+1","Carnage","Evolve","Battle Trance+1","Inflame+1","Impervious","Twin Strike","Sword Boomerang","Double Tap+1","Shockwave+1","Inflame+1","Shrug It Off","Whirlwind+1","Fiend Fire","Rage","Seeing Red","Shrug It Off"],"relics":["Burning Blood","Ginger","Red Skull","Art of War","Tiny Chest","Philosopher\u0027s Stone","Strawberry","Nunchaku","War Paint"],"acts_visited":["Exordium","TheCity"],"potions_floor_usage":[],"damage_taken":[{"damage":7.0,"enemies":"Cultist","floor":1.0,"turns":4.0},{"damage":6.0,"enemies":"2 Louse","floor":2.0,"turns":3.0},{"damage":4.0,"enemies":"Jaw Worm","floor":3.0,"turns":3.0},{"damage":6.0,"enemies":"Red Slaver","floor":4.0,"turns":3.0},{"damage":40.0,"enemies":"3 Sentries","floor":6.0,"turns":10.0},{"damage":8.0,"enemies":"Gremlin Nob","floor":8.0,"turns":3.0},{"damage":0.0,"enemies":"Blue Slaver","floor":13.0,"turns":3.0},{"damage":28.0,"enemies":"Hexaghost","floor":16.0,"turns":8.0},{"damage":11.0,"enemies":"Shell Parasite","floor":18.0,"turns":4.0},{"damage":2.0,"enemies":"Spheric Guardian","floor":22.0,"turns":4.0},{"damage":47.0,"enemies":"Book of Stabbing","floor":24.0,"turns":5.0},{"damage":23.0,"enemies":"Centurion and Healer","floor":27.0,"turns":3.0},{"damage":8.0,"enemies":"Slavers","floor":29.0,"turns":3.0},{"damage":0,"enemies":"Cultist and Chosen","floor":31,"turns":3},{"damage":74,"enemies":"Automaton","floor":33,"turns":6}],"seed_played":"-1434816578728870248","potions_obtained":[{"floor":1.0,"key":"ElixirPotion"},{"floor":4.0,"key":"Swift Potion"},{"floor":6.0,"key":"BlessingOfTheForge"},{"floor":16.0,"key":"BlessingOfTheForge"},{"floor":18.0,"key":"AttackPotion"},{"floor":27.0,"key":"ColorlessPotion"},{"floor":29.0,"key":"SneckoOil"}],"is_trial":false,"path_per_floor":["M","M","M","M","?","E","R","E","T","R","$","?","M","$","R","B",null,"M","T","?","$","M","R","E","R","T","M","R","E","R","M","R","B"],"character_chosen":"IRONCLAD","items_purchased":["Impervious","Twin Strike","Shrug It Off"],"campfire_rested":3,"item_purchase_floors":[11,11,21],"current_hp_per_floor":[67,67,69,69,43,9,31,29,29,29,29,29,35,35,35,13,60,55,55,55,55,59,59,25,49,49,32,32,30,30,36,60,0,0],"gold":193,"neow_bonus":"UPGRADE_CARD","is_daily":false,"chose_seed":false,"campfire_upgraded":5,"win_rate":0.0,"timestamp":1614007918,"path_taken":["M","M","M","?","?","E","R","E","T","R","$","?","?","?","R","BOSS","M","?","?","$","M","R","E","R","T","M","R","E","R","M","R","BOSS"],"items_purchased_type":["Card","Card","Card"],"build_version":"2020-12-22","purchased_purges":0,"victory":false,"max_hp_per_floor":[75,75,75,75,75,75,75,75,75,75,75,75,75,75,75,75,75,75,75,75,75,75,75,82,82,82,82,82,82,82,82,82,82,82],"card_choices":[{"not_picked":["True Grit","Intimidate"],"picked":"Shockwave","floor":1.0},{"not_picked":["Entrench","Flex"],"picked":"Carnage","floor":2.0},{"not_picked":["Armaments","Perfected Strike"],"picked":"Evolve","floor":3.0},{"not_picked":["Flex","Sever Soul","Sentinel"],"picked":"SKIP","floor":4.0},{"not_picked":["Evolve","Power Through"],"picked":"Battle Trance","floor":6.0},{"not_picked":["Shockwave","Hemokinesis"],"picked":"Inflame","floor":8.0},{"not_picked":["Headbutt","Flex"],"picked":"Sword Boomerang","floor":13.0},{"not_picked":["Berserk","Brutality"],"picked":"Double Tap","floor":16.0},{"not_picked":["Twin Strike","Iron Wave+1"],"picked":"Shockwave","floor":18.0},{"not_picked":["Rupture","Wild Strike"],"picked":"Whirlwind+1","floor":22.0},{"not_picked":["Flex","Headbutt"],"picked":"Fiend Fire","floor":24.0},{"not_picked":["Body Slam+1","Intimidate"],"picked":"Rage","floor":27.0},{"not_picked":["Carnage","Clothesline"],"picked":"Seeing Red","floor":29.0},{"not_picked":["Pommel Strike+1","Ghostly Armor"],"picked":"Shrug It Off","floor":31}],"player_experience":2214924,"relics_obtained":[{"floor":6.0,"key":"Red Skull"},{"floor":8.0,"key":"Art of War"},{"floor":9.0,"key":"Tiny Chest"},{"floor":24.0,"key":"Strawberry"},{"floor":26.0,"key":"Nunchaku"},{"floor":29.0,"key":"War Paint"}],"event_choices":[{"damage_healed":0.0,"max_hp_gain":0.0,"max_hp_loss":0.0,"gold_gain":0.0,"event_name":"Scrap Ooze","player_choice":"Success","floor":5.0,"gold_loss":0.0,"damage_taken":26.0,"relics_obtained":["Ginger"]},{"damage_healed":0.0,"max_hp_gain":0.0,"max_hp_loss":0.0,"gold_gain":0.0,"event_name":"World of Goop","player_choice":"Left Gold","floor":12.0,"gold_loss":48.0,"damage_taken":0.0},{"damage_healed":0.0,"max_hp_gain":0.0,"max_hp_loss":0.0,"gold_gain":0.0,"event_name":"The Library","player_choice":"Read","floor":20.0,"gold_loss":0.0,"damage_taken":0.0,"cards_obtained":["Inflame"]}],"is_beta":false,"boss_relics":[{"not_picked":["Tiny House","Calling Bell"],"picked":"Philosopher\u0027s Stone"}],"items_purged_floors":[],"is_endless":false,"potions_floor_spawned":[1,4,6,16,18,27,29],"killed_by":"Automaton","ascension_level":20}}