{"host":"m2qkn877fkm57m2k","time":1614018685,"event":{"mods":["AchievementEnabler","Bartender","BaseMod","Colored Map","Magitek Elite","Minty Spire (QoL Compilation)","Permanent Neow","Relic Sorter","StSLib"],"gold_per_floor":[114,134,134,149,149,181,181,211,257,274,294,320,320,339,339,438,438,453,453,14,29,44,76,76,106,106,106,134,134,34,34,34,139,139,155,166,177,32,32,57,57,83,83,83,115,115,133,146,146,146],"floor_reached":51,"language":"ENG","playtime":4434,"items_purged":["Pain","Strike_Bartender"],"score":1112,"play_id":"258cccfd-aefb-4a4c-a68c-9f6281bd507f","local_time":"20210222193125","is_ascension_mode":true,"campfire_choices":[{"data":"Vortex","floor":7.0,"key":"SMITH"},{"data":"Top_Shelf","floor":13.0,"key":"SMITH"},{"data":"Raptor_Form","floor":15.0,"key":"SMITH"},{"data":"Vortex","floor":27.0,"key":"SMITH"},{"data":"Breathe_Deep","floor":29.0,"key":"SMITH"},{"data":"Breathe_Deep","floor":32.0,"key":"SMITH"},{"data":"Storage","floor":41,"key":"SMITH"},{"data":"OpoOpo_Form","floor":44,"key":"SMITH"},{"data":"Breathe_Deep","floor":49,"key":"SMITH"}],"circlet_count":0,"master_deck":["Strike_Bartender","Strike_Bartender","Defend_Bartender","Defend_Bartender","Defend_Bartender+1","Defend_Bartender","Somersault","Vortex+","Well_Drinks","Training_Dummy+1","Sucker_Punch","Top_Shelf+1","Center_Self","Bicycle_Kick","Raptor_Form+1","Patience","Free_Pour","OpoOpo_Form+1","Free_Pour","Bitters","Sucker_Punch+1","Surge+1","Sucker_Punch+1","Breathe_Deep+1","Breathe_Deep+1","Cold_Blooded","Alacrity+1","Step_Of_The_Wind+1","Storage+1","Wall_of_Ice","Breathe_Deep+1","Snap_Punch+1"],"relics":["Sneakers","Guard_Bracelet","Ornamental Fan","Silver_Glasses","Tintinnabulum","Bottled Flame","Strawberry","Protect_Vest","Potion Belt","Coffee Dripper","WarpedTongs","Medical Kit","Eternal Feather","Pear","Mythril_Glove","Whetstone","Bronze Scales","White Beast Statue","War Paint","Anchor"],"acts_visited":["Exordium","TheCity","TheBeyond"],"potions_floor_usage":[40,48,50],"damage_taken":[{"damage":1.0,"enemies":"Cultist","floor":1.0,"turns":4.0},{"damage":8.0,"enemies":"2 Louse","floor":2.0,"turns":2.0},{"damage":0.0,"enemies":"Small Slimes","floor":4.0,"turns":2.0},{"damage":9.0,"enemies":"Lagavulin","floor":6.0,"turns":5.0},{"damage":24.0,"enemies":"Gremlin Nob","floor":8.0,"turns":4.0},{"damage":1.0,"enemies":"Exordium Wildlife","floor":10.0,"turns":4.0},{"damage":0.0,"enemies":"Large Slime","floor":11.0,"turns":5.0},{"damage":0.0,"enemies":"3 Sentries","floor":12.0,"turns":6.0},{"damage":0.0,"enemies":"Lots of Slimes","floor":14.0,"turns":4.0},{"damage":15.0,"enemies":"Hexaghost","floor":16.0,"turns":7.0},{"damage":0.0,"enemies":"Chosen","floor":18.0,"turns":3.0},{"damage":0.0,"enemies":"3 Byrds","floor":21.0,"turns":3.0},{"damage":6.0,"enemies":"Snake Plant","floor":22.0,"turns":4.0},{"damage":3.0,"enemies":"Slavers","floor":23.0,"turns":4.0},{"damage":6.0,"enemies":"Book of Stabbing","floor":25.0,"turns":5.0},{"damage":7.0,"enemies":"Gremlin Leader","floor":28.0,"turns":5.0},{"damage":0.0,"enemies":"Automaton","floor":33.0,"turns":5.0},{"damage":0.0,"enemies":"Orb Walker","floor":35.0,"turns":3.0},{"damage":4,"enemies":"3 Shapes","floor":36,"turns":4},{"damage":0,"enemies":"Transient","floor":37,"turns":5},{"damage":0,"enemies":"Reptomancer","floor":40,"turns":4},{"damage":0,"enemies":"Nemesis","floor":42,"turns":3},{"damage":0,"enemies":"Giant Head","floor":45,"turns":3},{"damage":0,"enemies":"3 Darklings","floor":47,"turns":2},{"damage":0,"enemies":"Jaw Worm Horde","floor":48,"turns":2},{"damage":0,"enemies":"Time Eater","floor":50,"turns":5}],"seed_played":"-4584594265692230057","potions_obtained":[{"floor":1.0,"key":"Fire Potion"},{"floor":4.0,"key":"SpeedPotion"},{"floor":8.0,"key":"Block Potion"},{"floor":10.0,"key":"Fire Potion"},{"floor":16.0,"key":"DistilledChaos"},{"floor":21.0,"key":"Strength Potion"},{"floor":25.0,"key":"FearPotion"},{"floor":28.0,"key":"SmokeBomb"},{"floor":33.0,"key":"LiquidBronze"},{"floor":42,"key":"GamblersBrew"},{"floor":47,"key":"Fruit Juice"},{"floor":48,"key":"Explosive Potion"}],"is_trial":false,"path_per_floor":["M","M","?","M","?","E","R","E","T","M","M","E","R","M","R","B",null,"M","?","$","M","M","E","?","E","T","R","E","R","$","?","R","B",null,"M","M","M","$","?","E","R","E","T","R","E","T","M","M","R","B",null],"character_chosen":"BARTENDER","items_purchased":["Medical Kit","OpoOpo_Form","Free_Pour","Bitters","Sucker_Punch","Whetstone"],"campfire_rested":0,"item_purchase_floors":[20,20,20,20,20,38],"current_hp_per_floor":[69,62,63,64,70,62,63,47,48,48,49,50,51,52,53,39,82,82,82,82,82,76,74,75,80,81,92,85,92,92,92,92,92,92,92,88,89,90,91,92,92,92,92,92,92,92,92,97,97,97],"gold":146,"neow_bonus":"RANDOM_COMMON_RELIC","is_daily":false,"chose_seed":false,"campfire_upgraded":9,"win_rate":0.0,"timestamp":1614018685,"path_taken":["M","?","?","M","?","E","R","E","T","M","M","E","R","M","R","BOSS","M","?","$","M","?","E","?","E","T","R","E","R","$","?","R","BOSS","M","M","M","?","?","E","R","E","T","R","E","?","M","M","R","BOSS"],"items_purchased_type":["Relic","Card","Card","Card","Card","Relic"],"build_version":"2020-12-22","purchased_purges":2,"victory":true,"max_hp_per_floor":[70,70,70,70,75,75,75,82,82,82,82,82,82,82,82,82,82,82,82,82,82,82,82,82,92,92,92,92,92,92,92,92,92,92,92,92,92,92,92,92,92,92,92,92,92,92,92,97,97,97],"card_choices":[{"not_picked":["Bitters","Tornado_Kick"],"picked":"Vortex","floor":1.0},{"not_picked":["Feint","ThreeSidedStar"],"picked":"Well_Drinks","floor":2.0},{"not_picked":["With_A_Twist","Power_Up_Punch"],"picked":"Training_Dummy","floor":4.0},{"not_picked":["Ball_Of_Ice","Vortex"],"picked":"Sucker_Punch","floor":6.0},{"not_picked":["Greased_Lightning","Bouncer"],"picked":"Top_Shelf","floor":8.0},{"not_picked":["Bitters","Meteodrive"],"picked":"Center_Self","floor":10.0},{"not_picked":["Scoop","Power_Up_Punch","Dragonkick"],"picked":"SKIP","floor":11.0},{"not_picked":["Sucker_Punch","Dragonkick"],"picked":"Bicycle_Kick","floor":12.0},{"not_picked":["Ripple","Foot_Thrust"],"picked":"Raptor_Form","floor":14.0},{"not_picked":["Liquid_Armor","Windup"],"picked":"Patience","floor":16.0},{"not_picked":["Scowl","Scoop"],"picked":"Free_Pour","floor":18.0},{"not_picked":["Bitters","Perfect_Balance+1"],"picked":"Surge+1","floor":21.0},{"not_picked":["Bouncer","Scowl"],"picked":"Ball_Of_Ice","floor":22.0},{"not_picked":["Tornado_Kick+1","Free_Pour"],"picked":"Sucker_Punch+1","floor":23.0},{"not_picked":["Cross+1","On_The_House","Mirage"],"picked":"SKIP","floor":25.0},{"not_picked":["Ball_Of_Ice+1","Cross"],"picked":"Breathe_Deep","floor":28.0},{"not_picked":["Windup","Breathe_Deep"],"picked":"Cold_Blooded","floor":33.0},{"not_picked":["Power_Up_Punch","RockBreaker+","Pony_Shot"],"picked":"SKIP","floor":35.0},{"not_picked":["Ball_Of_Ice","Power_Up_Punch"],"picked":"Alacrity+1","floor":36},{"not_picked":["Vortex+","Press_Forward+1"],"picked":"Step_Of_The_Wind+1","floor":37},{"not_picked":["Insight_B+1","Wall_of_Ice+1"],"picked":"Storage","floor":40},{"not_picked":["Bitters","Phantom_Blow"],"picked":"Wall_of_Ice","floor":42},{"not_picked":["Bitters","Perfect_Balance"],"picked":"Breathe_Deep","floor":45},{"not_picked":["On_The_Rocks+1","Fading_Blow"],"picked":"Snap_Punch+1","floor":47},{"not_picked":["Ripple","Stick_and_Move","Power_Up_Punch+1"],"picked":"SKIP","floor":48}],"player_experience":24260,"relics_obtained":[{"floor":6.0,"key":"Bottled Flame"},{"floor":8.0,"key":"Strawberry"},{"floor":9.0,"key":"Protect_Vest"},{"floor":12.0,"key":"Potion Belt"},{"floor":23.0,"key":"Eternal Feather"},{"floor":25.0,"key":"Pear"},{"floor":26.0,"key":"Mythril_Glove"},{"floor":28.0,"key":"Ornamental Fan"},{"floor":40,"key":"Bronze Scales"},{"floor":42,"key":"White Beast Statue"},{"floor":43,"key":"War Paint"},{"floor":45,"key":"Anchor"},{"floor":46,"key":"Guard_Bracelet"}],"event_choices":[{"damage_healed":0.0,"max_hp_gain":0.0,"max_hp_loss":0.0,"gold_gain":0.0,"event_name":"Liars Game","player_choice":"Ignored","floor":3.0,"gold_loss":0.0,"damage_taken":0.0},{"damage_healed":0.0,"max_hp_gain":5.0,"max_hp_loss":0.0,"gold_gain":0.0,"event_name":"Big Fish","player_choice":"Donut","floor":5.0,"gold_loss":0.0,"damage_taken":0.0},{"damage_healed":0.0,"max_hp_gain":0.0,"max_hp_loss":0.0,"gold_gain":0.0,"event_name":"Accursed Blacksmith","player_choice":"Rummage","floor":19.0,"gold_loss":0.0,"damage_taken":0.0,"relics_obtained":["WarpedTongs"],"cards_obtained":["Pain"]},{"damage_healed":0.0,"max_hp_gain":0.0,"max_hp_loss":0.0,"gold_gain":0.0,"event_name":"Vampires","player_choice":"Ignored","floor":24.0,"gold_loss":0.0,"damage_taken":0.0},{"damage_healed":0.0,"max_hp_gain":0.0,"max_hp_loss":0.0,"gold_gain":0.0,"cards_transformed":["Strike_Bartender"],"event_name":"Transmorgrifier","player_choice":"Transformed","floor":31.0,"gold_loss":0.0,"damage_taken":0.0,"cards_obtained":["Breathe_Deep"]},{"cards_removed":["Ball_Of_Ice"],"damage_healed":0,"gold_gain":0,"player_choice":"Removed Skill","damage_taken":0,"max_hp_gain":0,"max_hp_loss":0,"event_name":"Falling","floor":39,"gold_loss":0}],"is_beta":false,"boss_relics":[{"not_picked":["Snecko Eye","Astrolabe"],"picked":"Coffee Dripper"},{"not_picked":["Fusion Hammer","Black Star"],"picked":"Silver_Glasses"}],"items_purged_floors":[20,30],"is_endless":false,"potions_floor_spawned":[1,4,8,10,16,21,25,28,33,37,42,45,47,48],"ascension_level":2}}