{"host":"raai0vtvcfkt8csp","time":1614012837,"event":{"mods":["2.2 Compatiblity","BaseMod","Beaked The Cultist","Block Reminder","Booster Modes","Clockwork Mod","Custom Start","DeckTracker","Defective Defect","Defuse TimeMaze Blight","Dio Mod","GifTheSpireLib","Infinite Spire","Minty Spire (QoL Compilation)","Quick Restart","Random Character Button","Rare Cards Sparkle","StSLib","The Marked","Uncapped","Unceasing Turn Reminder"],"gold_per_floor":[118,118,40,40,40,66,66,95,167,195,213,213,248,267,267,371,371,386,386,386],"floor_reached":19,"language":"ENG","playtime":923,"items_purged":[],"score":228,"play_id":"1d4c80e2-ef72-432a-9754-91818b9d8f66","local_time":"20210222175357","daily_mods":["Hoarder","Specialized","Vintage"],"is_ascension_mode":true,"campfire_choices":[{"data":"beaked:CursingBlood","floor":12,"key":"SMITH"},{"data":"beaked:CursingBlood","floor":15,"key":"SMITH"}],"circlet_count":0,"master_deck":["beaked:Strike_Y","beaked:Strike_Y","beaked:Strike_Y","beaked:Strike_Y","beaked:Strike_Y","beaked:Strike_Y","beaked:Defend_Y","beaked:Defend_Y","beaked:Defend_Y","beaked:Defend_Y","beaked:Ceremony+1","beaked:Ceremony","beaked:Ceremony","beaked:Struggle","beaked:Struggle","beaked:Struggle","beaked:Struggle","beaked:Struggle","beaked:Struggle","beaked:Struggle","beaked:Struggle","beaked:Struggle","beaked:Struggle","beaked:Struggle","beaked:Struggle","beaked:Struggle","beaked:Struggle","beaked:Struggle","beaked:CursingBlood+1","beaked:CursingBlood+1","beaked:CursingBlood","beaked:Foresight","beaked:Foresight","beaked:Foresight"],"relics":["beaked:MendingPlumage","Molten Egg 2","HornCleat","Lantern","Sundial","Matryoshka","Mummified Hand","Pen Nib","infinitespire:PuzzleCube","Centennial Puzzle","SlaversCollar","infinitespire:CheckeredPen"],"acts_visited":["Exordium","TheCity"],"potions_floor_usage":[8,10,10,11,13],"damage_taken":[{"damage":0,"enemies":"2 Louse","floor":1,"turns":2},{"damage":26,"enemies":"3 Sentries","floor":6,"turns":6},{"damage":36,"enemies":"Lagavulin","floor":8,"turns":6},{"damage":13,"enemies":"3 Sentries","floor":10,"turns":5},{"damage":5,"enemies":"Small Slimes","floor":11,"turns":3},{"damage":3,"enemies":"Lagavulin","floor":13,"turns":7},{"damage":9,"enemies":"Cultist","floor":14,"turns":4},{"damage":6,"enemies":"Hexaghost","floor":16,"turns":9},{"damage":16,"enemies":"3 Byrds","floor":18,"turns":7},{"damage":0,"enemies":"2 Thieves","floor":19,"turns":1}],"seed_played":"-8237593237242540986","potions_obtained":[{"floor":1,"key":"Strength Potion"},{"floor":6,"key":"SkillPotion"},{"floor":10,"key":"ColorlessPotion"},{"floor":11,"key":"Weak Potion"},{"floor":18,"key":"FearPotion"}],"is_trial":true,"path_per_floor":["M","?","$","?","?","E","?","E","T","E","M","R","E","M","R","B",null,"M","M"],"character_chosen":"BEAKED_THE_CULTIST","items_purchased":["beaked:MendingBrew"],"campfire_rested":0,"item_purchase_floors":[3],"current_hp_per_floor":[50,50,50,50,50,33,33,10,10,19,23,23,35,36,36,50,50,40,40,40],"gold":386,"neow_bonus":"","is_daily":false,"chose_seed":false,"campfire_upgraded":2,"win_rate":0.0,"timestamp":1614012837,"path_taken":["M","?","$","?","?","E","?","E","T","E","?","R","E","M","R","BOSS","M","M"],"items_purchased_type":["Potion"],"build_version":"2020-12-22","purchased_purges":0,"victory":false,"max_hp_per_floor":[50,50,50,50,50,50,50,50,50,50,50,50,50,50,50,50,50,50,50,50],"card_choices":[{"not_picked":["beaked:StickSmack+1","beaked:Windmill+1","beaked:Evade"],"picked":"SKIP","floor":6},{"not_picked":["beaked:Flinch","beaked:DigDeeper"],"picked":"beaked:CursingBlood","floor":8},{"not_picked":["beaked:CursingBlood","beaked:ShadowFade","beaked:Resilience"],"picked":"SKIP","floor":10},{"not_picked":["beaked:Daydream","beaked:SacrificialAttack+1"],"picked":"beaked:Foresight","floor":13}],"player_experience":1091002,"relics_obtained":[{"floor":1,"key":"Molten Egg 2"},{"floor":4,"key":"HornCleat"},{"floor":6,"key":"Lantern"},{"floor":8,"key":"Sundial"},{"floor":9,"key":"Matryoshka"},{"floor":10,"key":"Mummified Hand"},{"floor":11,"key":"Pen Nib"},{"floor":13,"key":"infinitespire:PuzzleCube"},{"floor":14,"key":"Centennial Puzzle"},{"floor":18,"key":"infinitespire:CheckeredPen"}],"event_choices":[{"damage_healed":0,"gold_gain":0,"player_choice":"Leave","damage_taken":0,"max_hp_gain":0,"max_hp_loss":0,"event_name":"The Cleric","floor":2,"gold_loss":0},{"damage_healed":0,"gold_gain":0,"player_choice":"Ignored","damage_taken":0,"max_hp_gain":0,"max_hp_loss":0,"event_name":"Golden Wing","floor":5,"gold_loss":0},{"damage_healed":0,"gold_gain":0,"player_choice":"Forge","damage_taken":0,"max_hp_gain":0,"max_hp_loss":0,"event_name":"Accursed Blacksmith","floor":7,"gold_loss":0,"cards_upgraded":["beaked:Ceremony"]}],"is_beta":false,"boss_relics":[{"not_picked":["Velvet Choker","Ectoplasm"],"picked":"SlaversCollar"}],"items_purged_floors":[],"is_endless":false,"potions_floor_spawned":[1,6,10,11,18],"killed_by":"2 Thieves","ascension_level":1}}