{"host":"fiyb7gvx7tok3jeh","time":1614030699,"event":{"mods":["BaseMod","Colored Map","Colored Powertips","DeckTracker","Googly Eyes","Highlight Path","Minty Spire (QoL Compilation)"],"gold_per_floor":[137,176,230,73,73,113,152,185,197,279,351,423,68,91,91,91,91],"floor_reached":16,"language":"ENG","playtime":1146,"items_purged":["Writhe"],"score":205,"play_id":"e2bb785c-3ad7-4ac3-beab-b129c174f990","local_time":"20210222235139","is_ascension_mode":true,"campfire_choices":[{"data":"Neutralize","floor":15,"key":"SMITH"}],"circlet_count":0,"master_deck":["AscendersBane","Strike_G","Strike_G","Strike_G","Strike_G","Strike_G","Defend_G","Defend_G","Defend_G","Defend_G","Defend_G","Survivor","Neutralize+1","HandOfGreed","Leg Sweep","Cloak And Dagger","Prepared","Dagger Spray","Backflip","PiercingWail"],"relics":["Ring of the Snake","Sling","Golden Idol","Juzu Bracelet","MawBank","Potion Belt","Singing Bowl","Strange Spoon","Oddly Smooth Stone"],"acts_visited":["Exordium"],"potions_floor_usage":[6,10,10,12,16],"damage_taken":[{"damage":0,"enemies":"Cultist","floor":1,"turns":3},{"damage":0,"enemies":"Small Slimes","floor":2,"turns":6},{"damage":0,"enemies":"2 Louse","floor":3,"turns":5},{"damage":15,"enemies":"Gremlin Nob","floor":6,"turns":5},{"damage":0,"enemies":"Looter","floor":7,"turns":4},{"damage":6,"enemies":"Lagavulin","floor":8,"turns":8},{"damage":0,"enemies":"Exordium Thugs","floor":10,"turns":5},{"damage":3,"enemies":"Large Slime","floor":11,"turns":9},{"damage":5,"enemies":"3 Sentries","floor":12,"turns":8},{"damage":3,"enemies":"Exordium Wildlife","floor":14,"turns":5},{"damage":16,"enemies":"Slime Boss","floor":16,"turns":6}],"seed_played":"1232199123408507436","potions_obtained":[{"floor":1,"key":"CultistPotion"},{"floor":2,"key":"Explosive Potion"},{"floor":8,"key":"BlessingOfTheForge"},{"floor":10,"key":"LiquidMemories"},{"floor":14,"key":"PowerPotion"}],"is_trial":false,"path_per_floor":["M","M","M","$","?","E","M","E","T","M","M","E","$","M","R","B"],"character_chosen":"THE_SILENT","items_purchased":["Sling","Strange Spoon","Oddly Smooth Stone"],"campfire_rested":0,"item_purchase_floors":[4,13,13],"current_hp_per_floor":[63,63,63,63,46,31,31,25,25,25,22,17,17,16,16,0,0],"gold":91,"neow_bonus":"RANDOM_COLORLESS_2","is_daily":false,"chose_seed":false,"campfire_upgraded":1,"win_rate":0.0,"timestamp":1614030699,"path_taken":["M","M","M","$","?","E","M","E","T","M","M","E","$","M","R","BOSS"],"items_purchased_type":["Relic","Relic","Relic"],"build_version":"2020-12-22","purchased_purges":1,"victory":false,"max_hp_per_floor":[70,70,70,70,70,70,70,70,70,70,70,70,70,72,72,72,72],"card_choices":[{"not_picked":["Mayhem","Secret Technique"],"picked":"HandOfGreed","floor":0},{"not_picked":["Eviscerate","Poisoned Stab"],"picked":"Leg Sweep","floor":1},{"not_picked":["Dagger Throw","Bane"],"picked":"Cloak And Dagger","floor":2},{"not_picked":["Quick Slash","Expertise","Outmaneuver"],"picked":"SKIP","floor":3},{"not_picked":["Deflect","Predator","Acrobatics"],"picked":"SKIP","floor":6},{"not_picked":["Poisoned Stab","Acrobatics"],"picked":"Prepared","floor":7},{"not_picked":["Catalyst","Flying Knee","Concentrate"],"picked":"SKIP","floor":8},{"not_picked":["Phantasmal Killer","Underhanded Strike"],"picked":"Dagger Spray","floor":10},{"not_picked":["Skewer","Blade Dance"],"picked":"Backflip","floor":11},{"not_picked":["Bullet Time","Flying Knee"],"picked":"PiercingWail","floor":12},{"not_picked":["Dodge and Roll","Acrobatics","Deadly Poison"],"picked":"Singing Bowl","floor":14}],"player_experience":335599,"relics_obtained":[{"floor":6,"key":"Juzu Bracelet"},{"floor":8,"key":"MawBank"},{"floor":9,"key":"Potion Belt"},{"floor":12,"key":"Singing Bowl"}],"event_choices":[{"damage_healed":0,"gold_gain":0,"player_choice":"Take Damage","damage_taken":17,"relics_obtained":["Golden Idol"],"max_hp_gain":0,"max_hp_loss":0,"event_name":"Golden Idol","floor":5,"gold_loss":0}],"is_beta":false,"boss_relics":[],"items_purged_floors":[13],"is_endless":false,"potions_floor_spawned":[1,2,8,10,14],"killed_by":"Slime Boss","ascension_level":13}}