{"host":"z9rwthyxsf7d04ix","time":1614023297,"event":{"mods":["AchievementEnabler","BaseMod","Colored Map","Colored Powertips","Minty Spire (QoL Compilation)","Quick Restart"],"gold_per_floor":[118,43,43,62,78,105,105,134,134,146,171,183,226,238,250,262,262],"floor_reached":16,"language":"ENG","playtime":1197,"items_purged":["Defend_R"],"score":193,"play_id":"5db3ab27-d819-455f-a30a-6b4803e862fc","local_time":"20210222214817","is_ascension_mode":true,"campfire_choices":[{"data":"Bash","floor":10,"key":"SMITH"},{"floor":15,"key":"REST"}],"circlet_count":0,"master_deck":["Strike_R","Strike_R","Strike_R","Strike_R","Defend_R","Defend_R","Defend_R","Bash+1","Flame Barrier","Dropkick","Metallicize","Iron Wave"],"relics":["Burning Blood","Happy Flower","The Courier","MawBank","Centennial Puzzle"],"acts_visited":["Exordium"],"potions_floor_usage":[16,16],"damage_taken":[{"damage":4,"enemies":"Small Slimes","floor":1,"turns":4},{"damage":3,"enemies":"Cultist","floor":4,"turns":5},{"damage":7,"enemies":"Jaw Worm","floor":5,"turns":3},{"damage":27,"enemies":"3 Sentries","floor":6,"turns":14},{"damage":29,"enemies":"Lagavulin","floor":8,"turns":7},{"damage":0,"enemies":"Exordium Wildlife","floor":11,"turns":4},{"damage":11,"enemies":"3 Sentries","floor":13,"turns":11},{"damage":49,"enemies":"Slime Boss","floor":16,"turns":8}],"seed_played":"-6027312839277140758","potions_obtained":[{"floor":5,"key":"SmokeBomb"},{"floor":7,"key":"Energy Potion"},{"floor":7,"key":"Explosive Potion"}],"is_trial":false,"path_per_floor":["M","$","?","M","M","E","?","E","T","R","M","$","E","T","R","B"],"character_chosen":"IRONCLAD","items_purchased":[],"campfire_rested":1,"item_purchase_floors":[],"current_hp_per_floor":[72,72,65,68,67,46,46,23,23,23,29,29,24,24,45,0,0],"gold":262,"neow_bonus":"THREE_RARE_CARDS","is_daily":false,"chose_seed":false,"campfire_upgraded":1,"win_rate":0.0,"timestamp":1614023297,"path_taken":["M","$","?","M","M","E","?","E","T","R","?","?","E","?","R","BOSS"],"items_purchased_type":[],"build_version":"2020-12-22","purchased_purges":1,"victory":false,"max_hp_per_floor":[72,72,72,72,72,72,72,72,72,72,72,72,72,72,72,72,72],"card_choices":[{"not_picked":["Limit Break","Impervious"],"picked":"Feed","floor":0.0},{"not_picked":["Clothesline","Armaments"],"picked":"Flame Barrier","floor":1},{"not_picked":["Shrug It Off","Armaments"],"picked":"Dropkick","floor":4},{"not_picked":["Seeing Red","Disarm"],"picked":"Metallicize","floor":5},{"not_picked":["Clash","Twin Strike","Havoc"],"picked":"SKIP","floor":6},{"not_picked":["Heavy Blade","Clothesline","Disarm"],"picked":"SKIP","floor":8},{"not_picked":["Disarm","Spot Weakness"],"picked":"Iron Wave","floor":11},{"not_picked":["Blood for Blood","Flex","Cleave"],"picked":"SKIP","floor":13}],"player_experience":766612,"relics_obtained":[{"floor":6,"key":"Happy Flower"},{"floor":8,"key":"The Courier"},{"floor":9,"key":"MawBank"},{"floor":13,"key":"Centennial Puzzle"}],"event_choices":[{"cards_removed":["Strike_R"],"damage_healed":0,"gold_gain":0,"player_choice":"Card Removal","damage_taken":7,"max_hp_gain":0,"max_hp_loss":0,"event_name":"Golden Wing","floor":3,"gold_loss":0},{"damage_healed":0,"gold_gain":0,"player_choice":"Got Potions","damage_taken":0,"max_hp_gain":0,"max_hp_loss":0,"event_name":"Lab","floor":7,"gold_loss":0}],"is_beta":false,"boss_relics":[],"items_purged_floors":[2],"is_endless":false,"potions_floor_spawned":[5,11,13],"killed_by":"Slime Boss","ascension_level":3}}