{"host":"xg4r5pv6chpuampg","time":1614002570,"event":{"mods":["AchievementEnabler","BaseMod","Googly Eyes","Minty Spire (QoL Compilation)","StSLib","Together in Spire"],"gold_per_floor":[140,160,160,160,210,210,210,235,235,4,42,66,91,105,105,229,229,244,268,218,242,261,261,261,261,288,330,379,14,49,7,7,108,108,125,125,137,137,149,149,149],"floor_reached":40,"language":"ENG","playtime":1922,"items_purged":[],"score":433,"play_id":"2ddba655-1fe4-4f4c-b84b-473f6e400019","local_time":"20210222170250","is_ascension_mode":true,"campfire_choices":[{"data":"BattleHymn","floor":6,"key":"SMITH"},{"floor":15,"key":"REST"},{"floor":23,"key":"REST"},{"floor":25,"key":"RECALL"},{"floor":32,"key":"REST"}],"circlet_count":0,"master_deck":["Strike_P+1","Strike_P","Defend_P","Defend_P+1","Eruption","Vigilance","FlyingSleeves+1","Consecrate+1","Wish+1","Halt","BattleHymn+1","EmptyFist","DeceiveReality","FollowUp","Establishment","Prostrate","FollowUp","FlurryOfBlows","FollowUp","Tantrum","Tantrum+1","Omniscience+1","Prostrate+1","Judgement+1","Prostrate+1","Wallop"],"relics":["Astrolabe","Bloody Idol","Meat on the Bone","The Courier","Chemical X","Bronze Scales","Boot","Black Star","Akabeko","Happy Flower","Lee\u0027s Waffle","Dream Catcher","Toxic Egg 2","Toy Ornithopter","VioletLotus"],"acts_visited":["Exordium","TheCity","TheBeyond"],"potions_floor_usage":[11,16,16,28,30,33,33,33,33,33,33,40],"damage_taken":[{"damage":0,"enemies":"Cultist","floor":1,"turns":4},{"damage":0,"enemies":"2 Louse","floor":2,"turns":1},{"damage":7,"enemies":"Small Slimes","floor":5,"turns":4},{"damage":0,"enemies":"2 Fungi Beasts","floor":8,"turns":3},{"damage":24,"enemies":"Gremlin Nob","floor":11,"turns":3},{"damage":10,"enemies":"Exordium Wildlife","floor":12,"turns":5},{"damage":2,"enemies":"Lots of Slimes","floor":13,"turns":2},{"damage":0,"enemies":"Blue Slaver","floor":14,"turns":2},{"damage":26,"enemies":"The Guardian","floor":16,"turns":7},{"damage":19,"enemies":"2 Thieves","floor":18,"turns":4},{"damage":1,"enemies":"Spheric Guardian","floor":19,"turns":3},{"damage":11,"enemies":"Centurion and Healer","floor":21,"turns":4},{"damage":21,"enemies":"Snake Plant","floor":22,"turns":3},{"damage":25,"enemies":"Chosen and Byrds","floor":27,"turns":6},{"damage":19,"enemies":"Snecko","floor":28,"turns":4},{"damage":52,"enemies":"Book of Stabbing","floor":30,"turns":4},{"damage":74,"enemies":"Collector","floor":33,"turns":8},{"damage":16,"enemies":"3 Darklings","floor":35,"turns":3},{"damage":5,"enemies":"3 Shapes","floor":37,"turns":2},{"damage":10,"enemies":"Transient","floor":39,"turns":5},{"damage":70,"enemies":"Reptomancer","floor":40,"turns":4}],"seed_played":"7669769159038248811","potions_obtained":[{"floor":2,"key":"DuplicationPotion"},{"floor":8,"key":"LiquidBronze"},{"floor":13,"key":"BlessingOfTheForge"},{"floor":14,"key":"DistilledChaos"},{"floor":16,"key":"PowerPotion"},{"floor":21,"key":"Ancient Potion"},{"floor":28,"key":"EntropicBrew"},{"floor":33,"key":"CultistPotion"},{"floor":37,"key":"Block Potion"},{"floor":39,"key":"DuplicationPotion"}],"is_trial":false,"path_per_floor":["M","M","?","?","M","R","?","M","T","$","E","M","M","M","R","B",null,"M","M","?","M","M","R","?","R","T","M","M","$","E","$","R","B",null,"M","?","M","$","M","E"],"character_chosen":"WATCHER","items_purchased":["Chemical X","Bronze Scales","Happy Flower","Lee\u0027s Waffle","Dream Catcher","BottledMiracle"],"campfire_rested":3,"item_purchase_floors":[10,10,29,29,29,31],"current_hp_per_floor":[72,72,54,47,40,40,26,38,38,38,26,28,38,38,59,45,72,53,52,52,41,32,53,53,53,58,43,46,79,44,44,67,44,79,68,68,68,68,63,0,0],"gold":149,"neow_bonus":"BOSS_RELIC","is_daily":false,"chose_seed":false,"campfire_upgraded":1,"win_rate":0.0,"timestamp":1614002570,"path_taken":["M","?","?","?","M","R","?","M","T","$","E","M","M","?","R","BOSS","M","M","?","?","M","R","?","R","T","M","M","?","E","$","R","BOSS","M","?","?","?","?","E"],"items_purchased_type":["Relic","Relic","Relic","Relic","Relic","Potion"],"build_version":"2020-12-22","purchased_purges":0,"victory":false,"max_hp_per_floor":[72,72,72,72,72,72,72,72,72,72,72,72,72,72,72,72,72,72,72,72,72,72,72,72,72,72,72,72,79,79,79,79,79,79,79,79,79,79,79,79,79],"card_choices":[{"not_picked":["CrushJoints","ClearTheMind"],"picked":"Halt","floor":1},{"not_picked":["FollowUp","Vengeance"],"picked":"BattleHymn","floor":2},{"not_picked":["BowlingBash","Consecrate","CrushJoints"],"picked":"SKIP","floor":5},{"not_picked":["Worship","ClearTheMind","PathToVictory"],"picked":"SKIP","floor":8},{"not_picked":["ClearTheMind","ThirdEye"],"picked":"EmptyFist","floor":11},{"not_picked":["FlyingSleeves","EmptyFist","Wireheading"],"picked":"SKIP","floor":12},{"not_picked":["Worship","PathToVictory"],"picked":"DeceiveReality","floor":13},{"not_picked":["EmptyFist","Wireheading"],"picked":"FollowUp","floor":14},{"not_picked":["Blasphemy","MasterReality"],"picked":"Establishment","floor":16},{"not_picked":["CrushJoints","MentalFortress+1"],"picked":"Prostrate","floor":18},{"not_picked":["EmptyFist","EmptyBody"],"picked":"FollowUp","floor":19},{"not_picked":["Crescendo","Halt"],"picked":"FlurryOfBlows","floor":21},{"not_picked":["CutThroughFate+1","SashWhip"],"picked":"FollowUp","floor":22},{"not_picked":["Halt","SashWhip+1"],"picked":"Tantrum","floor":27},{"not_picked":["Pray","FlyingSleeves"],"picked":"Tantrum+1","floor":28},{"not_picked":["Conclude","LessonLearned"],"picked":"Omniscience+1","floor":30},{"not_picked":["Crescendo+1","ClearTheMind+1"],"picked":"Prostrate+1","floor":32},{"not_picked":["Brilliance","Devotion"],"picked":"Judgement+1","floor":33},{"not_picked":["WaveOfTheHand+1","ThirdEye+1"],"picked":"Prostrate+1","floor":35},{"not_picked":["EmptyMind+1","Conclude"],"picked":"Wallop","floor":37},{"not_picked":["Tantrum","SashWhip+1","Crescendo+1"],"picked":"SKIP","floor":39}],"player_experience":157007,"relics_obtained":[{"floor":9,"key":"The Courier"},{"floor":11,"key":"Boot"},{"floor":26,"key":"Akabeko"},{"floor":30,"key":"Toxic Egg 2"},{"floor":30,"key":"Toy Ornithopter"}],"event_choices":[{"damage_healed":0,"gold_gain":0,"player_choice":"Take Damage","damage_taken":18,"relics_obtained":["Golden Idol"],"max_hp_gain":0,"max_hp_loss":0,"event_name":"Golden Idol","floor":3,"gold_loss":0},{"damage_healed":0,"gold_gain":0,"player_choice":"Success","damage_taken":7,"relics_obtained":["Meat on the Bone"],"max_hp_gain":0,"max_hp_loss":0,"event_name":"Scrap Ooze","floor":4,"gold_loss":0},{"damage_healed":0,"gold_gain":0,"player_choice":"Entered Light","damage_taken":14,"max_hp_gain":0,"max_hp_loss":0,"event_name":"Shining Light","floor":7,"gold_loss":0,"cards_upgraded":["Defend_P","Strike_P"]},{"damage_healed":0,"gold_gain":0,"player_choice":"Bet on Murderer","damage_taken":0,"max_hp_gain":0,"max_hp_loss":0,"event_name":"The Joust","floor":20,"gold_loss":50},{"damage_healed":0,"gold_gain":0,"player_choice":"Gave Idol","damage_taken":0,"relics_obtained":["Bloody Idol"],"max_hp_gain":0,"max_hp_loss":0,"event_name":"Forgotten Altar","floor":24,"relics_lost":["Golden Idol"],"gold_loss":0},{"cards_removed":["Strike_P"],"damage_healed":0,"gold_gain":0,"player_choice":"Purged","damage_taken":0,"max_hp_gain":0,"max_hp_loss":0,"event_name":"Purifier","floor":36,"gold_loss":0}],"is_beta":false,"boss_relics":[{"not_picked":["Cursed Key","Sozu"],"picked":"Black Star"},{"not_picked":["Pandora\u0027s Box","Runic Pyramid"],"picked":"VioletLotus"}],"items_purged_floors":[],"is_endless":false,"potions_floor_spawned":[2,8,13,14,16,21,27,28,33,37,39],"killed_by":"Reptomancer","ascension_level":1}}