{"host":"lgow17wc5wawziz1","time":1614006209,"event":{"mods":["AchievementEnabler","Act Like it!","Aspiration","BaseMod","Better Third Choice","Colored Map","Friendly Minions","Gensokyo","Hubris","Kiyohime£¨?ýï£©","Minty Spire (QoL Compilation)","MostiFishMod","Permanent Neow","Quick Restart","Replay The Spire","StSLib","SuperFastMode","¡¼?Úª?ø«¡½REMEMod"],"gold_per_floor":[110,128,6,19,33,62,62,92,92,92,120,70,70,88,88,188,188,204,218,218,68,68,68,95,111,159,20,237,237,487,503,503,604,604,618,254,272,588,588,821,821,854,899,932,932,952,952,2,2,2],"floor_reached":51,"language":"KOR","playtime":2443,"items_purged":["Writhe"],"score":1338,"play_id":"d7a8a0be-9aa5-45c9-b021-e72e7471eee3","local_time":"20210223000329","is_ascension_mode":true,"campfire_choices":[{"data":"Blade Dance","floor":10.0,"key":"SMITH"},{"data":"Blade Dance","floor":13.0,"key":"SMITH"},{"data":"Leg Sweep","floor":15.0,"key":"SMITH"},{"data":"MostiFishMod:LethalBlade","floor":23.0,"key":"SMITH"},{"data":"REME_TwoStrings","floor":29.0,"key":"SMITH"},{"data":"Backflip","floor":32.0,"key":"SMITH"},{"data":"MostiFishMod:HiddenBlade","floor":41.0,"key":"SMITH"},{"data":"Hidden Blade","floor":45,"key":"SMITH"},{"data":"Well Laid Plans","floor":49,"key":"SMITH"}],"circlet_count":0,"master_deck":["Strike_G","Strike_G","Defend_G","Defend_G","Defend_G","Defend_G","Defend_G","Survivor","Neutralize+1","MostiFishMod:HellRitual+1","aspiration:Lunge","Dagger Spray","Blade Dance+1","MostiFishMod:PerfectParry","Backflip+1","Hidden Blade+1","Deflect","Blade Dance+1","Leg Sweep+1","MostiFishMod:LethalBlade+1","MostiFishMod:PerfectParry","Backflip+1","Hyperbeam+1","PiercingWail+1","REME_TwoStrings+1","Footwork+1","Cloak And Dagger","MostiFishMod:HiddenBlade+1","Blur+1","PiercingWail+1","Flechettes+1","PiercingWail+1","Deflect+1","Well Laid Plans+1","ReplayTheSpireMod:IOU"],"relics":["Ring of the Snake","REME_ComplimentaryCards","DaveBox","Technique","Gensokyo:OccultBall","SynthV:TestCard","aspiration:ChemicalBlood","Bronze Scales","hubris:Towel","Byrd Skull","Replay:Mystery Machine","Tingsha","Replay:Towering Pillar of Hats","Philosopher\u0027s Stone","ThornShield","Smiling Mask","ReplayTheSpireMod:Lightbulb","SacredBark","REME_CardOfGreed","ReplayTheSpireMod:EnergyBall","hubris:GlazedTorus","The Courier","WingedGreaves","DianPoetry","ReplayTheSpireMod:TigerMarble","Replay:Wax Seal","hubris:Reverence","BrkXgEgg","Mango","Strawberry","TungstenRod","hubris:MysteriousPyramids","Vajra"],"acts_visited":["Gensokyo:Gensokyo","Gensokyo:Gensokyoer","Gensokyo:Gensokyoest"],"potions_floor_usage":[50],"damage_taken":[{"damage":0.0,"enemies":"Gensokyo:2_Kodama","floor":1.0,"turns":1.0},{"damage":0.0,"enemies":"Gensokyo:3_Fairies","floor":2.0,"turns":3.0},{"damage":0.0,"enemies":"Gensokyo:Python","floor":4.0,"turns":3.0},{"damage":0.0,"enemies":"Gensokyo:LivingMonolith","floor":5.0,"turns":3.0},{"damage":4.0,"enemies":"Gensokyo:Mamizou","floor":6.0,"turns":5.0},{"damage":11.0,"enemies":"Gensokyo:Aya","floor":8.0,"turns":4.0},{"damage":11.0,"enemies":"Gensokyo:Mamizou","floor":11.0,"turns":7.0},{"damage":0.0,"enemies":"Gensokyo:Python_and_Kodama","floor":14.0,"turns":3.0},{"damage":35.0,"enemies":"Gensokyo:Yukari","floor":16.0,"turns":8.0},{"damage":13.0,"enemies":"Gensokyo:CosmicMonolith","floor":18.0,"turns":3.0},{"damage":0.0,"enemies":"Gensokyo:AngelMirror","floor":19.0,"turns":5.0},{"damage":2.0,"enemies":"Gensokyo:Tenshi","floor":24.0,"turns":6.0},{"damage":13.0,"enemies":"Gensokyo:Slime_Group","floor":25.0,"turns":4.0},{"damage":0.0,"enemies":"Gensokyo:Wraith","floor":28.0,"turns":4.0},{"damage":0.0,"enemies":"Gensokyo:3_Gloops","floor":31.0,"turns":2.0},{"damage":0.0,"enemies":"Gensokyo:Eternal_Rivals","floor":33.0,"turns":6.0},{"damage":5.0,"enemies":"Gensokyo:AncientGuardian","floor":35.0,"turns":6.0},{"damage":2.0,"enemies":"Gensokyo:3_Boulders","floor":37.0,"turns":4.0},{"damage":0.0,"enemies":"Gensokyo:AtlasGolem","floor":38.0,"turns":8.0},{"damage":5.0,"enemies":"Gensokyo:Kasen","floor":40.0,"turns":5.0},{"damage":0.0,"enemies":"Gensokyo:Marisa","floor":42.0,"turns":4.0},{"damage":0,"enemies":"Gensokyo:Doremy","floor":44,"turns":5},{"damage":0,"enemies":"Gensokyo:Dusk_and_Dawn","floor":46,"turns":3},{"damage":29,"enemies":"Gensokyo:Shinki","floor":50,"turns":8}],"seed_played":"-8061874880064175519","potions_obtained":[{"floor":1.0,"key":"Adrenaline Potion"},{"floor":8.0,"key":"FearPotion"},{"floor":11.0,"key":"Flashbang"},{"floor":16.0,"key":"FairyPotion"},{"floor":42.0,"key":"Cursed Concoction"},{"floor":46,"key":"DistilledChaos"},{"floor":50,"key":"DistilledChaos"},{"floor":50,"key":"Regen Potion"}],"is_trial":false,"path_per_floor":["M","M","COS","M","M","E","?","E","T","R","E","$","R","M","R","B",null,"M","M","?","COS","?","R","E","M","T","$","M","R","?","M","R","B",null,"M","COS","M","M","?","E","R","E","T","E","R","M","?","$","R","B",null],"character_chosen":"THE_SILENT","items_purchased":["Blade Dance","REME_TwoStrings","BrkXgEgg","Mango","Strawberry","TungstenRod","hubris:MysteriousPyramids","Vajra"],"campfire_rested":0,"item_purchase_floors":[12,27,48,48,48,48,48,48],"current_hp_per_floor":[63,63,63,63,63,59,59,48,48,48,37,37,37,37,37,2,53,40,40,40,40,40,40,38,25,25,25,25,25,25,25,25,25,56,51,51,49,49,49,44,44,44,44,44,44,44,44,65,65,36],"gold":2,"neow_bonus":"ONE_RANDOM_RARE_CARD","is_daily":false,"chose_seed":false,"campfire_upgraded":9,"win_rate":0.0,"timestamp":1614006209,"path_taken":["M","M","COS","M","M","E","?","E","T","R","E","$","R","?","R","BOSS","M","M","?","COS","?","R","E","?","T","$","M","R","?","M","R","BOSS","M","COS","M","M","?","E","R","E","T","E","R","M","?","?","R","BOSS"],"items_purchased_type":["Card","Card","Relic","Relic","Relic","Relic","Relic","Relic"],"build_version":"2020-12-22","purchased_purges":1,"victory":true,"max_hp_per_floor":[70,70,70,70,70,70,70,70,70,70,70,70,70,70,70,70,70,70,70,70,70,70,70,70,70,70,70,70,70,66,66,66,66,66,66,66,66,66,66,66,66,66,66,66,66,66,66,87,87,87],"card_choices":[{"not_picked":["Acrobatics","Backflip"],"picked":"Dagger Spray","floor":1.0},{"not_picked":["Cloak And Dagger","Flying Knee","Dagger Throw","Underhanded Strike"],"picked":"Blade Dance","floor":2.0},{"not_picked":["Outmaneuver","A Thousand Cuts","hubris:SlightOfHand","Quick Slash"],"picked":"MostiFishMod:PerfectParry","floor":4.0},{"not_picked":["Predator","Endless Agony","Eviscerate","Bane"],"picked":"Backflip","floor":5.0},{"not_picked":["Setup","Backflip","ReplayTheSpireMod:The Works","ReplayTheSpireMod:Tripwire"],"picked":"Hidden Blade","floor":6.0},{"not_picked":["Fluid Movement","Predator","hubris:Counter","Backflip"],"picked":"Deflect","floor":8.0},{"not_picked":["Dagger Throw","Crippling Poison","Heel Hook","Deadly Poison","Outmaneuver"],"picked":"SKIP","floor":11.0},{"not_picked":["Dagger Throw","Crippling Poison","Heel Hook","Deadly Poison","Outmaneuver"],"picked":"SKIP","floor":11.0},{"not_picked":["Dagger Throw","Crippling Poison","Heel Hook","Deadly Poison","Outmaneuver"],"picked":"SKIP","floor":11.0},{"not_picked":["Outmaneuver","Deadly Poison","Quick Slash","Bane"],"picked":"Leg Sweep","floor":14.0},{"not_picked":["Night Terror","MostiFishMod:WinterMarkForm","Wraith Form v2","Poison Darts"],"picked":"MostiFishMod:LethalBlade","floor":16.0},{"not_picked":["MostiFishMod:PoisonShield+1","Acrobatics","Flying Knee","ReplayTheSpireMod:Exploit Weakness"],"picked":"MostiFishMod:PerfectParry","floor":18.0},{"not_picked":["Blade Dance","Hidden Blade+1","Bouncing Flask","Prepared"],"picked":"Backflip+1","floor":19.0},{"not_picked":["Dodge and Roll","Sucker Punch","ReplayTheSpireMod:Speed Training","MostiFishMod:Dislodge","Hidden Blade"],"picked":"SKIP","floor":24.0},{"not_picked":["Dodge and Roll","Sucker Punch","ReplayTheSpireMod:Speed Training","MostiFishMod:Dislodge","Hidden Blade"],"picked":"SKIP","floor":24.0},{"not_picked":["Backflip","hubris:SlightOfHand","Flechettes+1","Dagger Spray"],"picked":"PiercingWail+1","floor":25.0},{"not_picked":["Outmaneuver","Acrobatics+1","Quick Slash","Backflip"],"picked":"Footwork+1","floor":28.0},{"not_picked":["PiercingWail","ReplayTheSpireMod:Scrap Shanks","Eviscerate","Draining Mist"],"picked":"Cloak And Dagger","floor":31.0},{"not_picked":["MostiFishMod:ShivMaster","REME_ShadowForm","MostiFishMod:Listen","Corpse Explosion"],"picked":"MostiFishMod:HiddenBlade","floor":33.0},{"not_picked":["Underhanded Strike","Slice","Cloak And Dagger","hubris:TrickCloak+1","ReplayTheSpireMod:Speed Training"],"picked":"SKIP","floor":35.0},{"not_picked":["hubris:SlightOfHand","Prepared+1","Masterful Stab","Caltrops+1"],"picked":"Blur+1","floor":37.0},{"not_picked":["Dagger Throw+1","Blade Dance+1","Slice","Distraction+1"],"picked":"PiercingWail+1","floor":38.0},{"not_picked":["Dodge and Roll","ReplayTheSpireMod:Speed Training","Dagger Spray","Terror+1","Finisher+1"],"picked":"SKIP","floor":40.0},{"not_picked":["Quick Slash+1","Bane+1","Heel Hook","Hidden Blade"],"picked":"Flechettes+1","floor":42.0},{"not_picked":["Toxin Wave","Riddle With Holes","Noxious Fumes+1","REME_ShadowStrike"],"picked":"PiercingWail+1","floor":44},{"not_picked":["MostiFishMod:ThornCasing+1","Dagger Spray","Sucker Punch+1","MostiFishMod:LethalBlade"],"picked":"Deflect+1","floor":46}],"player_experience":362397,"relics_obtained":[{"floor":1.0,"key":"Gensokyo:OccultBall"},{"floor":1.0,"key":"SynthV:TestCard"},{"floor":6.0,"key":"Bronze Scales"},{"floor":8.0,"key":"Replay:Mystery Machine"},{"floor":9.0,"key":"Tingsha"},{"floor":11.0,"key":"Replay:Towering Pillar of Hats"},{"floor":16.0,"key":"Gensokyo:OccultBall"},{"floor":24.0,"key":"ThornShield"},{"floor":26.0,"key":"Smiling Mask"},{"floor":28.0,"key":"Gensokyo:OccultBall"},{"floor":33.0,"key":"Gensokyo:OccultBall"},{"floor":40.0,"key":"DianPoetry"},{"floor":42.0,"key":"ReplayTheSpireMod:TigerMarble"},{"floor":43.0,"key":"Replay:Wax Seal"},{"floor":44,"key":"hubris:Reverence"}],"event_choices":[],"is_beta":false,"boss_relics":[{"not_picked":["SlaversCollar","REME_LowDesire"],"picked":"Philosopher\u0027s Stone"},{"not_picked":["TimeKeys","Black Star"],"picked":"SacredBark"}],"items_purged_floors":[27],"is_endless":false,"potions_floor_spawned":[1,8,11,14,16,25,28,42,44,46],"ascension_level":7}}