{"host":"oqyakm3e5m4kt4l3","time":1614033310,"event":{"mods":["2.2 Compatiblity","AchievementEnabler","BaseMod","Better Altar","Better Match","Better Note","Better Sensory Stone","Better Skull","Better Third Choice","BetterRewards","Colored Map","Colored Powertips","Minty Spire (QoL Compilation)","Permanent Neow","Quick Restart","Rare Cards Sparkle","Shop Mod","StSLib","Synergy Search"],"gold_per_floor":[109,284,284,311,311,311,334,334,334,367,367,401,401,432,432,527,527,541,541,290,306,64,64,64,64],"floor_reached":24,"language":"ENG","playtime":880,"items_purged":["Defend_R"],"score":354,"play_id":"dd5258ff-4e19-4fbb-847a-8af003dd4218","local_time":"20210222173510","is_ascension_mode":true,"campfire_choices":[{"data":"Bash","floor":6.0,"key":"SMITH"},{"data":"Disarm","floor":8.0,"key":"SMITH"},{"floor":13.0,"key":"REST"},{"data":"Rampage","floor":15.0,"key":"SMITH"},{"data":"Seeing Red","floor":23.0,"key":"SMITH"}],"circlet_count":0,"master_deck":["AscendersBane","Strike_R","Strike_R","Strike_R","Defend_R","Defend_R","Defend_R","Bash+1","Impervious","Disarm+1","Thunderclap","Clash","Rampage+1","Shrug It Off","Demon Form+1","Seeing Red+1","Armaments","Feed","Burning Pact"],"relics":["Burning Blood","Golden Idol","Happy Flower","Matryoshka","HornCleat","Vajra","Pear","Pantograph","Shuriken","Empty Cage","Singing Bowl"],"acts_visited":["Exordium","TheCity"],"potions_floor_usage":[],"damage_taken":[{"damage":8.0,"enemies":"Jaw Worm","floor":1.0,"turns":5.0},{"damage":6.0,"enemies":"2 Louse","floor":7.0,"turns":4.0},{"damage":34.0,"enemies":"Lagavulin","floor":10.0,"turns":10.0},{"damage":20.0,"enemies":"3 Sentries","floor":12.0,"turns":9.0},{"damage":13.0,"enemies":"Gremlin Nob","floor":14.0,"turns":4.0},{"damage":3.0,"enemies":"Hexaghost","floor":16.0,"turns":9.0},{"damage":34.0,"enemies":"Spheric Guardian","floor":18.0,"turns":6.0},{"damage":7.0,"enemies":"Chosen","floor":21.0,"turns":5.0},{"damage":48,"enemies":"Gremlin Leader","floor":24,"turns":6}],"seed_played":"-2670511152480778905","potions_obtained":[{"floor":7.0,"key":"Dexterity Potion"},{"floor":14.0,"key":"Block Potion"}],"is_trial":false,"path_per_floor":["M","?","?","T","?","R","M","R","T","E","?","E","R","E","R","B",null,"M","?","$","M","$","R","E"],"character_chosen":"IRONCLAD","items_purchased":["Armaments","Feed","Singing Bowl"],"campfire_rested":1,"item_purchase_floors":[20,20,22],"current_hp_per_floor":[66,66,66,66,66,66,66,66,66,38,31,17,40,33,33,61,75,47,47,47,46,46,46,0,0],"gold":64,"neow_bonus":"ONE_RANDOM_RARE_CARD","is_daily":false,"chose_seed":false,"campfire_upgraded":4,"win_rate":0.0,"timestamp":1614033310,"path_taken":["M","?","?","?","?","R","?","R","T","E","?","E","R","E","R","BOSS","M","?","$","M","$","R","E"],"items_purchased_type":["Card","Card","Relic"],"build_version":"2020-12-22","purchased_purges":1,"victory":false,"max_hp_per_floor":[75,75,69,69,69,69,69,69,69,69,79,79,79,79,79,79,79,79,79,79,79,79,79,79,79],"card_choices":[{"not_picked":["Warcry","Shrug It Off"],"picked":"Disarm","floor":1.0},{"not_picked":["Anger","Searing Blow"],"picked":"Thunderclap","floor":7.0},{"not_picked":["Headbutt","Feel No Pain"],"picked":"Clash","floor":10.0},{"not_picked":["Bloodletting","Anger"],"picked":"Rampage","floor":12.0},{"not_picked":["Rampage","Heavy Blade"],"picked":"Shrug It Off","floor":14.0},{"not_picked":["Reaper","Corruption"],"picked":"Demon Form","floor":16.0},{"not_picked":["Iron Wave","Anger"],"picked":"Seeing Red","floor":18.0},{"not_picked":["Thunderclap","Dark Embrace"],"picked":"Burning Pact","floor":21.0}],"player_experience":569363,"relics_obtained":[{"floor":4.0,"key":"Happy Flower"},{"floor":9.0,"key":"Matryoshka"},{"floor":10.0,"key":"HornCleat"},{"floor":12.0,"key":"Pantograph"},{"floor":14.0,"key":"Shuriken"}],"event_choices":[{"damage_healed":0.0,"max_hp_gain":0.0,"max_hp_loss":0.0,"gold_gain":175.0,"event_name":"betterThird:BetterSerpent","player_choice":"AGREE","floor":2.0,"gold_loss":0.0,"damage_taken":109.0},{"damage_healed":0.0,"max_hp_gain":0.0,"max_hp_loss":6.0,"gold_gain":0.0,"event_name":"Golden Idol","player_choice":"Lose Max HP","floor":3.0,"gold_loss":0.0,"damage_taken":0.0,"relics_obtained":["Golden Idol"]},{"cards_removed":["Doubt"],"damage_healed":0.0,"max_hp_gain":0.0,"max_hp_loss":0.0,"gold_gain":0.0,"event_name":"Fountain of Cleansing","player_choice":"Removed Curses","floor":5.0,"gold_loss":0.0,"damage_taken":0.0},{"damage_healed":0.0,"max_hp_gain":0.0,"max_hp_loss":0.0,"gold_gain":1.0,"event_name":"betterThird:BetterScrap","player_choice":"Relic Relic ","floor":11.0,"gold_loss":0.0,"damage_taken":17.0,"cards_obtained":["Corpse Explosion"]},{"damage_healed":0.0,"max_hp_gain":0.0,"max_hp_loss":0.0,"gold_gain":0.0,"event_name":"Upgrade Shrine","player_choice":"Upgraded","floor":19.0,"gold_loss":0.0,"damage_taken":0.0,"cards_upgraded":["Demon Form"]}],"is_beta":false,"boss_relics":[{"not_picked":["Cursed Key","Astrolabe"],"picked":"Empty Cage"}],"items_purged_floors":[20],"is_endless":false,"potions_floor_spawned":[7,14],"killed_by":"Gremlin Leader","ascension_level":14}}