{"host":"jq8d8epkoknfq6em","time":1614002488,"event":{"mods":["AchievementEnabler","BaseMod","Colored Map","Colored Powertips","Highlight Path","Minty Spire (QoL Compilation)","Quick Restart","Relic Stats","StSLib"],"gold_per_floor":[361,378,45,45,45,74,93,104,104,131,56,56,56,88,88,163,163,178,194,194,119,119,144,144,173,173,188,203,203,222,237,237,312,312,323,323,334,259,271,305,305,319,371,371,395,75,75,91,91,91],"floor_reached":51,"language":"ENG","playtime":3582,"items_purged":["Strike_R"],"score":1355,"play_id":"51da51d4-76b3-4dc6-b234-49e5e7917bae","local_time":"20210222150128","is_ascension_mode":true,"campfire_choices":[{"data":"Anger","floor":12,"key":"SMITH"},{"data":"Pommel Strike","floor":15,"key":"SMITH"},{"data":"Limit Break","floor":24,"key":"SMITH"},{"data":"Ghostly","floor":29,"key":"SMITH"},{"data":"Ghostly","floor":32,"key":"SMITH"},{"data":"Ghostly","floor":41,"key":"SMITH"},{"data":"Spot Weakness","floor":49,"key":"SMITH"}],"circlet_count":0,"master_deck":["AscendersBane","Defend_R","Defend_R+1","Defend_R+1","Defend_R","Bash","Anger+1","Pommel Strike","Hemokinesis","Pommel Strike+1","Spot Weakness+1","Burning Pact","Limit Break+1","Thunderclap","Ghostly+1","Ghostly+1","Ghostly+1","Cleave","Brutality","Dark Embrace+1","Intimidate+1","Blood for Blood+1"],"relics":["Black Blood","Bag of Preparation","Tiny Chest","Pen Nib","Mummified Hand","Blood Vial","Du-Vu Doll","Busted Crown","Torii","War Paint","Strawberry","InkBottle","Orichalcum","Bottled Lightning","Anchor","Ancient Tea Set","Bottled Flame"],"acts_visited":["Exordium","TheCity","TheBeyond"],"potions_floor_usage":[6,16,16,30,33,40,50],"damage_taken":[{"damage":11,"enemies":"Jaw Worm","floor":1,"turns":4},{"damage":1,"enemies":"Cultist","floor":2,"turns":3},{"damage":13,"enemies":"Lagavulin","floor":6,"turns":6},{"damage":2,"enemies":"2 Louse","floor":7,"turns":2},{"damage":8,"enemies":"Looter","floor":8,"turns":4},{"damage":18,"enemies":"Gremlin Nob","floor":14,"turns":3},{"damage":45,"enemies":"The Guardian","floor":16,"turns":12},{"damage":31,"enemies":"Shell Parasite","floor":18,"turns":4},{"damage":4,"enemies":"Chosen","floor":19,"turns":3},{"damage":4,"enemies":"Book of Stabbing","floor":23,"turns":4},{"damage":7,"enemies":"Gremlin Leader","floor":25,"turns":6},{"damage":0,"enemies":"3 Cultists","floor":27,"turns":5},{"damage":4,"enemies":"Snake Plant","floor":28,"turns":3},{"damage":13,"enemies":"Chosen and Byrds","floor":30,"turns":6},{"damage":3,"enemies":"Snecko","floor":31,"turns":4},{"damage":8,"enemies":"Automaton","floor":33,"turns":6},{"damage":13,"enemies":"3 Shapes","floor":35,"turns":7},{"damage":2,"enemies":"Orb Walker","floor":37,"turns":3},{"damage":5,"enemies":"Writhing Mass","floor":39,"turns":5},{"damage":4,"enemies":"Reptomancer","floor":40,"turns":4},{"damage":14,"enemies":"Jaw Worm Horde","floor":42,"turns":4},{"damage":7,"enemies":"Sphere and 2 Shapes","floor":48,"turns":4},{"damage":26,"enemies":"Awakened One","floor":50,"turns":7}],"seed_played":"7243065131592764510","potions_obtained":[{"floor":1,"key":"ElixirPotion"},{"floor":2,"key":"HeartOfIron"},{"floor":5,"key":"LiquidMemories"},{"floor":14,"key":"SpeedPotion"},{"floor":16,"key":"FairyPotion"},{"floor":23,"key":"SneckoOil"},{"floor":25,"key":"FearPotion"},{"floor":30,"key":"ColorlessPotion"},{"floor":35,"key":"Fire Potion"},{"floor":42,"key":"FairyPotion"}],"is_trial":false,"path_per_floor":["M","M","$","?","?","E","M","M","T","T","?","R","?","E","R","B",null,"M","M","T","?","?","E","R","E","T","M","M","R","M","M","R","B",null,"M","T","M","$","M","E","R","M","T","?","T","$","$","M","R","B",null],"character_chosen":"IRONCLAD","items_purchased":["Bag of Preparation","Tiny Chest","SteroidPotion","Bottled Flame"],"campfire_rested":0,"item_purchase_floors":[3,3,46,46],"current_hp_per_floor":[63,68,68,61,61,54,58,56,56,56,56,56,56,46,46,9,53,30,34,34,34,34,34,34,40,40,41,41,41,34,39,39,39,41,40,40,41,41,41,41,41,39,39,39,39,39,39,41,41,27],"gold":91,"neow_bonus":"TWO_FIFTY_GOLD","is_daily":false,"chose_seed":false,"campfire_upgraded":7,"win_rate":0.0,"timestamp":1614002488,"path_taken":["M","M","$","?","?","E","?","M","T","?","?","R","?","E","R","BOSS","M","?","?","?","?","E","R","E","T","M","?","R","M","M","R","BOSS","M","?","M","$","?","E","R","?","T","?","?","?","$","M","R","BOSS"],"items_purchased_type":["Relic","Relic","Potion","Relic"],"build_version":"2020-12-22","purchased_purges":1,"victory":true,"max_hp_per_floor":[68,68,68,68,68,68,68,68,68,68,68,68,68,68,68,68,68,68,68,68,68,34,34,34,41,41,41,41,41,41,41,41,41,41,41,41,41,41,41,41,41,41,41,41,41,41,41,41,41,41],"relic_stats":{"Torii":19,"counters":[23,109],"Black Blood":140,"Pen Nib":[17],"Bag of Preparation":[42],"War Paint":["Defend_R","Defend_R"],"Orichalcum":[66],"Blood Vial":16,"Busted Crown":30,"Mummified Hand":[15],"Tiny Chest":4,"obtain_stats":[{"Torii":20,"Black Blood":34,"Pen Nib":6,"Bag of Preparation":3,"War Paint":23,"Orichalcum":36,"Ancient Tea Set":45,"Burning Blood":0,"Blood Vial":10,"Du-Vu Doll":14,"Anchor":43,"Bottled Flame":46,"Busted Crown":17,"Mummified Hand":9,"Strawberry":25,"Tiny Chest":3,"Bottled Lightning":40,"InkBottle":26},{"Torii":9,"Black Blood":16,"Pen Nib":3,"Bag of Preparation":2,"War Paint":10,"Orichalcum":17,"Ancient Tea Set":21,"Burning Blood":0,"Blood Vial":5,"Du-Vu Doll":6,"Anchor":21,"Bottled Flame":21,"Busted Crown":7,"Mummified Hand":5,"Strawberry":11,"Tiny Chest":2,"Bottled Lightning":20,"InkBottle":11},{"Torii":41,"Black Blood":75,"Pen Nib":13,"Bag of Preparation":7,"War Paint":45,"Orichalcum":82,"Ancient Tea Set":98,"Burning Blood":0,"Blood Vial":19,"Du-Vu Doll":22,"Anchor":98,"Bottled Flame":98,"Busted Crown":34,"Mummified Hand":19,"Strawberry":51,"Tiny Chest":7,"Bottled Lightning":94,"InkBottle":51}],"InkBottle":[23]},"card_choices":[{"not_picked":["Rupture","Shrug It Off"],"picked":"Anger","floor":1},{"not_picked":["Havoc","Wild Strike"],"picked":"Pommel Strike","floor":2},{"not_picked":["Twin Strike","Blood for Blood"],"picked":"Hemokinesis","floor":6},{"not_picked":["Anger","Pummel"],"picked":"Pommel Strike","floor":7},{"not_picked":["Pommel Strike","Brutality"],"picked":"Spot Weakness","floor":8},{"not_picked":["Headbutt","Disarm"],"picked":"Burning Pact","floor":14},{"not_picked":["Offering","Berserk"],"picked":"Limit Break","floor":16},{"not_picked":[],"picked":"Thunderclap","floor":18},{"not_picked":["Blood for Blood"],"picked":"SKIP","floor":19},{"not_picked":["Headbutt"],"picked":"SKIP","floor":23},{"not_picked":["Pommel Strike"],"picked":"SKIP","floor":25},{"not_picked":["Hemokinesis"],"picked":"SKIP","floor":27},{"not_picked":["Spot Weakness"],"picked":"SKIP","floor":28},{"not_picked":["Searing Blow"],"picked":"SKIP","floor":30},{"not_picked":[],"picked":"Cleave","floor":31},{"not_picked":[],"picked":"Brutality","floor":33},{"not_picked":[],"picked":"Dark Embrace+1","floor":35},{"not_picked":["Iron Wave"],"picked":"SKIP","floor":37},{"not_picked":[],"picked":"Intimidate+1","floor":39},{"not_picked":[],"picked":"Blood for Blood+1","floor":40},{"not_picked":["Perfected Strike+1"],"picked":"SKIP","floor":42},{"not_picked":["True Grit"],"picked":"SKIP","floor":48},{"not_picked":["True Grit"],"picked":"SKIP","floor":48}],"player_experience":1081737,"relics_obtained":[{"floor":6,"key":"Pen Nib"},{"floor":9,"key":"Mummified Hand"},{"floor":10,"key":"Blood Vial"},{"floor":14,"key":"Du-Vu Doll"},{"floor":20,"key":"Torii"},{"floor":23,"key":"War Paint"},{"floor":25,"key":"Strawberry"},{"floor":26,"key":"InkBottle"},{"floor":36,"key":"Orichalcum"},{"floor":40,"key":"Bottled Lightning"},{"floor":43,"key":"Anchor"},{"floor":45,"key":"Ancient Tea Set"}],"event_choices":[{"cards_removed":["Strike_R"],"damage_healed":0,"gold_gain":0,"player_choice":"Card Removal","damage_taken":7,"max_hp_gain":0,"max_hp_loss":0,"event_name":"Golden Wing","floor":4,"gold_loss":0},{"damage_healed":0,"gold_gain":0,"player_choice":"Got Potions","damage_taken":0,"max_hp_gain":0,"max_hp_loss":0,"event_name":"Lab","floor":5,"gold_loss":0},{"cards_removed":["Strike_R"],"damage_healed":0,"gold_gain":0,"player_choice":"Card Removal","damage_taken":0,"max_hp_gain":0,"max_hp_loss":0,"event_name":"The Cleric","floor":11,"gold_loss":75},{"cards_removed":["Strike_R"],"damage_healed":0,"gold_gain":0,"player_choice":"Purged","damage_taken":0,"max_hp_gain":0,"max_hp_loss":0,"event_name":"Purifier","floor":13,"gold_loss":0},{"cards_removed":["Strike_R"],"damage_healed":0,"gold_gain":0,"player_choice":"Gave Gold","damage_taken":0,"max_hp_gain":0,"max_hp_loss":0,"event_name":"Beggar","floor":21,"gold_loss":75},{"damage_healed":0,"gold_gain":0,"player_choice":"Became a Ghost","damage_taken":0,"max_hp_gain":0,"max_hp_loss":34,"event_name":"Ghosts","floor":22,"gold_loss":0,"cards_obtained":["Ghostly","Ghostly","Ghostly"]},{"damage_healed":0,"gold_gain":0,"player_choice":"0 cards matched","damage_taken":0,"max_hp_gain":0,"max_hp_loss":0,"event_name":"Match and Keep!","floor":44,"gold_loss":0,"cards_obtained":[]}],"is_beta":false,"boss_relics":[{"not_picked":["Empty Cage","Velvet Choker"],"picked":"Busted Crown"},{"not_picked":["Sozu","Runic Pyramid"],"picked":"Black Blood"}],"items_purged_floors":[38],"is_endless":false,"potions_floor_spawned":[1,2,14,16,23,25,30,35,42,48],"ascension_level":16}}