{"host":"8zzc9mdnfkdiyxma","time":1614002519,"event":{"mods":["2.2 Compatiblity","BaseMod","Better Altar","Better Match","Better Note","Better Sensory Stone","Better Skull","Better Third Choice","Better Vampires","Colored Map","Colored Powertips","Dark Map","Emptier Cage","Extra Virgin Snecko Oil","Minty Spire (QoL Compilation)","Permanent Neow","RNG Fix","Rare Cards Sparkle","Relic Filter","Reliquary","SacredBarkPlus","Smile Girya","StSLib","Waifu the Spire"],"gold_per_floor":[111,32,32,52,52,52,77,77,77,90,116,116,132,152,152,152,152],"floor_reached":16,"language":"ENG","playtime":661,"items_purged":[],"score":220,"play_id":"a43f4904-0b1f-44a7-bb62-ab0cd71d5498","local_time":"20210222090159","is_ascension_mode":true,"campfire_choices":[{"data":"Inflame","floor":6.0,"key":"SMITH"},{"floor":8,"key":"REST"},{"data":"True Grit","floor":15,"key":"SMITH"}],"circlet_count":0,"master_deck":["AscendersBane","Strike_R","Strike_R","Strike_R","Strike_R","Strike_R","Defend_R","Defend_R","Defend_R","Defend_R","Bash","Heavy Blade","Inflame+1","Sword Boomerang","Flame Barrier","Inflame","Rage","Inflame","True Grit+1"],"relics":["Burning Blood","reliquary:PorcupineQuills","Ancient Tea Set","Smiling Mask","Mummified Hand"],"acts_visited":["Exordium"],"potions_floor_usage":[11,11,14,16],"damage_taken":[{"damage":12.0,"enemies":"Jaw Worm","floor":1.0,"turns":2.0},{"damage":6.0,"enemies":"Cultist","floor":4.0,"turns":3.0},{"damage":25,"enemies":"Lagavulin","floor":7,"turns":6},{"damage":0,"enemies":"2 Louse","floor":10,"turns":2},{"damage":53,"enemies":"3 Sentries","floor":11,"turns":9},{"damage":13,"enemies":"Exordium Wildlife","floor":13,"turns":3},{"damage":0,"enemies":"Gremlin Gang","floor":14,"turns":3},{"damage":30,"enemies":"Hexaghost","floor":16,"turns":9}],"seed_played":"-3996058388999749020","potions_obtained":[{"floor":7,"key":"EntropicBrew"},{"floor":13,"key":"ColorlessPotion"}],"is_trial":false,"path_per_floor":["M","$","?","M","?","R","E","R","T","M","E","?","M","M","R","B"],"character_chosen":"IRONCLAD","items_purchased":["Inflame"],"campfire_rested":1,"item_purchase_floors":[2],"current_hp_per_floor":[62,62,67,67,49,49,30,54,54,60,29,29,22,28,28,0,0],"gold":152,"neow_bonus":"RANDOM_COMMON_RELIC","is_daily":false,"chose_seed":false,"campfire_upgraded":2,"win_rate":0.0,"timestamp":1614002519,"path_taken":["M","$","?","M","?","R","E","R","T","M","E","?","?","?","R","BOSS"],"items_purchased_type":["Card"],"build_version":"2020-12-22","purchased_purges":0,"victory":false,"max_hp_per_floor":[75,75,80,80,80,80,80,80,80,80,80,80,80,80,80,80,80],"card_choices":[{"not_picked":["Thunderclap","Clash"],"picked":"Heavy Blade","floor":1.0},{"not_picked":["Pommel Strike","Rupture"],"picked":"Sword Boomerang","floor":4.0},{"not_picked":["Twin Strike","Shockwave"],"picked":"Flame Barrier","floor":7},{"not_picked":["Searing Blow","Clothesline"],"picked":"Inflame","floor":10},{"not_picked":["Rampage","Corruption"],"picked":"Rage","floor":11},{"not_picked":["Sword Boomerang","Thunderclap"],"picked":"Inflame","floor":13},{"not_picked":["Body Slam","Headbutt"],"picked":"True Grit","floor":14}],"player_experience":1007596,"relics_obtained":[{"floor":7,"key":"Smiling Mask"},{"floor":11,"key":"Mummified Hand"}],"event_choices":[{"damage_healed":0.0,"max_hp_gain":5.0,"max_hp_loss":0.0,"gold_gain":0.0,"event_name":"Big Fish","player_choice":"Donut","floor":3.0,"gold_loss":0.0,"damage_taken":0.0},{"damage_healed":0.0,"max_hp_gain":0.0,"max_hp_loss":0.0,"gold_gain":0.0,"event_name":"betterThird:BetterScrap","player_choice":"Relic ","floor":5.0,"gold_loss":0.0,"damage_taken":18.0,"cards_obtained":["Wraith Form v2"]},{"damage_healed":0,"gold_gain":0,"player_choice":"Ignored","damage_taken":116,"max_hp_gain":0,"max_hp_loss":0,"event_name":"betterThird:BetterSerpent","floor":12,"gold_loss":0}],"is_beta":false,"boss_relics":[],"items_purged_floors":[],"is_endless":false,"potions_floor_spawned":[7,13],"killed_by":"Hexaghost","ascension_level":20}}