{"host":"fuacepq88b66f4v3","time":1614004091,"event":{"mods":["AchievementEnabler","BaseMod","Colored Map","DeckTracker","Minty Spire (QoL Compilation)","SuperFastMode"],"gold_per_floor":[114,132,151,76,151,151,151,151,151,226,226,249,284,307,307,428,428,444,464,480,550,550,550,550,550],"floor_reached":24,"language":"KOR","playtime":822,"items_purged":["Defend_R"],"score":196,"play_id":"883f091c-ec49-42eb-9c6f-25802b67a6bd","local_time":"20210222232811","is_ascension_mode":false,"campfire_choices":[{"data":"Warcry","floor":6,"key":"SMITH"},{"data":"Pommel Strike","floor":8,"key":"SMITH"},{"data":"Cleave","floor":11,"key":"SMITH"},{"data":"Pommel Strike","floor":15,"key":"SMITH"},{"data":"Limit Break","floor":23,"key":"SMITH"}],"circlet_count":0,"master_deck":["Strike_R","Strike_R","Strike_R","Strike_R","Strike_R","Defend_R","Defend_R","Defend_R","Bash","Cleave+1","Pommel Strike+1","Warcry+1","Injury","Pommel Strike+1","Flex","Limit Break+1","CurseOfTheBell","Combust","Spot Weakness+1"],"relics":["Burning Blood","Orichalcum","Golden Idol","Anchor","Potion Belt","Calling Bell","Red Skull","Matryoshka","Charon\u0027s Ashes","Vajra","Bottled Flame"],"acts_visited":["Exordium","TheCity"],"potions_floor_usage":[16,16,16,24],"damage_taken":[{"damage":5,"enemies":"Cultist","floor":1,"turns":4},{"damage":5,"enemies":"Small Slimes","floor":2,"turns":3},{"damage":5,"enemies":"Jaw Worm","floor":3,"turns":2},{"damage":0,"enemies":"3 Louse","floor":12,"turns":3},{"damage":8,"enemies":"Gremlin Nob","floor":13,"turns":3},{"damage":5,"enemies":"Red Slaver","floor":14,"turns":3},{"damage":61,"enemies":"The Guardian","floor":16,"turns":9},{"damage":16,"enemies":"3 Byrds","floor":18,"turns":5},{"damage":16,"enemies":"Shell Parasite","floor":19,"turns":5},{"damage":38,"enemies":"Cultist and Chosen","floor":20,"turns":6},{"damage":57,"enemies":"Book of Stabbing","floor":24,"turns":5}],"seed_played":"1854648092222860999","potions_obtained":[{"floor":2,"key":"Dexterity Potion"},{"floor":12,"key":"ColorlessPotion"},{"floor":14,"key":"SteroidPotion"},{"floor":18,"key":"Swift Potion"}],"is_trial":false,"path_per_floor":["M","M","M","$","?","R","?","R","T","?","R","M","E","M","R","B",null,"M","M","M","T","?","R","E"],"character_chosen":"IRONCLAD","items_purchased":[],"campfire_rested":0,"item_purchase_floors":[],"current_hp_per_floor":[80,80,80,80,69,69,69,69,69,61,61,67,65,66,66,11,80,70,60,28,28,54,54,0,0],"gold":550,"neow_bonus":"RANDOM_COMMON_RELIC","is_daily":false,"chose_seed":false,"campfire_upgraded":5,"win_rate":0.0,"timestamp":1614004091,"path_taken":["M","?","M","$","?","R","?","R","T","?","R","M","E","M","R","BOSS","M","M","M","?","?","R","E"],"items_purchased_type":[],"build_version":"2020-12-22","purchased_purges":1,"victory":false,"max_hp_per_floor":[80,80,80,80,80,80,80,80,80,80,80,80,80,80,80,80,80,80,80,80,80,80,80,80,80],"card_choices":[{"not_picked":["Armaments","Clash"],"picked":"Cleave","floor":1},{"not_picked":["Twin Strike","Hemokinesis"],"picked":"Pommel Strike","floor":2},{"not_picked":["Carnage","Anger"],"picked":"Warcry","floor":3},{"not_picked":["Havoc","Carnage"],"picked":"Pommel Strike","floor":12},{"not_picked":["Headbutt","Pommel Strike"],"picked":"Flex","floor":13},{"not_picked":["Impervious","Clothesline","Headbutt"],"picked":"SKIP","floor":14},{"not_picked":["Feed","Immolate"],"picked":"Limit Break","floor":16},{"not_picked":["Perfected Strike+1","Searing Blow","Headbutt+1"],"picked":"SKIP","floor":18},{"not_picked":["Dual Wield","Rupture"],"picked":"Combust","floor":19},{"not_picked":["Headbutt+1","Wild Strike+1"],"picked":"Spot Weakness+1","floor":20}],"player_experience":60560,"relics_obtained":[{"floor":9,"key":"Anchor"},{"floor":13,"key":"Potion Belt"},{"floor":17,"key":"Red Skull"},{"floor":17,"key":"Matryoshka"},{"floor":17,"key":"Charon\u0027s Ashes"},{"floor":21,"key":"Vajra"},{"floor":21,"key":"Bottled Flame"}],"event_choices":[{"damage_healed":0,"gold_gain":75,"player_choice":"Gather Gold","damage_taken":11,"max_hp_gain":0,"max_hp_loss":0,"event_name":"World of Goop","floor":5,"gold_loss":0},{"damage_healed":0,"gold_gain":0,"player_choice":"Take Wound","damage_taken":0,"relics_obtained":["Golden Idol"],"max_hp_gain":0,"max_hp_loss":0,"event_name":"Golden Idol","floor":7,"gold_loss":0,"cards_obtained":["Injury"]},{"damage_healed":0,"gold_gain":75,"player_choice":"Touch","damage_taken":8,"max_hp_gain":0,"max_hp_loss":0,"event_name":"FaceTrader","floor":10,"gold_loss":0},{"damage_healed":26,"gold_gain":0,"player_choice":"Heal","damage_taken":0,"max_hp_gain":0,"max_hp_loss":0,"event_name":"The Library","floor":22,"gold_loss":0}],"is_beta":false,"boss_relics":[{"not_picked":["Empty Cage","Sozu"],"picked":"Calling Bell"}],"items_purged_floors":[4],"is_endless":false,"potions_floor_spawned":[2,12,14,18],"killed_by":"Book of Stabbing","ascension_level":0}}