{"host":"Vegetablebread","time":1614019630,"event":{"mods":["BaseMod","Bestiary","Downfall","Minty Spire (QoL Compilation)","Relic Stats","Slay the Relics Exporter","StSLib"],"gold_per_floor":[99,114,126,126,126,139,139,150,150,170,183,183,183,183,203,203,203,203],"floor_reached":16,"language":"ENG","playtime":1515,"items_purged":[],"score":94,"play_id":"56900531-e5d4-4117-ad60-7258293e7186","local_time":"20210222104710","is_ascension_mode":false,"campfire_choices":[{"data":"1","floor":1.0,"key":"LIFT"},{"data":"2","floor":9,"key":"LIFT"},{"floor":13,"key":"REST"}],"circlet_count":0,"master_deck":["sneckomod:Strike","sneckomod:Strike","sneckomod:Defend","sneckomod:Defend","sneckomod:Defend","sneckomod:TailWhip","sneckomod:SnekBite+1","sneckomod:Unknown+1","sneckomod:MasterEye+1","Regret","sneckomod:SnakeSap","sneckomod:SoulRoll","sneckomod:UnknownExhaust"],"relics":["sneckomod:SneckoSoul","Girya","Singing Bowl"],"acts_visited":["Exordium"],"potions_floor_usage":[10,15],"damage_taken":[{"damage":1.0,"enemies":"Cultist","floor":2.0,"turns":3.0},{"damage":9.0,"enemies":"2 Louse","floor":3.0,"turns":3.0},{"damage":18,"enemies":"Jaw Worm","floor":6,"turns":4},{"damage":15,"enemies":"Large Slime","floor":8,"turns":3},{"damage":16,"enemies":"Exordium Wildlife","floor":10,"turns":4},{"damage":21,"enemies":"Gremlin Gang","floor":11,"turns":3},{"damage":8,"enemies":"Exordium Thugs","floor":15,"turns":3},{"damage":24,"enemies":"IC_STATUS_ARCHETYPE","floor":16,"turns":2}],"seed_played":"603464089917356719","potions_obtained":[{"floor":3.0,"key":"Weak Potion"},{"floor":11,"key":"Strength Potion"},{"floor":15,"key":"Weak Potion"}],"is_trial":false,"path_per_floor":["R","M","M","?","?","M","T","M","R","M","M","?","R","?","M","B"],"character_chosen":"THE_SNECKO","items_purchased":[],"campfire_rested":1,"item_purchase_floors":[],"current_hp_per_floor":[90,89,80,80,80,62,62,49,49,33,12,5,32,32,24,0,0,0],"gold":203,"neow_bonus":"ONE_RARE_RELIC","is_daily":false,"chose_seed":false,"campfire_upgraded":0,"win_rate":0.0,"timestamp":1614019630,"path_taken":["R","M","M","?","?","?","T","M","R","M","M","?","R","?","M","BOSS"],"items_purchased_type":[],"build_version":"2020-12-18","purchased_purges":0,"victory":false,"max_hp_per_floor":[90,90,90,90,90,90,90,92,92,92,92,92,92,92,92,92,92,92],"relic_stats":{"Singing Bowl":2,"counters":[8,25],"obtain_stats":[{"Girya":0,"Singing Bowl":7,"sneckomod:SneckoSoul":0},{"Girya":0,"Singing Bowl":3,"sneckomod:SneckoSoul":0},{"Girya":0,"Singing Bowl":10,"sneckomod:SneckoSoul":0}]},"card_choices":[{"not_picked":["sneckomod:SoulDraw","sneckomod:DiceBlock"],"picked":"sneckomod:MasterEye","floor":2.0},{"not_picked":["sneckomod:ImprovisedGuard","sneckomod:CheapStock","sneckomod:UnknownCommonSkill"],"picked":"SKIP","floor":3.0},{"not_picked":["sneckomod:UnknownBlock","sneckomod:UnknownClassTHE_CHAMP_GRAY","sneckomod:UnknownStrike"],"picked":"SKIP","floor":6},{"not_picked":["sneckomod:UnknownBlock","sneckomod:UnknownClassTHE_CHAMP_GRAY","sneckomod:UnknownStrike"],"picked":"SKIP","floor":6},{"not_picked":["sneckomod:SoulDraw","sneckomod:UnknownWeak","sneckomod:UnknownCommonAttack"],"picked":"Singing Bowl","floor":8},{"not_picked":["sneckomod:UnknownUncommonPower","sneckomod:QuickMove"],"picked":"sneckomod:SnakeSap","floor":10},{"not_picked":["sneckomod:UnknownClassBLUE","sneckomod:UnknownCommonSkill"],"picked":"sneckomod:SoulRoll","floor":11},{"not_picked":["sneckomod:UnknownCommonSkill","sneckomod:UnknownClassTHE_CHAMP_GRAY"],"picked":"sneckomod:UnknownExhaust","floor":15}],"player_experience":10674734,"relics_obtained":[{"floor":7,"key":"Singing Bowl"}],"event_choices":[{"damage_healed":0,"gold_gain":0,"player_choice":"Fled","damage_taken":7,"max_hp_gain":0,"max_hp_loss":0,"event_name":"Scrap Ooze","floor":12,"gold_loss":0}],"is_beta":true,"boss_relics":[],"items_purged_floors":[],"is_endless":false,"potions_floor_spawned":[3,11,15],"killed_by":"IC_STATUS_ARCHETYPE","ascension_level":0}}