{"host":"p0hktren06injwdf","time":1614006299,"event":{"mods":["AchievementEnabler","BaseMod","Colored Map","DeckTracker","Minty Spire (QoL Compilation)","Permanent Neow","StSLib","SuperFastMode"],"gold_per_floor":[118,129,1,16,26,26,52,65,65,65,76,106,184,184,184,260,260,270,320,320,270,289,323,323,358,358,375,393,43,43,59,59,131,131,151,163,163,86,102,102,102,118,118,131,150,166,166,166],"floor_reached":47,"language":"KOR","playtime":1370,"items_purged":["Defend_R","Strike_R"],"score":962,"play_id":"0312e096-f4a6-4815-ab17-fbbaec707405","local_time":"20210223000459","is_ascension_mode":true,"campfire_choices":[{"data":"Armaments","floor":6.0,"key":"SMITH"},{"data":"Metallicize","floor":10.0,"key":"SMITH"},{"data":"Feel No Pain","floor":15.0,"key":"SMITH"},{"data":"Berserk","floor":24.0,"key":"SMITH"},{"floor":32,"key":"REST"},{"floor":41,"key":"REST"}],"circlet_count":0,"master_deck":["AscendersBane","Defend_R","Defend_R","Bash","Body Slam","Pommel Strike","Rage","Armaments+1","Metallicize+1","Feel No Pain+1","Thunderclap","Shrug It Off","Shockwave","Berserk+1","Wild Strike+1","Corruption","Reckless Charge","Evolve","Exhume","Berserk+1","Hemokinesis+1","Limit Break+1","Second Wind","Feel No Pain","Madness","Madness","Inflame","Blind","Reckless Charge","Parasite"],"relics":["Burning Blood","Orichalcum","Charon\u0027s Ashes","Pocketwatch","Shuriken","Velvet Choker","Bottled Tornado","PreservedInsect","Kunai","Oddly Smooth Stone","Astrolabe","Ancient Tea Set"],"acts_visited":["Exordium","TheCity","TheBeyond"],"potions_floor_usage":[25,46],"damage_taken":[{"damage":2.0,"enemies":"Cultist","floor":1.0,"turns":4.0},{"damage":9.0,"enemies":"Jaw Worm","floor":2.0,"turns":3.0},{"damage":0.0,"enemies":"2 Louse","floor":4.0,"turns":2.0},{"damage":9.0,"enemies":"Lots of Slimes","floor":5.0,"turns":6.0},{"damage":29.0,"enemies":"Gremlin Nob","floor":7.0,"turns":4.0},{"damage":4.0,"enemies":"Blue Slaver","floor":8.0,"turns":5.0},{"damage":15.0,"enemies":"Gremlin Gang","floor":11.0,"turns":5.0},{"damage":16.0,"enemies":"3 Sentries","floor":12.0,"turns":6.0},{"damage":22.0,"enemies":"Slime Boss","floor":16.0,"turns":12.0},{"damage":17.0,"enemies":"3 Byrds","floor":18.0,"turns":7.0},{"damage":16.0,"enemies":"Spheric Guardian","floor":22.0,"turns":5.0},{"damage":23.0,"enemies":"Book of Stabbing","floor":23.0,"turns":6.0},{"damage":16,"enemies":"Gremlin Leader","floor":25,"turns":7},{"damage":3,"enemies":"Snecko","floor":27,"turns":6},{"damage":0,"enemies":"Chosen and Byrds","floor":28,"turns":5},{"damage":2,"enemies":"Cultist and Chosen","floor":31,"turns":5},{"damage":13,"enemies":"Automaton","floor":33,"turns":11},{"damage":14,"enemies":"Orb Walker","floor":35,"turns":4},{"damage":22,"enemies":"3 Darklings","floor":36,"turns":6},{"damage":17,"enemies":"4 Shapes","floor":39,"turns":6},{"damage":19,"enemies":"Sphere and 2 Shapes","floor":42,"turns":7},{"damage":27,"enemies":"Spire Growth","floor":44,"turns":6},{"damage":2,"enemies":"Maw","floor":45,"turns":8},{"damage":8,"enemies":"Writhing Mass","floor":46,"turns":9},{"damage":17,"enemies":"Transient","floor":47,"turns":1}],"seed_played":"-7247306820036038396","potions_obtained":[{"floor":4.0,"key":"DistilledChaos"},{"floor":7.0,"key":"Weak Potion"},{"floor":11.0,"key":"SpeedPotion"},{"floor":18.0,"key":"HeartOfIron"},{"floor":23.0,"key":"CultistPotion"},{"floor":28,"key":"Fire Potion"}],"is_trial":false,"path_per_floor":["M","M","$","M","M","R","E","M","T","R","M","E","T","?","R","B",null,"M","?","?","?","M","E","R","E","T","M","M","$","?","M","R","B",null,"M","M","?","$","M","?","R","M","T","M","M","M","M"],"character_chosen":"IRONCLAD","items_purchased":["Armaments","Evolve","Oddly Smooth Stone","Inflame"],"campfire_rested":2,"item_purchase_floors":[3,29,29,38],"current_hp_per_floor":[72,69,69,75,72,72,49,51,51,51,42,32,32,37,37,21,65,54,54,54,54,44,27,27,17,17,20,26,26,26,30,54,47,72,64,48,34,34,23,23,47,34,34,13,17,15,0,0],"gold":166,"neow_bonus":"TRANSFORM_CARD","is_daily":false,"chose_seed":false,"campfire_upgraded":4,"win_rate":0.0,"timestamp":1614006299,"path_taken":["M","M","$","M","M","R","E","M","T","R","M","E","?","?","R","BOSS","M","?","?","?","?","E","R","E","T","M","M","$","?","M","R","BOSS","M","?","?","$","M","?","R","M","T","M","M","M","M"],"items_purchased_type":["Card","Card","Relic","Card"],"build_version":"2020-12-22","purchased_purges":2,"victory":false,"max_hp_per_floor":[75,75,75,75,75,75,75,75,75,75,75,75,75,80,80,80,80,80,80,80,80,80,80,80,80,80,80,80,80,80,80,80,80,80,80,80,80,80,80,80,80,80,80,80,80,80,80,80],"card_choices":[{"not_picked":["Heavy Blade","Reckless Charge"],"picked":"Pommel Strike","floor":1.0},{"not_picked":["Heavy Blade","Bloodletting"],"picked":"Rage","floor":2.0},{"not_picked":["Sword Boomerang","Heavy Blade"],"picked":"Metallicize","floor":4.0},{"not_picked":["Blood for Blood","Shockwave"],"picked":"Feel No Pain","floor":5.0},{"not_picked":["Whirlwind","Sever Soul"],"picked":"Thunderclap","floor":7.0},{"not_picked":["Metallicize","Second Wind"],"picked":"Shrug It Off","floor":8.0},{"not_picked":["Flex","Clothesline"],"picked":"Shockwave","floor":11.0},{"not_picked":["Sword Boomerang","Bloodletting","Rampage"],"picked":"SKIP","floor":12.0},{"not_picked":["Demon Form","Limit Break"],"picked":"Berserk","floor":16.0},{"not_picked":["Pommel Strike","Rage","Flex"],"picked":"SKIP","floor":18.0},{"not_picked":["True Grit","Intimidate"],"picked":"Wild Strike+1","floor":22.0},{"not_picked":["Pommel Strike","Burning Pact","Warcry"],"picked":"SKIP","floor":23.0},{"not_picked":["Entrench","Perfected Strike"],"picked":"Corruption","floor":25},{"not_picked":["Shockwave","Rampage","Spot Weakness"],"picked":"SKIP","floor":27},{"not_picked":["Searing Blow","Bloodletting"],"picked":"Reckless Charge","floor":28},{"not_picked":["Clash","Havoc","Clothesline"],"picked":"SKIP","floor":31},{"not_picked":["Fiend Fire","Limit Break"],"picked":"Exhume","floor":33},{"not_picked":["Perfected Strike","Thunderclap"],"picked":"Second Wind","floor":35},{"not_picked":["Shockwave","Clash"],"picked":"Feel No Pain","floor":36},{"not_picked":["Hemokinesis","Warcry","Twin Strike"],"picked":"SKIP","floor":39},{"not_picked":["Jack Of All Trades","Forethought"],"picked":"Blind","floor":40},{"not_picked":["Whirlwind","Flex"],"picked":"Reckless Charge","floor":42},{"not_picked":["Warcry","Flex","Wild Strike"],"picked":"SKIP","floor":44},{"not_picked":["Reckless Charge","Cleave","Thunderclap+1"],"picked":"SKIP","floor":45},{"not_picked":["Perfected Strike","Intimidate","Pommel Strike"],"picked":"SKIP","floor":46}],"player_experience":1103141,"relics_obtained":[{"floor":7.0,"key":"Orichalcum"},{"floor":9.0,"key":"Charon\u0027s Ashes"},{"floor":12.0,"key":"Pocketwatch"},{"floor":13.0,"key":"Shuriken"},{"floor":23.0,"key":"Bottled Tornado"},{"floor":25,"key":"PreservedInsect"},{"floor":26,"key":"Kunai"},{"floor":43,"key":"Ancient Tea Set"}],"event_choices":[{"damage_healed":0.0,"max_hp_gain":5.0,"max_hp_loss":0.0,"gold_gain":0.0,"event_name":"Big Fish","player_choice":"Donut","floor":14.0,"gold_loss":0.0,"damage_taken":0.0},{"damage_healed":0.0,"max_hp_gain":0.0,"max_hp_loss":0.0,"gold_gain":50.0,"event_name":"Nest","player_choice":"Stole From Cult","floor":19.0,"gold_loss":0.0,"damage_taken":0.0},{"damage_healed":0.0,"max_hp_gain":0.0,"max_hp_loss":0.0,"gold_gain":0.0,"event_name":"Cursed Tome","player_choice":"Ignored","floor":20.0,"gold_loss":0.0,"damage_taken":0.0},{"damage_healed":0.0,"max_hp_gain":0.0,"max_hp_loss":0.0,"gold_gain":0.0,"event_name":"The Joust","player_choice":"Bet on Murderer","floor":21.0,"gold_loss":50.0,"damage_taken":0.0},{"cards_removed":["Strike_R"],"damage_healed":0,"gold_gain":0,"player_choice":"Offered Basic","damage_taken":0,"max_hp_gain":0,"max_hp_loss":0,"event_name":"Bonfire Elementals","floor":30,"gold_loss":0},{"damage_healed":0,"gold_gain":0,"player_choice":"Embrace Madness","damage_taken":14,"max_hp_gain":0,"max_hp_loss":0,"event_name":"Winding Halls","floor":37,"gold_loss":0,"cards_obtained":["Madness","Madness"]},{"damage_healed":0,"gold_gain":0,"player_choice":"Memory 1","damage_taken":0,"max_hp_gain":0,"max_hp_loss":0,"event_name":"SensoryStone","floor":40,"gold_loss":0}],"is_beta":false,"boss_relics":[{"not_picked":["Calling Bell","Busted Crown"],"picked":"Velvet Choker"},{"not_picked":["SlaversCollar","Snecko Eye"],"picked":"Astrolabe"}],"items_purged_floors":[3,29],"is_endless":false,"potions_floor_spawned":[4,7,11,18,23,28,36,42],"killed_by":"Transient","ascension_level":20}}