{"host":"zcytydgb505ghzux","time":1614032657,"event":{"mods":["Act Like it!","BaseMod","Colored Powertips","Downfall","Halation","Highlight Path","Hubris","Infinite Spire","Jorbs\u0027s Wanderer Trilogy","Marisa????????","Minty Spire (QoL Compilation)","Replay The Spire","StSLib","The Construct","The Mystic","The Wild Card"],"gold_per_floor":[10,27,39,59,76,108,121,121,121,139,158,158,158,4,4,106,106,121,121,133,14,27,59,75,105,142,154,166,197,219,241,253,360,372,395,407,419,431,463,509,537,564,576,598,610,610],"floor_reached":45,"language":"ENG","playtime":2549,"items_purged":[],"score":595,"play_id":"59b7b436-56c3-486e-b51d-bb9b9a1b04d2","local_time":"20210222172417","is_ascension_mode":false,"campfire_choices":[{"floor":12.0,"key":"REST"},{"floor":15.0,"key":"REST"},{"floor":27,"key":"REST"},{"floor":32,"key":"REST"}],"circlet_count":0,"master_deck":["Defend_G","Defend_G","Defend_G","Defend_G","Defend_G","Survivor","Neutralize","Dodge and Roll","Blade Dance","Footwork","Caltrops","Cloak And Dagger","Well Laid Plans","Calculated Gamble+1","Fluid Movement","Backflip","theWildCard:Sakuya","After Image","Slimebound:Tackle+1","Slimebound:Tackle+1","Slimebound:Tackle+1","Dagger Throw+1","Flash of Steel","Backstab","Hidden Blade","Dagger Spray","Blade Dance","Cloak And Dagger+1","Tools of the Trade","Phantasmal Killer","Dodge and Roll+1","Envenom","Tactician+1","Outmaneuver+1","Flying Knee"],"relics":["Ring of the Snake","hubris:GlazedTorus","halation:LettersToHer","Happy Flower","Membership Card","WristBlade","Blue Doll","ReplayTheSpireMod:Lightbulb","MawBank","halation:PrussianBluePaint","halation:KoshaPiece","HoveringKite","halation:EternalFortune","Oddly Smooth Stone","Molten Egg 2"],"acts_visited":["Exordium","TheCity","TheBeyond"],"potions_floor_usage":[22,41,44,45],"damage_taken":[{"damage":1.0,"enemies":"Cultist","floor":1.0,"turns":4.0},{"damage":0.0,"enemies":"Jaw Worm","floor":2.0,"turns":5.0},{"damage":0.0,"enemies":"2 Louse","floor":3.0,"turns":3.0},{"damage":9.0,"enemies":"Exordium Wildlife","floor":4.0,"turns":7.0},{"damage":3.0,"enemies":"Looter","floor":5.0,"turns":4.0},{"damage":45.0,"enemies":"Gremlin Nob","floor":6.0,"turns":5.0},{"damage":0.0,"enemies":"Red Slaver","floor":7.0,"turns":6.0},{"damage":3.0,"enemies":"Lots of Slimes","floor":10.0,"turns":5.0},{"damage":0.0,"enemies":"Exordium Wildlife","floor":11.0,"turns":3.0},{"damage":18,"enemies":"The Guardian","floor":16,"turns":12},{"damage":0,"enemies":"Shell Parasite","floor":18,"turns":5},{"damage":8,"enemies":"2 Thieves","floor":20,"turns":4},{"damage":9,"enemies":"Snecko","floor":22,"turns":5},{"damage":0,"enemies":"Nightmare","floor":23,"turns":8},{"damage":8,"enemies":"Shelled Parasite and Fungi","floor":24,"turns":4},{"damage":22,"enemies":"Slavers","floor":25,"turns":6},{"damage":0,"enemies":"Snake Plant","floor":29,"turns":4},{"damage":0,"enemies":"Chosen and Byrds","floor":30,"turns":4},{"damage":0,"enemies":"Sentry and Sphere","floor":31,"turns":3},{"damage":25,"enemies":"hubris:MusketHawk","floor":33,"turns":9},{"damage":5,"enemies":"Orb Walker","floor":35,"turns":3},{"damage":0,"enemies":"3 Shapes","floor":39,"turns":4},{"damage":30,"enemies":"Nemesis","floor":40,"turns":6},{"damage":9,"enemies":"Jaw Worm Horde","floor":41,"turns":4},{"damage":5,"enemies":"Transient","floor":42,"turns":5},{"damage":8,"enemies":"Spire Growth","floor":44,"turns":4},{"damage":18,"enemies":"Orin","floor":45,"turns":7}],"seed_played":"-5351639063140151343","potions_obtained":[{"floor":4.0,"key":"PowerPotion"},{"floor":7.0,"key":"BlessingOfTheForge"},{"floor":16,"key":"Death Potion"},{"floor":18,"key":"sneckomod:MuddlingPotion"},{"floor":20,"key":"GhostInAJar"},{"floor":25,"key":"AttackPotion"},{"floor":35,"key":"Slimebound:ThreeZeroPotion"}],"is_trial":false,"path_per_floor":["M","M","M","M","M","E","M","?","T","M","M","R","?","$","R","B",null,"M","?","M","$","M","NM","M","E","T","R","?","M","M","M","R","B",null,"M","$","?","?","M","E","M","M","T","M","?"],"character_chosen":"THE_SILENT","items_purchased":["Membership Card","Blue Doll","Flash of Steel"],"campfire_rested":4,"item_purchase_floors":[14,21,21],"current_hp_per_floor":[69,69,69,60,57,12,12,12,12,9,9,30,30,30,51,33,70,70,70,62,62,53,53,45,23,23,44,44,44,44,44,65,40,70,65,65,68,68,68,38,29,24,24,16,0,0],"gold":610,"neow_bonus":"ONE_RARE_RELIC","is_daily":false,"chose_seed":false,"campfire_upgraded":0,"win_rate":0.0,"timestamp":1614032657,"path_taken":["M","M","?","M","M","E","?","?","T","M","?","R","?","?","R","BOSS","M","?","M","$","M","NM","M","E","T","R","?","M","?","M","R","BOSS","M","?","?","?","M","E","M","?","T","M","?"],"items_purchased_type":["Relic","Relic","Card"],"build_version":"2020-12-22","purchased_purges":0,"victory":false,"max_hp_per_floor":[70,70,70,70,70,70,70,70,70,70,70,70,70,70,70,70,70,70,70,70,70,70,70,70,70,70,70,70,70,70,70,70,70,70,70,70,73,73,73,73,73,73,73,73,73,73],"card_choices":[{"not_picked":["Riddle With Holes","Replay:Poison Smokescreen"],"picked":"Dodge and Roll","floor":1.0},{"not_picked":["Slice","ReplayTheSpireMod:Shiv Toss"],"picked":"Blade Dance","floor":2.0},{"not_picked":["hubris:TrickCloak","Slice"],"picked":"Footwork","floor":3.0},{"not_picked":["Dodge and Roll","Choke"],"picked":"Caltrops","floor":4.0},{"not_picked":["Sucker Punch","hubris:SlightOfHand"],"picked":"Cloak And Dagger","floor":5.0},{"not_picked":["Blur","Quick Slash"],"picked":"Well Laid Plans","floor":6.0},{"not_picked":["Quick Slash","Poison Darts"],"picked":"Calculated Gamble","floor":7.0},{"not_picked":["Deadly Poison","Well Laid Plans"],"picked":"Fluid Movement","floor":10.0},{"not_picked":["Underhanded Strike","Hidden Blade"],"picked":"Backflip","floor":11.0},{"not_picked":["ReplayTheSpireMod:From All Sides","Corpse Explosion"],"picked":"After Image","floor":16},{"not_picked":["Deadly Poison","PiercingWail+1","Underhanded Strike"],"picked":"SKIP","floor":18},{"not_picked":["PiercingWail+1","Bane+1"],"picked":"Dagger Throw+1","floor":20},{"not_picked":["Outmaneuver","Bane+1"],"picked":"Backstab","floor":22},{"not_picked":["Backflip","Prepared"],"picked":"Hidden Blade","floor":23},{"not_picked":["Dash+1","Quick Slash"],"picked":"Dagger Spray","floor":24},{"not_picked":["Glass Knife","Dagger Throw","hubris:SlightOfHand+1"],"picked":"SKIP","floor":25},{"not_picked":["Leg Sweep","Toxin Wave"],"picked":"Blade Dance","floor":29},{"not_picked":["hubris:SlightOfHand","Quick Slash+1"],"picked":"Cloak And Dagger+1","floor":30},{"not_picked":["ReplayTheSpireMod:Scrap Shanks+1","Endless Agony"],"picked":"Tools of the Trade","floor":31},{"not_picked":["Night Terror","infinitespire:Neurotoxin"],"picked":"Phantasmal Killer","floor":33},{"not_picked":["Deadly Poison+1","Hidden Blade"],"picked":"Dodge and Roll+1","floor":35},{"not_picked":["Quick Slash","Underhanded Strike+1"],"picked":"Envenom","floor":39},{"not_picked":["Cloak And Dagger+1","Leg Sweep+1"],"picked":"Tactician+1","floor":40},{"not_picked":["hubris:SlightOfHand","ReplayTheSpireMod:Speed Training+1"],"picked":"Outmaneuver+1","floor":41},{"not_picked":["Dagger Throw","Deadly Poison"],"picked":"Flying Knee","floor":42},{"not_picked":["Dodge and Roll","Cloak And Dagger","Slice+1"],"picked":"SKIP","floor":44}],"player_experience":72836,"relics_obtained":[{"floor":6.0,"key":"halation:LettersToHer"},{"floor":9.0,"key":"halation:LettersToHer"},{"floor":9.0,"key":"Happy Flower"},{"floor":23,"key":"ReplayTheSpireMod:Lightbulb"},{"floor":25,"key":"MawBank"},{"floor":26,"key":"halation:LettersToHer"},{"floor":26,"key":"halation:PrussianBluePaint"},{"floor":40,"key":"Oddly Smooth Stone"},{"floor":43,"key":"halation:LettersToHer"},{"floor":43,"key":"Molten Egg 2"}],"event_choices":[{"damage_healed":0.0,"max_hp_gain":0.0,"max_hp_loss":0.0,"gold_gain":0.0,"event_name":"Accursed Blacksmith","player_choice":"Forge","floor":8.0,"gold_loss":0.0,"damage_taken":0.0,"cards_upgraded":["Calculated Gamble"]},{"damage_healed":0,"gold_gain":0,"player_choice":"Gave Potion","damage_taken":0,"relics_obtained":["halation:KoshaPiece"],"max_hp_gain":0,"max_hp_loss":0,"event_name":"WeMeetAgain","floor":28,"gold_loss":0},{"damage_healed":0,"gold_gain":0,"player_choice":"Ignored","damage_taken":0,"max_hp_gain":0,"max_hp_loss":0,"event_name":"SecretPortal","floor":38,"gold_loss":0},{"damage_healed":0,"gold_gain":0,"player_choice":"Fight","damage_taken":0,"max_hp_gain":0,"max_hp_loss":0,"event_name":"OrinTheCat","floor":45,"gold_loss":0}],"is_beta":false,"boss_relics":[{"not_picked":["Replay:Bronze Core","construct:ClawGrip"],"picked":"WristBlade"},{"not_picked":["Snecko Scales","Fusion Hammer"],"picked":"HoveringKite"}],"items_purged_floors":[],"is_endless":true,"potions_floor_spawned":[4,7,11,16,18,20,25,35],"killed_by":"Orin","ascension_level":0}}