{"host":"vh33hu3wddwn6yt6","time":1614019547,"event":{"mods":["AchievementEnabler","Act Like it!","Aspiration","BaseMod","Better Altar","Better Match","Better Note","Better Sensory Stone","Better Skull","Better Third Choice","BetterRewards","Bossed Relics","Downfall","Hubris","Infinite Spire","Minty Spire (QoL Compilation)","Permanent Neow","Replay The Spire","Robot Space Explorer","Shop Mod","Spicy Shops","StSLib","SuperFastMode","The Blackbeard","The Marked","The Necromancer","The Runesmith","The Servant 0.9.4","Wandering Minibosses"],"gold_per_floor":[109,109,109,56,68,101,82,112,137,137,137,153,153,164,164,164,164],"floor_reached":16,"language":"DEU","playtime":560,"items_purged":[],"score":110,"play_id":"50a38052-2470-4948-9cfd-61c7fcb8e671","local_time":"20210222194547","is_ascension_mode":false,"campfire_choices":[{"floor":11,"key":"REST"},{"data":"theMarked:MuscleMemory","floor":15,"key":"SMITH"}],"circlet_count":0,"master_deck":["theMarked:Strike","theMarked:Strike","theMarked:Strike","theMarked:Strike","theMarked:Strike","theMarked:Defend","theMarked:Defend","theMarked:Defend","theMarked:Defend","theMarked:SoldierOfQuellstein+1","theMarked:ParalyzingBlade+1","theMarked:ElectricStrings","theMarked:ResourceFulStrike","theMarked:MuscleMemory+1","theMarked:ElectricStrings","theMarked:ElectricStrings"],"relics":["infinitespire:PuzzleCube","Akabeko","Dream Catcher","hubris:ToyBattleship","War Paint","hubris:Towel"],"acts_visited":["Exordium"],"potions_floor_usage":[6,8,16],"damage_taken":[{"damage":1,"enemies":"Cultist","floor":1,"turns":3},{"damage":0,"enemies":"Small Slimes","floor":5,"turns":3},{"damage":26,"enemies":"Lagavulin","floor":6,"turns":6},{"damage":5,"enemies":"Jaw Worm","floor":7,"turns":6},{"damage":18,"enemies":"3 Sentries","floor":8,"turns":6},{"damage":12,"enemies":"Exordium Thugs","floor":12,"turns":5},{"damage":0,"enemies":"Gremlin Gang","floor":14,"turns":1},{"damage":39,"enemies":"Hexaghost","floor":16,"turns":11}],"seed_played":"-4578799269424362869","potions_obtained":[{"floor":1,"key":"FearPotion"},{"floor":7,"key":"hexamod:SoulburnPotion"},{"floor":12,"key":"ColorlessPotion"}],"is_trial":false,"path_per_floor":["M","T","?","$","M","E","M","E","T","$","R","M","?","M","R","B"],"character_chosen":"THE_DEFAULT","items_purchased":["theMarked:ElectricStrings"],"campfire_rested":1,"item_purchase_floors":[4],"current_hp_per_floor":[71,71,76,76,76,50,45,27,27,27,50,38,38,38,38,0,0],"gold":164,"neow_bonus":"RANDOM_COMMON_RELIC","is_daily":false,"chose_seed":false,"campfire_upgraded":1,"win_rate":0.0,"timestamp":1614019547,"path_taken":["M","?","?","$","M","E","M","E","T","$","R","M","?","?","R","BOSS"],"items_purchased_type":["Card"],"build_version":"2020-12-22","purchased_purges":0,"victory":false,"max_hp_per_floor":[72,72,77,77,77,77,77,77,77,77,77,77,77,77,77,77,77],"card_choices":[{"not_picked":["theMarked:HeightenedSenses","theMarked:EnhanceMovement"],"picked":"theMarked:ParalyzingBlade","floor":1},{"not_picked":["theMarked:Overthink","theMarked:TwofoldDefense"],"picked":"theMarked:ResourceFulStrike","floor":5},{"not_picked":["theMarked:WardOff","theMarked:Pokerface","theMarked:Frustration"],"picked":"SKIP","floor":6},{"not_picked":["theMarked:Frustration","theMarked:Parkour","theMarked:Improvise"],"picked":"SKIP","floor":7},{"not_picked":["theMarked:ContemptForTheProud","theMarked:Standoff"],"picked":"theMarked:MuscleMemory","floor":8},{"not_picked":["theMarked:ResourceFulStrike","theMarked:Convert"],"picked":"theMarked:ElectricStrings","floor":11},{"not_picked":["theMarked:ChannelForce","theMarked:HeightenedSenses"],"picked":"theMarked:ElectricStrings","floor":12},{"not_picked":["theMarked:Improvise","theMarked:Determination","theMarked:Memento"],"picked":"SKIP","floor":14}],"player_experience":637003,"relics_obtained":[{"floor":2,"key":"Akabeko"},{"floor":6,"key":"Dream Catcher"},{"floor":8,"key":"hubris:ToyBattleship"},{"floor":9,"key":"War Paint"}],"event_choices":[{"damage_healed":0,"gold_gain":0,"player_choice":"Donut","damage_taken":0,"max_hp_gain":5,"max_hp_loss":0,"event_name":"Big Fish","floor":3,"gold_loss":0}],"is_beta":false,"boss_relics":[],"items_purged_floors":[],"is_endless":false,"potions_floor_spawned":[1,7,12],"killed_by":"Hexaghost","ascension_level":0}}