{"host":"13o02hya6v6rzuva","time":1614028949,"event":{"mods":["BaseMod","Minty Spire (QoL Compilation)","Relic Stats"],"gold_per_floor":[117,117,292,304,304,335,345,345,345,420,430,430,430],"floor_reached":12,"language":"ENG","playtime":306,"items_purged":[],"score":129,"play_id":"3f6dc10c-4376-410f-97c9-6247d19e8e28","local_time":"20210222222229","is_ascension_mode":true,"campfire_choices":[],"circlet_count":0,"master_deck":["AscendersBane","Strike_R","Strike_R","Strike_R","Strike_R","Defend_R","Defend_R","Defend_R","Defend_R","Bash","Impervious","Anger","Doubt","Uppercut","Spot Weakness","Feel No Pain","Combust","Combust"],"relics":["Burning Blood","Charon\u0027s Ashes","Bottled Tornado","Champion Belt"],"acts_visited":["Exordium"],"potions_floor_usage":[6],"damage_taken":[{"damage":0,"enemies":"2 Louse","floor":1,"turns":5},{"damage":9,"enemies":"Jaw Worm","floor":4,"turns":5},{"damage":47,"enemies":"Gremlin Nob","floor":6,"turns":6},{"damage":7,"enemies":"Small Slimes","floor":7,"turns":4},{"damage":12,"enemies":"Looter","floor":11,"turns":4},{"damage":23,"enemies":"Lagavulin","floor":12,"turns":3}],"seed_played":"-1922983661664376950","potions_obtained":[{"floor":1,"key":"Explosive Potion"},{"floor":4,"key":"PowerPotion"}],"is_trial":false,"path_per_floor":["M","?","?","M","?","E","M","T","T","?","M","E"],"character_chosen":"IRONCLAD","items_purchased":[],"campfire_rested":0,"item_purchase_floors":[],"current_hp_per_floor":[78,83,83,80,80,39,38,38,38,27,21,0,0],"gold":430,"neow_bonus":"ONE_RANDOM_RARE_CARD","is_daily":false,"chose_seed":false,"campfire_upgraded":0,"win_rate":0.0,"timestamp":1614028949,"path_taken":["M","?","?","M","?","E","M","?","T","?","?","E"],"items_purchased_type":[],"build_version":"2020-12-22","purchased_purges":0,"victory":false,"max_hp_per_floor":[80,85,85,85,85,85,85,85,85,85,85,85,85],"relic_stats":{"counters":[6,27],"Charon\u0027s Ashes":[6],"Champion Belt":[4],"obtain_stats":[{"Charon\u0027s Ashes":6,"Champion Belt":9,"Bottled Tornado":8,"Burning Blood":0},{"Charon\u0027s Ashes":3,"Champion Belt":4,"Bottled Tornado":4,"Burning Blood":0},{"Charon\u0027s Ashes":16,"Champion Belt":20,"Bottled Tornado":20,"Burning Blood":0}],"Burning Blood":30},"card_choices":[{"not_picked":["Infernal Blade","Havoc"],"picked":"Anger","floor":1},{"not_picked":["Sentinel","True Grit"],"picked":"Uppercut","floor":4},{"not_picked":["Clash","Rupture"],"picked":"Feel No Pain","floor":6},{"not_picked":["Iron Wave","Havoc"],"picked":"Combust","floor":7},{"not_picked":["Burning Pact","Clash"],"picked":"Combust","floor":11}],"player_experience":1239619,"relics_obtained":[{"floor":6,"key":"Charon\u0027s Ashes"},{"floor":8,"key":"Bottled Tornado"},{"floor":9,"key":"Champion Belt"}],"event_choices":[{"damage_healed":0,"gold_gain":0,"player_choice":"Donut","damage_taken":0,"max_hp_gain":5,"max_hp_loss":0,"event_name":"Big Fish","floor":2,"gold_loss":0},{"damage_healed":0,"gold_gain":175,"player_choice":"AGREE","damage_taken":0,"max_hp_gain":0,"max_hp_loss":0,"event_name":"Liars Game","floor":3,"gold_loss":0,"cards_obtained":["Doubt"]},{"damage_healed":0,"gold_gain":0,"cards_transformed":["Strike_R"],"player_choice":"Change","damage_taken":0,"max_hp_gain":0,"max_hp_loss":0,"event_name":"Living Wall","floor":5,"gold_loss":0,"cards_obtained":["Spot Weakness"]},{"damage_healed":0,"gold_gain":75,"player_choice":"Gather Gold","damage_taken":11,"max_hp_gain":0,"max_hp_loss":0,"event_name":"World of Goop","floor":10,"gold_loss":0}],"is_beta":false,"boss_relics":[],"items_purged_floors":[],"is_endless":false,"potions_floor_spawned":[1,4],"killed_by":"Lagavulin","ascension_level":13}}