{"host":"js2su9tbbk4rmjfl","time":1614031301,"event":{"mods":["AchievementEnabler","BaseMod","Block Reminder","Colored Map","Colored Powertips","Highlight Path","Minty Spire (QoL Compilation)","Relic Stats"],"gold_per_floor":[119,119,119,194,211,211,239,252,302,313,313,149,163,174,174,245,245,259,272,20,70,82,82,82,82],"floor_reached":24,"language":"ENG","playtime":2295,"items_purged":["Strike_R","Strike_R"],"score":386,"play_id":"1fd20009-3135-43f7-8afa-d21a9a297e9c","local_time":"20210222230141","is_ascension_mode":true,"campfire_choices":[{"data":"Clothesline","floor":6,"key":"SMITH"},{"data":"Pommel Strike","floor":11,"key":"SMITH"},{"data":"Body Slam","floor":15,"key":"SMITH"},{"data":"Rage","floor":23,"key":"SMITH"}],"circlet_count":0,"master_deck":["AscendersBane","Strike_R","Defend_R+1","Defend_R+1","Defend_R","Bash","Iron Wave","Clothesline+1","Pommel Strike+1","Carnage","Power Through","Body Slam+1","Impervious","Pommel Strike+1","Rage+1","Intimidate+1"],"relics":["Burning Blood","Thread and Needle","Centennial Puzzle","War Paint","Empty Cage","Membership Card"],"acts_visited":["Exordium","TheCity"],"potions_floor_usage":[7,14,16,16,19,22,24],"damage_taken":[{"damage":12,"enemies":"Jaw Worm","floor":1,"turns":7},{"damage":0,"enemies":"Small Slimes","floor":5,"turns":3},{"damage":19,"enemies":"3 Sentries","floor":7,"turns":5},{"damage":0,"enemies":"Cultist","floor":8,"turns":2},{"damage":3,"enemies":"2 Fungi Beasts","floor":10,"turns":3},{"damage":1,"enemies":"Blue Slaver","floor":13,"turns":4},{"damage":0,"enemies":"Exordium Thugs","floor":14,"turns":5},{"damage":35,"enemies":"The Guardian","floor":16,"turns":13},{"damage":15,"enemies":"Spheric Guardian","floor":18,"turns":6},{"damage":11,"enemies":"3 Byrds","floor":19,"turns":10},{"damage":16,"enemies":"Snecko","floor":22,"turns":10},{"damage":70,"enemies":"Gremlin Leader","floor":24,"turns":9}],"seed_played":"3202635983282118899","potions_obtained":[{"floor":5,"key":"PowerPotion"},{"floor":8,"key":"AttackPotion"},{"floor":10,"key":"Block Potion"},{"floor":14,"key":"LiquidBronze"},{"floor":18,"key":"LiquidMemories"},{"floor":22,"key":"Weak Potion"}],"is_trial":false,"path_per_floor":["M","?","?","?","M","R","E","M","T","M","R","$","M","M","R","B",null,"M","M","$","?","M","R","E"],"character_chosen":"IRONCLAD","items_purchased":["Power Through","Membership Card","Regen Potion"],"campfire_rested":0,"item_purchase_floors":[12,20,20],"current_hp_per_floor":[62,55,60,49,55,55,42,48,48,51,51,51,56,62,62,33,63,54,49,49,49,54,54,0,0],"gold":82,"neow_bonus":"ONE_RARE_RELIC","is_daily":false,"chose_seed":false,"campfire_upgraded":4,"win_rate":0.0,"timestamp":1614031301,"path_taken":["M","?","?","?","M","R","E","M","T","M","R","$","M","M","R","BOSS","M","M","$","?","M","R","E"],"items_purchased_type":["Card","Relic","Potion"],"build_version":"2020-12-22","purchased_purges":2,"victory":false,"max_hp_per_floor":[68,68,73,73,73,73,73,73,73,73,73,73,73,73,73,73,73,73,73,73,73,73,73,73,73],"relic_stats":{"Centennial Puzzle":[21],"counters":[12,77],"War Paint":["Defend_R","Defend_R"],"obtain_stats":[{"Centennial Puzzle":7,"Thread and Needle":0,"Membership Card":20,"War Paint":9,"Empty Cage":17,"Burning Blood":0},{"Centennial Puzzle":3,"Thread and Needle":0,"Membership Card":10,"War Paint":4,"Empty Cage":8,"Burning Blood":0},{"Centennial Puzzle":15,"Thread and Needle":0,"Membership Card":58,"War Paint":17,"Empty Cage":42,"Burning Blood":0}],"Burning Blood":66},"card_choices":[{"not_picked":["Perfected Strike","Anger"],"picked":"Iron Wave","floor":1},{"not_picked":["Armaments","Fire Breathing"],"picked":"Clothesline","floor":5},{"not_picked":["Reckless Charge","Headbutt"],"picked":"Pommel Strike","floor":7},{"not_picked":["Havoc","Clash"],"picked":"Carnage","floor":8},{"not_picked":["Pommel Strike","Hemokinesis","Twin Strike"],"picked":"SKIP","floor":10},{"not_picked":["Armaments","Warcry"],"picked":"Body Slam","floor":13},{"not_picked":["Offering","Clash","Warcry"],"picked":"SKIP","floor":14},{"not_picked":["Demon Form","Offering"],"picked":"Impervious","floor":16},{"not_picked":["Flex","Twin Strike"],"picked":"Pommel Strike+1","floor":18},{"not_picked":["Burning Pact","Armaments"],"picked":"Rage","floor":19},{"not_picked":["Shrug It Off","Heavy Blade"],"picked":"Intimidate+1","floor":22}],"player_experience":897570,"relics_obtained":[{"floor":7,"key":"Centennial Puzzle"},{"floor":9,"key":"War Paint"}],"event_choices":[{"cards_removed":["Defend_R"],"damage_healed":0,"gold_gain":0,"player_choice":"Card Removal","damage_taken":7,"max_hp_gain":0,"max_hp_loss":0,"event_name":"Golden Wing","floor":2,"gold_loss":0},{"damage_healed":0,"gold_gain":0,"player_choice":"Donut","damage_taken":0,"max_hp_gain":5,"max_hp_loss":0,"event_name":"Big Fish","floor":3,"gold_loss":0},{"damage_healed":0,"gold_gain":75,"player_choice":"Gather Gold","damage_taken":11,"max_hp_gain":0,"max_hp_loss":0,"event_name":"World of Goop","floor":4,"gold_loss":0},{"damage_healed":0,"gold_gain":50,"player_choice":"Pray","damage_taken":0,"max_hp_gain":0,"max_hp_loss":0,"event_name":"Golden Shrine","floor":21,"gold_loss":0}],"is_beta":false,"boss_relics":[{"not_picked":["Black Star","Philosopher\u0027s Stone"],"picked":"Empty Cage"}],"items_purged_floors":[12,20],"is_endless":false,"potions_floor_spawned":[5,8,10,14,18,22],"killed_by":"Gremlin Leader","ascension_level":19}}