{"host":"ox23fm69tlq6hrlz","time":1614013676,"event":{"mods":["AchievementEnabler","Aspiration","BaseMod","Colored Map","Colored Powertips","Conspire","Downfall","Minty Spire (QoL Compilation)","Rare Cards Sparkle","StSLib"],"gold_per_floor":[99,119,119,119,137,154,154,98,98,116,141,152,52,87,99,203,203,103,117,102,102,122,141,164,64,79,97,107,44,63,73,92,197,197,197,207,220,56,56,67,67,67,67,81,81,81,45,70,83,83,83,83],"floor_reached":50,"language":"ENG","playtime":5455,"items_purged":[],"score":590,"play_id":"3edd0b78-0173-4d43-bd8c-fd9d16cc0f91","local_time":"20210222170756","is_ascension_mode":false,"campfire_choices":[{"floor":1.0,"key":"RECALL"},{"data":"Slimebound:SlimeSpikes","floor":9.0,"key":"SMITH"},{"data":"Slimebound:SplitAcid","floor":13,"key":"SMITH"},{"data":"Slimebound:Split","floor":18,"key":"SMITH"},{"data":"Slimebound:OozeBath","floor":25,"key":"SMITH"},{"data":"Slimebound:TongueLash","floor":35,"key":"SMITH"},{"floor":43,"key":"REST"},{"data":"Slimebound:MinionMaster","floor":46,"key":"SMITH"}],"circlet_count":0,"master_deck":["Slimebound:Strike_Slimebound","Slimebound:Strike_Slimebound","Slimebound:Strike_Slimebound+1","Slimebound:Tackle","Slimebound:Defend_Slimebound","Slimebound:Defend_Slimebound","Slimebound:Defend_Slimebound","Slimebound:Defend_Slimebound","Slimebound:Split+1","Slimebound:CorrosiveSpit","Slimebound:Nibble+1","Slimebound:DisruptingSlam","Slimebound:SplitAcid","Slimebound:SlimeSpikes+1","Slimebound:RejuvenatingLick","Slimebound:RejuvenatingLick","Slimebound:SplitAcid+1","Slimebound:HauntingLick","Slimebound:TongueLash+1","Slimebound:RejuvenatingLick","Slimebound:OozeBath+1","CurseOfTheBell","Slimebound:Replication+1","Slimebound:GoopSpray+1","Slimebound:Equalize","Slimebound:RejuvenatingLick+1","Slimebound:Repurpose+1","Slimebound:LeechEnergy","Slimebound:Equalize+1","Slimebound:LeadByExample","Slimebound:SamplingLick+1","Slimebound:SlimeSpikes+1","Slimebound:Dissolve+1","Slimebound:GoopSpray+1","Slimebound:OozeBath+1","Slimebound:SamplingLick+1","Slimebound:RainOfGoop+1","Slimebound:Gluttony+1","Slimebound:MinionMaster+1","Slimebound:GoopSpray+1","expansioncontent:Hexaburn","Slimebound:MassFeed","Slimebound:Repurpose+1","Slimebound:RallyTheTroops","Slimebound:Nibble"],"relics":["Slimebound:AbsorbEndCombat","Question Card","Eternal Feather","downfall:HeartBlessingRed","Juzu Bracelet","Calling Bell","Oddly Smooth Stone","Toxic Egg 2","Lizard Tail","downfall:HeartBlessingGreen","GremlinMask","downfall:HeartBlessingBlue","aspiration:PoetsPen_weak","Toolbox","Thread and Needle","Slimebound:MaxSlimesRelic","Whetstone"],"acts_visited":["Exordium","TheCity","TheBeyond"],"potions_floor_usage":[14,16,33,38,48,50,50,50],"damage_taken":[{"damage":3.0,"enemies":"Small Slimes","floor":2.0,"turns":3.0},{"damage":3.0,"enemies":"2 Louse","floor":5.0,"turns":4.0},{"damage":0.0,"enemies":"Cultist","floor":6.0,"turns":4.0},{"damage":0.0,"enemies":"downfall:FleeingMerchant","floor":8.0,"turns":4.0},{"damage":7.0,"enemies":"Blue Slaver","floor":10.0,"turns":2.0},{"damage":10.0,"enemies":"3 Sentries","floor":11.0,"turns":5.0},{"damage":7,"enemies":"Lots of Slimes","floor":12,"turns":2},{"damage":16,"enemies":"Lagavulin","floor":14,"turns":5},{"damage":3,"enemies":"3 Louse","floor":15,"turns":2},{"damage":11,"enemies":"SI_SHIV_ARCHETYPE","floor":16,"turns":4},{"damage":0,"enemies":"Chosen","floor":19,"turns":4},{"damage":7,"enemies":"downfall:FleeingMerchant","floor":20,"turns":4},{"damage":18,"enemies":"Shell Parasite","floor":22,"turns":4},{"damage":10,"enemies":"Snake Plant","floor":23,"turns":4},{"damage":26,"enemies":"Centurion and Healer","floor":26,"turns":6},{"damage":22,"enemies":"Chosen and Byrds","floor":27,"turns":4},{"damage":34,"enemies":"3 Cultists","floor":28,"turns":4},{"damage":20,"enemies":"downfall:FleeingMerchant","floor":29,"turns":4},{"damage":16,"enemies":"Centurion and Healer","floor":30,"turns":7},{"damage":9,"enemies":"Snecko","floor":31,"turns":4},{"damage":15,"enemies":"Snake Plant","floor":32,"turns":3},{"damage":57,"enemies":"IC_MUSHROOM_ARCHETYPE","floor":33,"turns":11},{"damage":19,"enemies":"3 Shapes","floor":36,"turns":3},{"damage":30,"enemies":"3 Darklings","floor":37,"turns":6},{"damage":2,"enemies":"downfall:FleeingMerchant","floor":38,"turns":4},{"damage":69,"enemies":"Sphere and 2 Shapes","floor":40,"turns":5},{"damage":43,"enemies":"4 Shapes","floor":44,"turns":3},{"damage":81,"enemies":"Giant Head","floor":48,"turns":9},{"damage":12,"enemies":"Transient","floor":49,"turns":5},{"damage":118,"enemies":"WA_ARCHETYPE_DIVINITY","floor":50,"turns":5}],"seed_played":"-4272719860433039993","potions_obtained":[{"floor":2.0,"key":"DuplicationPotion"},{"floor":11.0,"key":"Dexterity Potion"},{"floor":14,"key":"SkillPotion"},{"floor":16,"key":"Swift Potion"},{"floor":22,"key":"Slimebound:SlimedPotion"},{"floor":33,"key":"LiquidMemories"},{"floor":40,"key":"champ:CounterPotion"},{"floor":49,"key":"Slimebound:SlimyTonguePotion"}],"is_trial":false,"path_per_floor":["R","M","?","?","M","M","T","$","R","M","E","M","R","E","M","B",null,"R","M","$","?","M","M","T","R","M","M","M","$","M","M","M","B",null,"R","M","M","$","?","M","T","?","R","M","$","R","$","E","M","B"],"character_chosen":"SLIMEBOUND","items_purchased":["Slimebound:RejuvenatingLick","Slimebound:SamplingLick+1","Toolbox","Thread and Needle","Slimebound:MinionMaster","Slimebound:Repurpose+1"],"campfire_rested":1,"item_purchase_floors":[8,29,38,38,38,47],"current_hp_per_floor":[71,70,75,75,75,76,76,76,76,71,67,60,69,59,60,53,76,76,76,73,73,62,56,56,81,63,43,23,23,29,48,41,2,86,86,83,62,80,80,23,23,23,72,45,45,69,69,8,18,0,0,0],"gold":83,"neow_bonus":"TEN_PERCENT_HP_BONUS","is_daily":false,"chose_seed":false,"campfire_upgraded":6,"win_rate":0.0,"timestamp":1614013676,"path_taken":["R","M","?","?","M","M","T","$","R","?","E","M","R","E","M","BOSS","R","M","$","?","M","M","T","R","M","M","M","$","M","M","M","BOSS","R","M","M","$","?","M","T","?","R","M","$","R","$","E","M","BOSS"],"items_purchased_type":["Card","Card","Relic","Relic","Card","Card"],"build_version":"2020-12-22","purchased_purges":0,"victory":false,"max_hp_per_floor":[71,71,76,76,76,76,76,76,76,76,76,76,76,76,76,76,76,76,76,76,76,76,76,76,86,86,86,86,86,86,86,86,86,86,86,86,86,86,86,86,86,86,86,86,86,86,86,86,86,86,86,86],"card_choices":[{"not_picked":["Slimebound:Replication","Slimebound:Schlurp"],"picked":"Slimebound:Nibble","floor":2.0},{"not_picked":["Slimebound:FinishingTackle","Slimebound:Prepare"],"picked":"Slimebound:DisruptingSlam","floor":5.0},{"not_picked":["Slimebound:SplitMire","Slimebound:SpikyOuterGoop"],"picked":"Slimebound:SplitAcid","floor":6.0},{"not_picked":["Slimebound:OneTwoCombo","Slimebound:SpikyOuterGoop","Slimebound:LeechEnergy"],"picked":"Slimebound:SlimeSpikes","floor":8.0},{"not_picked":["Slimebound:AcidTongue","Slimebound:RollThrough","Slimebound:Schlurp"],"picked":"Slimebound:RejuvenatingLick","floor":10.0},{"not_picked":["Slimebound:Prepare","Slimebound:Replication","Slimebound:GoopTackle"],"picked":"Slimebound:SplitAcid","floor":11.0},{"not_picked":["Slimebound:PressTheAttack","Slimebound:SplitBruiser","Slimebound:GoopTackle"],"picked":"Slimebound:HauntingLick","floor":12},{"not_picked":["Slimebound:Nibble","Slimebound:Grow","Slimebound:SlimeTap"],"picked":"Slimebound:TongueLash","floor":14},{"not_picked":["Slimebound:TongueLash","Slimebound:ItLooksTasty","Slimebound:SlimeSpikes"],"picked":"Slimebound:RejuvenatingLick","floor":15},{"not_picked":["Slimebound:SelfFormingGoo","Slimebound:DouseInSlime","Slimebound:MassRepurpose"],"picked":"Slimebound:OozeBath","floor":16},{"not_picked":["Slimebound:ItLooksTasty","Slimebound:FinishingTackle","Slimebound:LeechEnergy"],"picked":"Slimebound:Replication+1","floor":19},{"not_picked":["Slimebound:ItLooksTasty+1","Slimebound:ComboTackle","Slimebound:SpikyOuterGoop"],"picked":"Slimebound:GoopSpray+1","floor":20},{"not_picked":["Slimebound:HauntingLick+1","Slimebound:LeechingTouch","Slimebound:ItLooksTasty"],"picked":"Slimebound:Equalize","floor":22},{"not_picked":["Slimebound:HauntingLick+1","Slimebound:SplitAcid+1","Slimebound:Gluttony"],"picked":"Slimebound:RejuvenatingLick+1","floor":23},{"not_picked":["Slimebound:LeadByExample","Slimebound:RallyTheTroops","Slimebound:Prepare+1"],"picked":"Slimebound:Repurpose+1","floor":26},{"not_picked":["Slimebound:PressTheAttack","Slimebound:LevelUp","Slimebound:Equalize"],"picked":"Slimebound:LeechEnergy","floor":27},{"not_picked":["Slimebound:Chomp","Slimebound:FinishingTackle","Slimebound:SlimeBarrage"],"picked":"Slimebound:Equalize+1","floor":28},{"not_picked":["Slimebound:Gluttony","Slimebound:ComboTackle","Slimebound:GrowthPunch+1"],"picked":"Slimebound:LeadByExample","floor":29},{"not_picked":["Slimebound:FinishingTackle","Slimebound:DisruptingSlam+1","Slimebound:ComboTackle"],"picked":"Slimebound:SlimeSpikes+1","floor":30},{"not_picked":["Slimebound:ItLooksTasty+1","Slimebound:SlimeSpikes+1","Slimebound:LeechLife"],"picked":"Slimebound:Dissolve+1","floor":31},{"not_picked":["Slimebound:ViciousTackle+1","Slimebound:DisruptingSlam","Slimebound:TongueLash"],"picked":"Slimebound:GoopSpray+1","floor":32},{"not_picked":["Slimebound:PrepareCrush+1","Slimebound:MassRepurpose+1","Slimebound:DouseInSlime+1"],"picked":"Slimebound:OozeBath+1","floor":33},{"not_picked":["Slimebound:RainOfGoop+1","Slimebound:SlimeTap+1","Slimebound:Schlurp+1"],"picked":"Slimebound:SamplingLick+1","floor":36},{"not_picked":["Slimebound:LeechEnergy","Slimebound:Repurpose+1","Slimebound:SlimeTap+1"],"picked":"Slimebound:RainOfGoop+1","floor":37},{"not_picked":["Slimebound:PressTheAttack","Slimebound:GoopTackle+1","Slimebound:Prepare+1"],"picked":"Slimebound:Gluttony+1","floor":38},{"not_picked":["Slimebound:RollThrough","Slimebound:LeechingTouch+1","Slimebound:Schlurp+1"],"picked":"Slimebound:GoopSpray+1","floor":40},{"not_picked":["expansioncontent:HyperBeam","expansioncontent:LastStand"],"picked":"expansioncontent:Hexaburn","floor":42},{"not_picked":["Slimebound:GoopSpray+1","Slimebound:ComboTackle","Slimebound:LivingWall+1"],"picked":"Slimebound:MassFeed","floor":44},{"not_picked":["Slimebound:OneTwoCombo","Slimebound:ComboTackle","Slimebound:Nibble"],"picked":"Slimebound:RallyTheTroops","floor":48},{"not_picked":["Slimebound:FinishingTackle+1","Slimebound:Chomp+1","Slimebound:PressTheAttack"],"picked":"Slimebound:Nibble","floor":49}],"player_experience":54688,"relics_obtained":[{"floor":7.0,"key":"Question Card"},{"floor":11.0,"key":"Eternal Feather"},{"floor":14,"key":"Juzu Bracelet"},{"floor":17,"key":"Oddly Smooth Stone"},{"floor":17,"key":"Toxic Egg 2"},{"floor":17,"key":"Lizard Tail"},{"floor":41,"key":"Slimebound:MaxSlimesRelic"},{"floor":48,"key":"Whetstone"}],"event_choices":[{"damage_healed":0.0,"max_hp_gain":5.0,"max_hp_loss":0.0,"gold_gain":0.0,"event_name":"Big Fish","player_choice":"Donut","floor":3.0,"gold_loss":0.0,"damage_taken":0.0},{"damage_healed":0,"gold_gain":0,"player_choice":"Trade","damage_taken":0,"relics_obtained":["GremlinMask"],"max_hp_gain":0,"max_hp_loss":0,"event_name":"FaceTrader","floor":21,"gold_loss":0}],"is_beta":false,"boss_relics":[{"not_picked":["Sozu","Black Star"],"picked":"Calling Bell"},{"not_picked":["conspire:SlowCooker","Slimebound:TarBlob"],"picked":"aspiration:PoetsPen_weak"}],"items_purged_floors":[],"is_endless":false,"potions_floor_spawned":[2,11,14,16,22,26,27,28,32,33,36,40,49],"killed_by":"WA_ARCHETYPE_DIVINITY","ascension_level":0}}