{"host":"sav7uxregyirlf69","time":1614020895,"event":{"mods":["AchievementEnabler","BaseMod","Colored Map","DeckTracker","Keyboard Shortcuts","Minty Spire (QoL Compilation)","READ ME - Guardian Mod","StSLib","SuperFastMode"],"gold_per_floor":[110,126,126,142,161,161,188,243,243,243,256,256,256,138,138,210,210,224,240,240,257,172,172,222,248,248,173,188,203,24,39,39,116,116,128,128,145,195,213,213,227,102,102,119,152,162,196,215,215,215,215,215,215,48,79,79,79],"floor_reached":56,"language":"KOR","playtime":1883,"items_purged":["Defend_G","Poisoned Stab","Parasite"],"score":1987,"play_id":"2dfffb52-389d-4c4b-b766-6633d87f45c2","local_time":"20210223040815","is_ascension_mode":true,"campfire_choices":[{"data":"Venomology","floor":6,"key":"SMITH"},{"data":"Accuracy","floor":12,"key":"SMITH"},{"data":"Noxious Fumes","floor":15,"key":"SMITH"},{"data":"Blur","floor":23,"key":"SMITH"},{"floor":32,"key":"REST"},{"data":"Tactician","floor":40,"key":"SMITH"},{"floor":49,"key":"RECALL"},{"data":"Phantasmal Killer","floor":53,"key":"SMITH"}],"circlet_count":0,"master_deck":["AscendersBane","Defend_G","Defend_G","Defend_G","Survivor","Neutralize","Venomology+1","Dagger Throw","Blade Dance","Accuracy+1","Blade Dance","Noxious Fumes+1","Cloak And Dagger+1","Calculated Gamble+1","Malaise+1","Cloak And Dagger+1","Blur+1","Distraction+1","Concentrate+1","Tactician+1","Backflip","Phantasmal Killer+1","PiercingWail","Acrobatics","Accuracy","Acrobatics"],"relics":["Ring of the Snake","Toy Ornithopter","Pantograph","Astrolabe","Lizard Tail","Turnip","Ninja Scroll","Runic Pyramid","InkBottle","White Beast Statue","Incense Burner","Bronze Scales"],"acts_visited":["Exordium","TheCity","TheBeyond","TheEnding"],"potions_floor_usage":[2,4,5,5,7,7,7,8,8,8,11,16,16,18,21,25,25,28,29,29,33,33,35,37,37,41,44,45,45,47,48,50,50,55,55,56,56,56,56,56],"damage_taken":[{"damage":7,"enemies":"Cultist","floor":1,"turns":4},{"damage":10,"enemies":"Small Slimes","floor":2,"turns":4},{"damage":2,"enemies":"2 Louse","floor":4,"turns":3},{"damage":6,"enemies":"Large Slime","floor":5,"turns":5},{"damage":12,"enemies":"3 Sentries","floor":7,"turns":8},{"damage":16,"enemies":"3 Sentries","floor":8,"turns":8},{"damage":7,"enemies":"Gremlin Gang","floor":11,"turns":4},{"damage":0,"enemies":"Slime Boss","floor":16,"turns":4},{"damage":13,"enemies":"Spheric Guardian","floor":18,"turns":6},{"damage":4,"enemies":"3 Byrds","floor":19,"turns":5},{"damage":2,"enemies":"Centurion and Healer","floor":21,"turns":5},{"damage":20,"enemies":"Slavers","floor":25,"turns":6},{"damage":21,"enemies":"Snecko","floor":28,"turns":5},{"damage":17,"enemies":"Shelled Parasite and Fungi","floor":29,"turns":4},{"damage":1,"enemies":"3 Cultists","floor":31,"turns":5},{"damage":22,"enemies":"Champ","floor":33,"turns":6},{"damage":17,"enemies":"3 Darklings","floor":35,"turns":6},{"damage":0,"enemies":"3 Shapes","floor":37,"turns":4},{"damage":0,"enemies":"Writhing Mass","floor":39,"turns":6},{"damage":0,"enemies":"Transient","floor":41,"turns":6},{"damage":0,"enemies":"4 Shapes","floor":44,"turns":6},{"damage":1,"enemies":"Reptomancer","floor":45,"turns":5},{"damage":0,"enemies":"Maw","floor":46,"turns":4},{"damage":0,"enemies":"Nemesis","floor":47,"turns":3},{"damage":17,"enemies":"Spire Growth","floor":48,"turns":4},{"damage":22,"enemies":"Donu and Deca","floor":50,"turns":8},{"damage":51,"enemies":"Awakened One","floor":51,"turns":8},{"damage":51,"enemies":"Shield and Spear","floor":55,"turns":8},{"damage":116,"enemies":"The Heart","floor":56,"turns":6}],"seed_played":"2504075743358373895","potions_obtained":[{"floor":1,"key":"Strength Potion"},{"floor":5,"key":"FearPotion"},{"floor":7,"key":"Dexterity Potion"},{"floor":19,"key":"Swift Potion"},{"floor":28,"key":"Swift Potion"},{"floor":35,"key":"Explosive Potion"},{"floor":46,"key":"Dexterity Potion"},{"floor":55,"key":"Dexterity Potion"}],"is_trial":false,"path_per_floor":["M","M","?","M","M","R","E","?","T","?","M","R","?","$","R","B",null,"M","M","?","M","?","R","?","E","T","?","M","M","$","M","R","B",null,"M","?","M","?","M","R","M","$","T","M","E","M","E","M","R","B","B",null,"R","$","E","B"],"character_chosen":"THE_SILENT","items_purchased":["Noxious Fumes","DuplicationPotion","Block Potion","Acrobatics","Energy Potion"],"campfire_rested":1,"item_purchase_floors":[14,30,54,54,54],"current_hp_per_floor":[52,42,42,40,34,34,22,21,21,43,41,41,34,34,34,66,66,53,49,49,52,52,52,52,42,42,42,26,19,19,18,37,44,61,49,49,59,59,59,59,63,60,60,60,59,59,60,43,43,39,9,47,47,47,6,0,0],"gold":79,"neow_bonus":"ONE_RANDOM_RARE_CARD","is_daily":false,"chose_seed":false,"campfire_upgraded":6,"win_rate":0.0,"timestamp":1614020895,"path_taken":["M","M","?","M","?","R","E","?","T","?","M","R","?","$","R","BOSS","M","M","?","?","?","R","?","E","T","?","?","M","?","M","R","BOSS","M","?","M","?","?","R","M","$","T","M","E","M","E","M","R","BOSS","BOSS","R","$","E","BOSS"],"items_purchased_type":["Card","Potion","Potion","Card","Potion"],"build_version":"2020-12-22","purchased_purges":3,"victory":false,"max_hp_per_floor":[66,66,66,66,66,66,66,66,66,66,66,66,66,66,66,66,66,66,66,66,66,66,66,66,66,66,66,66,66,66,66,66,66,66,66,63,63,63,63,63,63,60,60,60,60,60,60,60,60,60,60,60,60,60,60,60,60],"card_choices":[{"not_picked":["Endless Agony","Flying Knee"],"picked":"Poisoned Stab","floor":1},{"not_picked":["Deflect","Underhanded Strike"],"picked":"Dagger Throw","floor":2},{"not_picked":["Prepared","Dagger Throw"],"picked":"Blade Dance","floor":4},{"not_picked":["Backflip","Expertise"],"picked":"Accuracy","floor":5},{"not_picked":["Riddle With Holes","Unload","Envenom"],"picked":"SKIP","floor":7},{"not_picked":["Bane","Flying Knee"],"picked":"Blade Dance","floor":8},{"not_picked":["Deflect","Endless Agony","Dodge and Roll"],"picked":"SKIP","floor":11},{"not_picked":["Crippling Poison+1","Dodge and Roll"],"picked":"Cloak And Dagger+1","floor":18},{"not_picked":["Outmaneuver","Slice","Bouncing Flask"],"picked":"SKIP","floor":19},{"not_picked":["Dagger Spray","Acrobatics+1"],"picked":"Blur","floor":21},{"not_picked":["Poisoned Stab","Leg Sweep"],"picked":"Distraction+1","floor":25},{"not_picked":["Acrobatics","Calculated Gamble"],"picked":"Concentrate+1","floor":28},{"not_picked":["Deflect+1","Prepared"],"picked":"Tactician","floor":29},{"not_picked":["Prepared","Deadly Poison"],"picked":"Backflip","floor":31},{"not_picked":["Doppelganger","Unload"],"picked":"Phantasmal Killer","floor":33},{"not_picked":["Leg Sweep+1","Blade Dance"],"picked":"PiercingWail","floor":35},{"not_picked":["Blade Dance","Dash"],"picked":"Acrobatics","floor":37},{"not_picked":["Sucker Punch+1","Slice","Poisoned Stab"],"picked":"SKIP","floor":39},{"not_picked":["Flying Knee","Quick Slash+1","Underhanded Strike+1"],"picked":"SKIP","floor":41},{"not_picked":["Quick Slash+1","Dodge and Roll","Flying Knee"],"picked":"SKIP","floor":44},{"not_picked":["Tactician","Slice"],"picked":"Accuracy","floor":45},{"not_picked":["Bullet Time","PiercingWail","Cloak And Dagger"],"picked":"SKIP","floor":46},{"not_picked":["PiercingWail","Envenom","Well Laid Plans"],"picked":"SKIP","floor":47},{"not_picked":["Deadly Poison+1","Skewer","Concentrate+1"],"picked":"SKIP","floor":48},{"not_picked":["Skewer","Catalyst+1","Backflip"],"picked":"SKIP","floor":55}],"player_experience":1657194,"relics_obtained":[{"floor":7,"key":"Toy Ornithopter"},{"floor":8,"key":"Pantograph"},{"floor":25,"key":"Turnip"},{"floor":26,"key":"Ninja Scroll"},{"floor":43,"key":"InkBottle"},{"floor":45,"key":"White Beast Statue"},{"floor":47,"key":"Incense Burner"},{"floor":55,"key":"Bronze Scales"}],"event_choices":[{"cards_removed":["Strike_G"],"damage_healed":0,"gold_gain":0,"player_choice":"Purged","damage_taken":0,"max_hp_gain":0,"max_hp_loss":0,"event_name":"Purifier","floor":3,"gold_loss":0},{"damage_healed":0,"gold_gain":30,"player_choice":"Searched \u00272\u0027 times","damage_taken":0,"max_hp_gain":0,"max_hp_loss":0,"event_name":"Dead Adventurer","floor":8,"gold_loss":0},{"damage_healed":22,"gold_gain":0,"player_choice":"Banana","damage_taken":0,"max_hp_gain":0,"max_hp_loss":0,"event_name":"Big Fish","floor":10,"gold_loss":0},{"cards_removed":["Strike_G"],"damage_healed":0,"gold_gain":0,"player_choice":"Card Removal","damage_taken":7,"max_hp_gain":0,"max_hp_loss":0,"event_name":"Golden Wing","floor":13,"gold_loss":0},{"damage_healed":0,"gold_gain":0,"player_choice":"Ignored","damage_taken":0,"max_hp_gain":0,"max_hp_loss":0,"event_name":"N\u0027loth","floor":20,"gold_loss":0},{"damage_healed":0,"gold_gain":0,"player_choice":"Obtained Relic","damage_taken":0,"relics_obtained":["Lizard Tail"],"max_hp_gain":0,"max_hp_loss":0,"event_name":"Addict","floor":22,"gold_loss":85},{"damage_healed":0,"gold_gain":50,"player_choice":"Stole From Cult","damage_taken":0,"max_hp_gain":0,"max_hp_loss":0,"event_name":"Nest","floor":24,"gold_loss":0},{"cards_removed":["Strike_G"],"damage_healed":0,"gold_gain":0,"player_choice":"Gave Gold","damage_taken":0,"max_hp_gain":0,"max_hp_loss":0,"event_name":"Beggar","floor":27,"gold_loss":75},{"damage_healed":0,"gold_gain":0,"player_choice":"Max HP","damage_taken":0,"max_hp_gain":0,"max_hp_loss":3,"event_name":"Winding Halls","floor":36,"gold_loss":0},{"damage_healed":0,"gold_gain":50,"player_choice":"Pray","damage_taken":0,"max_hp_gain":0,"max_hp_loss":0,"event_name":"Golden Shrine","floor":38,"gold_loss":0}],"is_beta":false,"boss_relics":[{"not_picked":["Calling Bell","Snecko Eye"],"picked":"Astrolabe"},{"not_picked":["Runic Dome","Tiny House"],"picked":"Runic Pyramid"}],"items_purged_floors":[14,30,42],"is_endless":false,"potions_floor_spawned":[1,5,7,19,28,35,44,46,47,48,55],"killed_by":"The Heart","ascension_level":20}}