{"host":"flm17o2q7bfjyna6","time":1614003694,"event":{"mods":["2.2 Compatiblity","Act Like it!","BaseMod","Better Altar","Better Match","Better Note","Better Sensory Stone","Better Skull","Better Third Choice","Better Vampires","Colored Map","Colored Powertips","DeckTracker","Downfall","Fox Events","Minty Spire (QoL Compilation)","Quick Restart","Replay The Spire","Reworked Bosses","Spicy Shops","StSLib","TheSwordswoman","Wandering Minibosses"],"gold_per_floor":[99,115,115,25,40,140,166,166,182,202,202,217,317,342,354,450,450,450,461,473,493,505,537,537,537,537,537],"floor_reached":25,"language":"ENG","playtime":1507,"items_purged":["downfall:Malfunctioning"],"score":316,"play_id":"70a6ed29-9a83-414b-a25c-b0641e3bd927","local_time":"20210222092134","is_ascension_mode":true,"campfire_choices":[{"data":"champ:Taunt","floor":1.0,"key":"SMITH"},{"data":"champ:StanceDance","floor":8.0,"key":"SMITH"},{"data":"champ:TornadoPunch","floor":11.0,"key":"SMITH"},{"data":"champ:StrikeOfGenius","floor":18.0,"key":"SMITH"}],"circlet_count":0,"master_deck":["champ:Strike+1","champ:Strike+1","champ:Defend","champ:Defend+1","champ:Defend","champ:Defend","champ:Execute+1","champ:Taunt+1","Replay:BasicMightCard","champ:Lariat","champ:EnragedBash+1","champ:StanceDance+1","champ:TornadoPunch+1","champ:Encircle","champ:GutPunch+1","champ:CalledShot","champ:GutPunch+1","champ:StanceDance","champ:StrikeOfGenius+1","champ:BringItOn","champ:Duel","champ:FocusedDefense+1","champ:FlashCut+1","champ:RisingSlash"],"relics":["champ:ChampionCrown","downfall:GremlinWheel","Whetstone","CloakClasp","Replay:Baseball","Empty Cage","Replay:Wax Seal","Replay:Bottled Eggs"],"acts_visited":["Exordium","TheCity"],"potions_floor_usage":[],"damage_taken":[{"damage":16.0,"enemies":"Cultist","floor":2.0,"turns":4.0},{"damage":35.0,"enemies":"downfall:FleeingMerchant","floor":4.0,"turns":4.0},{"damage":12.0,"enemies":"Small Slimes","floor":5.0,"turns":2.0},{"damage":81.0,"enemies":"Small Slimes","floor":6.0,"turns":5.0},{"damage":22.0,"enemies":"Jaw Worm","floor":9.0,"turns":2.0},{"damage":15.0,"enemies":"Large Slime","floor":10.0,"turns":3.0},{"damage":8.0,"enemies":"downfall:LooterAlt","floor":12.0,"turns":2.0},{"damage":5.0,"enemies":"downfall:LooterAlt","floor":13.0,"turns":5.0},{"damage":53.0,"enemies":"Lagavulin","floor":14.0,"turns":5.0},{"damage":5.0,"enemies":"Blue Slaver","floor":15.0,"turns":2.0},{"damage":51.0,"enemies":"SI_SHIV_ARCHETYPE","floor":16.0,"turns":11.0},{"damage":20.0,"enemies":"Spheric Guardian","floor":19.0,"turns":3.0},{"damage":49.0,"enemies":"3 Byrds","floor":20.0,"turns":6.0},{"damage":6.0,"enemies":"Snecko","floor":21.0,"turns":4.0},{"damage":35.0,"enemies":"Centurion and Healer","floor":22.0,"turns":7.0},{"damage":49.0,"enemies":"Gremlin Leader","floor":23.0,"turns":6.0},{"damage":20,"enemies":"Shelled Parasite and Fungi","floor":25,"turns":4}],"seed_played":"3628813396688235685","potions_obtained":[{"floor":6.0,"key":"champ:CounterPotion"},{"floor":10.0,"key":"Energy Potion"},{"floor":12.0,"key":"champ:UltimateStancePotion"},{"floor":14.0,"key":"Flashbang"},{"floor":19.0,"key":"bronze:BurnAndBuffPotion"},{"floor":21.0,"key":"Strength Potion"},{"floor":22.0,"key":"PowerPotion"}],"is_trial":false,"path_per_floor":["R","M","?","$","M","?","T","R","M","M","R","M","?","E","M","B",null,"R","M","M","M","M","E","T","M"],"character_chosen":"THE_CHAMP","items_purchased":[],"campfire_rested":0,"item_purchase_floors":[],"current_hp_per_floor":[90,84,84,84,82,46,46,46,44,44,44,41,41,18,18,18,90,90,90,56,55,45,20,20,0,0,0],"gold":537,"neow_bonus":"RANDOM_COLORLESS","is_daily":false,"chose_seed":false,"campfire_upgraded":4,"win_rate":0.0,"timestamp":1614003694,"path_taken":["R","M","?","$","M","?","T","R","?","M","R","M","?","E","M","BOSS","R","M","M","M","M","E","T","M"],"items_purchased_type":[],"build_version":"2020-12-22","purchased_purges":1,"victory":false,"max_hp_per_floor":[90,90,90,90,90,90,90,90,90,90,90,90,90,90,90,90,90,90,90,90,90,90,90,90,90,90,90],"card_choices":[{"not_picked":["Purity","Forethought"],"picked":"Replay:BasicMightCard","floor":0.0},{"not_picked":["champ:TornadoPunch","champ:SkillfulDodge"],"picked":"champ:Lariat","floor":2.0},{"not_picked":["champ:CrownThrow","champ:ShieldSlam"],"picked":"champ:EnragedBash","floor":4.0},{"not_picked":["champ:FlashCut","champ:PreciseThrust"],"picked":"champ:StanceDance","floor":5.0},{"not_picked":["champ:EndlessRage","champ:Circumvent"],"picked":"champ:TornadoPunch","floor":9.0},{"not_picked":["champ:FocusedBerserking","champ:EnGarde"],"picked":"champ:Encircle","floor":10.0},{"not_picked":["champ:RapidStrikes","champ:BerserkersShout"],"picked":"champ:GutPunch","floor":12.0},{"not_picked":["champ:Endure","champ:SkillfulDodge"],"picked":"champ:CalledShot","floor":13.0},{"not_picked":["champ:IgnorePain","champ:Lariat"],"picked":"champ:GutPunch","floor":14.0},{"not_picked":["champ:Encircle","champ:EndlessRage"],"picked":"champ:StanceDance","floor":15.0},{"not_picked":["champ:IgnorePain","champ:EnchantCrown"],"picked":"champ:StrikeOfGenius","floor":16.0},{"not_picked":["champ:ShieldSigil","champ:GladiatorStyle"],"picked":"champ:BringItOn","floor":19.0},{"not_picked":["champ:CrookedStrike","champ:BringItOn+1"],"picked":"champ:Duel","floor":20.0},{"not_picked":["champ:Parry","champ:EndlessRage+1"],"picked":"champ:FocusedDefense+1","floor":21.0},{"not_picked":["champ:RapidStrikes","champ:PreemptiveStrike"],"picked":"champ:FlashCut+1","floor":22.0},{"not_picked":["champ:ViciousMockery","champ:DefensiveStyle+1"],"picked":"champ:RisingSlash","floor":23.0}],"player_experience":1974498,"relics_obtained":[{"floor":6.0,"key":"downfall:GremlinWheel"},{"floor":7.0,"key":"Whetstone"},{"floor":13.0,"key":"CloakClasp"},{"floor":14.0,"key":"Replay:Baseball"},{"floor":23.0,"key":"Replay:Wax Seal"},{"floor":24.0,"key":"Replay:Bottled Eggs"}],"event_choices":[],"is_beta":false,"boss_relics":[{"not_picked":["Coffee Dripper","Tiny House"],"picked":"Empty Cage"}],"items_purged_floors":[4],"is_endless":false,"potions_floor_spawned":[6,10,12,14,19,21,22],"killed_by":"Shelled Parasite and Fungi","ascension_level":3}}