{"host":"vk2xyavtylxbvrfq","time":1614017559,"event":{"mods":["Bard","BaseMod","Bestiary","Better Altar","Better Match","Better Note","Better Sensory Stone","Better Skull","Better Vampires","Block Reminder","Bossed Relics","Colored Map","Curses Come First","Displayed Cursed Tome","Downfall","Extra Virgin Snecko Oil","Fox Events","Hermit","Ironclad Rager","Marked Mod","Minty Spire (QoL Compilation)","Quick Restart","Rare Cards Sparkle","Relic Sorter","Reliquary","Robot Space Explorer","Shapeshifter Mod","StSLib","The Hayseed","The Marked","The Runesmith","Unceasing Turn Reminder"],"gold_per_floor":[111,386,405,59,70,97,97,122,147,190,190,190,17,92,92,222,222,240,515,7,7,7,30,30,30,30,54,54,54],"floor_reached":28,"language":"ENG","playtime":1007,"items_purged":[],"score":327,"play_id":"f0823240-1bdd-4ca5-84c6-767c921e8b80","local_time":"20210222131239","is_ascension_mode":true,"campfire_choices":[{"floor":12.0,"key":"REST"},{"data":"hermit:Combo","floor":15.0,"key":"SMITH"},{"floor":24.0,"key":"REST"}],"circlet_count":0,"master_deck":["hermit:Strike_Hermit","hermit:Strike_Hermit","hermit:Strike_Hermit","hermit:Strike_Hermit","hermit:Defend_Hermit","hermit:Defend_Hermit","hermit:Defend_Hermit","hermit:Defend_Hermit","hermit:Snapshot","hermit:Covet","hermit:OverwhelmingPower","hermit:Quickdraw","Regret","hermit:GhostlyPresence","hermit:Combo+1","hermit:Snipe","hermit:CalledShot","hermit:Adapt","hermit:CalledShot","Injury","hermit:Headshot","hermit:Vantage","Bandage Up","hermit:Dive","hermit:Snipe","hermit:HighNoon","hermit:Headshot","Regret","hermit:Determination","Flash of Steel","hermit:Horror","Pain"],"relics":["hermit:Momento","Centennial Puzzle","Orichalcum","Golden Idol","reliquary:TuningFork","Strawberry","reliquary:Ember","hermit:Spyglass","reliquary:Sod","WarpedTongs","Boot"],"acts_visited":["Exordium","TheCity"],"potions_floor_usage":[],"damage_taken":[{"damage":2.0,"enemies":"Jaw Worm","floor":1.0,"turns":3.0},{"damage":4.0,"enemies":"Cultist","floor":3.0,"turns":4.0},{"damage":5.0,"enemies":"2 Louse","floor":5.0,"turns":4.0},{"damage":12.0,"enemies":"Lagavulin","floor":6.0,"turns":5.0},{"damage":11.0,"enemies":"Looter","floor":8.0,"turns":4.0},{"damage":18.0,"enemies":"3 Sentries","floor":10.0,"turns":5.0},{"damage":24.0,"enemies":"Slime Boss","floor":16.0,"turns":12.0},{"damage":31.0,"enemies":"3 Byrds","floor":18.0,"turns":8.0},{"damage":30.0,"enemies":"2 Thieves","floor":23.0,"turns":5.0},{"damage":24,"enemies":"Snecko","floor":27,"turns":6},{"damage":44,"enemies":"Book of Stabbing","floor":28,"turns":5}],"seed_played":"-3015588946338706084","potions_obtained":[{"floor":5.0,"key":"hermit:BlackBile"},{"floor":16.0,"key":"SpeedPotion"}],"is_trial":false,"path_per_floor":["M","?","M","$","M","E","?","M","T","E","?","R","$","?","R","B",null,"M","?","$","T","$","M","R","?","T","M","E"],"character_chosen":"HERMIT","items_purchased":["Centennial Puzzle","hermit:Combo","hermit:Snipe","hermit:CalledShot","hexamod:SoulburnPotion","hermit:Dive","hermit:Snipe","AttackPotion","FearPotion","hermit:Spyglass","hermit:Determination","FairyPotion","Flash of Steel"],"campfire_rested":2,"item_purchase_floors":[4,4,4,4,4,13,13,13,13,20,20,20,20],"current_hp_per_floor":[66,66,62,62,57,45,45,34,34,23,23,47,47,36,36,16,66,39,39,39,39,39,13,37,37,37,17,5,5],"gold":54,"neow_bonus":"ONE_RANDOM_RARE_CARD","is_daily":false,"chose_seed":false,"campfire_upgraded":1,"win_rate":0.0,"timestamp":1614017559,"path_taken":["M","?","?","$","M","E","?","M","T","E","?","R","$","?","R","BOSS","M","?","$","?","$","M","R","?","T","?","E"],"items_purchased_type":["Relic","Card","Card","Card","Potion","Card","Card","Potion","Potion","Relic","Card","Potion","Card"],"build_version":"2020-12-22","purchased_purges":0,"victory":false,"max_hp_per_floor":[75,75,75,75,75,75,75,75,75,82,82,82,82,82,82,82,82,82,82,82,82,82,82,82,82,82,82,82,82],"card_choices":[{"not_picked":["hermit:BodyArmor","hermit:Misfire"],"picked":"hermit:Quickdraw","floor":1.0},{"not_picked":["hermit:Quickdraw","hermit:Vantage"],"picked":"hermit:GhostlyPresence","floor":3.0},{"not_picked":["hermit:Midnight","hermit:Manifest"],"picked":"hermit:Adapt","floor":5.0},{"not_picked":["hermit:HighCaliber","hermit:WideOpen"],"picked":"hermit:CalledShot","floor":6.0},{"not_picked":["hermit:LowProfile","hermit:Vantage"],"picked":"hermit:Headshot","floor":8.0},{"not_picked":["hermit:Misfire","hermit:FinalCanter"],"picked":"hermit:Vantage","floor":10.0},{"not_picked":["Dramatic Entrance","Forethought"],"picked":"Bandage Up","floor":11.0},{"not_picked":["hermit:FinalCanter","hermit:Adapt"],"picked":"hermit:HighNoon","floor":16.0},{"not_picked":["hermit:BodyArmor","hermit:CursedWeapon+1"],"picked":"hermit:Headshot","floor":18.0},{"not_picked":["hermit:Shortfuse+1","hermit:WideOpen"],"picked":"hermit:Horror","floor":23.0},{"not_picked":["hermit:TakeCover+1","hermit:BodyArmor","hermit:SprayPray"],"picked":"SKIP","floor":27}],"player_experience":1459645,"relics_obtained":[{"floor":6.0,"key":"Orichalcum"},{"floor":9.0,"key":"reliquary:TuningFork"},{"floor":10.0,"key":"Strawberry"},{"floor":21.0,"key":"reliquary:Sod"},{"floor":26.0,"key":"Boot"}],"event_choices":[{"damage_healed":0.0,"max_hp_gain":0.0,"max_hp_loss":0.0,"gold_gain":275.0,"event_name":"Golden Shrine","player_choice":"Desecrate","floor":2.0,"gold_loss":0.0,"damage_taken":0.0,"cards_obtained":["Regret"]},{"damage_healed":0.0,"max_hp_gain":0.0,"max_hp_loss":0.0,"gold_gain":0.0,"event_name":"Golden Idol","player_choice":"Take Wound","floor":7.0,"gold_loss":0.0,"damage_taken":0.0,"relics_obtained":["Golden Idol"],"cards_obtained":["Injury"]},{"damage_healed":0.0,"max_hp_gain":0.0,"max_hp_loss":0.0,"gold_gain":1.0,"event_name":"betterStone:BetterStone","player_choice":"1","floor":11.0,"gold_loss":0.0,"damage_taken":0.0},{"damage_healed":0.0,"max_hp_gain":0.0,"max_hp_loss":0.0,"gold_gain":75.0,"event_name":"World of Goop","player_choice":"Gather Gold","floor":14.0,"gold_loss":0.0,"damage_taken":11.0},{"damage_healed":0.0,"max_hp_gain":0.0,"max_hp_loss":0.0,"gold_gain":275.0,"event_name":"Golden Shrine","player_choice":"Desecrate","floor":19.0,"gold_loss":0.0,"damage_taken":0.0,"cards_obtained":["Regret"]},{"damage_healed":0.0,"max_hp_gain":0.0,"max_hp_loss":0.0,"gold_gain":0.0,"event_name":"Accursed Blacksmith","player_choice":"Rummage","floor":25.0,"gold_loss":0.0,"damage_taken":0.0,"relics_obtained":["WarpedTongs"],"cards_obtained":["Pain"]}],"is_beta":false,"boss_relics":[{"not_picked":["reliquary:KinkedSpring","Philosopher\u0027s Stone"],"picked":"reliquary:Ember"}],"items_purged_floors":[],"is_endless":false,"potions_floor_spawned":[5,16],"killed_by":"Book of Stabbing","ascension_level":7}}