{"host":"eny0bxnatoru6fum","time":1614006032,"event":{"mods":["100% Spire Juice","A Magickal Journey","AchievementEnabler","AlwaysNeverKeys","Aspiration","BaseMod","Beaked The Cultist","Better Note","BetterRewards","Colored Map","Colored Powertips","Conspire","Curses Come First","DeckTracker","Duelist Mod","Energized Spire","Glutton Mod","Halation","Hubris","Infinite Spire","Jedi Mod","Lobotomy","LobotomyExtend","Marisa????????","Minty Spire (QoL Compilation)","Permanent Neow","Relic Sorter","Replay The Spire","Shop Mod","Spicy Shops","Spikes Relics","StSLib","Synergy Search","The Alterego","The Animator","The Blue Laboratory","The Bug Knight","The Cursed","The Hierophant","The Jungle","The Problem Sleuth","The Runesmith","The Sage","The Servant 0.9.4","The Spell Scribe","Waifu the Spire"],"gold_per_floor":[99,99,119,131,143,176,196,196,196,31,43,61,74,99,99,201,201,215,227,227,62,62,62,62,72,72,101,101,101,113,146,146,129,129,144,0,19,36,47,82,94,131,167,179,205,237,262,303,315,327,339,351,35,60,60],"floor_reached":56,"language":"ENG","playtime":6675,"items_purged":["Amnesia","Moonworks:Defend"],"score":1446,"play_id":"922ab14f-cb2e-40de-812a-867806ff3462","local_time":"20210222090032","is_ascension_mode":true,"campfire_choices":[{"floor":8.0,"key":"REST"},{"floor":15.0,"key":"RECALL"},{"data":"Moonworks:HolyNight","floor":23.0,"key":"SMITH"},{"floor":28.0,"key":"REST"},{"data":"hubris:Fate","floor":32.0,"key":"SMITH"},{"floor":41,"key":"REST"},{"data":"alterego_mod:AlterEgo","floor":49,"key":"SMITH"},{"data":"Moonworks:AccelHyper","floor":52,"key":"SMITH"}],"circlet_count":0,"master_deck":["Moonworks:Defend","Moonworks:Defend","Moonworks:Ambush","Moonworks:LongDistanceShot","Moonworks:WindyEnchantment","Moonworks:MiracleRedBeanIceCream","Moonworks:NicePresent","Moonworks:NicePresent","Moonworks:LuckyCharm","Moonworks:UnluckyCharm","Moonworks:ImmovableObject","Moonworks:Poppoformation","Moonworks:HolyNight+1","Moonworks:UnpaidWork+1","Moonworks:LuckyCharm+1","hubris:Fate+1","Moonworks:RagingMadness+1","Moonworks:BigMagnum+1","Moonworks:MeltingMemories+1","Moonworks:EvilSpyWorkPreparation","Moonworks:AccelHyper+1","alterego_mod:AlterEgo+1","Moonworks:FullSpeedAlicianrone+1","Moonworks:LuckyCharm","alterego_mod:Birthday","Moonworks:FullSpeedAlicianrone","Moonworks:TreasureThief","Moonworks:ImmovableObject+1","Moonworks:Heat300Percent+1","Parasite","alterego_mod:Birthday","Moonworks:BigMagnum","Moonworks:BackdoorTrade+1","Moonworks:TreasureThief+1"],"relics":["Moonworks:BrokenBomb","Moonworks:Homemark","Replay:Bottled Steam","aspiration:SeaSaltIceCream","SacredBark","LetterFromLob","aspiration:HiddenCompartment","energizedSpire:OgreHead","Ring of Panic","ReplayTheSpireMod:Ring of Collecting","Frozen Eye","Ring of Searing","Torii","ReplayTheSpireMod:Ring of Exchange","hubris:DisguiseKit","Blue Candle","Replay:Drink Me","Red Mask","Runesmith:Nanobots","Ring of Hypnosis","halation:PromiseList","CaptainsWheel","ReplayTheSpireMod:Lightbulb","MerchantsRug","Art of War"],"acts_visited":["Exordium","TheCity","TheBeyond","TheEnding"],"potions_floor_usage":[38,40,54,55,55],"damage_taken":[{"damage":0.0,"enemies":"Jaw Worm","floor":1.0,"turns":3.0},{"damage":0.0,"enemies":"2 Louse","floor":3.0,"turns":3.0},{"damage":0.0,"enemies":"Cultist","floor":4.0,"turns":3.0},{"damage":0.0,"enemies":"Exordium Wildlife","floor":5.0,"turns":4.0},{"damage":25.0,"enemies":"HollowMod:MossKnight","floor":6.0,"turns":9.0},{"damage":4.0,"enemies":"Large Slime","floor":7.0,"turns":5.0},{"damage":0.0,"enemies":"Blue Slaver","floor":11.0,"turns":2.0},{"damage":0.0,"enemies":"2 Fungi Beasts","floor":12.0,"turns":2.0},{"damage":0.0,"enemies":"Exordium Wildlife","floor":13.0,"turns":5.0},{"damage":0.0,"enemies":"3 Sentries","floor":14.0,"turns":8.0},{"damage":79.0,"enemies":"Hexaghost","floor":16.0,"turns":18.0},{"damage":7.0,"enemies":"Shell Parasite","floor":18.0,"turns":6.0},{"damage":0.0,"enemies":"2 Thieves","floor":19.0,"turns":4.0},{"damage":1.0,"enemies":"Snecko","floor":25.0,"turns":4.0},{"damage":34.0,"enemies":"Gremlin Leader","floor":27.0,"turns":5.0},{"damage":10.0,"enemies":"Centurion and Healer","floor":30.0,"turns":4.0},{"damage":18.0,"enemies":"Book of Stabbing","floor":31.0,"turns":3.0},{"damage":22.0,"enemies":"conspire:MysteriousRune","floor":33.0,"turns":6.0},{"damage":0,"enemies":"3 Shapes","floor":35,"turns":1},{"damage":15,"enemies":"Orb Walker","floor":37,"turns":4},{"damage":16,"enemies":"Jaw Worm Horde","floor":38,"turns":4},{"damage":5,"enemies":"Maw","floor":39,"turns":4},{"damage":45,"enemies":"Reptomancer","floor":40,"turns":7},{"damage":1,"enemies":"Giant Head","floor":42,"turns":5},{"damage":5,"enemies":"3 Darklings","floor":45,"turns":2},{"damage":11,"enemies":"Writhing Mass","floor":46,"turns":3},{"damage":31,"enemies":"Maw","floor":47,"turns":7},{"damage":11,"enemies":"beaked:SuperParasite","floor":48,"turns":6},{"damage":21,"enemies":"Donu and Deca","floor":50,"turns":6},{"damage":30,"enemies":"Shield and Spear","floor":54,"turns":8},{"damage":57,"enemies":"The Heart","floor":55,"turns":7}],"seed_played":"4999867643986822334","potions_obtained":[{"floor":3.0,"key":"blueLaboratory:ArtificerPotion"},{"floor":5.0,"key":"blueLaboratory:HorrorPotion"},{"floor":7.0,"key":"jedi:holywater"},{"floor":14.0,"key":"blueLaboratory:ForbiddenFruitJuice"},{"floor":16.0,"key":"blueLaboratory:CorrosionFlask"},{"floor":18.0,"key":"ColorlessPotion"},{"floor":31.0,"key":"blueLaboratory:BottleOfVodka"},{"floor":35,"key":"ColorlessPotion"},{"floor":39,"key":"blueLaboratory:StoneskinPotion"},{"floor":46,"key":"LiquidMemories"},{"floor":47,"key":"SpeedPotion"}],"is_trial":false,"path_per_floor":["M","?","M","M","M","E","M","R","T","?","M","M","M","E","R","B",null,"M","M","?","$","AVR","R","$","M","T","E","R","T","M","E","R","B",null,"M","?","M","M","M","E","R","E","T","?","M","M","M","E","R","B",null,"R","$","E","B",null],"character_chosen":"THE_STARBREAKER","items_purchased":["Moonworks:LuckyCharm+1","ReplayTheSpireMod:Lightbulb","MerchantsRug","AttackPotion"],"campfire_rested":3,"item_purchase_floors":[21,53,53,53],"current_hp_per_floor":[60,53,53,58,60,35,36,54,54,48,53,53,60,60,60,16,55,55,55,55,55,55,55,55,55,55,26,42,42,37,42,42,25,42,42,42,37,26,28,5,17,23,23,42,37,31,24,29,29,26,42,42,42,21,19],"gold":60,"neow_bonus":"HUNDRED_GOLD","is_daily":false,"chose_seed":false,"campfire_upgraded":4,"win_rate":0.0,"timestamp":1614006032,"path_taken":["M","?","M","M","M","E","M","R","T","?","M","M","M","E","R","BOSS","M","?","?","?","AVR","R","?","?","T","E","R","?","M","E","R","BOSS","M","?","M","M","M","E","R","E","T","?","M","?","M","E","R","BOSS","R","$","E","BOSS"],"items_purchased_type":["Card","Relic","Relic","Potion"],"build_version":"2020-12-22","purchased_purges":2,"victory":true,"max_hp_per_floor":[60,60,60,60,60,60,60,60,60,60,60,60,60,60,60,55,55,55,55,55,55,55,55,55,55,55,55,55,55,55,55,55,55,42,42,42,42,42,42,42,42,42,42,42,42,42,42,42,42,42,42,42,42,42,42],"card_choices":[{"not_picked":["Moonworks:UnluckyCharm","Moonworks:BigMagnum"],"picked":"Moonworks:WindyEnchantment","floor":1.0},{"not_picked":["Moonworks:LulusLuckyEgg","Moonworks:Heat300Percent"],"picked":"Moonworks:MiracleRedBeanIceCream","floor":3.0},{"not_picked":["Moonworks:BigMagnum","Moonworks:LulusLuckyEgg"],"picked":"Moonworks:NicePresent","floor":4.0},{"not_picked":["Moonworks:DeployBits","Moonworks:BigMagnum"],"picked":"Moonworks:NicePresent","floor":5.0},{"not_picked":["Moonworks:LeapThroughSpace","Moonworks:Assault"],"picked":"Moonworks:LuckyCharm","floor":6.0},{"not_picked":["Moonworks:SelfDestruct","Moonworks:CompletionReward"],"picked":"Moonworks:UnluckyCharm","floor":7.0},{"not_picked":["Moonworks:IndiscriminateFireSupport","Moonworks:BeyondHell"],"picked":"Moonworks:SakisCookie","floor":11.0},{"not_picked":["Moonworks:ImOnFire","Moonworks:SealedMemories"],"picked":"Moonworks:ImmovableObject","floor":12.0},{"not_picked":["Moonworks:BackdoorTrade","Moonworks:CloudOfSeagulls"],"picked":"Moonworks:Poppoformation","floor":13.0},{"not_picked":["Moonworks:Assault","Moonworks:ImOnFire","Moonworks:JonathanRush"],"picked":"SKIP","floor":14.0},{"not_picked":["Moonworks:ShieldCounter","Moonworks:SinkOrSwim"],"picked":"Moonworks:HolyNight","floor":16.0},{"not_picked":["Moonworks:IndiscriminateFireSupport","Moonworks:BigMagnum","Moonworks:CloudOfSeagulls+1"],"picked":"SKIP","floor":18.0},{"not_picked":["Moonworks:CompletionReward","Moonworks:RedAndBlue"],"picked":"Moonworks:UnpaidWork+1","floor":19.0},{"not_picked":["Moonworks:NicePresent","Moonworks:DeployBits+1"],"picked":"Moonworks:EvilSpyWorkPreparation","floor":25.0},{"not_picked":["Moonworks:CastOff","Moonworks:MixPhenomenon","Moonworks:StiffCrystal"],"picked":"SKIP","floor":27.0},{"not_picked":["Moonworks:ReproductionOfRecords","Moonworks:NicePresent+1","alterego_mod:1TonWallop"],"picked":"Moonworks:AccelHyper","floor":30.0},{"not_picked":["Moonworks:DevilHand+1","Moonworks:JonathanRush","alterego_mod:Bounce"],"picked":"Moonworks:Heat300Percent","floor":31.0},{"not_picked":["Moonworks:MeltingMemories","Moonworks:RocketCannon","Moonworks:ReflectiveShell"],"picked":"alterego_mod:AlterEgo","floor":33.0},{"not_picked":["Moonworks:BeyondHell","Moonworks:NicePresent+1","alterego_mod:1TonWallop"],"picked":"Moonworks:FullSpeedAlicianrone+1","floor":35},{"not_picked":["Moonworks:JonathanRush","Moonworks:IndiscriminateFireSupport","alterego_mod:Mirror"],"picked":"Moonworks:LuckyCharm","floor":37},{"not_picked":["Moonworks:IndiscriminateFireSupport+1","Moonworks:NicePresent","Moonworks:CompletionReward"],"picked":"alterego_mod:Birthday","floor":38},{"not_picked":["Moonworks:NicePresent","Moonworks:LulusLuckyEgg+1","alterego_mod:Complex"],"picked":"Moonworks:FullSpeedAlicianrone","floor":39},{"not_picked":["Moonworks:Dinner","Moonworks:ImOnFire+1","alterego_mod:BreastValley"],"picked":"Moonworks:TreasureThief","floor":40},{"not_picked":["Moonworks:IndiscriminateFireSupport","Moonworks:MeltingMemories","alterego_mod:Skirt"],"picked":"Moonworks:ImmovableObject+1","floor":42},{"not_picked":["Moonworks:BigMagnum","Moonworks:IndiscriminateFireSupport","alterego_mod:1TonWallop"],"picked":"Moonworks:Heat300Percent+1","floor":45},{"not_picked":["Moonworks:MiracleWalker","Moonworks:SakisCookie","Moonworks:x16BigRocket"],"picked":"alterego_mod:Birthday","floor":46},{"not_picked":["Moonworks:UnluckyCharm","Moonworks:FinalBattle","alterego_mod:DiscoLights"],"picked":"Moonworks:BigMagnum","floor":47},{"not_picked":["Moonworks:BeyondHell","Moonworks:x16BigRocket","alterego_mod:PerceptionDisorder"],"picked":"Moonworks:BackdoorTrade+1","floor":48},{"not_picked":["Moonworks:LuckyCharm","Moonworks:LulusLuckyEgg","alterego_mod:Undulate"],"picked":"Moonworks:TreasureThief+1","floor":54}],"player_experience":629645,"relics_obtained":[{"floor":6.0,"key":"Replay:Bottled Steam"},{"floor":9.0,"key":"aspiration:SeaSaltIceCream"},{"floor":11.0,"key":"LetterFromLob"},{"floor":14.0,"key":"aspiration:HiddenCompartment"},{"floor":20.0,"key":"Ring of Panic"},{"floor":20.0,"key":"ReplayTheSpireMod:Ring of Collecting"},{"floor":26.0,"key":"Ring of Searing"},{"floor":27.0,"key":"Torii"},{"floor":29.0,"key":"ReplayTheSpireMod:Ring of Exchange"},{"floor":29.0,"key":"hubris:DisguiseKit"},{"floor":31.0,"key":"Blue Candle"},{"floor":40,"key":"MawBank"},{"floor":42,"key":"Runesmith:Nanobots"},{"floor":43,"key":"Ring of Hypnosis"},{"floor":43,"key":"halation:PromiseList"},{"floor":48,"key":"CaptainsWheel"},{"floor":54,"key":"Art of War"}],"event_choices":[{"cards_removed":["Moonworks:Strike"],"damage_healed":0.0,"max_hp_gain":0.0,"max_hp_loss":0.0,"gold_gain":0.0,"event_name":"Golden Wing","player_choice":"Card Removal","floor":2.0,"gold_loss":0.0,"damage_taken":7.0},{"damage_healed":0.0,"max_hp_gain":0.0,"max_hp_loss":0.0,"gold_gain":75.0,"event_name":"FaceTrader","player_choice":"Touch","floor":10.0,"gold_loss":0.0,"damage_taken":6.0},{"damage_healed":0,"gold_gain":0,"player_choice":"Paid","damage_taken":0,"relics_obtained":["Red Mask"],"max_hp_gain":0,"max_hp_loss":0,"event_name":"Tomb of Lord Red Mask","floor":36,"gold_loss":24},{"damage_healed":19,"gold_gain":0,"player_choice":"Full Heal","damage_taken":0,"max_hp_gain":0,"max_hp_loss":0,"event_name":"Wheel of Change","floor":44,"gold_loss":0}],"is_beta":false,"boss_relics":[{"not_picked":["SlaversCollar","beaked:SacredDeck"],"picked":"energizedSpire:OgreHead"},{"not_picked":["Philosopher\u0027s Stone","infinitespire:Chaos"],"picked":"Replay:Drink Me"}],"items_purged_floors":[21,22],"is_endless":false,"potions_floor_spawned":[3,5,7,11,14,16,18,25,31,35,39,46,47,48],"ascension_level":1}}