{"host":"kda2p2afd6bvz6qo","time":1614028718,"event":{"mods":["BaseMod","Colored Map","Minty Spire (QoL Compilation)","Relic Stats"],"gold_per_floor":[117,117,137,137,147,147,178,178,178,207,217,233,56,28,28,127,127,142,142,142,168,183,183,209,209,232,232,260,13,38,38,38,134,134,151,166,166,186,201,235,235,247,247,277,290,301,312,22,22,22,22,22,22,55,55,55],"floor_reached":55,"language":"ENG","playtime":5001,"items_purged":["Zap","Strike_B"],"score":1296,"play_id":"ae722298-c4ef-4720-a8bf-1826130f2ff6","local_time":"20210222211837","is_ascension_mode":true,"campfire_choices":[{"data":"Genetic Algorithm","floor":6.0,"key":"SMITH"},{"floor":8.0,"key":"REST"},{"floor":15.0,"key":"REST"},{"data":"Hyperbeam","floor":23.0,"key":"SMITH"},{"data":"Reprogram","floor":25.0,"key":"SMITH"},{"data":"Beam Cell","floor":27.0,"key":"SMITH"},{"floor":32.0,"key":"REST"},{"floor":41.0,"key":"RECALL"},{"data":"Fusion","floor":49.0,"key":"SMITH"},{"data":"Hologram","floor":52,"key":"SMITH"}],"circlet_count":0,"master_deck":["AscendersBane","Strike_B","Defend_B","Defend_B","Defend_B+1","Defend_B","Dualcast","Conserve Battery","Go for the Eyes","Genetic Algorithm+1","Gash","Reprogram+1","Beam Cell+1","Hyperbeam+1","Streamline","Echo Form","Gash+1","Gash","FTL","Turbo+1","Rebound+1","Seek+1","Echo Form","Hologram+1","Recycle+1","Conserve Battery+1","Conserve Battery+1","Fusion+1","Skim+1"],"relics":["Black Star","Potion Belt","HornCleat","Bag of Marbles","Sundial","Dream Catcher","Orichalcum","Philosopher\u0027s Stone","Red Mask","Prayer Wheel","Gremlin Horn","PreservedInsect","Oddly Smooth Stone","Regal Pillow","Singing Bowl","Smiling Mask","Pen Nib","Sozu","Peace Pipe","Bronze Scales","Lantern","War Paint","Eternal Feather","Toy Ornithopter","Centennial Puzzle"],"acts_visited":["Exordium","TheCity","TheBeyond","TheEnding"],"potions_floor_usage":[50],"damage_taken":[{"damage":8.0,"enemies":"Jaw Worm","floor":1.0,"turns":4.0},{"damage":0.0,"enemies":"Small Slimes","floor":3.0,"turns":3.0},{"damage":0.0,"enemies":"Cultist","floor":5.0,"turns":4.0},{"damage":26.0,"enemies":"Lagavulin","floor":7.0,"turns":8.0},{"damage":14.0,"enemies":"Gremlin Nob","floor":10.0,"turns":5.0},{"damage":2.0,"enemies":"3 Louse","floor":11.0,"turns":4.0},{"damage":0.0,"enemies":"Blue Slaver","floor":12.0,"turns":5.0},{"damage":8.0,"enemies":"Exordium Thugs","floor":14.0,"turns":5.0},{"damage":47.0,"enemies":"Slime Boss","floor":16.0,"turns":11.0},{"damage":4.0,"enemies":"2 Thieves","floor":18.0,"turns":4.0},{"damage":3.0,"enemies":"Masked Bandits","floor":21.0,"turns":2.0},{"damage":0.0,"enemies":"Chosen","floor":22.0,"turns":3.0},{"damage":11.0,"enemies":"Gremlin Leader","floor":24.0,"turns":6.0},{"damage":4.0,"enemies":"Slavers","floor":28.0,"turns":2.0},{"damage":0.0,"enemies":"Gremlin Leader","floor":30.0,"turns":5.0},{"damage":23.0,"enemies":"Champ","floor":33.0,"turns":11.0},{"damage":0.0,"enemies":"3 Darklings","floor":35.0,"turns":4.0},{"damage":0.0,"enemies":"3 Shapes","floor":36.0,"turns":3.0},{"damage":0.0,"enemies":"3 Darklings","floor":38.0,"turns":1.0},{"damage":6.0,"enemies":"Spire Growth","floor":39.0,"turns":5.0},{"damage":18.0,"enemies":"Nemesis","floor":40.0,"turns":7.0},{"damage":0.0,"enemies":"Jaw Worm Horde","floor":42.0,"turns":2.0},{"damage":14.0,"enemies":"Giant Head","floor":44.0,"turns":6.0},{"damage":3.0,"enemies":"3 Darklings","floor":45.0,"turns":4.0},{"damage":0.0,"enemies":"Transient","floor":46.0,"turns":5.0},{"damage":3.0,"enemies":"Sphere and 2 Shapes","floor":47.0,"turns":7.0},{"damage":61,"enemies":"Time Eater","floor":50,"turns":8},{"damage":33,"enemies":"Shield and Spear","floor":54,"turns":7},{"damage":71,"enemies":"The Heart","floor":55,"turns":5}],"seed_played":"-2236208493819041823","potions_obtained":[{"floor":1.0,"key":"FocusPotion"},{"floor":7.0,"key":"BlessingOfTheForge"},{"floor":12.0,"key":"FearPotion"},{"floor":14.0,"key":"Energy Potion"},{"floor":22.0,"key":"Regen Potion"},{"floor":24.0,"key":"SneckoOil"},{"floor":28.0,"key":"SkillPotion"}],"is_trial":false,"path_per_floor":["M","?","M","?","M","R","E","R","T","E","M","M","$","M","R","B",null,"M","?","?","?","M","R","E","R","T","R","E","$","E","$","R","B",null,"M","M","?","M","M","E","R","M","T","E","M","M","M","$","R","B",null,"R","$","E","B"],"character_chosen":"DEFECT","items_purchased":["Beam Cell","SteroidPotion","Singing Bowl","Eternal Feather"],"campfire_rested":3,"item_purchase_floors":[13,13,29,48],"current_hp_per_floor":[60,65,65,53,53,53,27,51,51,37,35,35,35,27,51,4,61,57,57,57,54,54,54,58,58,58,58,54,54,56,56,84,61,78,80,84,84,86,84,68,68,72,72,60,61,61,60,60,75,14,86,101,101,68,0,0],"gold":55,"neow_bonus":"BOSS_RELIC","is_daily":false,"chose_seed":false,"campfire_upgraded":6,"win_rate":0.0,"timestamp":1614028717,"path_taken":["M","?","M","?","M","R","E","R","T","E","M","M","?","M","R","BOSS","M","?","?","?","M","R","E","R","T","R","E","$","E","?","R","BOSS","M","M","?","M","M","E","R","M","T","E","M","?","M","$","R","BOSS","R","$","E","BOSS"],"items_purchased_type":["Card","Potion","Relic","Relic"],"build_version":"2020-12-22","purchased_purges":2,"victory":false,"max_hp_per_floor":[75,80,80,80,80,80,80,80,80,80,80,80,80,80,80,80,80,80,80,80,80,80,80,80,80,80,80,80,80,82,82,84,84,84,86,90,90,92,96,98,98,102,102,104,108,108,110,110,110,110,110,110,110,110,110,110],"relic_stats":{"Regal Pillow":2,"Gremlin Horn":[17,17],"Singing Bowl":30,"counters":[29,146],"Eternal Feather":30,"PreservedInsect":347,"Pen Nib":[19],"Orichalcum":[174],"War Paint":["Seek","Defend_B"],"Smiling Mask":50,"Sozu":6,"Peace Pipe":0,"Dream Catcher":2,"Centennial Puzzle":[3],"Sundial":[10],"Bronze Scales":[192],"Prayer Wheel":8,"Black Star":8,"obtain_stats":[{"Regal Pillow":28,"Lantern":44,"Gremlin Horn":24,"Singing Bowl":29,"Smiling Mask":30,"Sozu":34,"Dream Catcher":10,"Centennial Puzzle":54,"HornCleat":7,"Sundial":9,"Philosopher\u0027s Stone":17,"Prayer Wheel":24,"Red Mask":21,"Cracked Core":0,"Potion Belt":4,"Oddly Smooth Stone":28,"Eternal Feather":48,"PreservedInsect":26,"Pen Nib":30,"Orichalcum":10,"War Paint":44,"Peace Pipe":40,"Bronze Scales":40,"Black Star":0,"Bag of Marbles":7,"Toy Ornithopter":54},{"Regal Pillow":14,"Lantern":23,"Gremlin Horn":13,"Singing Bowl":14,"Smiling Mask":15,"Sozu":16,"Dream Catcher":5,"Centennial Puzzle":28,"HornCleat":4,"Sundial":4,"Philosopher\u0027s Stone":9,"Prayer Wheel":13,"Red Mask":11,"Cracked Core":0,"Potion Belt":2,"Oddly Smooth Stone":14,"Eternal Feather":26,"PreservedInsect":13,"Pen Nib":15,"Orichalcum":5,"War Paint":23,"Peace Pipe":21,"Bronze Scales":21,"Black Star":0,"Bag of Marbles":4,"Toy Ornithopter":28},{"Regal Pillow":66,"Lantern":110,"Gremlin Horn":64,"Singing Bowl":66,"Smiling Mask":71,"Sozu":82,"Dream Catcher":24,"Centennial Puzzle":141,"HornCleat":19,"Sundial":19,"Philosopher\u0027s Stone":49,"Prayer Wheel":64,"Red Mask":55,"Cracked Core":0,"Potion Belt":7,"Oddly Smooth Stone":66,"Eternal Feather":126,"PreservedInsect":64,"Pen Nib":71,"Orichalcum":24,"War Paint":110,"Peace Pipe":102,"Bronze Scales":102,"Black Star":0,"Bag of Marbles":19,"Toy Ornithopter":141}],"Toy Ornithopter":0},"card_choices":[{"not_picked":["Self Repair","Stack"],"picked":"Conserve Battery","floor":1.0},{"not_picked":["Scrape","Melter"],"picked":"Go for the Eyes","floor":3.0},{"not_picked":["FTL","Sweeping Beam"],"picked":"Genetic Algorithm","floor":5.0},{"not_picked":["Leap","Sweeping Beam"],"picked":"Gash","floor":7.0},{"not_picked":["Leap","Chaos","Self Repair"],"picked":"SKIP","floor":10.0},{"not_picked":["Fusion","Rip and Tear"],"picked":"Reprogram","floor":11.0},{"not_picked":["Loop","Genetic Algorithm","Compile Driver"],"picked":"SKIP","floor":12.0},{"not_picked":["BootSequence","Rebound"],"picked":"Hyperbeam","floor":14.0},{"not_picked":["Compile Driver","Auto Shields"],"picked":"Streamline","floor":15.0},{"not_picked":["Creative AI","Core Surge"],"picked":"Echo Form","floor":16.0},{"not_picked":["Beam Cell","Steam"],"picked":"Gash+1","floor":18.0},{"not_picked":["Conserve Battery","Tempest+1"],"picked":"Turbo+1","floor":21.0},{"not_picked":["Go for the Eyes","Conserve Battery"],"picked":"Rebound+1","floor":22.0},{"not_picked":["Redo","Go for the Eyes","Rip and Tear"],"picked":"SKIP","floor":24.0},{"not_picked":["Stack","All For One"],"picked":"Seek","floor":28.0},{"not_picked":["Defragment","Glacier+1","Blizzard"],"picked":"Singing Bowl","floor":30.0},{"not_picked":["Consume","Sunder+1","Turbo+1"],"picked":"Singing Bowl","floor":32.0},{"not_picked":["Thunder Strike","Biased Cognition"],"picked":"Echo Form","floor":33.0},{"not_picked":["Barrage","Leap","Ball Lightning+1"],"picked":"Singing Bowl","floor":35.0},{"not_picked":["Redo+1","Sweeping Beam"],"picked":"Hologram","floor":35.0},{"not_picked":["Gash","Aggregate","Chaos"],"picked":"Singing Bowl","floor":36.0},{"not_picked":["Rebound+1","Blizzard","Hologram"],"picked":"Singing Bowl","floor":36.0},{"not_picked":["Ball Lightning","Rebound+1"],"picked":"Recycle+1","floor":38.0},{"not_picked":["Double Energy","FTL+1","Reprogram+1"],"picked":"Singing Bowl","floor":38.0},{"not_picked":["Storm","Redo","Steam+1"],"picked":"Singing Bowl","floor":39.0},{"not_picked":["Blizzard","Glacier","Leap"],"picked":"Singing Bowl","floor":39.0},{"not_picked":["Recycle+1","Sunder","Gash+1"],"picked":"Singing Bowl","floor":40.0},{"not_picked":["Stack+1","Reboot","Melter+1"],"picked":"Singing Bowl","floor":42.0},{"not_picked":["Barrage","Stack","Heatsinks+1"],"picked":"Singing Bowl","floor":42.0},{"not_picked":["Fission","Creative AI","Cold Snap"],"picked":"Singing Bowl","floor":44.0},{"not_picked":["Beam Cell","Redo+1","Compile Driver+1"],"picked":"Singing Bowl","floor":45.0},{"not_picked":["Gash","Consume","Melter+1"],"picked":"Singing Bowl","floor":45.0},{"not_picked":["Capacitor+1","Cold Snap"],"picked":"Conserve Battery+1","floor":46.0},{"not_picked":["Beam Cell","Blizzard+1"],"picked":"Conserve Battery+1","floor":46.0},{"not_picked":["Defragment","Consume+1","Loop+1"],"picked":"Singing Bowl","floor":47.0},{"not_picked":["Aggregate+1","Conserve Battery+1"],"picked":"Fusion","floor":47.0},{"not_picked":["Scrape","Turbo+1"],"picked":"Skim+1","floor":54}],"player_experience":297700,"relics_obtained":[{"floor":7.0,"key":"HornCleat"},{"floor":7.0,"key":"Bag of Marbles"},{"floor":9.0,"key":"Sundial"},{"floor":10.0,"key":"Dream Catcher"},{"floor":10.0,"key":"Orichalcum"},{"floor":21.0,"key":"Red Mask"},{"floor":24.0,"key":"Prayer Wheel"},{"floor":24.0,"key":"Gremlin Horn"},{"floor":26.0,"key":"PreservedInsect"},{"floor":28.0,"key":"Oddly Smooth Stone"},{"floor":28.0,"key":"Regal Pillow"},{"floor":30.0,"key":"Smiling Mask"},{"floor":30.0,"key":"Pen Nib"},{"floor":40.0,"key":"Peace Pipe"},{"floor":40.0,"key":"Bronze Scales"},{"floor":44.0,"key":"Lantern"},{"floor":44.0,"key":"War Paint"},{"floor":54,"key":"Toy Ornithopter"},{"floor":54,"key":"Centennial Puzzle"}],"event_choices":[{"damage_healed":0.0,"max_hp_gain":5.0,"max_hp_loss":0.0,"gold_gain":0.0,"event_name":"Big Fish","player_choice":"Donut","floor":2.0,"gold_loss":0.0,"damage_taken":0.0},{"damage_healed":0.0,"max_hp_gain":0.0,"max_hp_loss":0.0,"gold_gain":0.0,"event_name":"Scrap Ooze","player_choice":"Success","floor":4.0,"gold_loss":0.0,"damage_taken":12.0,"relics_obtained":["Potion Belt"]},{"damage_healed":0.0,"max_hp_gain":0.0,"max_hp_loss":0.0,"gold_gain":0.0,"event_name":"Ghosts","player_choice":"Ignored","floor":19.0,"gold_loss":0.0,"damage_taken":0.0},{"damage_healed":0.0,"max_hp_gain":0.0,"max_hp_loss":0.0,"gold_gain":0.0,"cards_transformed":["Strike_B","Strike_B"],"event_name":"Drug Dealer","player_choice":"Became Test Subject","floor":20.0,"gold_loss":0.0,"damage_taken":0.0,"cards_obtained":["Gash","FTL"]},{"damage_healed":0.0,"max_hp_gain":0.0,"max_hp_loss":0.0,"gold_gain":0.0,"event_name":"Masked Bandits","player_choice":"Fought Bandits","floor":21.0,"gold_loss":0.0,"damage_taken":0.0},{"damage_healed":0.0,"max_hp_gain":0.0,"max_hp_loss":0.0,"gold_gain":0.0,"event_name":"Match and Keep!","player_choice":"0 cards matched","floor":37.0,"gold_loss":0.0,"damage_taken":0.0,"cards_obtained":[]}],"is_beta":false,"boss_relics":[{"not_picked":["SacredBark","Tiny House"],"picked":"Philosopher\u0027s Stone"},{"not_picked":["SlaversCollar","Velvet Choker"],"picked":"Sozu"}],"items_purged_floors":[13,48],"is_endless":false,"potions_floor_spawned":[1,7,12,14,22,24,28,36,40,44,45,46,54],"killed_by":"The Heart","ascension_level":10}}