{"host":"bw3kwqizueil0xiu","time":1614022374,"event":{"mods":["BaseMod","Colored Powertips","Highlight Path","Minty Spire (QoL Compilation)","slay the spire mod where everything is the same but ironclad has a cowboy hat"],"gold_per_floor":[114,189,204,204,204,234,249,264,264,279,279,54,69,84,84,184,184,199,214,214,229,229,259,259,259,259,274,289,304,229,259,259,359,359,374,389,404,154,169,169,199,49,49,49,79,79,79,94,94,94],"floor_reached":51,"language":"ENG","playtime":5043,"items_purged":["Regret","Fission"],"score":1051,"play_id":"364ddcc8-d8b5-472c-9b97-1672ca2eb5db","local_time":"20210222123254","daily_mods":["Shiny","Diverse","Binary"],"is_ascension_mode":false,"campfire_choices":[{"floor":15,"key":"REST"},{"floor":25,"key":"REST"},{"data":"Barricade","floor":32,"key":"SMITH"},{"data":"Corruption","floor":40,"key":"SMITH"},{"data":"Wraith Form v2","floor":47,"key":"SMITH"},{"data":"Adrenaline","floor":49,"key":"SMITH"}],"circlet_count":0,"master_deck":["Multi-Cast","Hyperbeam","Thunder Strike","Biased Cognition","Machine Learning+1","Electrodynamics","Buffer","Rainbow","Seek","Meteor Strike","Echo Form","All For One","Reboot","Amplify","Creative AI","Core Surge","Venomology","Corpse Explosion","Malaise","Phantasmal Killer","Die Die Die","Adrenaline+1","Envenom","Burst","Wraith Form v2+1","Tools of the Trade","Night Terror","Unload","After Image","Bullet Time","Storm of Steel","Glass Knife","A Thousand Cuts","Grand Finale","Double Tap","Demon Form","Bludgeon","Feed","Limit Break","Corruption+1","Barricade+1","Fiend Fire","Berserk","Impervious","Juggernaut","Brutality","Reaper+1","Exhume","Offering","Immolate"],"relics":["Cracked Core","Singing Bowl","Bag of Preparation","Mummified Hand","DataDisk","Philosopher\u0027s Stone","Pen Nib","MutagenicStrength","Orichalcum","Bird Faced Urn","Eternal Feather","Busted Crown","Potion Belt","Girya","Toy Ornithopter","Ancient Tea Set","Letter Opener"],"acts_visited":["Exordium","TheCity","TheBeyond"],"potions_floor_usage":[10,14,14,14,14,14,16,18,21,31,33,37,45,48,48,48,48,50],"damage_taken":[{"damage":0,"enemies":"2 Louse","floor":1,"turns":1},{"damage":19,"enemies":"Small Slimes","floor":3,"turns":3},{"damage":7,"enemies":"Gremlin Nob","floor":6,"turns":3},{"damage":6,"enemies":"Jaw Worm","floor":7,"turns":1},{"damage":0,"enemies":"2 Fungi Beasts","floor":8,"turns":1},{"damage":17,"enemies":"Gremlin Gang","floor":10,"turns":2},{"damage":0,"enemies":"Exordium Wildlife","floor":13,"turns":3},{"damage":4,"enemies":"Blue Slaver","floor":14,"turns":3},{"damage":0,"enemies":"Slime Boss","floor":16,"turns":4},{"damage":30,"enemies":"2 Thieves","floor":18,"turns":3},{"damage":8,"enemies":"Spheric Guardian","floor":19,"turns":3},{"damage":3,"enemies":"Centurion and Healer","floor":21,"turns":3},{"damage":40,"enemies":"Gremlin Leader","floor":23,"turns":4},{"damage":19,"enemies":"Chosen and Byrds","floor":27,"turns":3},{"damage":1,"enemies":"Snake Plant","floor":28,"turns":2},{"damage":22,"enemies":"Shelled Parasite and Fungi","floor":29,"turns":4},{"damage":14,"enemies":"Book of Stabbing","floor":31,"turns":3},{"damage":1,"enemies":"Automaton","floor":33,"turns":5},{"damage":9,"enemies":"3 Darklings","floor":35,"turns":3},{"damage":3,"enemies":"3 Shapes","floor":36,"turns":1},{"damage":8,"enemies":"Transient","floor":37,"turns":5},{"damage":8,"enemies":"Sphere and 2 Shapes","floor":39,"turns":2},{"damage":14,"enemies":"Giant Head","floor":41,"turns":5},{"damage":7,"enemies":"Reptomancer","floor":45,"turns":2},{"damage":28,"enemies":"3 Darklings","floor":48,"turns":2},{"damage":43,"enemies":"Time Eater","floor":50,"turns":6}],"seed_played":"-9004314451342404475","potions_obtained":[{"floor":8,"key":"Dexterity Potion"},{"floor":10,"key":"Weak Potion"},{"floor":13,"key":"SneckoOil"},{"floor":14,"key":"SmokeBomb"},{"floor":18,"key":"SteroidPotion"},{"floor":27,"key":"Block Potion"},{"floor":29,"key":"FearPotion"},{"floor":41,"key":"Swift Potion"},{"floor":45,"key":"SpeedPotion"}],"is_trial":false,"path_per_floor":["M","?","M","?","?","E","M","M","T","M","?","$","M","M","R","B",null,"M","M","?","M","?","E","?","R","T","M","M","M","?","E","R","B",null,"M","M","M","$","M","R","E","$","T","?","E","$","R","M","R","B",null],"character_chosen":"DEFECT","items_purchased":["DataDisk","Potion Belt","Toy Ornithopter"],"campfire_rested":2,"item_purchase_floors":[12,38,42],"current_hp_per_floor":[75,64,48,48,45,40,36,38,38,26,26,26,28,34,61,63,95,67,61,61,60,60,58,58,88,88,87,101,110,110,117,117,122,122,121,119,118,118,119,125,125,125,125,125,125,125,125,109,125,94],"gold":94,"neow_bonus":"","is_daily":true,"chose_seed":false,"campfire_upgraded":4,"win_rate":0.0,"timestamp":1614022374,"path_taken":["M","?","M","?","?","E","M","?","T","M","?","$","M","?","R","BOSS","M","M","?","M","?","E","?","R","T","M","?","M","?","E","R","BOSS","M","M","M","$","M","R","E","$","T","?","E","?","R","M","R","BOSS"],"items_purchased_type":["Relic","Relic","Relic"],"build_version":"2020-12-22","purchased_purges":2,"victory":true,"max_hp_per_floor":[75,75,78,78,78,80,82,84,84,89,89,89,91,93,93,95,95,97,99,99,101,101,103,103,103,103,105,110,115,115,117,117,122,122,122,122,122,122,125,125,125,125,125,125,125,125,125,125,125,125],"card_choices":[{"not_picked":["Ball Lightning","Armaments"],"picked":"SKIP","floor":1},{"not_picked":["Masterful Stab","Pommel Strike"],"picked":"SKIP","floor":3},{"not_picked":["Poisoned Stab","Dash"],"picked":"Singing Bowl","floor":6},{"not_picked":["Escape Plan","Second Wind"],"picked":"Singing Bowl","floor":7},{"not_picked":["Steam Power","Hello World"],"picked":"Singing Bowl","floor":8},{"not_picked":["Slice","Cleave"],"picked":"Singing Bowl","floor":10},{"not_picked":["Warcry","Flying Knee"],"picked":"Singing Bowl","floor":13},{"not_picked":["Deadly Poison","Dropkick"],"picked":"Singing Bowl","floor":14},{"not_picked":["Electrodynamics","Night Terror"],"picked":"Singing Bowl","floor":16},{"not_picked":["Dagger Throw","Noxious Fumes+1"],"picked":"Singing Bowl","floor":18},{"not_picked":["Havoc","Wild Strike+1"],"picked":"Singing Bowl","floor":19},{"not_picked":["Deadly Poison","Dash"],"picked":"Singing Bowl","floor":21},{"not_picked":["Body Slam","PiercingWail"],"picked":"Singing Bowl","floor":23},{"not_picked":["Havoc","Warcry+1"],"picked":"Singing Bowl","floor":27},{"not_picked":["Prepared","Finisher"],"picked":"Singing Bowl","floor":28},{"not_picked":["Perfected Strike","Melter+1"],"picked":"Singing Bowl","floor":29},{"not_picked":["Night Terror","Finisher"],"picked":"Singing Bowl","floor":31},{"not_picked":["Thunder Strike","Corpse Explosion"],"picked":"Singing Bowl","floor":33}],"player_experience":214943,"relics_obtained":[{"floor":9,"key":"Mummified Hand"},{"floor":23,"key":"Orichalcum"},{"floor":26,"key":"Bird Faced Urn"},{"floor":31,"key":"Eternal Feather"},{"floor":41,"key":"Girya"},{"floor":43,"key":"Ancient Tea Set"},{"floor":45,"key":"Letter Opener"}],"event_choices":[{"damage_healed":0,"gold_gain":75,"player_choice":"Gather Gold","damage_taken":11,"max_hp_gain":0,"max_hp_loss":0,"event_name":"World of Goop","floor":2,"gold_loss":0},{"damage_healed":0,"gold_gain":0,"player_choice":"Box","damage_taken":0,"relics_obtained":["Singing Bowl"],"max_hp_gain":0,"max_hp_loss":0,"event_name":"Big Fish","floor":4,"gold_loss":0,"cards_obtained":["Regret"]},{"damage_healed":0,"gold_gain":0,"player_choice":"Success","damage_taken":3,"relics_obtained":["Bag of Preparation"],"max_hp_gain":0,"max_hp_loss":0,"event_name":"Scrap Ooze","floor":5,"gold_loss":0},{"damage_healed":0,"gold_gain":0,"player_choice":"Forge","damage_taken":0,"max_hp_gain":0,"max_hp_loss":0,"event_name":"Accursed Blacksmith","floor":11,"gold_loss":0,"cards_upgraded":["Machine Learning"]},{"damage_healed":0,"gold_gain":0,"player_choice":"Opened","damage_taken":0,"relics_obtained":["Pen Nib"],"max_hp_gain":0,"max_hp_loss":0,"event_name":"The Mausoleum","floor":20,"gold_loss":0},{"damage_healed":0,"gold_gain":0,"player_choice":"Inject Mutagens","damage_taken":0,"relics_obtained":["MutagenicStrength"],"max_hp_gain":0,"max_hp_loss":0,"event_name":"Drug Dealer","floor":22,"gold_loss":0},{"damage_healed":0,"gold_gain":0,"player_choice":"Upgraded","damage_taken":0,"max_hp_gain":0,"max_hp_loss":0,"event_name":"Upgrade Shrine","floor":24,"gold_loss":0,"cards_upgraded":["Reaper"]},{"cards_removed":["Doppelganger"],"damage_healed":0,"gold_gain":0,"player_choice":"Gave Gold","damage_taken":0,"max_hp_gain":0,"max_hp_loss":0,"event_name":"Beggar","floor":30,"gold_loss":75},{"damage_healed":0,"gold_gain":0,"player_choice":"0 cards matched","damage_taken":0,"max_hp_gain":0,"max_hp_loss":0,"event_name":"Match and Keep!","floor":44,"gold_loss":0,"cards_obtained":[]}],"is_beta":false,"boss_relics":[{"not_picked":["Velvet Choker","SacredBark"],"picked":"Philosopher\u0027s Stone"},{"not_picked":["Sozu","Nuclear Battery"],"picked":"Busted Crown"}],"items_purged_floors":[12,38],"is_endless":false,"potions_floor_spawned":[8,10,13,14,18,19,27,29,37,41,45],"ascension_level":0}}