{"host":"zxd2l8an9de7z7b9","time":1614020721,"event":{"mods":["100% Spire Juice","2.2 Compatiblity","AchievementEnabler","BaseMod","CapriCore","Colored Map","Colored Powertips","Marisa£¨Ùöéë¡¡Øª×âÞÞ£©","Minty Spire (QoL Compilation)","Rare Cards Sparkle","StSLib","SuperFastMode","Td1madao Mod","everything is the same but u backflip on backflip"],"gold_per_floor":[219,219,229,240,251,251,282,207,207,238,251,251,251,251,251,348,348,363,378,378,393,3,3,20,45,45,45,45,57,57,74,74,177,177,195,70,70,120,120,120,120,148,148,148,148],"floor_reached":44,"language":"KOR","playtime":1015,"items_purged":["Defend_R","Defend_R","Strike_R+1"],"score":489,"play_id":"e0ddb370-ea6c-474a-ae52-656de1b2c32e","local_time":"20210223040521","is_ascension_mode":false,"campfire_choices":[{"data":"Bash","floor":6.0,"key":"SMITH"},{"data":"Clash","floor":13.0,"key":"SMITH"},{"data":"Dropkick","floor":15.0,"key":"SMITH"},{"data":"Strike_R","floor":23.0,"key":"SMITH"},{"data":"Strike_R","floor":28.0,"key":"SMITH"},{"data":"Defend_R","floor":30.0,"key":"SMITH"},{"data":"Strike_R","floor":32.0,"key":"SMITH"},{"floor":40,"key":"REST"}],"circlet_count":0,"master_deck":["Strike_R+1","Strike_R+1","Strike_R+1","Strike_R+1","Defend_R+1","Bash+1","Dropkick+1","Clash+1"],"relics":["Black Blood","Torii","Bird Faced Urn","FossilizedHelix","Gambling Chip","StoneCalendar","Runic Pyramid","Incense Burner","Ornamental Fan","Strawberry","Pocketwatch","Ginger","Toxic Egg 2"],"acts_visited":["Exordium","TheCity","TheBeyond"],"potions_floor_usage":[33,42],"damage_taken":[{"damage":6.0,"enemies":"Jaw Worm","floor":1.0,"turns":5.0},{"damage":2.0,"enemies":"Cultist","floor":3.0,"turns":4.0},{"damage":1.0,"enemies":"2 Louse","floor":4.0,"turns":2.0},{"damage":1.0,"enemies":"Looter","floor":5.0,"turns":3.0},{"damage":23.0,"enemies":"3 Sentries","floor":7.0,"turns":10.0},{"damage":0.0,"enemies":"Gremlin Nob","floor":10.0,"turns":3.0},{"damage":0.0,"enemies":"Gremlin Gang","floor":11.0,"turns":6.0},{"damage":31.0,"enemies":"The Guardian","floor":16.0,"turns":7.0},{"damage":8.0,"enemies":"Spheric Guardian","floor":18.0,"turns":4.0},{"damage":1.0,"enemies":"Chosen","floor":19.0,"turns":3.0},{"damage":13.0,"enemies":"3 Cultists","floor":21.0,"turns":7.0},{"damage":17.0,"enemies":"Chosen and Byrds","floor":24.0,"turns":5.0},{"damage":22.0,"enemies":"Slavers","floor":25.0,"turns":6.0},{"damage":0.0,"enemies":"Snecko","floor":29.0,"turns":3.0},{"damage":1.0,"enemies":"Centurion and Healer","floor":31.0,"turns":4.0},{"damage":12,"enemies":"Champ","floor":33,"turns":7},{"damage":0,"enemies":"3 Shapes","floor":35,"turns":4},{"damage":16,"enemies":"Mind Bloom Boss Battle","floor":38,"turns":6},{"damage":52,"enemies":"Nemesis","floor":42,"turns":5}],"seed_played":"-2733120295718094238","potions_obtained":[{"floor":1.0,"key":"AttackPotion"},{"floor":3.0,"key":"FearPotion"},{"floor":10.0,"key":"SkillPotion"},{"floor":18.0,"key":"EssenceOfSteel"},{"floor":19.0,"key":"FairyPotion"},{"floor":33,"key":"PowerPotion"},{"floor":35,"key":"LiquidBronze"},{"floor":42,"key":"BloodPotion"}],"is_trial":false,"path_per_floor":["M","?","M","M","M","R","E","$","T","E","M","T","R","?","R","B",null,"M","M","?","M","$","R","M","E","T","?","R","M","R","M","R","B",null,"M","$","?","?","?","R","$","E","T","$"],"character_chosen":"IRONCLAD","items_purchased":["Incense Burner"],"campfire_rested":1,"item_purchase_floors":[22],"current_hp_per_floor":[80,80,80,80,80,80,63,63,63,69,75,75,75,59,59,34,80,78,80,80,73,73,73,62,46,53,82,82,87,87,87,87,81,87,87,87,87,83,83,87,87,47,47,47,47],"gold":148,"neow_bonus":"HUNDRED_GOLD","is_daily":false,"chose_seed":false,"campfire_upgraded":7,"win_rate":0.0,"timestamp":1614020721,"path_taken":["M","?","M","M","?","R","E","$","T","E","?","?","R","?","R","BOSS","M","M","?","?","$","R","M","E","T","?","R","M","R","M","R","BOSS","M","$","?","?","?","R","?","E","T","$"],"items_purchased_type":["Relic"],"build_version":"2020-12-22","purchased_purges":3,"victory":false,"max_hp_per_floor":[80,80,80,80,80,80,80,80,80,80,80,80,80,80,80,80,80,80,80,80,80,80,80,80,80,87,87,87,87,87,87,87,87,87,87,87,87,87,87,87,87,87,87,87,87],"card_choices":[{"not_picked":["Disarm","Spot Weakness","Rampage"],"picked":"SKIP","floor":1.0},{"not_picked":["Wild Strike","Searing Blow"],"picked":"Dropkick","floor":3.0},{"not_picked":["Heavy Blade","Feel No Pain"],"picked":"Clash","floor":4.0},{"not_picked":["Anger","Flex","Seeing Red"],"picked":"SKIP","floor":5.0},{"not_picked":["Fire Breathing","Pummel","Armaments"],"picked":"SKIP","floor":7.0},{"not_picked":["Thunderclap","Disarm","Clothesline"],"picked":"SKIP","floor":10.0},{"not_picked":["Body Slam","Inflame","Burning Pact"],"picked":"SKIP","floor":11.0},{"not_picked":["Anger","Cleave","Twin Strike+1"],"picked":"SKIP","floor":18.0},{"not_picked":["Ghostly Armor","Seeing Red","Warcry"],"picked":"SKIP","floor":19.0},{"not_picked":["Clothesline","Thunderclap","Feel No Pain"],"picked":"SKIP","floor":21.0},{"not_picked":["Pummel","Body Slam","Sentinel+1"],"picked":"SKIP","floor":24.0},{"not_picked":["Searing Blow","True Grit+1","Twin Strike"],"picked":"SKIP","floor":25.0},{"not_picked":["Seeing Red","Shrug It Off+1","Second Wind+1"],"picked":"SKIP","floor":29.0},{"not_picked":["Metallicize","Shockwave","Havoc"],"picked":"SKIP","floor":31.0},{"not_picked":["Sword Boomerang","Uppercut+1","Burning Pact+1"],"picked":"SKIP","floor":35},{"not_picked":["Fiend Fire","Disarm+1","Armaments"],"picked":"SKIP","floor":42}],"player_experience":446413,"relics_obtained":[{"floor":2.0,"key":"Torii"},{"floor":7.0,"key":"Bird Faced Urn"},{"floor":9.0,"key":"FossilizedHelix"},{"floor":10.0,"key":"Gambling Chip"},{"floor":12.0,"key":"StoneCalendar"},{"floor":25.0,"key":"Ornamental Fan"},{"floor":26.0,"key":"Strawberry"},{"floor":38,"key":"Pocketwatch"},{"floor":42,"key":"Ginger"},{"floor":43,"key":"Toxic Egg 2"}],"event_choices":[{"damage_healed":0.0,"max_hp_gain":0.0,"max_hp_loss":0.0,"gold_gain":0.0,"event_name":"Wheel of Change","player_choice":"Relic","floor":2.0,"gold_loss":0.0,"damage_taken":0.0},{"damage_healed":0.0,"max_hp_gain":0.0,"max_hp_loss":0.0,"gold_gain":0.0,"event_name":"Shining Light","player_choice":"Entered Light","floor":14.0,"gold_loss":0.0,"damage_taken":16.0,"cards_upgraded":["Strike_R","Defend_R"]},{"damage_healed":0.0,"max_hp_gain":0.0,"max_hp_loss":0.0,"gold_gain":0.0,"event_name":"Upgrade Shrine","player_choice":"Upgraded","floor":20.0,"gold_loss":0.0,"damage_taken":0.0,"cards_upgraded":["Strike_R"]},{"damage_healed":29.0,"max_hp_gain":0.0,"max_hp_loss":0.0,"gold_gain":0.0,"event_name":"The Library","player_choice":"Heal","floor":27.0,"gold_loss":0.0,"damage_taken":0.0},{"cards_removed":["Defend_R"],"damage_healed":0,"gold_gain":0,"player_choice":"Removed Skill","damage_taken":0,"max_hp_gain":0,"max_hp_loss":0,"event_name":"Falling","floor":37,"gold_loss":0},{"damage_healed":0,"gold_gain":0,"player_choice":"Fight","damage_taken":0,"max_hp_gain":0,"max_hp_loss":0,"event_name":"MindBloom","floor":38,"gold_loss":0},{"damage_healed":0,"gold_gain":0,"player_choice":"Ignored","damage_taken":0,"max_hp_gain":0,"max_hp_loss":0,"event_name":"Tomb of Lord Red Mask","floor":39,"gold_loss":0}],"is_beta":false,"boss_relics":[{"not_picked":["Runic Dome","Runic Cube"],"picked":"Runic Pyramid"},{"not_picked":["Snecko Eye","Velvet Choker"],"picked":"Black Blood"}],"items_purged_floors":[8,22,36],"is_endless":false,"potions_floor_spawned":[1,3,10,18,19,33,35,42],"ascension_level":0}}