{"host":"92mno2xmlx851umg","time":1614036395,"event":{"mods":["BaseMod","Colored Map","Minty Spire (QoL Compilation)","Relic Stats","everything is the same but u backflip on backflip"],"gold_per_floor":[162,172,21,37,37,37,112,147,170,202,202,232,65,81,81,209,209,230,248,248,248],"floor_reached":20,"language":"ENG","playtime":676,"items_purged":["Strike_P"],"score":246,"play_id":"08d163d6-291a-49c0-82cb-2e0296f4e7c2","local_time":"20210222152635","is_ascension_mode":true,"campfire_choices":[{"data":"PathToVictory","floor":6,"key":"SMITH"},{"floor":15,"key":"REST"}],"circlet_count":0,"master_deck":["Strike_P+1","Strike_P+1","Strike_P","Defend_P","Defend_P","Defend_P","Defend_P","Eruption","Vigilance","EmptyFist+1","SpiritShield","Collect","PathToVictory+1","DeceiveReality","PathToVictory","Wireheading","DevaForm","Wallop","JustLucky"],"relics":["Tiny House","Membership Card","PreservedInsect","Strawberry","Whetstone","Golden Idol","TheAbacus","Runic Pyramid"],"acts_visited":["Exordium","TheCity"],"potions_floor_usage":[15,20],"damage_taken":[{"damage":2,"enemies":"Small Slimes","floor":1,"turns":2},{"damage":2,"enemies":"2 Louse","floor":2,"turns":2},{"damage":4,"enemies":"Jaw Worm","floor":4,"turns":3},{"damage":9,"enemies":"Lagavulin","floor":8,"turns":6},{"damage":16,"enemies":"Gremlin Nob","floor":10,"turns":3},{"damage":10,"enemies":"Lots of Slimes","floor":14,"turns":5},{"damage":17,"enemies":"Slime Boss","floor":16,"turns":11},{"damage":11,"enemies":"Shell Parasite","floor":18,"turns":5},{"damage":32,"enemies":"2 Thieves","floor":19,"turns":5},{"damage":6,"enemies":"Sentry and Sphere","floor":20,"turns":3}],"seed_played":"-8443875151149936459","potions_obtained":[{"floor":0,"key":"Fruit Juice"},{"floor":4,"key":"PowerPotion"},{"floor":8,"key":"Ancient Potion"},{"floor":19,"key":"Fruit Juice"}],"is_trial":false,"path_per_floor":["M","M","$","M","?","R","?","E","T","E","?","?","$","M","R","B",null,"M","M","M"],"character_chosen":"WATCHER","items_purchased":["Membership Card","PathToVictory","Wireheading","TheAbacus"],"campfire_rested":1,"item_purchase_floors":[3,13,13,13],"current_hp_per_floor":[68,66,66,62,62,62,51,42,49,33,33,33,33,23,51,34,71,60,28,22,22],"gold":248,"neow_bonus":"BOSS_RELIC","is_daily":false,"chose_seed":false,"campfire_upgraded":1,"win_rate":0.0,"timestamp":1614036395,"path_taken":["M","M","$","M","?","R","?","E","T","E","?","?","?","?","R","BOSS","M","?","M"],"items_purchased_type":["Relic","Card","Card","Relic"],"build_version":"2020-12-22","purchased_purges":1,"victory":false,"max_hp_per_floor":[77,77,77,77,77,77,77,77,84,84,78,78,78,78,83,83,83,83,83,83,83],"relic_stats":{"TheAbacus":[48],"counters":[10,45],"Golden Idol":37,"PreservedInsect":22,"Whetstone":["EmptyFist","Strike_P"],"obtain_stats":[{"Tiny House":0,"TheAbacus":13,"Golden Idol":11,"Strawberry":9,"PreservedInsect":8,"Membership Card":3,"Whetstone":10,"PureWater":0,"Runic Pyramid":17},{"Tiny House":0,"TheAbacus":5,"Golden Idol":5,"Strawberry":4,"PreservedInsect":4,"Membership Card":2,"Whetstone":5,"PureWater":0,"Runic Pyramid":7},{"Tiny House":0,"TheAbacus":16,"Golden Idol":16,"Strawberry":13,"PreservedInsect":13,"Membership Card":4,"Whetstone":16,"PureWater":0,"Runic Pyramid":32}]},"card_choices":[{"not_picked":["FlurryOfBlows","Crescendo"],"picked":"EmptyFist","floor":0},{"not_picked":["Evaluate","LikeWater"],"picked":"SpiritShield","floor":1},{"not_picked":["Meditate","Evaluate"],"picked":"Collect","floor":2},{"not_picked":["FlurryOfBlows","CrushJoints"],"picked":"PathToVictory","floor":4},{"not_picked":["Sanctity","ThirdEye"],"picked":"DeceiveReality","floor":8},{"not_picked":["Nirvana","EmptyMind","Swivel"],"picked":"SKIP","floor":10},{"not_picked":["Vengeance","Collect","Pray"],"picked":"SKIP","floor":14},{"not_picked":["Establishment","Wish"],"picked":"DevaForm","floor":16},{"not_picked":["CrushJoints","BowlingBash"],"picked":"Wallop","floor":18},{"not_picked":["Tantrum","CrushJoints"],"picked":"JustLucky","floor":19}],"player_experience":532717,"relics_obtained":[{"floor":8,"key":"PreservedInsect"},{"floor":9,"key":"Strawberry"},{"floor":10,"key":"Whetstone"}],"event_choices":[{"damage_healed":0,"gold_gain":0,"player_choice":"Leave","damage_taken":0,"max_hp_gain":0,"max_hp_loss":0,"event_name":"The Cleric","floor":5,"gold_loss":0},{"damage_healed":0,"gold_gain":75,"player_choice":"Gather Gold","damage_taken":11,"max_hp_gain":0,"max_hp_loss":0,"event_name":"World of Goop","floor":7,"gold_loss":0},{"damage_healed":0,"gold_gain":0,"player_choice":"Lose Max HP","damage_taken":0,"relics_obtained":["Golden Idol"],"max_hp_gain":0,"max_hp_loss":6,"event_name":"Golden Idol","floor":11,"gold_loss":0},{"damage_healed":0,"gold_gain":30,"player_choice":"Searched \u00271\u0027 times","damage_taken":0,"max_hp_gain":0,"max_hp_loss":0,"event_name":"Dead Adventurer","floor":12,"gold_loss":0}],"is_beta":false,"boss_relics":[{"not_picked":["Busted Crown","Velvet Choker"],"picked":"Runic Pyramid"}],"items_purged_floors":[13],"is_endless":false,"potions_floor_spawned":[4,8,19],"killed_by":"Sentry and Sphere","ascension_level":7}}