{"host":"z1zal7c5ufd23ok6","time":1614022765,"event":{"mods":["Act Like it!","Aspiration","Bard","BaseMod","Best Route Mod","Bestiary","Better Note","BetterRewards","Conspire","Downfall","Energized Spire","Gensokyo","Gremlin Mod","GungeonMod","Halation","Hallownest","Hermit","Hubris","Infinite Spire","Jorbs\u0027s Wanderer Trilogy","Lobotomy","Minty Spire (QoL Compilation)","Pale of the Ancients","Reliquary","Replay The Spire","Robot Space Explorer","Ruina","Shop Mod","Spicy Shops","Spikes Relics","Spire Arcade","StSLib","The Animator","The Bug Knight","The Clintock","The Cursed","The Disciple","The Exalted","The Forsaken","The Hierophant","The Judge","The Jungle","The Kombatant","The Poker Player","The Problem Sleuth","The Spell Scribe","Trackpad","Wandering Minibosses"],"gold_per_floor":[270,270,287,287,287,316,316,334,334,351,363,378,29,55,55,158,158,420,227,238,249,267,267,267,267,267],"floor_reached":25,"language":"ENG","playtime":1010,"items_purged":["Decay"],"score":315,"play_id":"0f9ad4fd-bed0-4943-a815-daeadf42d777","local_time":"20210222143925","is_ascension_mode":false,"campfire_choices":[{"floor":15,"key":"REST"},{"floor":23,"key":"REST"}],"circlet_count":0,"master_deck":["Strike_R","Strike_R","Strike_R","Strike_R","Strike_R","Defend_R","Defend_R","Defend_R","Defend_R","Bash","Perfected Strike","Seeing Red","Shrug It Off","Shrug It Off","Demon Form+1","Offering+1","Twin Strike","hubris:EnhanceAbility+1","Bash","Bandage Up"],"relics":["Burning Blood","Golden Egg","hubris:Towel","Nunchaku","Darkstone Periapt","aspiration:Nostalgia","bard:PitchPipe","reliquary:RedCape"],"acts_visited":["Exordium","TheCity"],"potions_floor_usage":[21],"damage_taken":[{"damage":6,"enemies":"2 Louse","floor":1,"turns":4},{"damage":6,"enemies":"Jaw Worm","floor":3,"turns":3},{"damage":30,"enemies":"HollowMod:MossKnight","floor":6,"turns":11},{"damage":6,"enemies":"conspire:RoseBush","floor":8,"turns":2},{"damage":4,"enemies":"Looter","floor":10,"turns":3},{"damage":11,"enemies":"Lots of Slimes","floor":11,"turns":5},{"damage":11,"enemies":"2 Fungi Beasts","floor":12,"turns":3},{"damage":19,"enemies":"Replay:BlueRogue","floor":14,"turns":5},{"damage":27,"enemies":"Slime Boss","floor":16,"turns":8},{"damage":19,"enemies":"Spheric Guardian","floor":18,"turns":4},{"damage":8,"enemies":"2 Thieves","floor":20,"turns":4},{"damage":56,"enemies":"Chosen and Byrds","floor":21,"turns":7},{"damage":20,"enemies":"Centurion and Healer","floor":22,"turns":5},{"damage":46,"enemies":"Cultist and Chosen","floor":25,"turns":6}],"seed_played":"366544201185370441","potions_obtained":[{"floor":6,"key":"BloodPotion"},{"floor":8,"key":"DuplicationPotion"},{"floor":14,"key":"GamblersBrew"},{"floor":21,"key":"Ancient Potion"}],"is_trial":false,"path_per_floor":["M","?","M","?","$","E","?","M","T","M","M","M","?","E","R","B",null,"M","$","M","M","M","R","?","M"],"character_chosen":"IRONCLAD","items_purchased":["hubris:EnhanceAbility"],"campfire_rested":2,"item_purchase_floors":[19],"current_hp_per_floor":[80,80,80,80,80,56,56,56,56,58,53,48,48,35,59,38,80,67,67,65,31,17,41,41,0,0],"gold":267,"neow_bonus":"","is_daily":false,"chose_seed":false,"campfire_upgraded":0,"win_rate":0.0,"timestamp":1614022765,"path_taken":["M","?","M","?","?","E","?","M","T","?","M","M","?","E","R","BOSS","M","$","M","M","M","R","?","?"],"items_purchased_type":["Card"],"build_version":"2020-12-22","purchased_purges":1,"victory":false,"max_hp_per_floor":[80,80,80,80,80,80,80,80,80,80,80,80,80,80,80,80,80,80,80,80,80,80,80,80,80,80],"card_choices":[{"not_picked":["Headbutt","Twin Strike"],"picked":"Perfected Strike","floor":1},{"not_picked":["True Grit","ReplayTheSpireMod:Muscle Training"],"picked":"Seeing Red","floor":3},{"not_picked":["Havoc","Carnage"],"picked":"Shrug It Off","floor":6},{"not_picked":["Blood for Blood","Warcry","Abandon"],"picked":"SKIP","floor":8},{"not_picked":["BarbarianYell","Clash"],"picked":"Shrug It Off","floor":10},{"not_picked":["Evolve","Sword Boomerang","Shockwave"],"picked":"SKIP","floor":11},{"not_picked":["Pommel Strike","Warcry","Abandon"],"picked":"SKIP","floor":12},{"not_picked":["Wild Strike","Combust"],"picked":"Demon Form","floor":14},{"not_picked":["Eclipse","Reaper"],"picked":"Offering","floor":16},{"not_picked":["Thunderclap","Replay:Undeath\u0027s Touch+1"],"picked":"Twin Strike","floor":18},{"not_picked":["Anger","Cleave","Heavy Blade"],"picked":"SKIP","floor":20},{"not_picked":["Sword Boomerang+1","Heavy Blade","Wild Strike"],"picked":"SKIP","floor":21},{"not_picked":["Iron Wave","Sever Soul+1","hubris:SharpeningStone+1"],"picked":"SKIP","floor":22}],"player_experience":291288,"relics_obtained":[{"floor":2,"key":"Golden Egg"},{"floor":6,"key":"Nunchaku"},{"floor":9,"key":"Darkstone Periapt"},{"floor":14,"key":"aspiration:Nostalgia"}],"event_choices":[{"damage_healed":0,"gold_gain":0,"player_choice":"Cursed","damage_taken":0,"max_hp_gain":0,"max_hp_loss":0,"event_name":"Wheel of Change","floor":7,"gold_loss":0,"cards_obtained":["Decay"]},{"damage_healed":0,"gold_gain":30,"player_choice":"Searched \u00271\u0027 times","damage_taken":0,"max_hp_gain":0,"max_hp_loss":0,"event_name":"Dead Adventurer","floor":13,"gold_loss":0},{"damage_healed":0,"gold_gain":0,"player_choice":"2 cards matched","damage_taken":0,"max_hp_gain":0,"max_hp_loss":0,"event_name":"Match and Keep!","floor":24,"gold_loss":0,"cards_obtained":["Bash","Bandage Up"]}],"is_beta":false,"boss_relics":[{"not_picked":["energizedSpire:DecayingSkull","halation:Risk"],"picked":"reliquary:RedCape"}],"items_purged_floors":[13],"is_endless":false,"potions_floor_spawned":[6,8,14,21],"killed_by":"Cultist and Chosen","ascension_level":0}}