{"host":"ooy9sn8qgs7oliwr","time":1614005595,"event":{"mods":["100% Spire Juice","ATMod(°¢èªMod)","Act Like it!","BaseMod","BetterRewards","Bossed Relics","CapriCore","Friendly Minions","Kiyohime£¨Çå¼§£©","Minty Spire (QoL Compilation)","Pale of the Ancients","Reliquary","Replay The Spire","RumiaBox-Â¶Ã×æ«µÄÉñÃØºÐ×Ó","StSLib","The Immortal","The Jungle","Yakumo Yukari mod","¡¾ÒÅÎï¿¨ÅÆ¡¿REMEMod"],"gold_per_floor":[119,131,131,145,156,187,204,102,102,114,114],"floor_reached":10,"language":"ZHS","playtime":382,"items_purged":[],"score":76,"play_id":"79385b7a-5add-442a-952a-1017d9bf9f6c","local_time":"20210222225315","is_ascension_mode":true,"campfire_choices":[],"circlet_count":0,"master_deck":["Moonworks:Strike","Moonworks:Strike","Moonworks:Strike","Moonworks:Strike","Moonworks:Defend","Moonworks:Defend","Moonworks:Defend","Moonworks:Defend","Moonworks:Ambush","Moonworks:LongDistanceShot","REME_HeartOfCthun","Moonworks:Assault","Moonworks:EvilSpyWorkPreparation","Moonworks:NicePresent","Moonworks:Wanted","Moonworks:SakisCookie","Moonworks:BeyondHell"],"relics":["Moonworks:BrokenBomb","Moonworks:Homemark","AT_ATBox","REME_ComplimentaryCards","reliquary:Spinner","Replay:Bandana"],"acts_visited":["Exordium"],"potions_floor_usage":[10],"damage_taken":[{"damage":5.0,"enemies":"Jaw Worm","floor":1.0,"turns":2.0},{"damage":0.0,"enemies":"Small Slimes","floor":2.0,"turns":1.0},{"damage":5.0,"enemies":"Cultist","floor":4.0,"turns":3.0},{"damage":10.0,"enemies":"Exordium Wildlife","floor":5.0,"turns":3.0},{"damage":8.0,"enemies":"Replay:BlueRogue","floor":6.0,"turns":5.0},{"damage":5.0,"enemies":"Gremlin Gang","floor":7.0,"turns":3.0},{"damage":0.0,"enemies":"2 Fungi Beasts","floor":8.0,"turns":1.0},{"damage":34,"enemies":"Lagavulin","floor":10,"turns":3}],"seed_played":"9055855772172758659","potions_obtained":[{"floor":5.0,"key":"BlessingOfTheForge"},{"floor":6.0,"key":"Fire Potion"}],"is_trial":false,"path_per_floor":["M","M","$","M","M","E","M","M","T","E"],"character_chosen":"THE_STARBREAKER","items_purchased":[],"campfire_rested":0,"item_purchase_floors":[],"current_hp_per_floor":[55,55,55,50,40,32,27,27,27,0,0],"gold":114,"neow_bonus":"RANDOM_COMMON_RELIC","is_daily":false,"chose_seed":false,"campfire_upgraded":0,"win_rate":0.0,"timestamp":1614005595,"path_taken":["M","M","$","M","M","E","M","M","T","E"],"items_purchased_type":[],"build_version":"2020-12-22","purchased_purges":0,"victory":false,"max_hp_per_floor":[60,60,60,60,60,60,60,60,60,60,60],"card_choices":[{"not_picked":["Moonworks:ReproductionOfRecords","Moonworks:JonathanRush"],"picked":"Moonworks:Assault","floor":1.0},{"not_picked":["Moonworks:CloudOfSeagulls","Moonworks:ReproductionOfRecords"],"picked":"Moonworks:EvilSpyWorkPreparation","floor":2.0},{"not_picked":["Moonworks:CastOff","Moonworks:CloudOfSeagulls","Moonworks:BigMagnum"],"picked":"SKIP","floor":4.0},{"not_picked":["Moonworks:SakisCookie","Moonworks:LuckyCharm"],"picked":"Moonworks:NicePresent","floor":5.0},{"not_picked":["Moonworks:EvilSpyWorkPreparation","Moonworks:CloudOfSeagulls"],"picked":"Moonworks:Wanted","floor":6.0},{"not_picked":["Moonworks:ImOnFire","Moonworks:CloudOfSeagulls"],"picked":"Moonworks:SakisCookie","floor":7.0},{"not_picked":["Moonworks:NicePresent","Moonworks:Assault"],"picked":"Moonworks:BeyondHell","floor":8.0}],"player_experience":53657,"relics_obtained":[{"floor":9.0,"key":"Replay:Bandana"}],"event_choices":[],"is_beta":false,"boss_relics":[],"items_purged_floors":[],"is_endless":false,"potions_floor_spawned":[5,6],"killed_by":"Lagavulin","ascension_level":1}}