{"host":"gjwzgdilc53yxmt0","time":1614011000,"event":{"mods":["2.2 Compatiblity","BaseMod","Bestiary","Highlight Path","Minty Spire (QoL Compilation)","Relic Stats","StSLib","ojb\u0027s Info Mod"],"gold_per_floor":[116,127,127,138,38,73,73,108,108,183,209,223,223,258,258,335,335,350,370,285,302,227,259,259,294,319,319,354,364,7,20,20,92,92,110,110,24,43,60,94,41,76,126,126,0,0,15,42,42,42,42,42],"floor_reached":51,"language":"ENG","playtime":2637,"items_purged":[],"score":1867,"play_id":"f2f2262e-3fde-4f4d-af13-975fd130b50e","local_time":"20210222112320","is_ascension_mode":true,"campfire_choices":[{"floor":13.0,"key":"REST"},{"data":"Blade Dance","floor":15.0,"key":"SMITH"},{"floor":24.0,"key":"REST"},{"data":"After Image","floor":27.0,"key":"SMITH"},{"data":"Reflex","floor":32.0,"key":"SMITH"},{"data":"Footwork","floor":44.0,"key":"SMITH"},{"floor":46.0,"key":"RECALL"},{"floor":49.0,"key":"REST"}],"circlet_count":0,"master_deck":["AscendersBane","Strike_G","Strike_G+1","Strike_G","Strike_G","Defend_G","Defend_G","Defend_G","Defend_G","Defend_G","Survivor","Neutralize","Predator","Terror+1","Blade Dance+1","Slice","Calculated Gamble","PiercingWail","Cloak And Dagger","PiercingWail","After Image+1","Deflect","Predator","Backstab+1","Storm of Steel","Reflex+1","Blade Dance","Acrobatics","Expertise","Malaise","Tactician","Calculated Gamble","Footwork+1","Calculated Gamble+1","Infinite Blades","Backflip","Tactician+1","Backflip","Blade Dance"],"relics":["WristBlade","Strawberry","Calipers","Question Card","TungstenRod","Vajra","Philosopher\u0027s Stone","StoneCalendar","Peace Pipe","FossilizedHelix","The Specimen","Ice Cream","Runic Pyramid","Potion Belt","Lantern","Toy Ornithopter","Red Mask","Bag of Preparation"],"acts_visited":["Exordium","TheCity","TheBeyond"],"potions_floor_usage":[],"damage_taken":[{"damage":2.0,"enemies":"Cultist","floor":1.0,"turns":6.0},{"damage":2.0,"enemies":"Jaw Worm","floor":2.0,"turns":3.0},{"damage":0.0,"enemies":"Small Slimes","floor":4.0,"turns":4.0},{"damage":10.0,"enemies":"Lagavulin","floor":6.0,"turns":5.0},{"damage":10.0,"enemies":"Gremlin Nob","floor":8.0,"turns":3.0},{"damage":0.0,"enemies":"Lagavulin","floor":11.0,"turns":4.0},{"damage":0.0,"enemies":"2 Fungi Beasts","floor":12.0,"turns":2.0},{"damage":8.0,"enemies":"3 Sentries","floor":14.0,"turns":9.0},{"damage":19.0,"enemies":"Slime Boss","floor":16.0,"turns":9.0},{"damage":5.0,"enemies":"Spheric Guardian","floor":18.0,"turns":3.0},{"damage":5.0,"enemies":"2 Thieves","floor":19.0,"turns":3.0},{"damage":8.0,"enemies":"Centurion and Healer","floor":21.0,"turns":6.0},{"damage":0.0,"enemies":"Gremlin Leader","floor":23.0,"turns":5.0},{"damage":12.0,"enemies":"Slavers","floor":25.0,"turns":6.0},{"damage":0.0,"enemies":"Gremlin Leader","floor":28.0,"turns":4.0},{"damage":0.0,"enemies":"Cultist and Chosen","floor":29.0,"turns":3.0},{"damage":0.0,"enemies":"Snecko","floor":31.0,"turns":4.0},{"damage":31.0,"enemies":"Automaton","floor":33.0,"turns":8.0},{"damage":0.0,"enemies":"3 Shapes","floor":35.0,"turns":7.0},{"damage":0.0,"enemies":"Orb Walker","floor":38.0,"turns":2.0},{"damage":0.0,"enemies":"Transient","floor":39.0,"turns":6.0},{"damage":0.0,"enemies":"Nemesis","floor":40.0,"turns":7.0},{"damage":13.0,"enemies":"Reptomancer","floor":42.0,"turns":7.0},{"damage":16.0,"enemies":"Sphere and 2 Shapes","floor":47.0,"turns":3.0},{"damage":0.0,"enemies":"Nemesis","floor":48.0,"turns":7.0},{"damage":62.0,"enemies":"Time Eater","floor":50.0,"turns":15.0},{"damage":37,"enemies":"Donu and Deca","floor":51,"turns":7}],"seed_played":"6384631242521088887","potions_obtained":[{"floor":6.0,"key":"DuplicationPotion"},{"floor":8.0,"key":"Dexterity Potion"},{"floor":11.0,"key":"SpeedPotion"},{"floor":16.0,"key":"GhostInAJar"},{"floor":19.0,"key":"SteroidPotion"},{"floor":28.0,"key":"LiquidMemories"},{"floor":29.0,"key":"PowerPotion"},{"floor":31.0,"key":"Swift Potion"},{"floor":35.0,"key":"FairyPotion"},{"floor":40.0,"key":"AttackPotion"},{"floor":47.0,"key":"Block Potion"},{"floor":48.0,"key":"Fruit Juice"}],"is_trial":false,"path_per_floor":["M","M","$","M","$","E","?","E","T","?","E","M","R","E","R","B",null,"M","M","?","M","?","E","R","E","T","R","E","M","$","M","R","B",null,"M","?","$","M","M","E","$","E","T","R","?","R","M","E","R","B","B"],"character_chosen":"THE_SILENT","items_purchased":["Blade Dance","Slice","Ice Cream","Acrobatics","Calculated Gamble","Backflip"],"campfire_rested":3,"item_purchase_floors":[5,5,30,30,37,41],"current_hp_per_floor":[57,55,55,55,55,52,30,20,20,9,9,9,30,22,22,3,56,51,46,46,38,38,38,59,47,47,47,47,47,47,47,47,16,59,59,59,59,59,59,59,59,46,46,46,46,46,30,30,63,6,0,0],"gold":42,"neow_bonus":"BOSS_RELIC","is_daily":false,"chose_seed":false,"campfire_upgraded":4,"win_rate":0.0,"timestamp":1614011000,"path_taken":["M","M","?","M","$","E","?","E","T","?","E","M","R","E","R","BOSS","M","M","?","M","?","E","R","E","T","R","E","M","$","M","R","BOSS","M","?","$","M","?","E","$","E","T","R","?","R","M","E","R","BOSS","BOSS"],"items_purchased_type":["Card","Card","Relic","Card","Card","Card"],"build_version":"2020-12-22","purchased_purges":0,"victory":false,"max_hp_per_floor":[66,66,66,66,66,73,73,73,73,73,73,73,73,73,73,73,73,73,73,73,73,73,73,73,73,73,73,73,73,73,73,73,73,73,73,73,73,73,73,73,73,73,73,73,73,73,73,73,78,78,78,78],"relic_stats":{"Peace Pipe":0,"counters":[27,148],"StoneCalendar":[178],"Bag of Preparation":[4],"Question Card":20,"obtain_stats":[{"Ice Cream":30,"Potion Belt":40,"Lantern":42,"Calipers":8,"The Specimen":28,"Vajra":14,"StoneCalendar":20,"Bag of Preparation":48,"Question Card":9,"Peace Pipe":23,"WristBlade":0,"Strawberry":6,"Philosopher\u0027s Stone":17,"Red Mask":45,"TungstenRod":11,"FossilizedHelix":25,"Toy Ornithopter":43,"Ring of the Snake":0,"Runic Pyramid":34},{"Ice Cream":16,"Potion Belt":22,"Lantern":23,"Calipers":5,"The Specimen":15,"Vajra":8,"StoneCalendar":11,"Bag of Preparation":25,"Question Card":5,"Peace Pipe":13,"WristBlade":0,"Strawberry":4,"Philosopher\u0027s Stone":9,"Red Mask":23,"TungstenRod":6,"FossilizedHelix":14,"Toy Ornithopter":23,"Ring of the Snake":0,"Runic Pyramid":18},{"Ice Cream":75,"Potion Belt":109,"Lantern":116,"Calipers":21,"The Specimen":72,"Vajra":36,"StoneCalendar":51,"Bag of Preparation":126,"Question Card":21,"Peace Pipe":62,"WristBlade":0,"Strawberry":18,"Philosopher\u0027s Stone":45,"Red Mask":116,"TungstenRod":25,"FossilizedHelix":68,"Toy Ornithopter":116,"Ring of the Snake":0,"Runic Pyramid":87}],"TungstenRod":25,"Toy Ornithopter":10},"card_choices":[{"not_picked":["Dagger Spray","Underhanded Strike"],"picked":"Predator","floor":1.0},{"not_picked":["Sucker Punch","Flying Knee","Riddle With Holes"],"picked":"SKIP","floor":2.0},{"not_picked":["Expertise","Outmaneuver"],"picked":"Terror","floor":4.0},{"not_picked":["Dodge and Roll","Quick Slash"],"picked":"Calculated Gamble","floor":6.0},{"not_picked":["Outmaneuver","Flechettes"],"picked":"PiercingWail","floor":8.0},{"not_picked":["Bane","Acrobatics","Choke","Deadly Poison"],"picked":"SKIP","floor":11.0},{"not_picked":["Bouncing Flask","Infinite Blades","Dagger Spray"],"picked":"Cloak And Dagger","floor":12.0},{"not_picked":["Eviscerate","Outmaneuver","Dagger Throw"],"picked":"PiercingWail","floor":14.0},{"not_picked":["Grand Finale","Envenom","Adrenaline"],"picked":"After Image","floor":16.0},{"not_picked":["Flying Knee","PiercingWail+1","Slice"],"picked":"Deflect","floor":18.0},{"not_picked":["Quick Slash","Deadly Poison","Prepared"],"picked":"Predator","floor":19.0},{"not_picked":["Terror","Predator","Prepared"],"picked":"Backstab+1","floor":21.0},{"not_picked":["Deflect","Caltrops","Underhanded Strike"],"picked":"Storm of Steel","floor":23.0},{"not_picked":["Caltrops","Predator","Acrobatics"],"picked":"Reflex","floor":25.0},{"not_picked":["Heel Hook","Poisoned Stab","Quick Slash","Prepared"],"picked":"SKIP","floor":28.0},{"not_picked":["Concentrate","Caltrops","Bouncing Flask"],"picked":"Blade Dance","floor":29.0},{"not_picked":["Dodge and Roll","Choke","Riddle With Holes"],"picked":"Expertise","floor":31.0},{"not_picked":["Unload","Storm of Steel","Envenom"],"picked":"Malaise","floor":33.0},{"not_picked":["Blur","Blade Dance","Dagger Throw"],"picked":"Tactician","floor":35.0},{"not_picked":["Bane+1","Dagger Throw","Underhanded Strike"],"picked":"Footwork","floor":38.0},{"not_picked":["Dagger Spray","Riddle With Holes","Bane"],"picked":"Calculated Gamble+1","floor":39.0},{"not_picked":["Dodge and Roll","Quick Slash","Underhanded Strike"],"picked":"Infinite Blades","floor":40.0},{"not_picked":["Adrenaline","Backflip","Sucker Punch+1"],"picked":"Tactician+1","floor":42.0},{"not_picked":["Underhanded Strike","Leg Sweep","Glass Knife"],"picked":"Backflip","floor":47.0},{"not_picked":["Die Die Die","Riddle With Holes","Dagger Throw+1"],"picked":"Blade Dance","floor":48.0}],"player_experience":4975924,"relics_obtained":[{"floor":6.0,"key":"Strawberry"},{"floor":8.0,"key":"Calipers"},{"floor":9.0,"key":"Question Card"},{"floor":11.0,"key":"TungstenRod"},{"floor":14.0,"key":"Vajra"},{"floor":23.0,"key":"Peace Pipe"},{"floor":25.0,"key":"FossilizedHelix"},{"floor":28.0,"key":"The Specimen"},{"floor":40.0,"key":"Potion Belt"},{"floor":42.0,"key":"Lantern"},{"floor":43.0,"key":"Toy Ornithopter"},{"floor":48.0,"key":"Bag of Preparation"}],"event_choices":[{"damage_healed":0.0,"max_hp_gain":0.0,"max_hp_loss":0.0,"gold_gain":0.0,"event_name":"Shining Light","player_choice":"Entered Light","floor":7.0,"gold_loss":0.0,"damage_taken":22.0,"cards_upgraded":["Strike_G","Terror"]},{"damage_healed":0.0,"max_hp_gain":0.0,"max_hp_loss":0.0,"gold_gain":75.0,"event_name":"World of Goop","player_choice":"Gather Gold","floor":10.0,"gold_loss":0.0,"damage_taken":11.0},{"damage_healed":0.0,"max_hp_gain":0.0,"max_hp_loss":0.0,"gold_gain":0.0,"event_name":"Addict","player_choice":"Obtained Relic","floor":20.0,"gold_loss":85.0,"damage_taken":0.0,"relics_obtained":["StoneCalendar"]},{"cards_removed":["Strike_G"],"damage_healed":0.0,"max_hp_gain":0.0,"max_hp_loss":0.0,"gold_gain":0.0,"event_name":"Beggar","player_choice":"Gave Gold","floor":22.0,"gold_loss":75.0,"damage_taken":0.0},{"damage_healed":0.0,"max_hp_gain":0.0,"max_hp_loss":0.0,"gold_gain":0.0,"event_name":"SecretPortal","player_choice":"Ignored","floor":36.0,"gold_loss":0.0,"damage_taken":0.0},{"damage_healed":0.0,"max_hp_gain":0.0,"max_hp_loss":0.0,"gold_gain":0.0,"event_name":"Tomb of Lord Red Mask","player_choice":"Paid","floor":45.0,"gold_loss":126.0,"damage_taken":0.0,"relics_obtained":["Red Mask"]}],"is_beta":false,"boss_relics":[{"not_picked":["Empty Cage","Fusion Hammer"],"picked":"Philosopher\u0027s Stone"},{"not_picked":["Tiny House","Astrolabe"],"picked":"Runic Pyramid"}],"items_purged_floors":[],"is_endless":false,"potions_floor_spawned":[6,8,11,12,16,19,28,29,31,35,40,47,48],"killed_by":"Donu and Deca","ascension_level":20}}