{"host":"2a0mdijsgk15db4y","time":1614032200,"event":{"mods":["AchievementEnabler","BaseMod","Colored Map","Colored Powertips","Downfall","Googly Eyes","Hermit","Highlight Path","Hubris","Jorbs\u0027s Wanderer Trilogy","Minty Spire (QoL Compilation)","Quick Restart","Rare Cards Sparkle","Replay The Spire","Shop Mod","StSLib","The Bug Knight","The Construct","The Cursed","The Hierophant","The Mystic"],"gold_per_floor":[112,127,52,52,52,91,91,135,135,150,185,185,34,34,34,34,34],"floor_reached":16,"language":"ENG","playtime":852,"items_purged":["hermit:Strike_Hermit"],"score":106,"play_id":"f68e5048-92ce-4d75-8feb-b9e4b160717b","local_time":"20210222141640","is_ascension_mode":false,"campfire_choices":[{"data":"hermit:EyeOfTheStorm","floor":7,"key":"SMITH"},{"data":"hermit:Determination","floor":12,"key":"SMITH"},{"data":"hermit:GhostlyPresence","floor":15,"key":"SMITH"}],"circlet_count":0,"master_deck":["hermit:Strike_Hermit","hermit:Strike_Hermit","hermit:Strike_Hermit","hermit:Defend_Hermit","hermit:Defend_Hermit","hermit:Defend_Hermit","hermit:Defend_Hermit","hermit:Snapshot","hermit:Covet+1","hermit:GhostlyPresence+1","hermit:EyeOfTheStorm+1","Injury","hermit:Malice","hermit:Determination+1"],"relics":["hermit:Momento","Golden Idol","Simple Rune","Strawberry","Bag of Marbles","Odd Mushroom","Sling"],"acts_visited":["Exordium"],"potions_floor_usage":[8],"damage_taken":[{"damage":5,"enemies":"Small Slimes","floor":1,"turns":3},{"damage":7,"enemies":"2 Louse","floor":2,"turns":3},{"damage":20,"enemies":"Replay:BlueRogue","floor":6,"turns":8},{"damage":1,"enemies":"3 Sentries","floor":8,"turns":8},{"damage":0,"enemies":"Jaw Worm","floor":10,"turns":3},{"damage":6,"enemies":"The Mushroom Lair","floor":11,"turns":4},{"damage":54,"enemies":"Hexaghost","floor":16,"turns":16}],"seed_played":"4714839909778406438","potions_obtained":[{"floor":6,"key":"PowerPotion"}],"is_trial":false,"path_per_floor":["M","M","$","?","?","E","R","E","T","M","?","R","$","?","R","B"],"character_chosen":"HERMIT","items_purchased":["Sling"],"campfire_rested":0,"item_purchase_floors":[13],"current_hp_per_floor":[77,70,70,70,70,50,50,56,56,56,50,50,50,50,50,0,0],"gold":34,"neow_bonus":"TEN_PERCENT_HP_BONUS","is_daily":false,"chose_seed":false,"campfire_upgraded":3,"win_rate":0.0,"timestamp":1614032200,"path_taken":["M","M","$","?","?","E","R","E","T","M","?","R","$","?","R","BOSS"],"items_purchased_type":["Relic"],"build_version":"2020-12-22","purchased_purges":1,"victory":false,"max_hp_per_floor":[82,82,82,82,82,82,82,89,89,89,89,89,89,89,89,89,89],"card_choices":[{"not_picked":["hermit:HoleUp","hermit:WideOpen"],"picked":"hermit:GhostlyPresence","floor":1},{"not_picked":["hermit:Feint","hermit:Midnight"],"picked":"hermit:EyeOfTheStorm","floor":2},{"not_picked":["hermit:TakeCover","hermit:HoleUp","hermit:WideOpen"],"picked":"SKIP","floor":6},{"not_picked":["hermit:Roulette","hermit:Manifest"],"picked":"hermit:Malice","floor":8},{"not_picked":["hermit:ItchyTrigger","hermit:HoleUp","hermit:WideOpen"],"picked":"SKIP","floor":10},{"not_picked":["hermit:Desperado","hermit:PistolWhip"],"picked":"hermit:Determination","floor":11}],"player_experience":201228,"relics_obtained":[{"floor":6,"key":"Simple Rune"},{"floor":8,"key":"Strawberry"},{"floor":9,"key":"Bag of Marbles"},{"floor":11,"key":"Odd Mushroom"}],"event_choices":[{"damage_healed":0,"gold_gain":0,"player_choice":"Take Wound","damage_taken":0,"relics_obtained":["Golden Idol"],"max_hp_gain":0,"max_hp_loss":0,"event_name":"Golden Idol","floor":4,"gold_loss":0,"cards_obtained":["Injury"]},{"damage_healed":0,"gold_gain":0,"player_choice":"Fought Mushrooms","damage_taken":0,"max_hp_gain":0,"max_hp_loss":0,"event_name":"Mushrooms","floor":11,"gold_loss":0}],"is_beta":false,"boss_relics":[],"items_purged_floors":[3],"is_endless":false,"potions_floor_spawned":[6],"killed_by":"Hexaghost","ascension_level":0}}