{"host":"xjj3c712op3vq4z0","time":1614028008,"event":{"mods":["BaseMod","Challenge The Spire","Curses Come First","Highlight Path","Minty Spire (QoL Compilation)","Permanent Neow","Relic Stats","StSLib"],"gold_per_floor":[111,127,127,52,52,52,90,90,90,105,145,145,169,190,190,321,321,345,345,345,369,112,112,112],"floor_reached":23,"language":"ENG","playtime":1368,"items_purged":["Strike_P","Strike_P"],"score":454,"play_id":"ba510e4b-e97c-43c1-9d58-60011f3b2701","local_time":"20210222220648","is_ascension_mode":true,"campfire_choices":[{"data":"Eruption","floor":6.0,"key":"SMITH"},{"data":"SashWhip","floor":8.0,"key":"SMITH"},{"floor":12.0,"key":"DIG"},{"floor":15.0,"key":"DIG"}],"circlet_count":0,"master_deck":["Strike_P","Defend_P","Defend_P","Defend_P","Defend_P","Eruption+1","Vigilance","SashWhip+1","Conclude","FollowUp","DevaForm","InnerPeace","DeusExMachina","JustLucky","Halt","FlurryOfBlows","CrushJoints","Vault","InnerPeace"],"relics":["Runic Pyramid","Golden Idol","Lantern","Prayer Wheel","Shovel","Omamori","WingedGreaves","SlaversCollar","Enchiridion","Toy Ornithopter"],"acts_visited":["Exordium","TheCity"],"potions_floor_usage":[21,23,23],"damage_taken":[{"damage":0.0,"enemies":"Small Slimes","floor":1.0,"turns":2.0},{"damage":1.0,"enemies":"Cultist","floor":2.0,"turns":3.0},{"damage":0.0,"enemies":"Lagavulin","floor":7.0,"turns":4.0},{"damage":0.0,"enemies":"2 Louse","floor":10.0,"turns":2.0},{"damage":0.0,"enemies":"3 Sentries","floor":11.0,"turns":1.0},{"damage":14.0,"enemies":"Lots of Slimes","floor":13.0,"turns":2.0},{"damage":0.0,"enemies":"Gremlin Gang","floor":14.0,"turns":3.0},{"damage":20.0,"enemies":"Slime Boss","floor":16.0,"turns":7.0},{"damage":22,"enemies":"2 Thieves","floor":18,"turns":4},{"damage":0,"enemies":"3 Byrds","floor":21,"turns":6},{"damage":36,"enemies":"Slavers","floor":23,"turns":8}],"seed_played":"-3538319401355375253","potions_obtained":[{"floor":10.0,"key":"PowerPotion"},{"floor":11.0,"key":"SpeedPotion"},{"floor":13.0,"key":"Weak Potion"},{"floor":14.0,"key":"SpeedPotion"},{"floor":18,"key":"BottledMiracle"}],"is_trial":false,"path_per_floor":["M","M","?","$","?","R","E","R","T","M","E","R","M","M","R","B",null,"M","?","?","M","$","E"],"character_chosen":"WATCHER","items_purchased":["Toy Ornithopter"],"campfire_rested":0,"item_purchase_floors":[22],"current_hp_per_floor":[65,64,46,46,46,46,46,46,46,46,46,46,32,32,32,12,57,35,19,19,19,19,0,0],"gold":112,"neow_bonus":"BOSS_RELIC","is_daily":false,"chose_seed":false,"campfire_upgraded":2,"win_rate":0.0,"timestamp":1614028008,"path_taken":["M","M","?","$","?","R","E","R","T","M","E","R","?","M","R","BOSS","M","?","?","?","$","E"],"items_purchased_type":["Relic"],"build_version":"2020-12-22","purchased_purges":2,"victory":false,"max_hp_per_floor":[72,72,72,72,72,72,72,72,72,72,72,72,72,72,72,72,72,72,72,72,72,72,72,72],"relic_stats":{"Shovel":2,"counters":[11,42],"Golden Idol":64,"Prayer Wheel":5,"obtain_stats":[{"SlaversCollar":17,"Lantern":7,"Shovel":11,"Golden Idol":3,"Enchiridion":19,"Prayer Wheel":9,"WingedGreaves":15,"Omamori":12,"PureWater":0,"Toy Ornithopter":22,"Runic Pyramid":0},{"SlaversCollar":8,"Lantern":3,"Shovel":5,"Golden Idol":2,"Enchiridion":9,"Prayer Wheel":3,"WingedGreaves":7,"Omamori":5,"PureWater":0,"Toy Ornithopter":10,"Runic Pyramid":0},{"SlaversCollar":24,"Lantern":9,"Shovel":12,"Golden Idol":5,"Enchiridion":28,"Prayer Wheel":9,"WingedGreaves":17,"Omamori":12,"PureWater":0,"Toy Ornithopter":34,"Runic Pyramid":0}],"Toy Ornithopter":10},"card_choices":[{"not_picked":["EmptyFist","ThirdEye"],"picked":"SashWhip","floor":1.0},{"not_picked":["Fasting2","BattleHymn"],"picked":"Conclude","floor":2.0},{"not_picked":["Protect","CrushJoints"],"picked":"FollowUp","floor":7.0},{"not_picked":["Evaluate","ThirdEye"],"picked":"DevaForm","floor":10.0},{"not_picked":["PathToVictory","ClearTheMind","InnerPeace"],"picked":"SKIP","floor":10.0},{"not_picked":["PathToVictory","ClearTheMind"],"picked":"InnerPeace","floor":10.0},{"not_picked":["ThirdEye","ClearTheMind"],"picked":"DeusExMachina","floor":11.0},{"not_picked":["Worship","Study"],"picked":"JustLucky","floor":13.0},{"not_picked":["Evaluate","Crescendo"],"picked":"Halt","floor":13.0},{"not_picked":["FlyingSleeves","PathToVictory"],"picked":"FlurryOfBlows","floor":14.0},{"not_picked":["CrushJoints","WheelKick","Tantrum"],"picked":"SKIP","floor":14.0},{"not_picked":["WheelKick","Tantrum"],"picked":"CrushJoints","floor":14.0},{"not_picked":["Ragnarok","MasterReality"],"picked":"Vault","floor":16.0},{"not_picked":["ClearTheMind","Pray"],"picked":"InnerPeace","floor":18},{"not_picked":["Conclude","Collect","Perseverance+1"],"picked":"SKIP","floor":18},{"not_picked":["JustLucky","CrushJoints","WheelKick"],"picked":"SKIP","floor":21},{"not_picked":["Protect","Crescendo","FlyingSleeves"],"picked":"SKIP","floor":21}],"player_experience":687814,"relics_obtained":[{"floor":7.0,"key":"Lantern"},{"floor":9.0,"key":"Prayer Wheel"},{"floor":11.0,"key":"Shovel"},{"floor":12.0,"key":"Omamori"},{"floor":15.0,"key":"WingedGreaves"},{"floor":19,"key":"Enchiridion"}],"event_choices":[{"damage_healed":0.0,"max_hp_gain":0.0,"max_hp_loss":0.0,"gold_gain":0.0,"event_name":"Golden Idol","player_choice":"Take Damage","floor":3.0,"gold_loss":0.0,"damage_taken":18.0,"relics_obtained":["Golden Idol"]},{"damage_healed":0.0,"max_hp_gain":0.0,"max_hp_loss":0.0,"gold_gain":0.0,"event_name":"The Woman in Blue","player_choice":"Bought 0 Potions","floor":5.0,"gold_loss":0.0,"damage_taken":0.0},{"damage_healed":0,"gold_gain":0,"player_choice":"Obtained Book","damage_taken":16,"max_hp_gain":0,"max_hp_loss":0,"event_name":"Cursed Tome","floor":19,"gold_loss":0},{"cards_removed":["Strike_P"],"damage_healed":0,"gold_gain":0,"player_choice":"Purged","damage_taken":0,"max_hp_gain":0,"max_hp_loss":0,"event_name":"Purifier","floor":20,"gold_loss":0}],"is_beta":false,"boss_relics":[{"not_picked":["Astrolabe","VioletLotus"],"picked":"SlaversCollar"}],"items_purged_floors":[4,22],"is_endless":false,"potions_floor_spawned":[10,11,13,14,18],"killed_by":"Slavers","ascension_level":6}}