{"host":"5bsc0nab6whpyrbj","time":1614012171,"event":{"mods":["BaseMod","Highlight Path","Minty Spire (QoL Compilation)"],"gold_per_floor":[115,115,129,52,63,63,80,4,4,24,24,24,48,59,59,156,156,175,135,145,164,164,164,164],"floor_reached":23,"language":"ENG","playtime":593,"items_purged":[],"score":183,"play_id":"d73ba7e8-b9a8-43c8-a6ff-2c7ed47335d0","local_time":"20210222114251","is_ascension_mode":false,"campfire_choices":[{"floor":6.0,"key":"REST"},{"data":"Static Discharge","floor":15.0,"key":"SMITH"}],"circlet_count":0,"master_deck":["Strike_B+1","Strike_B","Strike_B","Strike_B","Defend_B","Defend_B","Defend_B","Defend_B","Zap+1","Dualcast","Redo","Multi-Cast+1","Defragment","White Noise+1","Redo","Static Discharge+1","Compile Driver","Redo","Buffer","Ball Lightning","Barrage"],"relics":["Cracked Core","Prayer Wheel","Dream Catcher","Black Star"],"acts_visited":["Exordium","TheCity"],"potions_floor_usage":[],"damage_taken":[{"damage":4.0,"enemies":"2 Louse","floor":1.0,"turns":2.0},{"damage":0.0,"enemies":"Cultist","floor":3.0,"turns":3.0},{"damage":12.0,"enemies":"Small Slimes","floor":5.0,"turns":2.0},{"damage":10.0,"enemies":"Looter","floor":7.0,"turns":2.0},{"damage":0.0,"enemies":"Large Slime","floor":10.0,"turns":4.0},{"damage":8.0,"enemies":"2 Fungi Beasts","floor":14.0,"turns":3.0},{"damage":25.0,"enemies":"The Guardian","floor":16.0,"turns":7.0},{"damage":20.0,"enemies":"Shell Parasite","floor":18.0,"turns":4.0},{"damage":5.0,"enemies":"Spheric Guardian","floor":20.0,"turns":3.0},{"damage":35.0,"enemies":"Snake Plant","floor":21.0,"turns":4.0},{"damage":42,"enemies":"Gremlin Leader","floor":23,"turns":4}],"seed_played":"-8686888872933877219","potions_obtained":[{"floor":2.0,"key":"ColorlessPotion"},{"floor":2.0,"key":"AttackPotion"},{"floor":2.0,"key":"SneckoOil"},{"floor":5.0,"key":"PowerPotion"},{"floor":19.0,"key":"Dexterity Potion"},{"floor":19.0,"key":"Swift Potion"},{"floor":19.0,"key":"FairyPotion"}],"is_trial":false,"path_per_floor":["M","?","M","$","M","R","M","$","T","M","?","?","T","M","R","B",null,"M","?","M","M","?","E"],"character_chosen":"DEFECT","items_purchased":["Defragment","Static Discharge"],"campfire_rested":1,"item_purchase_floors":[4,8],"current_hp_per_floor":[71,71,71,71,59,75,65,65,65,65,50,75,75,67,67,42,75,55,55,50,15,15,0,0],"gold":164,"neow_bonus":"UPGRADE_CARD","is_daily":false,"chose_seed":false,"campfire_upgraded":1,"win_rate":0.0,"timestamp":1614012171,"path_taken":["M","?","M","?","M","R","M","$","T","M","?","?","?","M","R","BOSS","M","?","M","?","?","E"],"items_purchased_type":["Card","Card"],"build_version":"2020-12-22","purchased_purges":0,"victory":false,"max_hp_per_floor":[75,75,75,75,75,75,75,75,75,75,75,75,75,75,75,75,75,75,75,75,75,75,75,75],"card_choices":[{"not_picked":["Steam","Coolheaded"],"picked":"Redo","floor":1.0},{"not_picked":["Aggregate","Rebound"],"picked":"Multi-Cast","floor":3.0},{"not_picked":["Gash","Compile Driver"],"picked":"White Noise","floor":5.0},{"not_picked":["Coolheaded","Rip and Tear"],"picked":"Redo","floor":7.0},{"not_picked":["Auto Shields","Gash"],"picked":"Compile Driver","floor":10.0},{"not_picked":["Reinforced Body","Redo","Glacier"],"picked":"SKIP","floor":10.0},{"not_picked":["Consume","Doom and Gloom"],"picked":"Redo","floor":14.0},{"not_picked":["Coolheaded","Core Surge","Darkness"],"picked":"SKIP","floor":14.0},{"not_picked":["Core Surge","Rainbow"],"picked":"Buffer","floor":16.0},{"not_picked":["Hello World","Coolheaded"],"picked":"Ball Lightning","floor":18.0},{"not_picked":["Conserve Battery","Gash","Go for the Eyes"],"picked":"SKIP","floor":18.0},{"not_picked":["Chaos","Melter+1"],"picked":"Barrage","floor":20.0},{"not_picked":["Darkness","Chill","Leap"],"picked":"SKIP","floor":20.0},{"not_picked":["Steam Power","Reprogram","Fusion"],"picked":"SKIP","floor":21.0},{"not_picked":["Rebound","Cold Snap","Hologram"],"picked":"SKIP","floor":21.0}],"player_experience":92942,"relics_obtained":[{"floor":9.0,"key":"Prayer Wheel"},{"floor":13.0,"key":"Dream Catcher"}],"event_choices":[{"damage_healed":0.0,"max_hp_gain":0.0,"max_hp_loss":0.0,"gold_gain":0.0,"event_name":"Lab","player_choice":"Got Potions","floor":2.0,"gold_loss":0.0,"damage_taken":0.0},{"damage_healed":0.0,"max_hp_gain":0.0,"max_hp_loss":0.0,"gold_gain":0.0,"event_name":"Shining Light","player_choice":"Entered Light","floor":11.0,"gold_loss":0.0,"damage_taken":15.0,"cards_upgraded":["Multi-Cast","Strike_B"]},{"damage_healed":25.0,"max_hp_gain":0.0,"max_hp_loss":0.0,"gold_gain":0.0,"event_name":"Big Fish","player_choice":"Banana","floor":12.0,"gold_loss":0.0,"damage_taken":0.0},{"damage_healed":0.0,"max_hp_gain":0.0,"max_hp_loss":0.0,"gold_gain":0.0,"event_name":"The Woman in Blue","player_choice":"Bought 3 Potions","floor":19.0,"gold_loss":0.0,"damage_taken":0.0},{"damage_healed":0.0,"max_hp_gain":0.0,"max_hp_loss":0.0,"gold_gain":0.0,"event_name":"Upgrade Shrine","player_choice":"Upgraded","floor":22.0,"gold_loss":0.0,"damage_taken":0.0,"cards_upgraded":["White Noise"]}],"is_beta":false,"boss_relics":[{"not_picked":["Coffee Dripper","FrozenCore"],"picked":"Black Star"}],"items_purged_floors":[],"is_endless":false,"potions_floor_spawned":[5,7,20],"killed_by":"Gremlin Leader","ascension_level":0}}