{"host":"aapp7ew3jk5k1bvd","time":1614004708,"event":{"mods":["AchievementEnabler","BaseMod","Colored Map","Custom Start","Keyboard Shortcuts","Minty Spire (QoL Compilation)","Permanent Neow","Quick Restart","StSLib","SuperFastMode"],"gold_per_floor":[119,44,60,60,73,108,108,108,108,128,138,138,148,166,166,271,271,287,287,65,52,52,52,52,52,52,70,89,89,100,100,100,205,205,223,223,236,51,66,66,66],"floor_reached":40,"language":"KOR","playtime":1492,"items_purged":["Pain"],"score":608,"play_id":"4c3116db-3f6f-4bfe-81c6-0055447b0737","local_time":"20210222233828","is_ascension_mode":true,"campfire_choices":[{"floor":8.0,"key":"REST"},{"floor":12.0,"key":"REST"},{"floor":15.0,"key":"REST"},{"floor":23.0,"key":"REST"},{"data":"Envenom","floor":29.0,"key":"SMITH"},{"floor":32.0,"key":"REST"}],"circlet_count":0,"master_deck":["AscendersBane","Defend_G","Defend_G","Defend_G","Defend_G","Defend_G","Survivor","Neutralize","Envenom+1","Backflip","Cloak And Dagger","Tactician","Deflect","PiercingWail","After Image","After Image","Blade Dance+1","Panache","Accuracy","Escape Plan+1","Storm of Steel","Infinite Blades+1","PiercingWail+1","After Image","Blade Dance"],"relics":["Ring of the Snake","Sundial","Dead Branch","Bottled Tornado","Empty Cage","Question Card","Darkstone Periapt","SacredBark"],"acts_visited":["Exordium","TheCity","TheBeyond"],"potions_floor_usage":[],"damage_taken":[{"damage":6.0,"enemies":"2 Louse","floor":1.0,"turns":5.0},{"damage":6.0,"enemies":"Cultist","floor":3.0,"turns":6.0},{"damage":0.0,"enemies":"Jaw Worm","floor":5.0,"turns":5.0},{"damage":26.0,"enemies":"3 Sentries","floor":6.0,"turns":13.0},{"damage":2.0,"enemies":"3 Louse","floor":10.0,"turns":4.0},{"damage":32.0,"enemies":"Exordium Thugs","floor":11.0,"turns":7.0},{"damage":0.0,"enemies":"Blue Slaver","floor":13.0,"turns":7.0},{"damage":5.0,"enemies":"2 Fungi Beasts","floor":14.0,"turns":3.0},{"damage":43.0,"enemies":"Hexaghost","floor":16.0,"turns":13.0},{"damage":7.0,"enemies":"Chosen","floor":18.0,"turns":9.0},{"damage":9.0,"enemies":"2 Thieves","floor":21.0,"turns":4.0},{"damage":8.0,"enemies":"Centurion and Healer","floor":27.0,"turns":6.0},{"damage":0.0,"enemies":"Chosen and Byrds","floor":28.0,"turns":5.0},{"damage":3.0,"enemies":"Shelled Parasite and Fungi","floor":30.0,"turns":6.0},{"damage":0.0,"enemies":"Cultist and Chosen","floor":31.0,"turns":1.0},{"damage":26.0,"enemies":"Collector","floor":33.0,"turns":9.0},{"damage":15.0,"enemies":"3 Darklings","floor":35.0,"turns":5.0},{"damage":7.0,"enemies":"3 Shapes","floor":37.0,"turns":7.0},{"damage":35,"enemies":"Spire Growth","floor":39,"turns":6},{"damage":3,"enemies":"Giant Head","floor":40,"turns":7}],"seed_played":"1259565589764043649","potions_obtained":[{"floor":1.0,"key":"DuplicationPotion"},{"floor":10.0,"key":"Swift Potion"},{"floor":18.0,"key":"Energy Potion"},{"floor":30.0,"key":"SmokeBomb"},{"floor":33.0,"key":"BlessingOfTheForge"},{"floor":39,"key":"FearPotion"}],"is_trial":false,"path_per_floor":["M","$","M","?","M","E","?","R","T","M","M","R","M","M","R","B",null,"M","?","$","M","?","R","T","?","T","M","M","R","M","M","R","B",null,"M","?","M","$","M","E"],"character_chosen":"THE_SILENT","items_purchased":["Panache","Accuracy","After Image","Blade Dance"],"campfire_rested":5,"item_purchase_floors":[20,20,38,38],"current_hp_per_floor":[57,57,51,51,51,25,25,46,46,44,12,33,33,28,49,6,54,47,47,47,38,38,59,59,59,59,51,51,51,48,48,69,43,63,48,48,41,41,6,3,3],"gold":66,"neow_bonus":"THREE_RARE_CARDS","is_daily":false,"chose_seed":false,"campfire_upgraded":1,"win_rate":0.0,"timestamp":1614004708,"path_taken":["M","$","M","?","?","E","?","R","T","M","M","R","M","M","R","BOSS","M","?","?","M","?","R","?","?","T","M","?","R","M","M","R","BOSS","M","?","?","$","M","E"],"items_purchased_type":["Card","Card","Card","Card"],"build_version":"2020-12-22","purchased_purges":1,"victory":false,"max_hp_per_floor":[70,70,70,70,70,70,70,70,70,70,70,70,70,70,70,70,70,70,70,70,70,70,70,70,70,70,70,70,70,70,70,70,70,70,70,70,70,70,70,70,70],"card_choices":[{"not_picked":["Tools of the Trade","Wraith Form v2"],"picked":"Envenom","floor":0.0},{"not_picked":["Deflect","Slice"],"picked":"Backflip","floor":1.0},{"not_picked":["Dagger Spray","Calculated Gamble"],"picked":"Cloak And Dagger","floor":3.0},{"not_picked":["Acrobatics","Heel Hook","Sucker Punch"],"picked":"SKIP","floor":5.0},{"not_picked":["Slice","Catalyst"],"picked":"Deflect","floor":6.0},{"not_picked":["Dagger Spray","Outmaneuver","Prepared"],"picked":"SKIP","floor":10.0},{"not_picked":["Predator","Crippling Poison","Quick Slash"],"picked":"SKIP","floor":11.0},{"not_picked":["Choke","Catalyst"],"picked":"PiercingWail","floor":13.0},{"not_picked":["Deadly Poison","Quick Slash"],"picked":"After Image","floor":14.0},{"not_picked":["Storm of Steel","Wraith Form v2"],"picked":"After Image","floor":16.0},{"not_picked":["Sucker Punch","Underhanded Strike"],"picked":"Blade Dance+1","floor":18.0},{"not_picked":["Poisoned Stab+1","Deadly Poison","Acrobatics"],"picked":"SKIP","floor":21.0},{"not_picked":["Backflip+1","Crippling Poison+1","Dodge and Roll+1"],"picked":"Escape Plan+1","floor":27.0},{"not_picked":["Masterful Stab","Sucker Punch","Poisoned Stab","Reflex+1"],"picked":"SKIP","floor":28.0},{"not_picked":["Flechettes","Dash","All Out Attack","Concentrate"],"picked":"SKIP","floor":30.0},{"not_picked":["Burst","Wraith Form v2","Glass Knife"],"picked":"Storm of Steel","floor":33.0},{"not_picked":["Riddle With Holes","Sucker Punch+1","Dagger Throw+1"],"picked":"Infinite Blades+1","floor":35.0},{"not_picked":["Poisoned Stab+1","Sucker Punch","Noxious Fumes"],"picked":"PiercingWail+1","floor":37.0},{"not_picked":["Noxious Fumes","Deflect","Prepared+1","Acrobatics"],"picked":"SKIP","floor":39}],"player_experience":1061830,"relics_obtained":[{"floor":6.0,"key":"Sundial"},{"floor":9.0,"key":"Bottled Tornado"},{"floor":24.0,"key":"Question Card"},{"floor":26.0,"key":"Darkstone Periapt"}],"event_choices":[{"damage_healed":0.0,"max_hp_gain":0.0,"max_hp_loss":0.0,"gold_gain":0.0,"cards_transformed":["Strike_G"],"event_name":"Transmorgrifier","player_choice":"Transformed","floor":4.0,"gold_loss":0.0,"damage_taken":0.0,"cards_obtained":["Tactician"]},{"damage_healed":0.0,"max_hp_gain":0.0,"max_hp_loss":0.0,"gold_gain":0.0,"event_name":"Dead Adventurer","player_choice":"Searched \u00271\u0027 times","floor":7.0,"gold_loss":0.0,"damage_taken":0.0,"relics_obtained":["Dead Branch"]},{"cards_removed":["Strike_G"],"damage_healed":0.0,"max_hp_gain":0.0,"max_hp_loss":0.0,"gold_gain":0.0,"event_name":"Bonfire Elementals","player_choice":"Offered Basic","floor":19.0,"gold_loss":0.0,"damage_taken":0.0},{"damage_healed":0.0,"max_hp_gain":0.0,"max_hp_loss":0.0,"gold_gain":0.0,"event_name":"Ghosts","player_choice":"Ignored","floor":25.0,"gold_loss":0.0,"damage_taken":0.0},{"cards_removed":["Strike_G"],"damage_healed":0.0,"max_hp_gain":0.0,"max_hp_loss":0.0,"gold_gain":0.0,"event_name":"Purifier","player_choice":"Purged","floor":36.0,"gold_loss":0.0,"damage_taken":0.0}],"is_beta":false,"boss_relics":[{"not_picked":["Calling Bell","Black Star"],"picked":"Empty Cage"},{"not_picked":["Sozu","Velvet Choker"],"picked":"SacredBark"}],"items_purged_floors":[2],"is_endless":false,"potions_floor_spawned":[1,10,11,13,14,18,30,33,39],"killed_by":"Giant Head","ascension_level":11}}