{"host":"l2lylj0omvglf5x0","time":1614007079,"event":{"mods":["2.2 Compatiblity","BaseMod","Bestiary","Block Reminder","Colored Map","Colored Powertips","Curses Come First","Highlight Path","Keyboard Shortcuts","Minty Spire (QoL Compilation)","Relic Sorter","Relic Stats","Slay the Relics Exporter","StSLib","SuperFastMode"],"gold_per_floor":[17,37,57,76,90,119,44,44,44,44,77,77,77,107,107,181,181,200,215,32,51,69,99,114,130,130,130,130],"floor_reached":27,"language":"ENG","playtime":1452,"items_purged":[],"score":424,"play_id":"efd41604-86af-4a6a-8fe0-6b4627c53adc","local_time":"20210222161759","is_ascension_mode":true,"campfire_choices":[{"floor":8.0,"key":"REST"},{"data":"Armaments","floor":10.0,"key":"SMITH"},{"floor":15.0,"key":"REST"}],"circlet_count":0,"master_deck":["AscendersBane","Strike_R","Strike_R","Strike_R","Strike_R","Strike_R","Defend_R","Defend_R","Defend_R","Defend_R","Bash+1","Pommel Strike","Shrug It Off","Combust","Armaments+1","Dropkick","Sword Boomerang","Dual Wield","Pummel","Metallicize+1","Offering","Rupture","Fire Breathing","Brutality","Infernal Blade+1","Disarm+1","Body Slam+1","Evolve","Juggernaut","Disarm+1","Heavy Blade+1","Uppercut+1"],"relics":["Burning Blood","Prayer Wheel","Orichalcum","Meat on the Bone","Dream Catcher","Unceasing Top","Philosopher\u0027s Stone","Happy Flower","Molten Egg 2","CeramicFish"],"acts_visited":["Exordium","TheCity"],"potions_floor_usage":[25,27],"damage_taken":[{"damage":15.0,"enemies":"Cultist","floor":1.0,"turns":5.0},{"damage":2.0,"enemies":"2 Louse","floor":2.0,"turns":3.0},{"damage":13.0,"enemies":"Jaw Worm","floor":3.0,"turns":4.0},{"damage":16.0,"enemies":"2 Fungi Beasts","floor":4.0,"turns":3.0},{"damage":15.0,"enemies":"Looter","floor":5.0,"turns":3.0},{"damage":34.0,"enemies":"Lagavulin","floor":6.0,"turns":5.0},{"damage":30.0,"enemies":"3 Sentries","floor":11.0,"turns":6.0},{"damage":22.0,"enemies":"Lagavulin","floor":14.0,"turns":6.0},{"damage":44.0,"enemies":"Slime Boss","floor":16.0,"turns":7.0},{"damage":31.0,"enemies":"3 Byrds","floor":18.0,"turns":5.0},{"damage":13.0,"enemies":"Shell Parasite","floor":19.0,"turns":5.0},{"damage":23,"enemies":"Snake Plant","floor":21,"turns":6},{"damage":27,"enemies":"3 Cultists","floor":22,"turns":4},{"damage":35,"enemies":"Book of Stabbing","floor":23,"turns":6},{"damage":22,"enemies":"Cultist and Chosen","floor":24,"turns":6},{"damage":31,"enemies":"Chosen and Byrds","floor":25,"turns":3},{"damage":30,"enemies":"Gremlin Leader","floor":27,"turns":2}],"seed_played":"-3406782177373441933","potions_obtained":[{"floor":2.0,"key":"SmokeBomb"},{"floor":5.0,"key":"Energy Potion"},{"floor":16.0,"key":"FairyPotion"},{"floor":21,"key":"LiquidMemories"},{"floor":24,"key":"ElixirPotion"},{"floor":25,"key":"Swift Potion"}],"is_trial":false,"path_per_floor":["M","M","M","M","M","E","$","R","T","R","E","?","?","E","R","B",null,"M","M","$","M","M","E","M","M","T","E"],"character_chosen":"IRONCLAD","items_purchased":["Rupture","Happy Flower","Evolve"],"campfire_rested":2,"item_purchase_floors":[7,20,20],"current_hp_per_floor":[63,67,60,50,41,13,13,37,37,37,25,9,35,31,55,29,67,54,47,47,42,33,41,37,24,24,0,0],"gold":130,"neow_bonus":"ONE_RARE_RELIC","is_daily":false,"chose_seed":false,"campfire_upgraded":1,"win_rate":0.0,"timestamp":1614007079,"path_taken":["M","M","M","M","M","E","$","R","T","R","E","?","?","E","R","BOSS","M","M","$","M","M","E","M","M","T","E"],"items_purchased_type":["Card","Relic","Card"],"build_version":"2020-12-22","purchased_purges":0,"victory":false,"max_hp_per_floor":[80,80,80,80,80,80,80,80,80,80,80,80,80,80,80,80,80,80,80,80,80,80,80,80,80,80,80,80],"relic_stats":{"Dream Catcher":1,"Happy Flower":[9],"counters":[17,79],"CeramicFish":0,"Prayer Wheel":12,"Orichalcum":[180],"obtain_stats":[{"Dream Catcher":11,"Happy Flower":20,"CeramicFish":26,"Prayer Wheel":0,"Philosopher\u0027s Stone":17,"Molten Egg 2":23,"Orichalcum":6,"Burning Blood":0,"Unceasing Top":14,"Meat on the Bone":9},{"Dream Catcher":7,"Happy Flower":11,"CeramicFish":16,"Prayer Wheel":0,"Philosopher\u0027s Stone":9,"Molten Egg 2":14,"Orichalcum":6,"Burning Blood":0,"Unceasing Top":8,"Meat on the Bone":6},{"Dream Catcher":29,"Happy Flower":52,"CeramicFish":77,"Prayer Wheel":0,"Philosopher\u0027s Stone":42,"Molten Egg 2":68,"Orichalcum":23,"Burning Blood":0,"Unceasing Top":35,"Meat on the Bone":23}],"Burning Blood":96,"Unceasing Top":[4],"Meat on the Bone":108},"card_choices":[{"not_picked":["Anger","Havoc"],"picked":"Pommel Strike","floor":1.0},{"not_picked":["Clash","Pommel Strike"],"picked":"Shrug It Off","floor":1.0},{"not_picked":["Heavy Blade","Second Wind"],"picked":"Combust","floor":2.0},{"not_picked":["Perfected Strike","Dropkick"],"picked":"Armaments","floor":2.0},{"not_picked":["Anger","Seeing Red"],"picked":"Dropkick","floor":3.0},{"not_picked":["Clash","Twin Strike"],"picked":"Sword Boomerang","floor":3.0},{"not_picked":["Armaments","Pommel Strike"],"picked":"Dual Wield","floor":4.0},{"not_picked":["Armaments","Headbutt"],"picked":"Pummel","floor":4.0},{"not_picked":["Infernal Blade","Heavy Blade"],"picked":"Metallicize","floor":5.0},{"not_picked":["Cleave","Clash"],"picked":"Offering","floor":5.0},{"not_picked":["Thunderclap","Dual Wield","Havoc"],"picked":"SKIP","floor":6.0},{"not_picked":["Twin Strike","Armaments","Headbutt"],"picked":"SKIP","floor":11.0},{"not_picked":["Entrench","Hemokinesis","Iron Wave"],"picked":"SKIP","floor":14.0},{"not_picked":["Body Slam","Dark Embrace"],"picked":"Fire Breathing","floor":15.0},{"not_picked":["Corruption","Double Tap"],"picked":"Brutality","floor":16.0},{"not_picked":["Spot Weakness","Clash"],"picked":"Infernal Blade+1","floor":18.0},{"not_picked":["Hemokinesis","Thunderclap","Heavy Blade"],"picked":"SKIP","floor":18.0},{"not_picked":["Searing Blow+1","Heavy Blade"],"picked":"Disarm+1","floor":19},{"not_picked":["Battle Trance","Headbutt"],"picked":"Body Slam+1","floor":19},{"not_picked":["Pummel","Clash","Warcry"],"picked":"SKIP","floor":21},{"not_picked":["Warcry","Dropkick","Armaments"],"picked":"SKIP","floor":21},{"not_picked":["Blood for Blood","Twin Strike"],"picked":"Juggernaut","floor":22},{"not_picked":["Warcry","Armaments"],"picked":"Disarm+1","floor":22},{"not_picked":["True Grit","Perfected Strike+1"],"picked":"Heavy Blade+1","floor":23},{"not_picked":["Flex","Sword Boomerang+1"],"picked":"Uppercut+1","floor":24},{"not_picked":["Havoc","Carnage+1","Perfected Strike+1"],"picked":"SKIP","floor":24},{"not_picked":["Body Slam+1","Blood for Blood+1","Whirlwind+1"],"picked":"SKIP","floor":25},{"not_picked":["Fiend Fire+1","Second Wind","Sever Soul+1"],"picked":"SKIP","floor":25}],"player_experience":1028620,"relics_obtained":[{"floor":6.0,"key":"Orichalcum"},{"floor":9.0,"key":"Meat on the Bone"},{"floor":11.0,"key":"Dream Catcher"},{"floor":14.0,"key":"Unceasing Top"},{"floor":23,"key":"Molten Egg 2"},{"floor":26,"key":"CeramicFish"}],"event_choices":[{"damage_healed":0.0,"max_hp_gain":0.0,"max_hp_loss":0.0,"gold_gain":0.0,"event_name":"Shining Light","player_choice":"Entered Light","floor":12.0,"gold_loss":0.0,"damage_taken":16.0,"cards_upgraded":["Metallicize","Bash"]},{"damage_healed":26.0,"max_hp_gain":0.0,"max_hp_loss":0.0,"gold_gain":0.0,"event_name":"Big Fish","player_choice":"Banana","floor":13.0,"gold_loss":0.0,"damage_taken":0.0}],"is_beta":false,"boss_relics":[{"not_picked":["Pandora\u0027s Box","Velvet Choker"],"picked":"Philosopher\u0027s Stone"}],"items_purged_floors":[],"is_endless":false,"potions_floor_spawned":[2,5,16,21,24,25],"killed_by":"Gremlin Leader","ascension_level":13}}