{"host":"s4ojoik2izpnmj7q","time":1614011889,"event":{"mods":["ATMod(°¢èªMod)","Act Like it!","BaseMod","Minty Spire (QoL Compilation)","MostiFishMod","StSLib"],"gold_per_floor":[114,126,126,51,63,94,104,120,120,120,139,174,174,202,202,281,281,897,624,624,634,652,686,686,1318,1318,1318,1945,1945,1860,977,977,2253,2253,10665,10683,10683,11300,10388,10388,8434,9059,9059,9059,9092,9092,9104,9731,9731,9731,9731,9731,9731,8883,10109,10709],"floor_reached":57,"language":"ZHS","playtime":3600,"items_purged":["Strike_B","Strike_B","Strike_B","Strike_B","Defend_B","Defend_B"],"score":3747,"play_id":"17cf918b-0a74-400e-bd2a-31e11d518b05","local_time":"20210223003809","is_ascension_mode":true,"campfire_choices":[{"data":"Defragment","floor":10.0,"key":"SMITH"},{"data":"Defragment","floor":13.0,"key":"SMITH"},{"data":"Heatsinks","floor":15.0,"key":"SMITH"},{"data":"Turbo","floor":24.0,"key":"SMITH"},{"data":"Recycle","floor":29.0,"key":"SMITH"},{"data":"Biased Cognition","floor":32.0,"key":"SMITH"},{"data":"Dualcast","floor":40.0,"key":"SMITH"},{"floor":44,"key":"RECALL"},{"data":"Zap","floor":46,"key":"SMITH"},{"data":"AT_WaterDrop","floor":49,"key":"SMITH"},{"floor":53,"key":"REST"}],"circlet_count":0,"master_deck":["AscendersBane","Defend_B","Defend_B","Zap+1","Dualcast+1","AT_FamilyPortrait","Skim","Core Surge","Heatsinks+1","Chill","Defragment+1","Cold Snap+1","Defragment+1","MostiFishMod:DeathFromBelow+1","Ghostly","Ghostly","Ghostly","Turbo+1","Recycle+1","Biased Cognition+1","Turbo+1","Defragment+1","AT_WaterDrop+1","Madness+1","Finesse+1","Coolheaded+1","Heatsinks","AT_DarkMatter+1","Defragment"],"relics":["DaveBox","AT_ATBox","RhineCircuit","FeatherPendant","SynthV:TestCard","Cables","Molten Egg 2","Centennial Puzzle","Torii","xbg","Juzu Bracelet","Bottled Tornado","FossilizedHelix","Toxic Egg 2","MutagenicStrength","Tiny Chest","AT_ArcaneBoots","Bird Faced Urn","DollysMirror","Philosopher\u0027s Stone","SynthV","Mercury Hourglass","CaptainsWheel","SentryEyes","Bronze Scales","BirthdayGift-Tetrahedron","DianDianMeat","Darkstone Periapt","Bag of Marbles","OrangePellets","Shuriken","AT_EbonyIvory","Happy Flower"],"acts_visited":["Exordium","TheCity","TheBeyond","TheEnding"],"potions_floor_usage":[],"damage_taken":[{"damage":0.0,"enemies":"Cultist","floor":1.0,"turns":2.0},{"damage":0.0,"enemies":"2 Louse","floor":2.0,"turns":2.0},{"damage":0.0,"enemies":"Jaw Worm","floor":5.0,"turns":1.0},{"damage":0.0,"enemies":"3 Sentries","floor":6.0,"turns":4.0},{"damage":0.0,"enemies":"3 Louse","floor":7.0,"turns":2.0},{"damage":0.0,"enemies":"Exordium Wildlife","floor":8.0,"turns":3.0},{"damage":0.0,"enemies":"Looter","floor":11.0,"turns":2.0},{"damage":0.0,"enemies":"Gremlin Nob","floor":12.0,"turns":3.0},{"damage":0.0,"enemies":"3 Sentries","floor":14.0,"turns":5.0},{"damage":0.0,"enemies":"The Guardian","floor":16.0,"turns":6.0},{"damage":0.0,"enemies":"Shell Parasite","floor":18.0,"turns":1.0},{"damage":0.0,"enemies":"3 Byrds","floor":21.0,"turns":4.0},{"damage":0.0,"enemies":"Centurion and Healer","floor":22.0,"turns":10.0},{"damage":27.0,"enemies":"Gremlin Leader","floor":23.0,"turns":10.0},{"damage":0.0,"enemies":"Slavers","floor":25.0,"turns":5.0},{"damage":0.0,"enemies":"Book of Stabbing","floor":28.0,"turns":3.0},{"damage":0.0,"enemies":"Automaton","floor":33.0,"turns":6.0},{"damage":0.0,"enemies":"3 Darklings","floor":35.0,"turns":18.0},{"damage":0.0,"enemies":"3 Shapes","floor":36.0,"turns":2.0},{"damage":0.0,"enemies":"Maw","floor":38.0,"turns":5.0},{"damage":1.0,"enemies":"Mind Bloom Boss Battle","floor":42.0,"turns":2.0},{"damage":0,"enemies":"Giant Head","floor":45,"turns":1},{"damage":0,"enemies":"Jaw Worm Horde","floor":47,"turns":1},{"damage":0,"enemies":"Nemesis","floor":48,"turns":1},{"damage":5,"enemies":"Time Eater","floor":50,"turns":4},{"damage":0,"enemies":"Donu and Deca","floor":51,"turns":1},{"damage":0,"enemies":"Shield and Spear","floor":55,"turns":1},{"damage":12,"enemies":"The Heart","floor":56,"turns":4}],"seed_played":"-2929073091769792945","potions_obtained":[{"floor":5.0,"key":"Fire Potion"},{"floor":8.0,"key":"SneckoOil"},{"floor":11.0,"key":"DuplicationPotion"},{"floor":12.0,"key":"Swift Potion"},{"floor":23.0,"key":"LiquidMemories"}],"is_trial":false,"path_per_floor":["M","M","?","$","M","E","M","M","T","R","M","E","R","E","R","B",null,"M","$","?","M","M","E","R","E","T","?","E","R","?","$","R","B",null,"M","M","?","M","$","R","$","?","T","R","E","R","M","E","R","B","B",null,"R","$","E","B",null],"character_chosen":"DEFECT","items_purchased":["Juzu Bracelet","AT_SpeedBoots","Bird Faced Urn","DollysMirror","DuplicationPotion","SynthV","Mercury Hourglass","CaptainsWheel","SentryEyes","Bronze Scales","Heatsinks","BirthdayGift-Tetrahedron","OrangePellets","Shuriken","AT_EbonyIvory","Defragment"],"campfire_rested":1,"item_purchase_floors":[19,31,31,31,31,39,39,39,41,41,41,41,54,54,54,54],"current_hp_per_floor":[64,64,64,64,64,64,64,64,64,64,64,64,64,64,64,64,69,69,69,35,35,35,8,8,8,8,8,8,8,8,8,8,32,34,35,35,25,35,35,35,35,35,35,35,36,36,36,36,36,34,36,36,36,38,38,34],"gold":10709,"neow_bonus":"BOSS_RELIC","is_daily":false,"chose_seed":false,"campfire_upgraded":9,"win_rate":0.0,"timestamp":1614011889,"path_taken":["M","?","?","$","M","E","M","M","T","R","M","E","R","E","R","BOSS","M","$","?","M","M","E","R","E","T","?","E","R","?","$","R","BOSS","M","M","?","M","$","R","$","?","T","R","E","R","M","E","R","BOSS","BOSS","R","$","E","BOSS"],"items_purchased_type":["Relic","Relic","Relic","Relic","Potion","Relic","Relic","Relic","Relic","Relic","Card","Relic","Relic","Relic","Relic","Card"],"build_version":"2020-12-22","purchased_purges":6,"victory":true,"max_hp_per_floor":[71,71,71,71,71,71,71,71,71,71,71,71,71,71,71,71,71,71,71,35,35,35,35,35,35,35,35,35,35,35,35,35,35,35,35,35,35,35,35,35,35,35,35,35,36,36,36,36,36,36,36,36,36,38,38,38],"card_choices":[{"not_picked":["Redo","Melter"],"picked":"MostiFishMod:Impulse","floor":1.0},{"not_picked":["Hologram","MostiFishMod:IceShield","Double Energy","Go for the Eyes"],"picked":"Skim","floor":2.0},{"not_picked":["Rebound","Barrage","Beam Cell","Compile Driver","Aggregate"],"picked":"SKIP","floor":5.0},{"not_picked":["Reprogram","Turbo","Conserve Battery","MostiFishMod:Prepare"],"picked":"Heatsinks","floor":6.0},{"not_picked":["Redo","AT_EMC2","Gash","Turbo"],"picked":"Chill","floor":7.0},{"not_picked":["Stack","Rip and Tear","MostiFishMod:PushDownKick","Recycle"],"picked":"Defragment","floor":8.0},{"not_picked":["Turbo","Streamline+1","Compile Driver+1","AT_HeatAcrobatics"],"picked":"Cold Snap+1","floor":11.0},{"not_picked":["Leap","Amplify","Compile Driver+1","Auto Shields"],"picked":"Defragment","floor":12.0},{"not_picked":["Rebound+1","Blizzard+1","Gash+1","BootSequence","Beam Cell+1"],"picked":"SKIP","floor":14.0},{"not_picked":["MostiFishMod:IntelligentEquipment","Hyperbeam+1","Electrodynamics","Seek"],"picked":"MostiFishMod:DeathFromBelow+1","floor":16.0},{"not_picked":["Compile Driver+1","Sweeping Beam+1","AT_HeatAcrobatics+1","Gash+1","BootSequence"],"picked":"SKIP","floor":18.0},{"not_picked":["Steam","Conserve Battery","Hologram","MostiFishMod:Impulse","Sweeping Beam+1"],"picked":"SKIP","floor":21.0},{"not_picked":["Tempest","Gash+1","AT_HeatAcrobatics","Coolheaded"],"picked":"Turbo","floor":22.0},{"not_picked":["Chill+1","Defragment","Heatsinks","Rebound+1"],"picked":"Recycle","floor":23.0},{"not_picked":["MostiFishMod:LinkProtocol","MostiFishMod:ActiveDefenseSystem","Barrage+1","Melter+1"],"picked":"Biased Cognition","floor":25.0},{"not_picked":["Compile Driver+1","AT_EMC2+1","Leap+1","Doom and Gloom+1"],"picked":"Turbo+1","floor":28.0},{"not_picked":["MostiFishMod:TalkingToTheRain","Buffer","Biased Cognition","MostiFishMod:Prepare"],"picked":"AT_WaterDrop","floor":33.0},{"not_picked":["Go for the Eyes+1","Beam Cell+1","AT_StudyProgram","Streamline+1","Darkness+1"],"picked":"SKIP","floor":35.0},{"not_picked":["Beam Cell+1","Force Field+1","Sweeping Beam+1","Hello World","Hologram+1"],"picked":"SKIP","floor":36.0},{"not_picked":["Bandage Up+1","AT_LightSaberMaster","MostiFishMod:Mottled+1","AT_PowerWithin"],"picked":"Madness+1","floor":37.0},{"not_picked":["MostiFishMod:Mottled+1","Trip+1","MostiFishMod:BrokenBlackCloak+1","AT_TearsDenial+1"],"picked":"Finesse+1","floor":37.0},{"not_picked":["Double Energy+1","Static Discharge","Go for the Eyes+1","Beam Cell+1"],"picked":"Coolheaded+1","floor":38.0},{"not_picked":["MostiFishMod:TalkingToTheRain","Turbo+1","Chill+1","Gash+1"],"picked":"AT_DarkMatter+1","floor":45},{"not_picked":["Glacier+1","Fusion+1","MostiFishMod:ReprogramOld+1","Recycle+1","AT_StudyProgram+1"],"picked":"SKIP","floor":47},{"not_picked":["Cold Snap+1","Go for the Eyes+1","Fission+1","Streamline+1","AT_ThreeBodyProblem+1"],"picked":"SKIP","floor":48},{"not_picked":["Stack+1","Cold Snap+1","Streamline+1","Gash+1","Loop"],"picked":"SKIP","floor":55}],"player_experience":639918,"relics_obtained":[{"floor":1.0,"key":"SynthV:TestCard"},{"floor":6.0,"key":"Cables"},{"floor":9.0,"key":"Molten Egg 2"},{"floor":12.0,"key":"Centennial Puzzle"},{"floor":14.0,"key":"Torii"},{"floor":23.0,"key":"Bottled Tornado"},{"floor":25.0,"key":"FossilizedHelix"},{"floor":26.0,"key":"Toxic Egg 2"},{"floor":42.0,"key":"DianDianMeat"},{"floor":45,"key":"Darkstone Periapt"},{"floor":48,"key":"Bag of Marbles"},{"floor":55,"key":"Happy Flower"}],"event_choices":[{"damage_healed":0.0,"max_hp_gain":0.0,"max_hp_loss":0.0,"gold_gain":0.0,"cards_transformed":["MostiFishMod:Impulse"],"event_name":"Living Wall","player_choice":"Change","floor":3.0,"gold_loss":0.0,"damage_taken":0.0,"cards_obtained":["Core Surge"]},{"damage_healed":0.0,"max_hp_gain":0.0,"max_hp_loss":36.0,"gold_gain":0.0,"event_name":"Ghosts","player_choice":"Became a Ghost","floor":20.0,"gold_loss":0.0,"damage_taken":0.0,"cards_obtained":["Ghostly","Ghostly","Ghostly"]},{"damage_healed":0.0,"max_hp_gain":0.0,"max_hp_loss":0.0,"gold_gain":0.0,"event_name":"Drug Dealer","player_choice":"Inject Mutagens","floor":27.0,"gold_loss":0.0,"damage_taken":0.0,"relics_obtained":["MutagenicStrength"]},{"damage_healed":0.0,"max_hp_gain":0.0,"max_hp_loss":0.0,"gold_gain":0.0,"event_name":"Addict","player_choice":"Obtained Relic","floor":30.0,"gold_loss":85.0,"damage_taken":0.0,"relics_obtained":["Tiny Chest"]},{"damage_healed":0.0,"max_hp_gain":0.0,"max_hp_loss":0.0,"gold_gain":0.0,"event_name":"SensoryStone","player_choice":"Memory 3","floor":37.0,"gold_loss":0.0,"damage_taken":10.0},{"damage_healed":0.0,"max_hp_gain":0.0,"max_hp_loss":0.0,"gold_gain":0.0,"event_name":"MindBloom","player_choice":"Fight","floor":42.0,"gold_loss":0.0,"damage_taken":0.0}],"is_beta":false,"boss_relics":[{"not_picked":["EE1DDrone","OneHitWonderSystem"],"picked":"xbg"},{"not_picked":["SacredBark","Runic Pyramid"],"picked":"Philosopher\u0027s Stone"}],"items_purged_floors":[4,19,31,39,41,54],"is_endless":false,"potions_floor_spawned":[5,8,11,12,16,22,23,33,45,47,48,55],"ascension_level":20}}