{"host":"5bsc0nab6whpyrbj","time":1614018118,"event":{"mods":["BaseMod","Highlight Path","Minty Spire (QoL Compilation)"],"gold_per_floor":[110,110,120,120,120,145,145,163,163,186,217,241,218,230,242,373,385,417,442,477,104,203,203,227,227,279,300,300,215,215,234,234,234,234],"floor_reached":33,"language":"ENG","playtime":896,"items_purged":[],"score":274,"play_id":"be65f77c-a752-42ee-a1dc-cbee01bc5411","local_time":"20210222132158","is_ascension_mode":false,"campfire_choices":[{"floor":7.0,"key":"REST"},{"floor":15.0,"key":"REST"},{"floor":23.0,"key":"REST"},{"floor":25.0,"key":"REST"},{"floor":28.0,"key":"REST"},{"floor":32.0,"key":"REST"}],"circlet_count":0,"master_deck":["Zap","Dualcast","Melter","Aggregate+1","Ball Lightning","Doom and Gloom","Chill+1","Ball Lightning","Injury","Ball Lightning","Creative AI","Chill+1","Melter","Rip and Tear","Blizzard","Core Surge","Multi-Cast+1","Scrape","Multi-Cast+1","Darkness+1","Defragment","Static Discharge","Doom and Gloom","Force Field+1","Defragment","Loop","Loop","Conserve Battery+1","Auto Shields+1","Loop","Ball Lightning+1","Turbo+1"],"relics":["Cracked Core","Bird Faced Urn","Toxic Egg 2","Dream Catcher","MawBank","Golden Idol","Pandora\u0027s Box","Prayer Wheel","Omamori","Bronze Scales"],"acts_visited":["Exordium","TheCity"],"potions_floor_usage":[],"damage_taken":[{"damage":12.0,"enemies":"2 Louse","floor":1.0,"turns":2.0},{"damage":6.0,"enemies":"Jaw Worm","floor":3.0,"turns":3.0},{"damage":6.0,"enemies":"Gremlin Nob","floor":6.0,"turns":3.0},{"damage":0.0,"enemies":"Small Slimes","floor":8.0,"turns":3.0},{"damage":5.0,"enemies":"Looter","floor":10.0,"turns":2.0},{"damage":19.0,"enemies":"Large Slime","floor":11.0,"turns":5.0},{"damage":6.0,"enemies":"2 Fungi Beasts","floor":12.0,"turns":3.0},{"damage":53.0,"enemies":"The Guardian","floor":16.0,"turns":8.0},{"damage":8.0,"enemies":"2 Thieves","floor":18.0,"turns":3.0},{"damage":33.0,"enemies":"Shell Parasite","floor":19.0,"turns":5.0},{"damage":28.0,"enemies":"Snake Plant","floor":20.0,"turns":4.0},{"damage":17.0,"enemies":"Chosen and Byrds","floor":24.0,"turns":5.0},{"damage":55.0,"enemies":"3 Cultists","floor":27.0,"turns":6.0},{"damage":28.0,"enemies":"Centurion and Healer","floor":31.0,"turns":4.0},{"damage":45,"enemies":"Collector","floor":33,"turns":3}],"seed_played":"5612694109162826845","potions_obtained":[{"floor":3.0,"key":"Strength Potion"},{"floor":6.0,"key":"LiquidBronze"},{"floor":11.0,"key":"FearPotion"},{"floor":24.0,"key":"Regen Potion"},{"floor":27.0,"key":"PowerPotion"}],"is_trial":false,"path_per_floor":["M","?","M","?","$","E","R","M","T","M","M","M","?","?","R","B",null,"M","M","M","$","?","R","M","R","T","M","R","?","?","M","R","B"],"character_chosen":"DEFECT","items_purchased":["Doom and Gloom","Prayer Wheel"],"campfire_rested":6,"item_purchase_floors":[21,21],"current_hp_per_floor":[42,35,29,29,29,23,45,45,45,40,21,15,33,33,55,2,75,67,42,14,14,14,36,23,45,45,15,37,37,37,17,39,0,0],"gold":234,"neow_bonus":"ONE_RARE_RELIC","is_daily":false,"chose_seed":false,"campfire_upgraded":0,"win_rate":0.0,"timestamp":1614018118,"path_taken":["M","?","M","?","$","E","R","M","T","M","M","?","?","?","R","BOSS","M","M","M","$","?","R","M","R","T","M","R","?","?","M","R","BOSS"],"items_purchased_type":["Card","Relic"],"build_version":"2020-12-22","purchased_purges":0,"victory":false,"max_hp_per_floor":[75,75,75,75,75,75,75,75,75,75,75,75,75,75,75,75,75,75,75,75,75,75,75,75,75,75,75,75,75,75,75,75,75,75],"card_choices":[{"not_picked":["Stack","Chill"],"picked":"Chaos","floor":1.0},{"not_picked":["Conserve Battery+1","Compile Driver"],"picked":"Melter","floor":3.0},{"not_picked":["Go for the Eyes","Redo+1"],"picked":"Ball Lightning","floor":6.0},{"not_picked":["FTL","Rebound"],"picked":"Doom and Gloom","floor":8.0},{"not_picked":["Go for the Eyes","Beam Cell"],"picked":"Chill+1","floor":10.0},{"not_picked":["Leap+1","Aggregate+1","Rebound"],"picked":"SKIP","floor":11.0},{"not_picked":["Redo+1","Turbo+1"],"picked":"Ball Lightning","floor":12.0},{"not_picked":["Barrage","Sunder"],"picked":"Ball Lightning","floor":15.0},{"not_picked":["Rainbow+1","Meteor Strike"],"picked":"Creative AI","floor":16.0},{"not_picked":["Compile Driver","Conserve Battery+1"],"picked":"Darkness+1","floor":18.0},{"not_picked":["Coolheaded+1","Leap+1"],"picked":"Defragment","floor":19.0},{"not_picked":["Fusion+1","Redo+1"],"picked":"Static Discharge","floor":20.0},{"not_picked":["Cold Snap","Coolheaded+1"],"picked":"Force Field+1","floor":23.0},{"not_picked":["Rebound","Chaos+1"],"picked":"Defragment","floor":24.0},{"not_picked":["Creative AI","Coolheaded+1"],"picked":"Loop","floor":24.0},{"not_picked":["Self Repair","Gash"],"picked":"Loop","floor":27.0},{"not_picked":["Beam Cell","Compile Driver"],"picked":"Conserve Battery+1","floor":27.0},{"not_picked":["Reinforced Body+1","Stack+1"],"picked":"Auto Shields+1","floor":28.0},{"not_picked":["Coolheaded+1","Cold Snap+1"],"picked":"Loop","floor":31.0},{"not_picked":["Stack+1","Steam+1"],"picked":"Ball Lightning+1","floor":31.0},{"not_picked":["Streamline","Reprogram+1"],"picked":"Turbo+1","floor":32.0}],"player_experience":97284,"relics_obtained":[{"floor":6.0,"key":"Dream Catcher"},{"floor":9.0,"key":"MawBank"},{"floor":26.0,"key":"Omamori"}],"event_choices":[{"damage_healed":0.0,"max_hp_gain":0.0,"max_hp_loss":0.0,"gold_gain":0.0,"event_name":"Scrap Ooze","player_choice":"Success","floor":2.0,"gold_loss":0.0,"damage_taken":7.0,"relics_obtained":["Toxic Egg 2"]},{"damage_healed":0.0,"max_hp_gain":0.0,"max_hp_loss":0.0,"gold_gain":0.0,"cards_transformed":["Chaos"],"event_name":"Living Wall","player_choice":"Change","floor":4.0,"gold_loss":0.0,"damage_taken":0.0,"cards_obtained":["Aggregate"]},{"damage_healed":18.0,"max_hp_gain":0.0,"max_hp_loss":0.0,"gold_gain":0.0,"event_name":"The Cleric","player_choice":"Healed","floor":13.0,"gold_loss":35.0,"damage_taken":0.0},{"damage_healed":0.0,"max_hp_gain":0.0,"max_hp_loss":0.0,"gold_gain":0.0,"event_name":"Golden Idol","player_choice":"Take Wound","floor":14.0,"gold_loss":0.0,"damage_taken":0.0,"relics_obtained":["Golden Idol"],"cards_obtained":["Injury"]},{"damage_healed":0.0,"max_hp_gain":0.0,"max_hp_loss":0.0,"gold_gain":99.0,"event_name":"Nest","player_choice":"Stole From Cult","floor":22.0,"gold_loss":0.0,"damage_taken":0.0},{"damage_healed":0.0,"max_hp_gain":0.0,"max_hp_loss":0.0,"gold_gain":0.0,"event_name":"Addict","player_choice":"Obtained Relic","floor":29.0,"gold_loss":85.0,"damage_taken":0.0,"relics_obtained":["Bronze Scales"]},{"damage_healed":0.0,"max_hp_gain":0.0,"max_hp_loss":0.0,"gold_gain":0.0,"event_name":"Ghosts","player_choice":"Ignored","floor":30.0,"gold_loss":0.0,"damage_taken":0.0}],"is_beta":false,"boss_relics":[{"not_picked":["Inserter","Sozu"],"picked":"Pandora\u0027s Box"}],"items_purged_floors":[],"is_endless":false,"potions_floor_spawned":[3,6,11,24,27],"killed_by":"Collector","ascension_level":0}}