{"host":"fdzt26oh6i4vaxrk","time":1614034194,"event":{"mods":["BaseMod","Colored Map","Minty Spire (QoL Compilation)"],"gold_per_floor":[111,129,142,8,18,49,49,65,65,94,109,124,142,158,158,229,229,240,240,252,252,252],"floor_reached":21,"language":"ITA","playtime":1468,"items_purged":[],"score":384,"play_id":"3e02779c-53e1-434c-8f56-2e9b92c585f7","local_time":"20210222234954","is_ascension_mode":true,"campfire_choices":[{"floor":7.0,"key":"REST"},{"floor":15.0,"key":"REST"}],"circlet_count":0,"master_deck":["AscendersBane","Strike_B","Strike_B","Strike_B","Defend_B","Defend_B","Defend_B","Zap","Dualcast","Trip","Go for the Eyes","Streamline","Capacitor","Ball Lightning","Static Discharge","White Noise","Conserve Battery","FTL","Core Surge","Rainbow","Steam","Reinforced Body","Steam Power","Stack"],"relics":["Cracked Core","Bag of Marbles","Lantern","Oddly Smooth Stone","Cursed Key"],"acts_visited":["Exordium","TheCity"],"potions_floor_usage":[21],"damage_taken":[{"damage":7.0,"enemies":"Small Slimes","floor":1.0,"turns":3.0},{"damage":1.0,"enemies":"Cultist","floor":2.0,"turns":3.0},{"damage":7.0,"enemies":"Jaw Worm","floor":3.0,"turns":2.0},{"damage":9.0,"enemies":"Red Slaver","floor":5.0,"turns":3.0},{"damage":14.0,"enemies":"Lagavulin","floor":6.0,"turns":4.0},{"damage":7.0,"enemies":"Blue Slaver","floor":8.0,"turns":3.0},{"damage":21.0,"enemies":"3 Sentries","floor":10.0,"turns":5.0},{"damage":12.0,"enemies":"Lots of Slimes","floor":11.0,"turns":2.0},{"damage":0.0,"enemies":"Red Slaver","floor":12.0,"turns":3.0},{"damage":0.0,"enemies":"Large Slime","floor":13.0,"turns":4.0},{"damage":5.0,"enemies":"Looter","floor":14.0,"turns":2.0},{"damage":22.0,"enemies":"Slime Boss","floor":16.0,"turns":8.0},{"damage":8.0,"enemies":"Chosen","floor":18.0,"turns":4.0},{"damage":26.0,"enemies":"2 Thieves","floor":20.0,"turns":4.0},{"damage":28,"enemies":"Centurion and Healer","floor":21,"turns":4}],"seed_played":"-5792065995091229386","potions_obtained":[{"floor":1.0,"key":"FearPotion"},{"floor":6.0,"key":"Weak Potion"},{"floor":8.0,"key":"Explosive Potion"},{"floor":10.0,"key":"EssenceOfDarkness"},{"floor":16.0,"key":"Energy Potion"}],"is_trial":false,"path_per_floor":["M","M","M","$","M","E","R","M","T","E","M","M","M","M","R","B",null,"M","?","M","M"],"character_chosen":"DEFECT","items_purchased":["Capacitor","Dexterity Potion"],"campfire_rested":2,"item_purchase_floors":[4,4],"current_hp_per_floor":[57,56,49,49,40,26,47,40,40,19,7,7,7,2,23,1,54,46,46,20,0,0],"gold":252,"neow_bonus":"RANDOM_COLORLESS","is_daily":false,"chose_seed":false,"campfire_upgraded":0,"win_rate":0.0,"timestamp":1614034194,"path_taken":["M","M","M","$","M","E","R","M","T","E","M","M","M","M","R","BOSS","M","?","M","M"],"items_purchased_type":["Card","Potion"],"build_version":"2020-12-22","purchased_purges":0,"victory":false,"max_hp_per_floor":[71,71,71,71,71,71,71,71,71,71,71,71,71,71,71,71,71,71,71,71,71,71],"card_choices":[{"not_picked":["Purity","PanicButton"],"picked":"Trip","floor":0.0},{"not_picked":["Barrage","Cold Snap"],"picked":"Go for the Eyes","floor":1.0},{"not_picked":["Tempest","Stack"],"picked":"Streamline","floor":2.0},{"not_picked":["Gash","Skim","Reprogram"],"picked":"SKIP","floor":3.0},{"not_picked":["Beam Cell","Sweeping Beam"],"picked":"Ball Lightning","floor":5.0},{"not_picked":["Cold Snap","Loop","Tempest"],"picked":"SKIP","floor":6.0},{"not_picked":["Ball Lightning","Double Energy"],"picked":"Static Discharge","floor":8.0},{"not_picked":["Heatsinks","Steam Power"],"picked":"White Noise","floor":10.0},{"not_picked":["Steam Power","Streamline"],"picked":"Conserve Battery","floor":11.0},{"not_picked":["Force Field","Beam Cell"],"picked":"FTL","floor":12.0},{"not_picked":["Stack","Consume"],"picked":"Core Surge","floor":13.0},{"not_picked":["Rebound","Capacitor","Barrage"],"picked":"SKIP","floor":14.0},{"not_picked":["Thunder Strike","Hyperbeam"],"picked":"Rainbow","floor":16.0},{"not_picked":["Steam Power","Rebound"],"picked":"Steam","floor":18.0},{"not_picked":["Ball Lightning","Gash"],"picked":"Stack","floor":20.0}],"player_experience":597173,"relics_obtained":[{"floor":6.0,"key":"Bag of Marbles"},{"floor":9.0,"key":"Lantern"},{"floor":10.0,"key":"Oddly Smooth Stone"}],"event_choices":[{"damage_healed":0.0,"max_hp_gain":0.0,"max_hp_loss":0.0,"gold_gain":0.0,"cards_transformed":["Strike_B","Defend_B"],"event_name":"Drug Dealer","player_choice":"Became Test Subject","floor":19.0,"gold_loss":0.0,"damage_taken":0.0,"cards_obtained":["Reinforced Body","Steam Power"]}],"is_beta":false,"boss_relics":[{"not_picked":["Pandora\u0027s Box","SacredBark"],"picked":"Cursed Key"}],"items_purged_floors":[],"is_endless":false,"potions_floor_spawned":[1,6,8,10,16],"killed_by":"Centurion and Healer","ascension_level":19}}