{"host":"zxkjcgzis4pm3za5","time":1614003352,"event":{"mods":["2.2 Compatiblity","AchievementEnabler","BaseMod","Colored Map","Colored Powertips","Minty Spire (QoL Compilation)","Quick Restart","Random Character Button","Relic Filter Mod","Relic Sorter","Relic Stats","StSLib","ojb\u0027s Info Mod"],"gold_per_floor":[210,210,225,235,67,67,102,102,102,115,115,115,150,160,160,239,239,239,239,22,22,22,22,22,22,22,22,22,22,22,22,22,22,22],"floor_reached":33,"language":"ENG","playtime":1658,"items_purged":[],"score":684,"play_id":"c6b0d35f-3693-4c47-9479-c110834bcdce","local_time":"20210222194552","is_ascension_mode":true,"campfire_choices":[{"data":"Eruption","floor":6.0,"key":"SMITH"},{"data":"1","floor":8.0,"key":"LIFT"},{"data":"2","floor":11.0,"key":"LIFT"},{"data":"3","floor":15.0,"key":"LIFT"},{"floor":24,"key":"REST"},{"floor":32,"key":"REST"}],"circlet_count":0,"master_deck":["AscendersBane","Strike_P","Strike_P","Strike_P","Strike_P+1","Defend_P+1","Defend_P","Defend_P","Eruption+1","Vigilance+1","EmptyFist+1","BattleHymn","SashWhip","Establishment+1","FearNoEvil","Consecrate+1","LessonLearned+1","FlyingSleeves+1","Protect","Flash of Steel","FlurryOfBlows","Conclude+1","ThirdEye","LikeWater","EmptyMind","CutThroughFate+1","BowlingBash","Eruption","DeusExMachina"],"relics":["PureWater","Bag of Marbles","Girya","Thread and Needle","Anchor","Ectoplasm","Membership Card","InkBottle","Question Card","Mercury Hourglass","Whetstone"],"acts_visited":["Exordium","TheCity"],"potions_floor_usage":[19,23,25,28],"damage_taken":[{"damage":1.0,"enemies":"Small Slimes","floor":1.0,"turns":4.0},{"damage":0.0,"enemies":"Cultist","floor":3.0,"turns":2.0},{"damage":0.0,"enemies":"2 Louse","floor":4.0,"turns":2.0},{"damage":12.0,"enemies":"Gremlin Nob","floor":7.0,"turns":3.0},{"damage":2.0,"enemies":"Large Slime","floor":10.0,"turns":5.0},{"damage":19.0,"enemies":"3 Sentries","floor":13.0,"turns":5.0},{"damage":0.0,"enemies":"Exordium Wildlife","floor":14.0,"turns":1.0},{"damage":29.0,"enemies":"Slime Boss","floor":16.0,"turns":6.0},{"damage":0.0,"enemies":"Chosen","floor":18.0,"turns":2.0},{"damage":0,"enemies":"Shell Parasite","floor":19,"turns":2},{"damage":23,"enemies":"Shelled Parasite and Fungi","floor":21,"turns":3},{"damage":2,"enemies":"Snake Plant","floor":22,"turns":3},{"damage":24,"enemies":"Slavers","floor":23,"turns":3},{"damage":2,"enemies":"3 Cultists","floor":25,"turns":3},{"damage":16,"enemies":"Shelled Parasite and Fungi","floor":27,"turns":4},{"damage":0,"enemies":"Gremlin Leader","floor":28,"turns":5},{"damage":12,"enemies":"Slavers","floor":30,"turns":4},{"damage":59,"enemies":"Automaton","floor":33,"turns":6}],"seed_played":"-3584949924382880557","potions_obtained":[{"floor":4.0,"key":"Regen Potion"},{"floor":7.0,"key":"EssenceOfSteel"},{"floor":16.0,"key":"Explosive Potion"},{"floor":18.0,"key":"StancePotion"},{"floor":19,"key":"Energy Potion"},{"floor":22,"key":"Regen Potion"},{"floor":25,"key":"SteroidPotion"}],"is_trial":false,"path_per_floor":["M","?","M","M","$","R","E","R","T","M","R","?","E","M","R","B",null,"M","M","$","M","M","E","R","M","T","M","E","?","E","?","R","B"],"character_chosen":"WATCHER","items_purchased":["Bag of Marbles","Membership Card","Flash of Steel","FlurryOfBlows"],"campfire_rested":2,"item_purchase_floors":[5,20,20,20],"current_hp_per_floor":[60,60,60,60,60,60,48,48,48,46,46,46,27,27,27,7,53,53,53,53,30,28,13,33,31,31,15,15,29,17,17,37,0,0],"gold":22,"neow_bonus":"HUNDRED_GOLD","is_daily":false,"chose_seed":false,"campfire_upgraded":1,"win_rate":0.0,"timestamp":1614003352,"path_taken":["M","?","M","?","?","R","E","R","T","M","R","?","E","M","R","BOSS","M","M","$","M","M","E","R","M","T","M","E","?","E","?","R","BOSS"],"items_purchased_type":["Relic","Relic","Card","Card"],"build_version":"2020-12-22","purchased_purges":0,"victory":false,"max_hp_per_floor":[68,68,68,68,68,68,68,68,68,68,68,68,68,68,68,68,68,68,68,68,68,68,68,68,68,68,68,68,68,68,68,68,68,68],"relic_stats":{"counters":[18,63],"Ectoplasm":194,"Whetstone":["LessonLearned","Strike_P"],"Question Card":3,"obtain_stats":[{"Girya":7,"Anchor":13,"Thread and Needle":9,"Ectoplasm":17,"Bag of Marbles":5,"Membership Card":20,"Whetstone":30,"PureWater":0,"Question Card":26,"InkBottle":23,"Mercury Hourglass":28},{"Girya":4,"Anchor":6,"Thread and Needle":4,"Ectoplasm":8,"Bag of Marbles":3,"Membership Card":10,"Whetstone":17,"PureWater":0,"Question Card":14,"InkBottle":13,"Mercury Hourglass":16},{"Girya":11,"Anchor":21,"Thread and Needle":11,"Ectoplasm":28,"Bag of Marbles":8,"Membership Card":32,"Whetstone":57,"PureWater":0,"Question Card":44,"InkBottle":41,"Mercury Hourglass":53}],"InkBottle":[10],"Mercury Hourglass":[51]},"card_choices":[{"not_picked":["JustLucky","ReachHeaven"],"picked":"EmptyFist","floor":1.0},{"not_picked":["CarveReality","Indignation"],"picked":"BattleHymn","floor":3.0},{"not_picked":["WaveOfTheHand","CrushJoints"],"picked":"SashWhip","floor":4.0},{"not_picked":["BowlingBash","Wireheading"],"picked":"Establishment","floor":7.0},{"not_picked":["CrushJoints","WaveOfTheHand","Prostrate"],"picked":"SKIP","floor":10.0},{"not_picked":["Establishment","ReachHeaven"],"picked":"FearNoEvil","floor":13.0},{"not_picked":["JustLucky","FlurryOfBlows"],"picked":"Consecrate","floor":14.0},{"not_picked":["Establishment","DeusExMachina"],"picked":"LessonLearned","floor":16.0},{"not_picked":["Worship","CrushJoints"],"picked":"FlyingSleeves","floor":18.0},{"not_picked":["FlyingSleeves","Crescendo"],"picked":"Protect","floor":19},{"not_picked":["Pray","Protect"],"picked":"Conclude","floor":21},{"not_picked":["WindmillStrike","Protect"],"picked":"ThirdEye","floor":22},{"not_picked":["ReachHeaven","ThirdEye"],"picked":"LikeWater","floor":23},{"not_picked":["FearNoEvil","PathToVictory","CrushJoints"],"picked":"SKIP","floor":25},{"not_picked":["ClearTheMind+1","FlyingSleeves","ReachHeaven"],"picked":"EmptyMind","floor":27},{"not_picked":["Meditate","EmptyFist","FollowUp"],"picked":"CutThroughFate+1","floor":28},{"not_picked":["FlurryOfBlows","SignatureMove","CrushJoints"],"picked":"BowlingBash","floor":30}],"player_experience":417002,"relics_obtained":[{"floor":7.0,"key":"Girya"},{"floor":9.0,"key":"Thread and Needle"},{"floor":13.0,"key":"Anchor"},{"floor":23,"key":"InkBottle"},{"floor":26,"key":"Question Card"},{"floor":28,"key":"Mercury Hourglass"},{"floor":30,"key":"Whetstone"}],"event_choices":[{"cards_removed":["Defend_P"],"damage_healed":0.0,"max_hp_gain":0.0,"max_hp_loss":0.0,"gold_gain":0.0,"event_name":"Purifier","player_choice":"Purged","floor":2.0,"gold_loss":0.0,"damage_taken":0.0},{"damage_healed":0.0,"max_hp_gain":0.0,"max_hp_loss":0.0,"gold_gain":0.0,"event_name":"Liars Game","player_choice":"Ignored","floor":12.0,"gold_loss":0.0,"damage_taken":0.0},{"damage_healed":14,"gold_gain":0,"player_choice":"Heal","damage_taken":0,"max_hp_gain":0,"max_hp_loss":0,"event_name":"The Library","floor":29,"gold_loss":0},{"damage_healed":0,"gold_gain":0,"player_choice":"2 cards matched","damage_taken":0,"max_hp_gain":0,"max_hp_loss":0,"event_name":"Match and Keep!","floor":31,"gold_loss":0,"cards_obtained":["Eruption","DeusExMachina"]}],"is_beta":false,"boss_relics":[{"not_picked":["Pandora\u0027s Box","Velvet Choker"],"picked":"Ectoplasm"}],"items_purged_floors":[],"is_endless":false,"potions_floor_spawned":[4,7,16,18,19,22,25],"killed_by":"Automaton","ascension_level":20}}