{"host":"eulzxnrdu6fkr5bd","time":1614024468,"event":{"mods":["AchievementEnabler","Act Like it!","BaseMod","Beaked The Cultist","Colored Map","Colored Powertips","Downfall","Highlight Path","Infinite Spire","Jorbs\u0027s Wanderer Trilogy","Minty Spire (QoL Compilation)","Quick Restart","Replay The Spire","StSLib","The Construct","The Jungle"],"gold_per_floor":[118,118,64,64,75,104,116,144,144,172,172,185,212,212,212,312,312,322,342,358,70,70,70,95,95,122,122,122,122,141,154,154,249,249,259,259,259,259],"floor_reached":37,"language":"ENG","playtime":1179,"items_purged":[],"score":415,"play_id":"60becbed-ccf4-45b0-8646-1329e653336e","local_time":"20210222140748","is_ascension_mode":true,"campfire_choices":[{"data":"Flex","floor":11,"key":"SMITH"},{"data":"Flex","floor":15,"key":"SMITH"},{"data":"Sword Boomerang","floor":23,"key":"SMITH"},{"data":"Clash","floor":25,"key":"SMITH"},{"data":"Neutralize","floor":28,"key":"SMITH"},{"data":"Thunderclap","floor":32,"key":"SMITH"}],"circlet_count":0,"master_deck":["Strike_R","Strike_R","Strike_R","Strike_R","Strike_R","Defend_R+1","Defend_R","Defend_R+1","Flex+1","Flex+1","Sword Boomerang+1","Clash+1","Survivor","Neutralize+1","Thunderclap+1","infinitespire:OneForAll+1","Double Tap","infinitespire:UltimateForm"],"relics":["Black Blood","Dream Catcher","infinitespire:EmpoweringShard","Vajra","Odd Mushroom","Pen Nib","Painkiller Herb","Divine Protection","sneckomod:BabySnecko","War Paint","Smiling Mask"],"acts_visited":["Exordium","TheCity","TheBeyond"],"potions_floor_usage":[8,10,10,33,33,37,37,37],"damage_taken":[{"damage":8,"enemies":"2 Louse","floor":1,"turns":2},{"damage":11,"enemies":"Jaw Worm","floor":5,"turns":2},{"damage":38,"enemies":"3 Sentries","floor":6,"turns":10},{"damage":1,"enemies":"Cultist","floor":7,"turns":3},{"damage":14,"enemies":"Gremlin Nob","floor":8,"turns":3},{"damage":1,"enemies":"The Mushroom Lair","floor":10,"turns":3},{"damage":11,"enemies":"Large Slime","floor":12,"turns":2},{"damage":24,"enemies":"Hexaghost","floor":16,"turns":8},{"damage":0,"enemies":"Chosen","floor":18,"turns":2},{"damage":12,"enemies":"2 Thieves","floor":19,"turns":3},{"damage":10,"enemies":"Snake Plant","floor":20,"turns":2},{"damage":32,"enemies":"Gremlin Leader","floor":24,"turns":4},{"damage":0,"enemies":"Chosen and Byrds","floor":30,"turns":3},{"damage":0,"enemies":"Centurion and Healer","floor":31,"turns":3},{"damage":37,"enemies":"Champ","floor":33,"turns":7},{"damage":12,"enemies":"3 Darklings","floor":35,"turns":3},{"damage":12,"enemies":"infinitespire:Three Voidlings","floor":37,"turns":4},{"damage":87,"enemies":"Nightmare_Alpha","floor":37,"turns":9}],"seed_played":"5366805145727164733","potions_obtained":[{"floor":0,"key":"champ:CounterPotion"},{"floor":0,"key":"Toxic Potion"},{"floor":0,"key":"Block Potion"},{"floor":12,"key":"Swift Potion"},{"floor":16,"key":"SkillPotion"},{"floor":20,"key":"SpeedPotion"},{"floor":33,"key":"CultistPotion"},{"floor":35,"key":"BloodPotion"}],"is_trial":false,"path_per_floor":["M","?","$","?","M","E","M","E","T","?","R","M","T","?","R","B",null,"?","?","?","T","?","T","E","T","T","?","T","?","?","?","T","B",null,"?","?","?"],"character_chosen":"IRONCLAD","items_purchased":["Flex","Thunderclap","Divine Protection"],"campfire_rested":0,"item_purchase_floors":[3,21,21],"current_hp_per_floor":[78,78,78,78,73,41,46,38,38,43,43,38,38,38,38,20,80,80,74,70,70,70,70,44,44,44,44,44,44,50,56,56,25,80,80,60,0,0],"gold":259,"neow_bonus":"THREE_SMALL_POTIONS","is_daily":false,"chose_seed":false,"campfire_upgraded":6,"win_rate":0.0,"timestamp":1614024468,"path_taken":["M","?","$","?","?","E","M","E","T","?","R","M","?","?","R","BOSS","?","?","?","T","?","T","E","T","T","?","T","?","?","?","T","BOSS","?","?","?"],"items_purchased_type":["Card","Card","Relic"],"build_version":"2020-12-22","purchased_purges":0,"victory":false,"max_hp_per_floor":[80,80,80,80,80,80,80,80,80,80,80,80,80,80,80,80,80,80,80,80,80,80,80,80,80,80,80,80,80,80,80,80,80,80,80,80,80,80],"card_choices":[{"not_picked":["Cleave","Second Wind"],"picked":"Flex","floor":1},{"not_picked":["Shrug It Off","Iron Wave"],"picked":"Sword Boomerang","floor":5},{"not_picked":["ReplayTheSpireMod:Strike From Hell","Iron Wave","Heavy Blade"],"picked":"SKIP","floor":6},{"not_picked":["Cleave","Havoc","Body Slam"],"picked":"SKIP","floor":7},{"not_picked":["Searing Blow","Flex"],"picked":"Clash","floor":8},{"not_picked":["ReplayTheSpireMod:Strike From Hell","Cleave","Fiend Fire"],"picked":"SKIP","floor":12},{"not_picked":["Armaments","Spot Weakness+1","Feel No Pain"],"picked":"SKIP","floor":18},{"not_picked":["Iron Wave","Replay:Undeath\u0027s Touch","Second Wind"],"picked":"SKIP","floor":19},{"not_picked":["Iron Wave","Anger","Cleave"],"picked":"SKIP","floor":20},{"not_picked":["Armaments","Bloodletting","Warcry"],"picked":"SKIP","floor":24},{"not_picked":["Burning Pact","Body Slam","Heavy Blade"],"picked":"SKIP","floor":30},{"not_picked":["Feel No Pain","Body Slam"],"picked":"infinitespire:OneForAll+1","floor":31},{"not_picked":["Limit Break","Berserk"],"picked":"Double Tap","floor":33},{"not_picked":["Iron Wave","Battle Trance","Thunderclap+1"],"picked":"SKIP","floor":35},{"not_picked":["ReplayTheSpireMod:Chaos Vortex","infinitespire:Oblivion"],"picked":"infinitespire:UltimateForm","floor":36}],"player_experience":495772,"relics_obtained":[{"floor":6,"key":"Dream Catcher"},{"floor":8,"key":"infinitespire:EmpoweringShard"},{"floor":9,"key":"Vajra"},{"floor":10,"key":"Odd Mushroom"},{"floor":13,"key":"Pen Nib"},{"floor":24,"key":"War Paint"},{"floor":26,"key":"Smiling Mask"}],"event_choices":[{"damage_healed":0,"gold_gain":0,"player_choice":"Ignored","damage_taken":0,"max_hp_gain":0,"max_hp_loss":0,"event_name":"Liars Game","floor":2,"gold_loss":0},{"cards_removed":["Defend_R"],"damage_healed":0,"gold_gain":0,"player_choice":"Purged","damage_taken":0,"max_hp_gain":0,"max_hp_loss":0,"event_name":"Purifier","floor":4,"gold_loss":0},{"damage_healed":0,"gold_gain":0,"player_choice":"Fought Mushrooms","damage_taken":0,"max_hp_gain":0,"max_hp_loss":0,"event_name":"Mushrooms","floor":10,"gold_loss":0},{"damage_healed":0,"gold_gain":0,"player_choice":"Ignored","damage_taken":0,"max_hp_gain":0,"max_hp_loss":0,"event_name":"Vampires","floor":27,"gold_loss":0},{"cards_removed":["downfall:Bewildered"],"damage_healed":0,"gold_gain":0,"player_choice":"Removed Curses","damage_taken":0,"max_hp_gain":0,"max_hp_loss":0,"event_name":"Fountain of Cleansing","floor":29,"gold_loss":0}],"is_beta":false,"boss_relics":[{"not_picked":["Pandora\u0027s Box","Replay:Wanted Poster"],"picked":"Painkiller Herb"},{"not_picked":["infinitespire:Cupcake","Runic Pyramid"],"picked":"Black Blood"}],"items_purged_floors":[],"is_endless":false,"potions_floor_spawned":[5,12,16,20,33,35],"killed_by":"Nightmare_Alpha","ascension_level":1}}