{"host":"8rgpnls124hwjv5t","time":1614015550,"event":{"mods":["BaseMod","Colored Map","Colored Powertips","DeckTracker","Highlight Path","Minty Spire (QoL Compilation)","Permanent Neow","Quick Restart","Relic Stats","Shop Mod","StSLib"],"gold_per_floor":[115,80,97,97,97,130,130,165,189,1,20,64,80,98,98,189,189,165,181,181,72,90,134,44,44,44,44,63,63,63],"floor_reached":29,"language":"ENG","playtime":2365,"items_purged":[],"score":547,"play_id":"3a23576f-8985-4597-ad50-535b5dd9b885","local_time":"20210222123910","is_ascension_mode":true,"campfire_choices":[{"data":"Streamline","floor":7.0,"key":"SMITH"},{"data":"Apotheosis","floor":15,"key":"SMITH"},{"floor":25,"key":"REST"},{"floor":27,"key":"REST"}],"circlet_count":0,"master_deck":["AscendersBane","Strike_B","Strike_B","Strike_B","Strike_B","Defend_B","Defend_B","Defend_B","Defend_B","Zap","Dualcast","Skim","Streamline+1","Beam Cell","Fusion","Apotheosis+1","Tempest","Recycle","Creative AI","Ball Lightning","Consume","Defragment","Leap"],"relics":["Velvet Choker","Golden Idol","Omamori","HornCleat","Strawberry","Toy Ornithopter","Juzu Bracelet","SacredBark","Singing Bowl","Gambling Chip","Blue Candle"],"acts_visited":["Exordium","TheCity"],"potions_floor_usage":[19,23,28,28,29],"damage_taken":[{"damage":1.0,"enemies":"Cultist","floor":1.0,"turns":3.0},{"damage":9.0,"enemies":"Jaw Worm","floor":3.0,"turns":4.0},{"damage":13.0,"enemies":"Lagavulin","floor":6.0,"turns":6.0},{"damage":0.0,"enemies":"Gremlin Nob","floor":8.0,"turns":3.0},{"damage":0.0,"enemies":"Small Slimes","floor":11.0,"turns":2.0},{"damage":8.0,"enemies":"Lagavulin","floor":12.0,"turns":6.0},{"damage":5.0,"enemies":"Blue Slaver","floor":13.0,"turns":2.0},{"damage":1.0,"enemies":"Exordium Thugs","floor":14.0,"turns":3.0},{"damage":12,"enemies":"The Guardian","floor":16,"turns":11},{"damage":12,"enemies":"2 Thieves","floor":18,"turns":4},{"damage":10,"enemies":"Shell Parasite","floor":19,"turns":4},{"damage":16,"enemies":"Snake Plant","floor":22,"turns":3},{"damage":32,"enemies":"Book of Stabbing","floor":23,"turns":5},{"damage":47,"enemies":"Shelled Parasite and Fungi","floor":28,"turns":4},{"damage":27,"enemies":"Snecko","floor":29,"turns":3}],"seed_played":"4087665866975774028","potions_obtained":[{"floor":3.0,"key":"Block Potion"},{"floor":6.0,"key":"Energy Potion"},{"floor":8.0,"key":"DistilledChaos"},{"floor":18,"key":"EssenceOfSteel"},{"floor":23,"key":"Strength Potion"},{"floor":28,"key":"Explosive Potion"}],"is_trial":false,"path_per_floor":["M","?","M","?","?","E","R","E","T","$","M","E","M","M","R","B",null,"M","M","?","$","M","E","$","R","T","R","M","M"],"character_chosen":"DEFECT","items_purchased":["Apotheosis","FocusPotion","Ball Lightning","Defragment"],"campfire_rested":2,"item_purchase_floors":[10,21,21,24],"current_hp_per_floor":[63,71,62,62,57,44,44,51,51,51,51,43,38,42,42,30,61,49,44,44,44,30,3,3,24,24,45,8,0,0],"gold":63,"neow_bonus":"BOSS_RELIC","is_daily":false,"chose_seed":false,"campfire_upgraded":2,"win_rate":0.0,"timestamp":1614015550,"path_taken":["M","?","M","?","?","E","R","E","T","$","M","E","M","M","R","BOSS","M","M","?","?","M","E","$","R","T","R","M","M"],"items_purchased_type":["Card","Potion","Card","Card"],"build_version":"2020-12-22","purchased_purges":0,"victory":false,"max_hp_per_floor":[71,71,71,64,64,64,64,71,71,71,71,71,71,71,71,71,71,71,71,71,71,73,73,73,73,73,73,73,73,73],"relic_stats":{"Singing Bowl":2,"counters":[15,63],"Golden Idol":75,"Gambling Chip":[8],"Blue Candle":[0],"Juzu Bracelet":0,"obtain_stats":[{"HornCleat":6,"Singing Bowl":20,"Golden Idol":4,"Strawberry":8,"SacredBark":17,"Gambling Chip":23,"Blue Candle":26,"Velvet Choker":0,"Omamori":5,"Juzu Bracelet":12,"Cracked Core":0,"Toy Ornithopter":9},{"HornCleat":3,"Singing Bowl":11,"Golden Idol":2,"Strawberry":4,"SacredBark":9,"Gambling Chip":13,"Blue Candle":13,"Velvet Choker":0,"Omamori":2,"Juzu Bracelet":6,"Cracked Core":0,"Toy Ornithopter":4},{"HornCleat":13,"Singing Bowl":48,"Golden Idol":7,"Strawberry":16,"SacredBark":40,"Gambling Chip":56,"Blue Candle":56,"Velvet Choker":0,"Omamori":7,"Juzu Bracelet":24,"Cracked Core":0,"Toy Ornithopter":16}],"Toy Ornithopter":30},"card_choices":[{"not_picked":["Beam Cell","Blizzard"],"picked":"Skim","floor":1.0},{"not_picked":["Coolheaded","Genetic Algorithm"],"picked":"Streamline","floor":3.0},{"not_picked":["Chill","Hello World"],"picked":"Beam Cell","floor":6.0},{"not_picked":["Heatsinks","Aggregate"],"picked":"Fusion","floor":8.0},{"not_picked":["Turbo","Gash","Rebound"],"picked":"SKIP","floor":11.0},{"not_picked":["Darkness","Beam Cell"],"picked":"Tempest","floor":12.0},{"not_picked":["Barrage","Redo"],"picked":"Streamline","floor":13.0},{"not_picked":["Barrage","Stack"],"picked":"Recycle","floor":14.0},{"not_picked":["Reboot","Multi-Cast"],"picked":"Creative AI","floor":16},{"not_picked":["Melter+1","Barrage","Darkness"],"picked":"SKIP","floor":18},{"not_picked":["Beam Cell","Go for the Eyes","Darkness"],"picked":"SKIP","floor":19},{"not_picked":["Rebound","White Noise","Scrape"],"picked":"Singing Bowl","floor":22},{"not_picked":["Ball Lightning+1","Beam Cell+1"],"picked":"Consume","floor":23},{"not_picked":["Fusion","BootSequence"],"picked":"Leap","floor":28}],"player_experience":626584,"relics_obtained":[{"floor":6.0,"key":"HornCleat"},{"floor":8.0,"key":"Strawberry"},{"floor":9.0,"key":"Toy Ornithopter"},{"floor":12.0,"key":"Juzu Bracelet"},{"floor":23,"key":"Gambling Chip"},{"floor":26,"key":"Blue Candle"}],"event_choices":[{"damage_healed":17.0,"max_hp_gain":0.0,"max_hp_loss":0.0,"gold_gain":0.0,"event_name":"The Cleric","player_choice":"Healed","floor":2.0,"gold_loss":35.0,"damage_taken":0.0},{"damage_healed":0.0,"max_hp_gain":0.0,"max_hp_loss":7.0,"gold_gain":0.0,"event_name":"Golden Idol","player_choice":"Lose Max HP","floor":4.0,"gold_loss":0.0,"damage_taken":0.0,"relics_obtained":["Golden Idol"]},{"damage_healed":0.0,"max_hp_gain":0.0,"max_hp_loss":0.0,"gold_gain":0.0,"event_name":"Scrap Ooze","player_choice":"Success","floor":5.0,"gold_loss":0.0,"damage_taken":5.0,"relics_obtained":["Omamori"]},{"cards_removed":["Streamline"],"damage_healed":0,"gold_gain":0,"player_choice":"Gave Card","damage_taken":0,"relics_obtained":["Singing Bowl"],"max_hp_gain":0,"max_hp_loss":0,"event_name":"WeMeetAgain","floor":20,"gold_loss":0}],"is_beta":false,"boss_relics":[{"not_picked":["Sozu","Astrolabe"],"picked":"SacredBark"}],"items_purged_floors":[],"is_endless":false,"potions_floor_spawned":[3,6,8,13,18,23,28],"killed_by":"Snecko","ascension_level":18}}