{"host":"85hbogzbhbjx716d","time":1614037239,"event":{"mods":["BaseMod","Bestiary","Better Match","Better Note","Colored Map","Colored Powertips","Curses Come First","Minty Spire (QoL Compilation)","Permanent Neow","Shop Mod","StSLib","SuperFastMode"],"gold_per_floor":[116,116,116,131,151,151,182,182,182,182,193,39,64,81,81,179,179,190,190,115,14,33,33,44,44,44,77,152,166,166,200,200,303,303,313,313,313,327,346,372,383,383,383,383,383,394,408,418,418,418,418],"floor_reached":50,"language":"ENG","playtime":3590,"items_purged":[],"score":572,"play_id":"89959f39-5581-4485-9064-704765ed1e14","local_time":"20210222184039","is_ascension_mode":false,"campfire_choices":[{"data":"Carnage","floor":6,"key":"SMITH"},{"floor":8,"key":"REST"},{"floor":10,"key":"RECALL"},{"data":"Feed","floor":15,"key":"SMITH"},{"data":"Immolate","floor":23,"key":"SMITH"},{"floor":25,"key":"REST"},{"data":"Seeing Red","floor":30,"key":"SMITH"},{"floor":32,"key":"REST"},{"floor":42,"key":"REST"},{"floor":45,"key":"REST"},{"floor":49,"key":"REST"}],"circlet_count":0,"master_deck":["Strike_R","Strike_R","Strike_R+1","Defend_R","Defend_R","Defend_R","Carnage+1","Wild Strike","Clothesline+1","Seeing Red+1","Feed+1","Inflame+1","Immolate+1","Feed","Body Slam","Intimidate","Shockwave+1","Flex","Brutality+1","Headbutt+1","Fire Breathing+1","Reaper","Blood for Blood+1","Iron Wave+1","Infernal Blade+1","Hemokinesis+1","Rupture+1","Demon Form+1","Ghostly Armor"],"relics":["Burning Blood","Potion Belt","Matryoshka","Whetstone","Frozen Egg 2","Bottled Flame","Velvet Choker","Smiling Mask","Paper Frog","Letter Opener","Boot","Fusion Hammer","Ginger"],"acts_visited":["Exordium","TheCity","TheBeyond"],"potions_floor_usage":[16,27,31,33,33,33,39,40,50],"damage_taken":[{"damage":2,"enemies":"2 Louse","floor":1,"turns":3},{"damage":0,"enemies":"Cultist","floor":4,"turns":2},{"damage":0,"enemies":"Small Slimes","floor":5,"turns":4},{"damage":35,"enemies":"3 Sentries","floor":7,"turns":9},{"damage":7,"enemies":"3 Louse","floor":11,"turns":3},{"damage":13,"enemies":"Lagavulin","floor":13,"turns":5},{"damage":10,"enemies":"Looter","floor":14,"turns":2},{"damage":63,"enemies":"The Guardian","floor":16,"turns":11},{"damage":2,"enemies":"Chosen","floor":18,"turns":3},{"damage":15,"enemies":"2 Thieves","floor":22,"turns":4},{"damage":30,"enemies":"Snake Plant","floor":24,"turns":3},{"damage":25,"enemies":"Book of Stabbing","floor":27,"turns":3},{"damage":1,"enemies":"3 Cultists","floor":29,"turns":2},{"damage":10,"enemies":"Slavers","floor":31,"turns":2},{"damage":66,"enemies":"Champ","floor":33,"turns":11},{"damage":12,"enemies":"Orb Walker","floor":35,"turns":3},{"damage":35,"enemies":"3 Shapes","floor":38,"turns":5},{"damage":34,"enemies":"3 Darklings","floor":39,"turns":4},{"damage":69,"enemies":"Reptomancer","floor":40,"turns":5},{"damage":12,"enemies":"Sphere and 2 Shapes","floor":41,"turns":3},{"damage":33,"enemies":"Writhing Mass","floor":46,"turns":4},{"damage":14,"enemies":"Jaw Worm Horde","floor":47,"turns":3},{"damage":25,"enemies":"Sphere and 2 Shapes","floor":48,"turns":4},{"damage":98,"enemies":"Awakened One","floor":50,"turns":5}],"seed_played":"4786120915055918023","potions_obtained":[{"floor":4,"key":"Explosive Potion"},{"floor":14,"key":"FearPotion"},{"floor":16,"key":"HeartOfIron"},{"floor":22,"key":"ColorlessPotion"},{"floor":24,"key":"ColorlessPotion"},{"floor":27,"key":"DistilledChaos"},{"floor":33,"key":"SpeedPotion"},{"floor":35,"key":"DistilledChaos"},{"floor":38,"key":"EssenceOfSteel"},{"floor":47,"key":"CultistPotion"},{"floor":48,"key":"SkillPotion"}],"is_trial":false,"path_per_floor":["M","?","?","M","M","R","E","R","T","R","M","$","E","M","R","B",null,"M","?","?","$","M","R","M","R","T","E","?","M","R","E","R","B",null,"M","?","?","M","M","E","M","R","T","?","R","M","M","M","R","B"],"character_chosen":"IRONCLAD","items_purchased":["Feed","FairyPotion"],"campfire_rested":6,"item_purchase_floors":[12,21],"current_hp_per_floor":[80,73,73,79,80,80,51,75,75,75,74,74,70,66,66,9,83,83,83,83,83,78,78,57,84,84,65,56,61,61,60,87,27,93,90,90,90,65,55,10,36,66,66,56,86,62,57,45,78,0,0],"gold":418,"neow_bonus":"RANDOM_COMMON_RELIC","is_daily":false,"chose_seed":false,"campfire_upgraded":4,"win_rate":0.0,"timestamp":1614037239,"path_taken":["M","?","?","M","M","R","E","R","T","R","?","?","E","M","R","BOSS","M","?","?","$","M","R","?","R","T","E","?","M","R","E","R","BOSS","M","?","?","?","M","E","M","R","T","?","R","?","?","M","R","BOSS"],"items_purchased_type":["Card","Potion"],"build_version":"2020-12-22","purchased_purges":0,"victory":false,"max_hp_per_floor":[80,80,80,80,80,80,80,80,80,80,80,80,83,83,83,83,83,83,83,83,83,87,87,90,90,90,90,90,90,90,93,93,93,93,96,96,96,100,100,100,100,100,100,100,100,103,106,113,113,116,116],"card_choices":[{"not_picked":["Wild Strike","Perfected Strike"],"picked":"Carnage","floor":1},{"not_picked":["Anger","Havoc"],"picked":"Shrug It Off","floor":4},{"not_picked":["Sentinel","Heavy Blade"],"picked":"Wild Strike","floor":5},{"not_picked":["Headbutt","Anger"],"picked":"Clothesline","floor":7},{"not_picked":["Whirlwind","Clash"],"picked":"Seeing Red","floor":11},{"not_picked":["True Grit","Reckless Charge","Inflame+1"],"picked":"SKIP","floor":13},{"not_picked":["True Grit","Reckless Charge"],"picked":"Inflame+1","floor":13},{"not_picked":["Clothesline","Sentinel"],"picked":"Immolate","floor":14},{"not_picked":["Immolate","Corruption+1"],"picked":"Feed","floor":16},{"not_picked":["Sever Soul","Iron Wave"],"picked":"Body Slam","floor":18},{"not_picked":["Burning Pact+1","Searing Blow+1"],"picked":"Shockwave+1","floor":20},{"not_picked":["Anger","Heavy Blade+1"],"picked":"Flex","floor":22},{"not_picked":["Iron Wave+1","Combust+1"],"picked":"Brutality+1","floor":24},{"not_picked":["Sword Boomerang","Warcry","Twin Strike"],"picked":"SKIP","floor":27},{"not_picked":["Twin Strike","Sword Boomerang"],"picked":"Headbutt+1","floor":29},{"not_picked":["Brutality+1","Feel No Pain+1"],"picked":"Fire Breathing+1","floor":31},{"not_picked":["Bludgeon","Feed"],"picked":"Reaper","floor":33},{"not_picked":["Sword Boomerang+1","Burning Pact"],"picked":"Blood for Blood+1","floor":35},{"not_picked":["Twin Strike+1","Perfected Strike"],"picked":"Iron Wave+1","floor":38},{"not_picked":["Second Wind","Heavy Blade+1"],"picked":"Infernal Blade+1","floor":39},{"not_picked":["Body Slam+1","Whirlwind"],"picked":"Hemokinesis+1","floor":40},{"not_picked":["Flex+1","Blood for Blood"],"picked":"Rupture+1","floor":41},{"not_picked":["Flex","Clash","Armaments"],"picked":"SKIP","floor":46},{"not_picked":["Disarm+1","Headbutt+1"],"picked":"Demon Form+1","floor":47},{"not_picked":["Whirlwind","Headbutt"],"picked":"Ghostly Armor","floor":48}],"player_experience":278228,"relics_obtained":[{"floor":7,"key":"Matryoshka"},{"floor":9,"key":"Whetstone"},{"floor":9,"key":"Frozen Egg 2"},{"floor":13,"key":"Bottled Flame"},{"floor":26,"key":"Smiling Mask"},{"floor":26,"key":"Paper Frog"},{"floor":27,"key":"Letter Opener"},{"floor":31,"key":"Boot"},{"floor":40,"key":"Ginger"}],"event_choices":[{"cards_removed":["Strike_R"],"damage_healed":0,"gold_gain":0,"player_choice":"Card Removal","damage_taken":7,"max_hp_gain":0,"max_hp_loss":0,"event_name":"Golden Wing","floor":2,"gold_loss":0},{"cards_removed":["Defend_R"],"damage_healed":0,"gold_gain":0,"player_choice":"Purged","damage_taken":0,"max_hp_gain":0,"max_hp_loss":0,"event_name":"Purifier","floor":3,"gold_loss":0},{"damage_healed":0,"gold_gain":0,"cards_transformed":["Strike_R"],"player_choice":"Transformed","damage_taken":0,"max_hp_gain":0,"max_hp_loss":0,"event_name":"Transmorgrifier","floor":19,"gold_loss":0,"cards_obtained":["Intimidate"]},{"damage_healed":0,"gold_gain":0,"player_choice":"2","damage_taken":0,"max_hp_gain":0,"max_hp_loss":0,"event_name":"betterMatch:BetterMatch","floor":20,"gold_loss":0,"cards_obtained":["betterMatch:UncommonCard"]},{"damage_healed":0,"gold_gain":75,"player_choice":"Touch","damage_taken":9,"max_hp_gain":0,"max_hp_loss":0,"event_name":"FaceTrader","floor":28,"gold_loss":0},{"cards_removed":["Shrug It Off"],"damage_healed":0,"gold_gain":0,"player_choice":"Removed Skill","damage_taken":0,"max_hp_gain":0,"max_hp_loss":0,"event_name":"Falling","floor":36,"gold_loss":0},{"cards_removed":["Bash"],"damage_healed":0,"gold_gain":0,"player_choice":"Offered Basic","damage_taken":0,"max_hp_gain":0,"max_hp_loss":0,"event_name":"Bonfire Elementals","floor":37,"gold_loss":0},{"damage_healed":0,"gold_gain":0,"player_choice":"Damaged","damage_taken":10,"max_hp_gain":0,"max_hp_loss":0,"event_name":"Wheel of Change","floor":44,"gold_loss":0}],"is_beta":false,"boss_relics":[{"not_picked":["Pandora\u0027s Box","Runic Pyramid"],"picked":"Velvet Choker"},{"not_picked":["Runic Dome","Coffee Dripper"],"picked":"Fusion Hammer"}],"items_purged_floors":[],"is_endless":false,"potions_floor_spawned":[4,14,16,22,24,27,33,35,38,47,48],"killed_by":"Awakened One","ascension_level":0}}