{"host":"11728qvdvolffudn","time":1614026227,"event":{"mods":["BaseMod","Block Reminder","Colored Powertips","Curses Come First","Custom Start","Displayed Cursed Tome","Highlight Path","Minty Spire (QoL Compilation)","Permanent Neow","Quick Restart","Rare Cards Sparkle","Relic Stats","StSLib","Weighted Paths"],"gold_per_floor":[118,138,138,154,4,4,22,22,22,35,65,65,83,83,83,180,180,196,216,216,216,231,231,11,28,28,28,56,72,72,107,107,107,107],"floor_reached":33,"language":"ENG","playtime":2048,"items_purged":["Strike_R"],"score":373,"play_id":"07ae7e43-7e76-4d4d-9ebf-a3ec76d384f5","local_time":"20210222203707","is_ascension_mode":true,"campfire_choices":[{"data":"Cleave","floor":6,"key":"SMITH"},{"data":"Infernal Blade","floor":8,"key":"SMITH"},{"data":"Immolate","floor":12,"key":"SMITH"},{"data":"Defend_R","floor":15,"key":"SMITH"},{"data":"Limit Break","floor":23,"key":"SMITH"},{"data":"Flex","floor":27,"key":"SMITH"},{"data":"Defend_R","floor":30,"key":"SMITH"},{"floor":32,"key":"REST"}],"circlet_count":0,"master_deck":["Strike_R","Strike_R","Strike_R","Strike_R","Defend_R+1","Defend_R","Defend_R+1","Defend_R","Bash","Cleave+1","Infernal Blade+1","Shrug It Off","Immolate+1","Limit Break+1","Flex+1","Cleave+1","Cleave","Battle Trance"],"relics":["Burning Blood","Bronze Scales","Kunai","Anchor","Vajra","Red Skull","Runic Pyramid","Enchiridion","Happy Flower","Champion Belt","Oddly Smooth Stone","Blood Vial"],"acts_visited":["Exordium","TheCity"],"potions_floor_usage":[16,16,16,22,29,31,33],"damage_taken":[{"damage":2,"enemies":"Jaw Worm","floor":1,"turns":3},{"damage":2,"enemies":"2 Louse","floor":2,"turns":2},{"damage":1,"enemies":"Cultist","floor":4,"turns":3},{"damage":0,"enemies":"Exordium Wildlife","floor":7,"turns":3},{"damage":0,"enemies":"3 Louse","floor":10,"turns":2},{"damage":25,"enemies":"Lagavulin","floor":11,"turns":5},{"damage":0,"enemies":"Red Slaver","floor":13,"turns":2},{"damage":13,"enemies":"Hexaghost","floor":16,"turns":8},{"damage":12,"enemies":"3 Byrds","floor":18,"turns":3},{"damage":11,"enemies":"2 Thieves","floor":19,"turns":3},{"damage":2,"enemies":"Chosen and Byrds","floor":22,"turns":2},{"damage":0,"enemies":"3 Cultists","floor":25,"turns":3},{"damage":8,"enemies":"Gremlin Leader","floor":28,"turns":3},{"damage":2,"enemies":"Centurion and Healer","floor":29,"turns":4},{"damage":20,"enemies":"Slavers","floor":31,"turns":3},{"damage":79,"enemies":"Automaton","floor":33,"turns":7}],"seed_played":"-9165592928393463378","potions_obtained":[{"floor":2,"key":"Block Potion"},{"floor":11,"key":"ElixirPotion"},{"floor":13,"key":"Regen Potion"},{"floor":14,"key":"LiquidBronze"},{"floor":18,"key":"LiquidMemories"},{"floor":25,"key":"Fruit Juice"},{"floor":28,"key":"Explosive Potion"},{"floor":31,"key":"Swift Potion"}],"is_trial":false,"path_per_floor":["M","M","?","M","$","R","M","R","T","M","E","R","M","?","R","B",null,"M","M","?","?","M","R","$","M","T","R","E","M","R","E","R","B"],"character_chosen":"IRONCLAD","items_purchased":["Anchor","Happy Flower"],"campfire_rested":1,"item_purchase_floors":[5,24],"current_hp_per_floor":[76,80,47,52,52,52,58,58,58,64,45,45,51,51,51,59,75,69,64,64,48,52,52,52,58,58,58,56,65,65,51,76,0,0],"gold":107,"neow_bonus":"RANDOM_COMMON_RELIC","is_daily":false,"chose_seed":false,"campfire_upgraded":7,"win_rate":0.0,"timestamp":1614026227,"path_taken":["M","M","?","M","$","R","M","R","T","M","E","R","M","?","R","BOSS","M","?","?","?","M","R","?","M","T","R","E","?","R","E","R","BOSS"],"items_purchased_type":["Relic","Relic"],"build_version":"2020-12-22","purchased_purges":1,"victory":false,"max_hp_per_floor":[80,80,80,80,80,80,80,80,80,80,80,80,80,80,80,80,80,80,80,80,80,80,80,80,80,80,80,80,85,85,85,85,85,85],"relic_stats":{"Blood Vial":2,"Happy Flower":[6],"counters":[16,56],"Bronze Scales":[170],"Kunai":[14],"Champion Belt":[2],"obtain_stats":[{"Blood Vial":31,"Anchor":5,"Happy Flower":24,"Bronze Scales":0,"Vajra":9,"Enchiridion":21,"Oddly Smooth Stone":28,"Kunai":3,"Champion Belt":26,"Burning Blood":0,"Red Skull":11,"Runic Pyramid":17},{"Blood Vial":15,"Anchor":3,"Happy Flower":11,"Bronze Scales":0,"Vajra":4,"Enchiridion":10,"Oddly Smooth Stone":13,"Kunai":2,"Champion Belt":12,"Burning Blood":0,"Red Skull":6,"Runic Pyramid":8},{"Blood Vial":49,"Anchor":8,"Happy Flower":36,"Bronze Scales":0,"Vajra":11,"Enchiridion":34,"Oddly Smooth Stone":42,"Kunai":5,"Champion Belt":39,"Burning Blood":0,"Red Skull":18,"Runic Pyramid":28}],"Burning Blood":90},"card_choices":[{"not_picked":["Ghostly Armor","Body Slam"],"picked":"Cleave","floor":1},{"not_picked":["Headbutt","Heavy Blade","Wild Strike"],"picked":"SKIP","floor":2},{"not_picked":["Armaments","Rage","Anger"],"picked":"SKIP","floor":4},{"not_picked":["Shrug It Off","Burning Pact"],"picked":"Infernal Blade","floor":7},{"not_picked":["Combust","Dual Wield"],"picked":"Shrug It Off","floor":10},{"not_picked":["Second Wind","Evolve"],"picked":"Immolate","floor":11},{"not_picked":["Dropkick","Wild Strike","Hemokinesis"],"picked":"SKIP","floor":13},{"not_picked":["Brutality","Exhume"],"picked":"Limit Break","floor":16},{"not_picked":["Armaments","Clothesline","Body Slam+1"],"picked":"SKIP","floor":18},{"not_picked":["Havoc","Uppercut+1","Armaments"],"picked":"SKIP","floor":19},{"not_picked":["Clothesline+1","Blood for Blood","Shrug It Off+1"],"picked":"SKIP","floor":22},{"not_picked":["Heavy Blade","Ghostly Armor"],"picked":"Cleave+1","floor":25},{"not_picked":["Sword Boomerang","Berserk"],"picked":"Cleave","floor":28},{"not_picked":["Uppercut","Entrench+1","Perfected Strike"],"picked":"SKIP","floor":29},{"not_picked":["Impervious","Pommel Strike"],"picked":"Battle Trance","floor":31}],"player_experience":233514,"relics_obtained":[{"floor":9,"key":"Vajra"},{"floor":11,"key":"Red Skull"},{"floor":26,"key":"Champion Belt"},{"floor":28,"key":"Oddly Smooth Stone"},{"floor":31,"key":"Blood Vial"}],"event_choices":[{"damage_healed":0,"gold_gain":0,"player_choice":"Success","damage_taken":33,"relics_obtained":["Kunai"],"max_hp_gain":0,"max_hp_loss":0,"event_name":"Scrap Ooze","floor":3,"gold_loss":0},{"damage_healed":0,"gold_gain":0,"player_choice":"Got Potions","damage_taken":0,"max_hp_gain":0,"max_hp_loss":0,"event_name":"Lab","floor":14,"gold_loss":0},{"damage_healed":0,"gold_gain":0,"player_choice":"Read","damage_taken":0,"max_hp_gain":0,"max_hp_loss":0,"event_name":"The Library","floor":20,"gold_loss":0,"cards_obtained":["Flex"]},{"damage_healed":0,"gold_gain":0,"player_choice":"Obtained Book","damage_taken":16,"max_hp_gain":0,"max_hp_loss":0,"event_name":"Cursed Tome","floor":21,"gold_loss":0}],"is_beta":false,"boss_relics":[{"not_picked":["Cursed Key","Runic Dome"],"picked":"Runic Pyramid"}],"items_purged_floors":[24],"is_endless":false,"potions_floor_spawned":[2,11,13,18,25,28,31],"killed_by":"Automaton","ascension_level":6}}