{"host":"kaame4qwxxqnygv7","time":1614000802,"event":{"mods":["AchievementEnabler","BaseMod","Better Match","Better Skull","Better Third Choice","BetterRewards","Block Reminder","Bossed Relics","DeckTracker","Energized Spire","GungeonMod","Minty Spire (QoL Compilation)","Quick Restart","Red Circlet Mod","StSLib","SuperFastMode","The Blue Laboratory"],"gold_per_floor":[111,111,138,161,161,161,111,142,217,253,253,253,328,52,52,52,52],"floor_reached":16,"language":"KOR","playtime":470,"items_purged":["Strike_G"],"score":187,"play_id":"e61bd0f5-e930-49d7-99b0-0cf43ff20968","local_time":"20210222223322","is_ascension_mode":true,"campfire_choices":[{"floor":6,"key":"REST"},{"floor":12,"key":"REST"},{"floor":15,"key":"REST"}],"circlet_count":0,"master_deck":["Strike_G","Strike_G","Defend_G","Defend_G","Defend_G","Defend_G","Defend_G","Survivor","Neutralize","Blade Dance"],"relics":["Ring of the Snake","TungstenRod","DemoMod:BigBoy","DemoMod:GnawedKey","Blood Vial","Golden Idol","DemoMod:WeirdEgg","Happy Flower","Meat on the Bone","Ginger","PreservedInsect"],"acts_visited":["Exordium"],"potions_floor_usage":[16],"damage_taken":[{"damage":0,"enemies":"Small Slimes","floor":1,"turns":3},{"damage":4,"enemies":"Jaw Worm","floor":4,"turns":5},{"damage":0,"enemies":"Gremlin Nob","floor":8,"turns":2},{"damage":53,"enemies":"Lagavulin","floor":10,"turns":10},{"damage":37,"enemies":"Slime Boss","floor":16,"turns":9}],"seed_played":"-1937075084178702641","potions_obtained":[],"is_trial":false,"path_per_floor":["M","?","T","M","?","R","?","E","T","E","?","R","?","$","R","B"],"character_chosen":"THE_SILENT","items_purchased":["TungstenRod","DemoMod:GnawedKey","Blade Dance","Blood Vial","PreservedInsect","Strength Potion"],"campfire_rested":3,"item_purchase_floors":[0,0,0,0,14,14],"current_hp_per_floor":[33,33,33,31,31,52,52,54,54,15,9,30,20,20,41,6,6],"gold":52,"neow_bonus":"","is_daily":false,"chose_seed":false,"campfire_upgraded":0,"win_rate":0.0,"timestamp":1614000802,"path_taken":["M","?","?","?","?","R","?","E","T","E","?","R","?","$","R","BOSS"],"items_purchased_type":["Relic","Relic","Card","Relic","Relic","Potion"],"build_version":"2020-12-22","purchased_purges":1,"victory":false,"max_hp_per_floor":[70,70,70,70,70,70,70,70,70,70,70,70,70,70,70,70,70],"card_choices":[{"not_picked":["Dash","Reflex","Dagger Throw"],"picked":"SKIP","floor":1},{"not_picked":["Escape Plan","Caltrops","Deadly Poison"],"picked":"SKIP","floor":4},{"not_picked":["Choke","Flechettes","Acrobatics"],"picked":"SKIP","floor":8},{"not_picked":["Noxious Fumes","Masterful Stab","Terror"],"picked":"SKIP","floor":10}],"player_experience":318562,"relics_obtained":[{"floor":3,"key":"DemoMod:WeirdEgg"},{"floor":8,"key":"Happy Flower"},{"floor":9,"key":"Meat on the Bone"},{"floor":10,"key":"Ginger"}],"event_choices":[{"damage_healed":0,"gold_gain":0,"player_choice":"Take Wound","damage_taken":0,"relics_obtained":["Golden Idol"],"max_hp_gain":0,"max_hp_loss":0,"event_name":"Golden Idol","floor":2,"gold_loss":0,"cards_obtained":["Injury"]},{"cards_removed":["Injury"],"damage_healed":0,"gold_gain":0,"player_choice":"Forget","damage_taken":0,"max_hp_gain":0,"max_hp_loss":0,"event_name":"Living Wall","floor":5,"gold_loss":0},{"cards_removed":["Strike_G"],"damage_healed":0,"gold_gain":0,"player_choice":"Card Removal","damage_taken":0,"max_hp_gain":0,"max_hp_loss":0,"event_name":"The Cleric","floor":7,"gold_loss":50},{"cards_removed":["Strike_G"],"damage_healed":0,"gold_gain":0,"player_choice":"Card Removal","damage_taken":7,"max_hp_gain":0,"max_hp_loss":0,"event_name":"Golden Wing","floor":11,"gold_loss":0},{"damage_healed":0,"gold_gain":75,"player_choice":"Gold","damage_taken":11,"max_hp_gain":0,"max_hp_loss":0,"event_name":"betterThird:BetterGoop","floor":13,"gold_loss":0}],"is_beta":false,"boss_relics":[],"items_purged_floors":[14],"is_endless":false,"potions_floor_spawned":[],"killed_by":"Slime Boss","ascension_level":9}}