{"host":"i391n33tccqevi90","time":1614034342,"event":{"mods":["2.2 Compatiblity","AchievementEnabler","AlwaysNeverKeys","BaseMod","Better Third Choice","Conspire","Emptier Cage","Filter the Spire","Grow up Mod","Hubris","Minty Spire (QoL Compilation)","Remove Card Discount Mod","Replay The Spire","Spicy Shops","StSLib"],"gold_per_floor":[113,129,129,129,142,178,178,212,288,288,308,308,308,40,40,168,168,200,200,200,224,224,224,246,291,291,73,73,100,126,142,142,239,239,260,16,16,34,1,1,13,36,36,59,59,87,79,79,79,91,91,91,16,64,66],"floor_reached":56,"language":"ENG","playtime":5234,"items_purged":["hubris:SpecializedCircuitry","Clumsy","Defend_B","Strike_B","Defend_B"],"score":1853,"play_id":"d4fd67fe-a682-499a-a46c-850ebb59efad","local_time":"20210222165222","is_ascension_mode":true,"campfire_choices":[{"floor":7,"key":"REST"},{"floor":10,"key":"DIG"},{"floor":12,"key":"DIG"},{"floor":23,"key":"DIG"},{"floor":28,"key":"DIG"},{"floor":32,"key":"DIG"},{"floor":40,"key":"DIG"},{"floor":45,"key":"DIG"},{"data":"Fission","floor":49,"key":"SMITH"},{"floor":52,"key":"DIG"}],"circlet_count":0,"master_deck":["AscendersBane","Strike_B","Strike_B","Defend_B","Defend_B","Zap","Dualcast","hubris:DoWhile+1","Turbo","Rip and Tear","Conserve Battery+1","conspire:Rain","Genetic Algorithm","Blizzard","BasicCrystalCard+1","Redo","hubris:DuctTapeCard","Loop","Cold Snap","Aggregate","Mirror Shield+1","Fission+1","ReplayTheSpireMod:GoodbyeWorld+1","Madness","Madness","Go for the Eyes+1","ReplayTheSpireMod:IOU","Ball Lightning","Glacier+1","Coolheaded","Crystallizer","ReplayTheSpireMod:Dual Polarity+1"],"relics":["Cracked Core","Bloody Idol","Shovel","Anchor","Pantograph","Bag of Marbles","hubris:BallOfYels","Replay:Bandana","conspire:SeveredTorchhead","Eternal Feather","hubris:BottledHeart","Mirror","Vajra","hubris:DuctTape","Runic Capacitor","White Beast Statue","Happy Flower","hubris:RunicObelisk","hubris:DeckOfHolding","ReplayTheSpireMod:CursedCoin","Iron Hammer","Guide Book","Smiling Mask","Bird Faced Urn","Dream Catcher","hubris:SoftwareUpdate","Orichalcum","Symbiotic Virus"],"acts_visited":["Exordium","TheCity","TheBeyond","TheEnding"],"potions_floor_usage":[8,16,25,42,44,55,55],"damage_taken":[{"damage":9,"enemies":"Jaw Worm","floor":1,"turns":4},{"damage":1,"enemies":"2 Louse","floor":2,"turns":3},{"damage":2,"enemies":"Small Slimes","floor":5,"turns":3},{"damage":71,"enemies":"Gremlin Nob","floor":6,"turns":6},{"damage":33,"enemies":"Lagavulin","floor":8,"turns":6},{"damage":15,"enemies":"Blue Slaver","floor":11,"turns":3},{"damage":41,"enemies":"Slime Boss","floor":16,"turns":13},{"damage":46,"enemies":"3 Byrds","floor":18,"turns":4},{"damage":16,"enemies":"Chosen","floor":21,"turns":6},{"damage":0,"enemies":"Centurion and Healer","floor":24,"turns":10},{"damage":25,"enemies":"Gremlin Leader","floor":25,"turns":12},{"damage":0,"enemies":"Sentry and Sphere","floor":29,"turns":6},{"damage":0,"enemies":"Snecko","floor":30,"turns":6},{"damage":0,"enemies":"3 Cultists","floor":31,"turns":8},{"damage":0,"enemies":"conspire:MysteriousRune","floor":33,"turns":13},{"damage":0,"enemies":"3 Darklings","floor":35,"turns":7},{"damage":0,"enemies":"3 Shapes","floor":38,"turns":5},{"damage":0,"enemies":"Sphere and 2 Shapes","floor":41,"turns":6},{"damage":0,"enemies":"Spire Growth","floor":42,"turns":2},{"damage":0,"enemies":"4 Shapes","floor":44,"turns":7},{"damage":0,"enemies":"Jaw Worm Horde","floor":46,"turns":6},{"damage":0,"enemies":"conspire:OrnateMirror","floor":50,"turns":16},{"damage":0,"enemies":"Shield and Spear","floor":54,"turns":8},{"damage":204,"enemies":"The Heart","floor":55,"turns":11}],"seed_played":"-2416223761303657490","potions_obtained":[{"floor":1,"key":"SteroidPotion"},{"floor":2,"key":"EssenceOfDarkness"},{"floor":8,"key":"Fire Potion"},{"floor":24,"key":"EssenceOfSteel"},{"floor":29,"key":"Swift Potion"},{"floor":31,"key":"Languid Potion"},{"floor":38,"key":"Flashbang"},{"floor":42,"key":"Fire Potion"},{"floor":44,"key":"EssenceOfSteel"},{"floor":46,"key":"Strength Potion"}],"is_trial":false,"path_per_floor":["M","M","?","?","M","E","R","E","T","R","M","R","?","$","R","B",null,"M","?","T","M","?","R","M","E","T","$","R","M","M","M","R","B",null,"M","$","?","M","$","R","M","M","T","M","R","M","$","?","R","B",null,"R","$","E","B",null],"character_chosen":"DEFECT","items_purchased":["Replay:Bandana","Static Discharge","Runic Capacitor","Loop","hubris:DeckOfHolding","ReplayTheSpireMod:CursedCoin","Iron Hammer","Guide Book","Orichalcum"],"campfire_rested":1,"item_purchase_floors":[14,14,27,27,36,39,39,39,53],"current_hp_per_floor":[79,88,98,108,116,55,105,82,92,102,97,107,110,120,194,188,234,198,208,218,217,11,21,31,21,31,41,63,78,91,101,111,121,131,141,151,142,157,172,191,201,211,221,231,241,251,261,271,281,291,301,311,321,331,137],"gold":66,"neow_bonus":"THREE_RARE_CARDS","is_daily":false,"chose_seed":false,"campfire_upgraded":1,"win_rate":0.0,"timestamp":1614034342,"path_taken":["M","M","?","?","M","E","R","E","T","R","M","R","?","?","R","BOSS","M","?","?","M","?","R","M","E","T","$","R","M","?","M","R","BOSS","M","$","?","M","$","R","M","M","T","M","R","M","$","?","R","BOSS","R","$","E","BOSS"],"items_purchased_type":["Relic","Card","Relic","Card","Relic","Relic","Relic","Relic","Relic"],"build_version":"2020-12-22","purchased_purges":5,"victory":true,"max_hp_per_floor":[95,105,115,116,126,136,146,156,166,176,186,196,206,216,226,236,246,256,266,276,286,11,21,31,41,51,61,71,81,91,101,111,121,131,141,151,161,171,181,191,201,211,221,231,241,251,261,271,281,291,301,311,321,331,341],"card_choices":[{"not_picked":["Hyperbeam","Rainbow"],"picked":"hubris:DoWhile","floor":0},{"not_picked":["BootSequence","Stack"],"picked":"Turbo","floor":1},{"not_picked":["Go for the Eyes","White Noise"],"picked":"Rip and Tear","floor":2},{"not_picked":["Crystallizer","Panic Button"],"picked":"Conserve Battery","floor":5},{"not_picked":["Barrage","Biased Cognition"],"picked":"conspire:Rain","floor":6},{"not_picked":["BasicCrystalCard","Stack"],"picked":"Genetic Algorithm","floor":8},{"not_picked":["Cold Snap","BasicCrystalCard"],"picked":"Blizzard","floor":11},{"not_picked":["Machine Learning","Hyperbeam"],"picked":"hubris:SpecializedCircuitry","floor":16},{"not_picked":["Sweeping Beam","hubris:PowerSurge","Barrage"],"picked":"SKIP","floor":18},{"not_picked":["Conserve Battery+1","Hologram"],"picked":"Storm","floor":21},{"not_picked":["Beam Cell","Ball Lightning"],"picked":"BasicCrystalCard+1","floor":24},{"not_picked":["Steam","ReplayGash"],"picked":"Redo","floor":25},{"not_picked":["Scrape","Melter"],"picked":"Cold Snap","floor":29},{"not_picked":["Rebound","Leap+1"],"picked":"Aggregate","floor":30},{"not_picked":["Barrage","Blizzard"],"picked":"Mirror Shield","floor":31},{"not_picked":["All For One","Amplify"],"picked":"Fission","floor":33},{"not_picked":["Static Discharge","Heatsinks"],"picked":"ReplayTheSpireMod:GoodbyeWorld+1","floor":35},{"not_picked":["Streamline","Rebound"],"picked":"Go for the Eyes+1","floor":38},{"not_picked":["Turbo+1","Panic Button"],"picked":"Ball Lightning","floor":41},{"not_picked":["White Noise","Panic Button"],"picked":"Glacier+1","floor":42},{"not_picked":["Genetic Algorithm","Blizzard"],"picked":"Coolheaded","floor":44},{"not_picked":["Compile Driver","BasicCrystalCard"],"picked":"Crystallizer","floor":46},{"not_picked":["Coolheaded","Self Repair"],"picked":"ReplayTheSpireMod:Dual Polarity+1","floor":54}],"player_experience":638271,"relics_obtained":[{"floor":6,"key":"Shovel"},{"floor":8,"key":"Anchor"},{"floor":9,"key":"Pantograph"},{"floor":10,"key":"Bag of Marbles"},{"floor":12,"key":"hubris:BallOfYels"},{"floor":20,"key":"Eternal Feather"},{"floor":23,"key":"Mirror"},{"floor":25,"key":"Vajra"},{"floor":26,"key":"hubris:DuctTape"},{"floor":28,"key":"White Beast Statue"},{"floor":32,"key":"Happy Flower"},{"floor":40,"key":"Smiling Mask"},{"floor":43,"key":"Bird Faced Urn"},{"floor":45,"key":"Dream Catcher"},{"floor":52,"key":"hubris:SoftwareUpdate"},{"floor":54,"key":"Symbiotic Virus"}],"event_choices":[{"damage_healed":0,"gold_gain":0,"player_choice":"Lose Max HP","damage_taken":0,"relics_obtained":["Golden Idol"],"max_hp_gain":0,"max_hp_loss":9,"event_name":"Golden Idol","floor":4,"gold_loss":0},{"cards_removed":["Replay:Hysterical Blindness"],"damage_healed":0,"gold_gain":0,"player_choice":"Card Removal","damage_taken":7,"max_hp_gain":0,"max_hp_loss":0,"event_name":"Golden Wing","floor":13,"gold_loss":0},{"damage_healed":0,"gold_gain":0,"player_choice":"Gave Idol","damage_taken":0,"relics_obtained":["Bloody Idol"],"max_hp_gain":0,"max_hp_loss":0,"event_name":"Forgotten Altar","floor":19,"relics_lost":["Golden Idol"],"gold_loss":0},{"damage_healed":0,"gold_gain":0,"player_choice":"Embrace Madness","damage_taken":19,"max_hp_gain":0,"max_hp_loss":0,"event_name":"Winding Halls","floor":37,"gold_loss":0,"cards_obtained":["Madness","Madness"]},{"damage_healed":0,"gold_gain":0,"player_choice":"Got Potions","damage_taken":0,"max_hp_gain":0,"max_hp_loss":0,"event_name":"Lab","floor":48,"gold_loss":0}],"is_beta":false,"boss_relics":[{"not_picked":["conspire:SlowCooker","Cursed Key"],"picked":"conspire:SeveredTorchhead"},{"not_picked":["Tiny House","Velvet Choker"],"picked":"hubris:RunicObelisk"}],"items_purged_floors":[39,47,47,47,47],"is_endless":false,"potions_floor_spawned":[1,2,8,24,29,30,31,33,35,38,41,42,44,46,54],"ascension_level":10}}