{"host":"xsuxkwaivmtd234a","time":1614027549,"event":{"mods":["BaseMod","Bestiary","Colored Map","Minty Spire (QoL Compilation)","Relic Stats","StSLib"],"gold_per_floor":[119,294,369,6,23,23,49,324,324,341,371,371,388,388,388,489,489,500,518,518,8,8,37,37,37,37,56,69,89,119,6,6,105,105,115,128,147,147,165,165,198,298,298,314,347,359,379,379,379,379,379,379,14,43,43],"floor_reached":56,"language":"ENG","playtime":2955,"items_purged":["Doubt","Regret"],"score":1898,"play_id":"e056bdcf-ded9-4de1-814c-514f17961bfa","local_time":"20210222155909","is_ascension_mode":true,"campfire_choices":[{"data":"Zap","floor":6,"key":"SMITH"},{"data":"FTL","floor":12,"key":"SMITH"},{"data":"Dualcast","floor":15,"key":"SMITH"},{"floor":24,"key":"REST"},{"data":"Defragment","floor":32,"key":"SMITH"},{"floor":40,"key":"RECALL"},{"floor":49,"key":"REST"},{"floor":52,"key":"REST"}],"circlet_count":0,"master_deck":["AscendersBane","Strike_B","Strike_B","Strike_B","Defend_B","Defend_B","Defend_B","Defend_B","Zap+1","Dualcast+1","Cold Snap","FTL+1","BootSequence","Rainbow+1","Stack+1","BootSequence+1","Ball Lightning","Coolheaded+1","Go for the Eyes","Consume+1","Glacier+1","Leap+1","Skim+1","Defragment+1","Chill+1","Double Energy+1","Heatsinks","Seek+1","Defragment+1","Rainbow+1","Doom and Gloom","Aggregate+1","Aggregate+1","Blizzard","Fission+1","Compile Driver+1","Magnetism","Defragment","BootSequence+1","Capacitor+1"],"relics":["FrozenCore","NeowsBlessing","Runic Capacitor","Toxic Egg 2","Shuriken","Toy Ornithopter","Pantograph","Ice Cream","Mercury Hourglass","Nunchaku","HornCleat","Fusion Hammer","Oddly Smooth Stone","Ornamental Fan","Gambling Chip","Kunai"],"acts_visited":["Exordium","TheCity","TheBeyond","TheEnding"],"potions_floor_usage":[11,23,30,33,41,41,46,50,55,55],"damage_taken":[{"damage":0,"enemies":"Small Slimes","floor":1,"turns":1},{"damage":0,"enemies":"Jaw Worm","floor":5,"turns":1},{"damage":0,"enemies":"Gremlin Nob","floor":7,"turns":1},{"damage":4,"enemies":"Cultist","floor":10,"turns":3},{"damage":5,"enemies":"Lagavulin","floor":11,"turns":6},{"damage":2,"enemies":"3 Louse","floor":13,"turns":4},{"damage":17,"enemies":"Slime Boss","floor":16,"turns":5},{"damage":12,"enemies":"Spheric Guardian","floor":18,"turns":6},{"damage":9,"enemies":"3 Byrds","floor":19,"turns":5},{"damage":37,"enemies":"Gremlin Leader","floor":23,"turns":8},{"damage":0,"enemies":"Snake Plant","floor":27,"turns":4},{"damage":0,"enemies":"Cultist and Chosen","floor":28,"turns":7},{"damage":0,"enemies":"Snecko","floor":29,"turns":6},{"damage":8,"enemies":"Slavers","floor":30,"turns":6},{"damage":3,"enemies":"Automaton","floor":33,"turns":10},{"damage":0,"enemies":"3 Darklings","floor":35,"turns":6},{"damage":0,"enemies":"Orb Walker","floor":36,"turns":4},{"damage":14,"enemies":"Sphere and 2 Shapes","floor":37,"turns":7},{"damage":0,"enemies":"Writhing Mass","floor":39,"turns":5},{"damage":10,"enemies":"Giant Head","floor":41,"turns":9},{"damage":29,"enemies":"Maw","floor":44,"turns":11},{"damage":0,"enemies":"Nemesis","floor":45,"turns":7},{"damage":0,"enemies":"Spire Growth","floor":46,"turns":5},{"damage":0,"enemies":"Transient","floor":47,"turns":5},{"damage":22,"enemies":"Donu and Deca","floor":50,"turns":8},{"damage":13,"enemies":"Shield and Spear","floor":54,"turns":7},{"damage":46,"enemies":"The Heart","floor":55,"turns":8}],"seed_played":"-2632939767902539861","potions_obtained":[{"floor":11,"key":"PotionOfCapacity"},{"floor":18,"key":"FairyPotion"},{"floor":19,"key":"Explosive Potion"},{"floor":29,"key":"Fire Potion"},{"floor":30,"key":"SmokeBomb"},{"floor":35,"key":"Swift Potion"},{"floor":39,"key":"SkillPotion"},{"floor":45,"key":"Regen Potion"},{"floor":47,"key":"ColorlessPotion"},{"floor":54,"key":"PowerPotion"}],"is_trial":false,"path_per_floor":["M","?","?","$","M","R","E","?","T","M","E","R","M","T","R","B",null,"M","M","?","$","T","E","R","?","T","M","M","M","E","$","R","B",null,"M","M","M","?","M","R","E","?","T","M","E","M","M","?","R","B",null,"R","$","E","B",null],"character_chosen":"DEFECT","items_purchased":["Runic Capacitor","FTL","FocusPotion","Ice Cream","Coolheaded+1","Go for the Eyes","Double Energy+1","Heatsinks","Magnetism","PowerPotion","Defragment","BootSequence+1"],"campfire_rested":3,"item_purchase_floors":[4,4,4,21,21,21,31,31,53,53,53,53],"current_hp_per_floor":[68,68,57,57,57,57,57,57,57,53,48,48,46,46,46,54,70,58,49,85,85,85,48,73,73,73,73,73,73,70,70,70,82,84,84,84,70,70,70,70,70,70,70,41,41,58,58,58,83,63,80,85,85,72,39],"gold":43,"neow_bonus":"THREE_ENEMY_KILL","is_daily":false,"chose_seed":false,"campfire_upgraded":4,"win_rate":0.0,"timestamp":1614027549,"path_taken":["M","?","?","?","?","R","E","?","T","?","E","R","M","?","R","BOSS","M","M","?","$","?","E","R","?","T","?","M","M","E","$","R","BOSS","M","?","M","?","M","R","E","?","T","M","E","M","?","?","R","BOSS","R","$","E","BOSS"],"items_purchased_type":["Relic","Card","Potion","Relic","Card","Card","Card","Card","Card","Potion","Card","Card"],"build_version":"2020-12-22","purchased_purges":2,"victory":true,"max_hp_per_floor":[75,75,75,75,75,75,75,75,75,75,75,75,75,75,75,75,75,75,75,85,85,85,85,85,85,85,85,85,85,85,85,85,85,85,85,85,85,85,85,85,85,85,85,85,85,85,85,85,85,85,85,85,85,85,85],"relic_stats":{"Nunchaku":[20],"counters":[27,154],"Shuriken":[39],"Ornamental Fan":[84],"Pantograph":55,"Gambling Chip":[12],"Kunai":[5],"obtain_stats":[{"Ice Cream":21,"NeowsBlessing":0,"Oddly Smooth Stone":41,"Runic Capacitor":4,"FrozenCore":17,"Mercury Hourglass":22,"Nunchaku":23,"HornCleat":30,"Shuriken":9,"Ornamental Fan":43,"Pantograph":14,"Gambling Chip":45,"Fusion Hammer":34,"Kunai":54,"Toxic Egg 2":7,"Cracked Core":0,"Toy Ornithopter":11},{"Ice Cream":9,"NeowsBlessing":0,"Oddly Smooth Stone":20,"Runic Capacitor":1,"FrozenCore":7,"Mercury Hourglass":9,"Nunchaku":10,"HornCleat":14,"Shuriken":3,"Ornamental Fan":20,"Pantograph":6,"Gambling Chip":22,"Fusion Hammer":15,"Kunai":26,"Toxic Egg 2":3,"Cracked Core":0,"Toy Ornithopter":5},{"Ice Cream":32,"NeowsBlessing":0,"Oddly Smooth Stone":103,"Runic Capacitor":1,"FrozenCore":21,"Mercury Hourglass":32,"Nunchaku":40,"HornCleat":62,"Shuriken":3,"Ornamental Fan":103,"Pantograph":16,"Gambling Chip":121,"Fusion Hammer":72,"Kunai":146,"Toxic Egg 2":3,"Cracked Core":0,"Toy Ornithopter":12}],"Toy Ornithopter":20,"FrozenCore":[46],"Mercury Hourglass":[476]},"card_choices":[{"not_picked":["Rebound","Lockon"],"picked":"Cold Snap","floor":1},{"not_picked":["Sweeping Beam","Tempest"],"picked":"BootSequence","floor":5},{"not_picked":["Reprogram+1","Gash"],"picked":"Rainbow+1","floor":7},{"not_picked":["Force Field+1","Go for the Eyes"],"picked":"Stack+1","floor":10},{"not_picked":["Cold Snap","Barrage"],"picked":"BootSequence+1","floor":11},{"not_picked":["Rip and Tear","Hologram+1"],"picked":"Ball Lightning","floor":13},{"not_picked":["Multi-Cast+1","Hyperbeam"],"picked":"Seek+1","floor":16},{"not_picked":["Gash","Steam Power+1","Sweeping Beam"],"picked":"SKIP","floor":18},{"not_picked":["Scrape+1","Cold Snap","Beam Cell"],"picked":"SKIP","floor":19},{"not_picked":["Gash","Biased Cognition"],"picked":"Consume+1","floor":23},{"not_picked":["Go for the Eyes","Force Field+1"],"picked":"Leap+1","floor":27},{"not_picked":["BootSequence+1","Stack+1"],"picked":"Skim+1","floor":28},{"not_picked":["Barrage","Darkness+1"],"picked":"Defragment","floor":29},{"not_picked":["Double Energy+1","BootSequence+1"],"picked":"Chill+1","floor":30},{"not_picked":["Buffer","Biased Cognition"],"picked":"Seek+1","floor":33},{"not_picked":["Conserve Battery+1","Steam Power+1","Scrape"],"picked":"SKIP","floor":35},{"not_picked":["Turbo+1","Barrage"],"picked":"Defragment+1","floor":36},{"not_picked":["Go for the Eyes","Melter+1"],"picked":"Rainbow+1","floor":37},{"not_picked":["Steam Power+1","Sweeping Beam"],"picked":"Doom and Gloom","floor":39},{"not_picked":["Compile Driver+1","Reinforced Body+1"],"picked":"Aggregate+1","floor":41},{"not_picked":["Redo+1","Gash+1"],"picked":"Aggregate+1","floor":44},{"not_picked":["Leap+1","Ball Lightning"],"picked":"Blizzard","floor":45},{"not_picked":["Beam Cell","Darkness+1"],"picked":"Fission+1","floor":46},{"not_picked":["Streamline","Leap+1"],"picked":"Compile Driver+1","floor":47},{"not_picked":["Gash","Undo+1"],"picked":"Capacitor+1","floor":54}],"player_experience":1345083,"relics_obtained":[{"floor":7,"key":"Toxic Egg 2"},{"floor":9,"key":"Shuriken"},{"floor":11,"key":"Toy Ornithopter"},{"floor":14,"key":"Pantograph"},{"floor":22,"key":"Mercury Hourglass"},{"floor":23,"key":"Nunchaku"},{"floor":30,"key":"HornCleat"},{"floor":41,"key":"Oddly Smooth Stone"},{"floor":43,"key":"Ornamental Fan"},{"floor":45,"key":"Gambling Chip"},{"floor":54,"key":"Kunai"}],"event_choices":[{"damage_healed":0,"gold_gain":175,"player_choice":"AGREE","damage_taken":0,"max_hp_gain":0,"max_hp_loss":0,"event_name":"Liars Game","floor":2,"gold_loss":0,"cards_obtained":["Doubt"]},{"damage_healed":0,"gold_gain":75,"player_choice":"Gather Gold","damage_taken":11,"max_hp_gain":0,"max_hp_loss":0,"event_name":"World of Goop","floor":3,"gold_loss":0},{"damage_healed":0,"gold_gain":275,"player_choice":"Desecrate","damage_taken":0,"max_hp_gain":0,"max_hp_loss":0,"event_name":"Golden Shrine","floor":8,"gold_loss":0,"cards_obtained":["Regret"]},{"cards_removed":["Seek"],"damage_healed":26,"gold_gain":0,"player_choice":"Offered Rare","damage_taken":0,"max_hp_gain":10,"max_hp_loss":0,"event_name":"Bonfire Elementals","floor":20,"gold_loss":0},{"damage_healed":0,"gold_gain":0,"player_choice":"Read","damage_taken":0,"max_hp_gain":0,"max_hp_loss":0,"event_name":"The Library","floor":25,"gold_loss":0,"cards_obtained":["Glacier"]},{"damage_healed":0,"gold_gain":0,"player_choice":"Ignored","damage_taken":0,"max_hp_gain":0,"max_hp_loss":0,"event_name":"Tomb of Lord Red Mask","floor":38,"gold_loss":0},{"damage_healed":0,"gold_gain":100,"player_choice":"Pray","damage_taken":0,"max_hp_gain":0,"max_hp_loss":0,"event_name":"Golden Shrine","floor":42,"gold_loss":0},{"cards_removed":["Strike_B"],"damage_healed":0,"gold_gain":0,"player_choice":"Removed Attack","damage_taken":0,"max_hp_gain":0,"max_hp_loss":0,"event_name":"Falling","floor":48,"gold_loss":0}],"is_beta":false,"boss_relics":[{"not_picked":["Black Star","Inserter"],"picked":"FrozenCore"},{"not_picked":["Snecko Eye","Sozu"],"picked":"Fusion Hammer"}],"items_purged_floors":[4,21],"is_endless":false,"potions_floor_spawned":[11,18,19,29,30,35,39,45,47,54],"ascension_level":10}}