{"host":"9brt9rggm379u2p7","time":1614021605,"event":{"mods":["AchievementEnabler","BaseMod","Highlight Path","Minty Spire (QoL Compilation)","Permanent Neow","Quick Restart","SuperFastMode"],"gold_per_floor":[114,124,134,59,79,110,110,124,124,136,150,167,198,218,218,313,313,325,335,235,255,255,282,72,84,108,136,149,180,180,191,191,292,292,310,322,157,167,183,209,223,223,249,281,300,300,300,328,328,328,328,328,27,55,55,55],"floor_reached":55,"language":"ENG","playtime":4263,"items_purged":["Strike_G","Predator","Dash","Poisoned Stab"],"score":1196,"play_id":"3df20564-40dc-4e12-a8c5-a6cb00e35ba6","local_time":"20210223042005","is_ascension_mode":true,"campfire_choices":[{"data":"A Thousand Cuts","floor":7.0,"key":"SMITH"},{"data":"Accuracy","floor":15.0,"key":"SMITH"},{"data":"Apotheosis","floor":30.0,"key":"SMITH"},{"floor":32.0,"key":"RECALL"},{"data":"Well Laid Plans","floor":42.0,"key":"SMITH"},{"data":"Footwork","floor":46.0,"key":"SMITH"},{"data":"Accuracy","floor":49.0,"key":"SMITH"},{"data":"Accuracy","floor":52.0,"key":"SMITH"}],"circlet_count":0,"master_deck":["Survivor","Neutralize","Backflip","Accuracy+1","Escape Plan","A Thousand Cuts+1","Accuracy+1","Backstab","Blade Dance","Burst","Escape Plan","Dodge and Roll","Prepared","Burst","Deadly Poison","Cloak And Dagger","Apotheosis+1","Accuracy+1","Footwork+1","Blade Dance","Backflip","Infinite Blades","Cloak And Dagger","Footwork+1","Well Laid Plans+1","Envenom","Accuracy+1","Well Laid Plans+1","Trip"],"relics":["Ring of the Snake","FossilizedHelix","Gambling Chip","Gremlin Horn","Pandora\u0027s Box","Incense Burner","Art of War","Prayer Wheel","WristBlade","Mercury Hourglass","Vajra","The Courier","Pear","Sling","Pantograph"],"acts_visited":["Exordium","TheCity","TheBeyond","TheEnding"],"potions_floor_usage":[],"damage_taken":[{"damage":2.0,"enemies":"Jaw Worm","floor":1.0,"turns":6.0},{"damage":0.0,"enemies":"Cultist","floor":2.0,"turns":5.0},{"damage":1.0,"enemies":"2 Louse","floor":3.0,"turns":3.0},{"damage":1.0,"enemies":"Looter","floor":5.0,"turns":4.0},{"damage":25.0,"enemies":"Gremlin Nob","floor":6.0,"turns":7.0},{"damage":0.0,"enemies":"Lots of Slimes","floor":8.0,"turns":2.0},{"damage":0.0,"enemies":"Blue Slaver","floor":10.0,"turns":5.0},{"damage":0.0,"enemies":"Large Slime","floor":11.0,"turns":7.0},{"damage":0.0,"enemies":"Gremlin Gang","floor":12.0,"turns":3.0},{"damage":0.0,"enemies":"3 Sentries","floor":13.0,"turns":4.0},{"damage":0.0,"enemies":"3 Louse","floor":14.0,"turns":1.0},{"damage":0.0,"enemies":"Slime Boss","floor":16.0,"turns":8.0},{"damage":0.0,"enemies":"Spheric Guardian","floor":18.0,"turns":3.0},{"damage":0.0,"enemies":"3 Byrds","floor":19.0,"turns":3.0},{"damage":9.0,"enemies":"Cultist and Chosen","floor":21.0,"turns":5.0},{"damage":7.0,"enemies":"Book of Stabbing","floor":23.0,"turns":3.0},{"damage":0.0,"enemies":"Snake Plant","floor":25.0,"turns":4.0},{"damage":6.0,"enemies":"Slavers","floor":27.0,"turns":10.0},{"damage":0.0,"enemies":"Shelled Parasite and Fungi","floor":28.0,"turns":3.0},{"damage":0.0,"enemies":"Gremlin Leader","floor":29.0,"turns":3.0},{"damage":1.0,"enemies":"Snecko","floor":31.0,"turns":5.0},{"damage":21.0,"enemies":"Collector","floor":33.0,"turns":6.0},{"damage":0.0,"enemies":"3 Shapes","floor":35.0,"turns":1.0},{"damage":6.0,"enemies":"3 Darklings","floor":36.0,"turns":4.0},{"damage":0.0,"enemies":"Transient","floor":38.0,"turns":5.0},{"damage":0.0,"enemies":"Jaw Worm Horde","floor":39.0,"turns":2.0},{"damage":0.0,"enemies":"Giant Head","floor":40.0,"turns":7.0},{"damage":0.0,"enemies":"3 Darklings","floor":41.0,"turns":3.0},{"damage":10.0,"enemies":"Nemesis","floor":44.0,"turns":6.0},{"damage":0.0,"enemies":"Writhing Mass","floor":45.0,"turns":5.0},{"damage":0.0,"enemies":"Reptomancer","floor":48.0,"turns":5.0},{"damage":57.0,"enemies":"Awakened One","floor":50.0,"turns":9.0},{"damage":46.0,"enemies":"Shield and Spear","floor":54.0,"turns":5.0},{"damage":68,"enemies":"The Heart","floor":55,"turns":3}],"seed_played":"4681102112185309000","potions_obtained":[{"floor":1.0,"key":"GamblersBrew"},{"floor":5.0,"key":"GhostInAJar"},{"floor":6.0,"key":"Block Potion"},{"floor":12.0,"key":"CunningPotion"},{"floor":13.0,"key":"PowerPotion"},{"floor":14.0,"key":"PowerPotion"},{"floor":18.0,"key":"Poison Potion"},{"floor":23.0,"key":"Fire Potion"},{"floor":25.0,"key":"FearPotion"},{"floor":28.0,"key":"FearPotion"},{"floor":33.0,"key":"Block Potion"},{"floor":38.0,"key":"FairyPotion"}],"is_trial":false,"path_per_floor":["M","M","M","$","M","E","R","M","T","M","M","M","E","M","R","B",null,"M","M","$","M","?","E","$","M","T","E","M","E","R","M","R","B",null,"M","M","$","M","M","E","M","R","T","E","M","R","?","E","R","B",null,"R","$","E","B"],"character_chosen":"THE_SILENT","items_purchased":["Apotheosis","Accuracy","Well Laid Plans","Sling","Trip"],"campfire_rested":0,"item_purchase_floors":[24,24,37,53,53],"current_hp_per_floor":[68,68,67,67,66,41,41,41,41,41,41,41,41,41,41,41,63,63,63,63,54,54,47,47,47,47,41,41,41,41,40,40,19,57,57,51,51,51,51,51,51,51,51,41,41,41,41,51,51,18,62,62,62,16,0,0],"gold":55,"neow_bonus":"REMOVE_CARD","is_daily":false,"chose_seed":false,"campfire_upgraded":7,"win_rate":0.0,"timestamp":1614021605,"path_taken":["M","M","M","$","M","E","R","M","T","M","M","M","E","M","R","BOSS","M","M","$","M","?","E","$","M","T","E","M","E","R","?","R","BOSS","M","M","$","M","M","E","M","R","T","E","M","R","?","E","R","BOSS","R","$","E","BOSS"],"items_purchased_type":["Card","Card","Card","Relic","Card"],"build_version":"2020-12-22","purchased_purges":4,"victory":false,"max_hp_per_floor":[70,70,70,70,70,70,70,70,70,70,70,70,70,70,70,70,70,70,70,70,70,70,70,70,70,70,70,70,70,70,70,70,70,70,70,70,70,70,70,70,70,70,70,70,70,70,66,76,76,76,76,76,76,76,76,76],"card_choices":[{"not_picked":["Outmaneuver","Underhanded Strike"],"picked":"Dash","floor":1.0},{"not_picked":["Bane","Outmaneuver"],"picked":"Backflip","floor":2.0},{"not_picked":["Flechettes","Sucker Punch"],"picked":"Accuracy","floor":3.0},{"not_picked":["Deadly Poison","Outmaneuver"],"picked":"Escape Plan","floor":5.0},{"not_picked":["Crippling Poison","Cloak And Dagger"],"picked":"A Thousand Cuts","floor":6.0},{"not_picked":["Flying Knee","Distraction","Heel Hook"],"picked":"SKIP","floor":8.0},{"not_picked":["Flying Knee","Distraction","Heel Hook"],"picked":"SKIP","floor":8.0},{"not_picked":["Flying Knee","Distraction","Heel Hook"],"picked":"SKIP","floor":8.0},{"not_picked":["Flying Knee","Distraction","Heel Hook"],"picked":"SKIP","floor":8.0},{"not_picked":["Slice","Concentrate"],"picked":"Accuracy","floor":10.0},{"not_picked":["Prepared","Skewer"],"picked":"Backstab","floor":11.0},{"not_picked":["Masterful Stab","Calculated Gamble"],"picked":"Blade Dance","floor":12.0},{"not_picked":["Leg Sweep","Dagger Throw","Deflect"],"picked":"SKIP","floor":13.0},{"not_picked":["Quick Slash","Dodge and Roll","Acrobatics"],"picked":"SKIP","floor":14.0},{"not_picked":["Night Terror","Corpse Explosion"],"picked":"Burst","floor":16.0},{"not_picked":["Flying Knee","Predator+1","Slice"],"picked":"SKIP","floor":18.0},{"not_picked":["Dagger Spray","Quick Slash","Masterful Stab"],"picked":"SKIP","floor":19.0},{"not_picked":["PiercingWail","Distraction","Calculated Gamble"],"picked":"SKIP","floor":21.0},{"not_picked":["Die Die Die","Reflex","Masterful Stab"],"picked":"SKIP","floor":23.0},{"not_picked":["Die Die Die","Reflex","Masterful Stab"],"picked":"SKIP","floor":23.0},{"not_picked":["PiercingWail","Setup"],"picked":"Footwork","floor":25.0},{"not_picked":["Outmaneuver","Choke"],"picked":"Blade Dance","floor":27.0},{"not_picked":["Prepared","Outmaneuver"],"picked":"Backflip","floor":28.0},{"not_picked":["Acrobatics+1","Leg Sweep","Bane"],"picked":"SKIP","floor":29.0},{"not_picked":["Outmaneuver+1","Flechettes"],"picked":"Infinite Blades","floor":31.0},{"not_picked":["Poisoned Stab","Flechettes","Distraction"],"picked":"SKIP","floor":31.0},{"not_picked":["PiercingWail+1","Poisoned Stab+1"],"picked":"Cloak And Dagger","floor":35.0},{"not_picked":["Choke+1","Backflip","Deflect+1"],"picked":"SKIP","floor":35.0},{"not_picked":["Catalyst","Poisoned Stab"],"picked":"Footwork+1","floor":36.0},{"not_picked":["Flying Knee+1","Eviscerate","Outmaneuver"],"picked":"SKIP","floor":36.0},{"not_picked":["PiercingWail","Slice+1","Underhanded Strike+1"],"picked":"SKIP","floor":38.0},{"not_picked":["Slice+1","Acrobatics+1","Backflip+1"],"picked":"SKIP","floor":38.0},{"not_picked":["Concentrate","Dagger Spray"],"picked":"Envenom","floor":39.0},{"not_picked":["Cloak And Dagger+1","Expertise","Slice+1"],"picked":"SKIP","floor":39.0},{"not_picked":["Backflip","Dodge and Roll+1","Burst"],"picked":"SKIP","floor":40.0},{"not_picked":["Deadly Poison","Outmaneuver"],"picked":"Accuracy+1","floor":41.0},{"not_picked":["PiercingWail+1","Slice","Concentrate+1"],"picked":"SKIP","floor":41.0},{"not_picked":["Noxious Fumes+1","PiercingWail"],"picked":"Well Laid Plans+1","floor":44.0},{"not_picked":["Reflex","Skewer+1","Backflip"],"picked":"SKIP","floor":45.0},{"not_picked":["A Thousand Cuts","Setup+1","Caltrops"],"picked":"SKIP","floor":45.0},{"not_picked":["Slice+1","Quick Slash","Distraction+1"],"picked":"SKIP","floor":48.0},{"not_picked":["Cloak And Dagger","Bane","Sucker Punch"],"picked":"SKIP","floor":54.0}],"player_experience":431063,"relics_obtained":[{"floor":6.0,"key":"FossilizedHelix"},{"floor":9.0,"key":"Gambling Chip"},{"floor":13.0,"key":"Gremlin Horn"},{"floor":23.0,"key":"Incense Burner"},{"floor":27.0,"key":"Art of War"},{"floor":29.0,"key":"Prayer Wheel"},{"floor":40.0,"key":"Mercury Hourglass"},{"floor":43.0,"key":"Vajra"},{"floor":44.0,"key":"The Courier"},{"floor":48.0,"key":"Pear"},{"floor":54.0,"key":"Pantograph"}],"event_choices":[{"damage_healed":0.0,"max_hp_gain":0.0,"max_hp_loss":0.0,"gold_gain":0.0,"cards_transformed":["Heel Hook"],"event_name":"Transmorgrifier","player_choice":"Transformed","floor":22.0,"gold_loss":0.0,"damage_taken":0.0,"cards_obtained":["Cloak And Dagger"]},{"damage_healed":0.0,"max_hp_gain":0.0,"max_hp_loss":4.0,"gold_gain":0.0,"event_name":"Winding Halls","player_choice":"Max HP","floor":47.0,"gold_loss":0.0,"damage_taken":0.0}],"is_beta":false,"boss_relics":[{"not_picked":["Runic Dome","Calling Bell"],"picked":"Pandora\u0027s Box"},{"not_picked":["SacredBark","SlaversCollar"],"picked":"WristBlade"}],"items_purged_floors":[4,20,37,53],"is_endless":false,"potions_floor_spawned":[1,5,6,12,13,14,18,23,25,28,33,38,40,41],"killed_by":"The Heart","ascension_level":5}}