{"host":"kig4ty9d1aubg29s","time":1614002321,"event":{"mods":["BaseMod","Minty Spire (QoL Compilation)","READ ME - Guardian Mod","READ ME - Snecko Mod","StSLib","The Cursed","The Gatherer","The Hierophant","The Runesmith"],"gold_per_floor":[112,86,86,102,252,252,252,270,293,293,313,330,330,364,364,364,364],"floor_reached":16,"language":"KOR","playtime":383,"items_purged":[],"score":190,"play_id":"545adacd-d8ab-4614-bbbe-23ba58acf652","local_time":"20210222225841","is_ascension_mode":true,"campfire_choices":[{"data":"Infinite Blades","floor":6,"key":"SMITH"},{"data":"Deadly Poison","floor":10,"key":"SMITH"},{"floor":13,"key":"REST"},{"floor":15,"key":"REST"}],"circlet_count":0,"master_deck":["AscendersBane","Strike_G","Strike_G","Strike_G","Strike_G","Strike_G","Defend_G","Defend_G","Defend_G","Defend_G","Survivor","Neutralize","Infinite Blades+1","Deadly Poison+1","Bane","Doubt","Pain","Poisoned Stab","Dagger Throw","Infinite Blades","A Thousand Cuts"],"relics":["Ring of the Snake","NeowsBlessing","WarpedTongs","Akabeko","Pen Nib"],"acts_visited":["Exordium"],"potions_floor_usage":[14,14],"damage_taken":[{"damage":0,"enemies":"Small Slimes","floor":1,"turns":1},{"damage":0,"enemies":"Cultist","floor":4,"turns":1},{"damage":0,"enemies":"Jaw Worm","floor":8,"turns":1},{"damage":11,"enemies":"3 Louse","floor":11,"turns":3},{"damage":35,"enemies":"Exordium Thugs","floor":12,"turns":4},{"damage":26,"enemies":"3 Sentries","floor":14,"turns":4},{"damage":24,"enemies":"Slime Boss","floor":16,"turns":5}],"seed_played":"6737118268263871162","potions_obtained":[{"floor":1,"key":"Energy Potion"},{"floor":8,"key":"DuplicationPotion"},{"floor":11,"key":"Strength Potion"}],"is_trial":false,"path_per_floor":["M","$","?","M","?","R","?","M","T","R","M","M","R","E","R","B"],"character_chosen":"THE_SILENT","items_purchased":["Deadly Poison"],"campfire_rested":2,"item_purchase_floors":[2],"current_hp_per_floor":[59,59,59,59,59,59,59,59,59,59,48,13,32,6,25,1,1],"gold":364,"neow_bonus":"THREE_ENEMY_KILL","is_daily":false,"chose_seed":false,"campfire_upgraded":2,"win_rate":0.0,"timestamp":1614002321,"path_taken":["M","$","?","?","?","R","?","M","T","R","M","M","R","E","R","BOSS"],"items_purchased_type":["Card"],"build_version":"2020-12-22","purchased_purges":0,"victory":false,"max_hp_per_floor":[66,66,66,66,66,66,66,66,66,66,66,66,66,66,66,66,66],"card_choices":[{"not_picked":["Heel Hook","Flying Knee"],"picked":"Infinite Blades","floor":1},{"not_picked":["Slice","Backflip"],"picked":"Bane","floor":4},{"not_picked":["Skewer","Riddle With Holes"],"picked":"Poisoned Stab","floor":8},{"not_picked":["Calculated Gamble","Heel Hook"],"picked":"Dagger Throw","floor":11},{"not_picked":["Distraction","Outmaneuver"],"picked":"Infinite Blades","floor":12},{"not_picked":["Tactician","Leg Sweep"],"picked":"A Thousand Cuts","floor":14}],"player_experience":2011417,"relics_obtained":[{"floor":9,"key":"Akabeko"},{"floor":14,"key":"Pen Nib"}],"event_choices":[{"cards_removed":["Defend_G"],"damage_healed":0,"gold_gain":0,"player_choice":"Offered Basic","damage_taken":0,"max_hp_gain":0,"max_hp_loss":0,"event_name":"Bonfire Elementals","floor":3,"gold_loss":0},{"damage_healed":0,"gold_gain":150,"player_choice":"AGREE","damage_taken":0,"max_hp_gain":0,"max_hp_loss":0,"event_name":"Liars Game","floor":5,"gold_loss":0,"cards_obtained":["Doubt"]},{"damage_healed":0,"gold_gain":0,"player_choice":"Rummage","damage_taken":0,"relics_obtained":["WarpedTongs"],"max_hp_gain":0,"max_hp_loss":0,"event_name":"Accursed Blacksmith","floor":7,"gold_loss":0,"cards_obtained":["Pain"]}],"is_beta":false,"boss_relics":[],"items_purged_floors":[],"is_endless":false,"potions_floor_spawned":[1,8,11,12],"killed_by":"Slime Boss","ascension_level":18}}