{"host":"m4gb89kpcfic7v2a","time":1614030483,"event":{"mods":["BaseMod","BetterRewards","Downfall","Minty Spire (QoL Compilation)","Reliquary","StSLib"],"gold_per_floor":[110,127,12,112,127,158,170,197,197,13,29,101,101,116,116,219,219,235,250,250,263,263,263,290,290,290,290,310,173,173,173],"floor_reached":30,"language":"ENG","playtime":2479,"items_purged":["Dualcast","Strike_B"],"score":314,"play_id":"80566614-f71a-4cbc-b614-c3caacf26f7c","local_time":"20210222144803","is_ascension_mode":true,"campfire_choices":[{"floor":15.0,"key":"REST"},{"floor":23.0,"key":"REST"},{"data":"Zap","floor":25.0,"key":"SMITH"}],"circlet_count":1,"master_deck":["Strike_B","Strike_B","Strike_B","Defend_B","Defend_B","Defend_B","Defend_B","Zap+1","Conserve Battery","Conserve Battery","Blizzard","Madness+1","Ball Lightning","Conserve Battery+1","Ball Lightning","Madness+1","Madness+1","Reboot+1","Fusion+1","Coolheaded+1","Cold Snap","Coolheaded+1","Creative AI"],"relics":["Cracked Core","Toxic Egg 2","Circlet","Matryoshka","SlaversCollar","Orichalcum","CaptainsWheel","Cables"],"acts_visited":["Exordium","TheCity"],"potions_floor_usage":[],"damage_taken":[{"damage":10.0,"enemies":"Cultist","floor":1.0,"turns":4.0},{"damage":3.0,"enemies":"2 Louse","floor":2.0,"turns":4.0},{"damage":0.0,"enemies":"Jaw Worm","floor":5.0,"turns":4.0},{"damage":17.0,"enemies":"Lagavulin","floor":6.0,"turns":6.0},{"damage":10.0,"enemies":"Exordium Wildlife","floor":7.0,"turns":5.0},{"damage":16.0,"enemies":"Gremlin Nob","floor":8.0,"turns":4.0},{"damage":8.0,"enemies":"3 Louse","floor":11.0,"turns":3.0},{"damage":3.0,"enemies":"Large Slime","floor":14.0,"turns":4.0},{"damage":19.0,"enemies":"Slime Boss","floor":16.0,"turns":7.0},{"damage":11.0,"enemies":"3 Byrds","floor":18.0,"turns":5.0},{"damage":10.0,"enemies":"2 Thieves","floor":19.0,"turns":3.0},{"damage":28.0,"enemies":"Centurion and Healer","floor":21.0,"turns":12.0},{"damage":0.0,"enemies":"Gremlin Leader","floor":24.0,"turns":7.0},{"damage":19,"enemies":"Chosen and Byrds","floor":28,"turns":7},{"damage":30,"enemies":"Colosseum Slavers","floor":30,"turns":2}],"seed_played":"-8892596804570065321","potions_obtained":[{"floor":1.0,"key":"hexamod:SoulburnPotion"},{"floor":2.0,"key":"ColorlessPotion"},{"floor":14.0,"key":"Block Potion"},{"floor":16.0,"key":"Languid Potion"},{"floor":21.0,"key":"Fire Potion"}],"is_trial":false,"path_per_floor":["M","M","$","?","M","E","M","E","T","$","M","T","?","M","R","B",null,"M","M","?","M","T","R","E","R","T","?","M","$","?"],"character_chosen":"DEFECT","items_purchased":["Blizzard","BasicCrystalCard+1","ReplayTheSpireMod:Private Reserves+1","Creative AI"],"campfire_rested":2,"item_purchase_floors":[3,3,10,29],"current_hp_per_floor":[65,62,62,62,62,45,35,19,19,19,11,11,11,8,30,11,75,64,54,54,26,26,48,48,48,48,48,29,29,0,0],"gold":173,"neow_bonus":"","is_daily":false,"chose_seed":false,"campfire_upgraded":1,"win_rate":0.0,"timestamp":1614030483,"path_taken":["M","M","$","?","?","E","M","E","T","$","M","?","?","M","R","BOSS","M","M","?","?","?","R","E","R","T","?","M","$","?"],"items_purchased_type":["Card","Undefined","Undefined","Card"],"build_version":"2020-12-22","purchased_purges":2,"victory":false,"max_hp_per_floor":[75,75,75,75,75,75,75,75,75,75,75,75,75,75,75,75,75,75,75,75,75,75,75,75,75,75,75,75,75,75,75],"card_choices":[{"not_picked":["Coolheaded","Rip and Tear"],"picked":"Conserve Battery","floor":1.0},{"not_picked":["Barrage","Compile Driver"],"picked":"Conserve Battery","floor":2.0},{"not_picked":["ReplayTheSpireMod:Repulse","Sweeping Beam"],"picked":"Ball Lightning","floor":5.0},{"not_picked":["Steam+1","Ball Lightning"],"picked":"Conserve Battery+1","floor":6.0},{"not_picked":["Turbo+1","Steam+1","Panic Button+1"],"picked":"SKIP","floor":7.0},{"not_picked":["Gash","Amplify+1"],"picked":"Ball Lightning","floor":8.0},{"not_picked":["Conserve Battery+1","FTL"],"picked":"Time Bomb+1","floor":11.0},{"not_picked":["Steam+1","Streamline","Compile Driver"],"picked":"SKIP","floor":14.0},{"not_picked":["Buffer","Meteor Strike"],"picked":"Reboot+1","floor":16.0},{"not_picked":["Hologram+1","Barrage+1"],"picked":"Fusion+1","floor":18.0},{"not_picked":["Conserve Battery+1","Auto Shields+1","Leap+1"],"picked":"SKIP","floor":19.0},{"not_picked":["Hologram+1","Sunder+1"],"picked":"Cold Snap","floor":21.0},{"not_picked":["Sweeping Beam","Panic Button+1","Gash"],"picked":"SKIP","floor":24.0},{"not_picked":["Hologram+1","Go for the Eyes"],"picked":"Coolheaded+1","floor":28}],"player_experience":220207,"relics_obtained":[{"floor":6.0,"key":"Toxic Egg 2"},{"floor":8.0,"key":"Replay:Bottled Steam"},{"floor":9.0,"key":"ReplayTheSpireMod:Ninjato"},{"floor":12.0,"key":"Matryoshka"},{"floor":22.0,"key":"Orichalcum"},{"floor":24.0,"key":"CaptainsWheel"},{"floor":26.0,"key":"Cables"},{"floor":26.0,"key":"ReplayTheSpireMod:Shallot"}],"event_choices":[{"damage_healed":0.0,"max_hp_gain":0.0,"max_hp_loss":0.0,"gold_gain":100.0,"event_name":"Wheel of Change","player_choice":"Gold","floor":4.0,"gold_loss":0.0,"damage_taken":0.0},{"damage_healed":0.0,"max_hp_gain":0.0,"max_hp_loss":0.0,"gold_gain":0.0,"event_name":"Liars Game","player_choice":"Ignored","floor":13.0,"gold_loss":0.0,"damage_taken":0.0},{"damage_healed":0.0,"max_hp_gain":0.0,"max_hp_loss":0.0,"gold_gain":0.0,"event_name":"Match and Keep!","player_choice":"1 cards matched","floor":20.0,"gold_loss":0.0,"damage_taken":0.0,"cards_obtained":["Coolheaded"]},{"damage_healed":0,"gold_gain":0,"player_choice":"Fight","damage_taken":0,"max_hp_gain":0,"max_hp_loss":0,"event_name":"Colosseum","floor":30,"gold_loss":0}],"is_beta":false,"boss_relics":[{"not_picked":["ReplayTheSpireMod:DimensionalGlitch","Ectoplasm"],"picked":"SlaversCollar"}],"items_purged_floors":[0,10],"is_endless":false,"potions_floor_spawned":[1,2,14,16,21],"killed_by":"Colosseum Slavers","ascension_level":2}}