{"host":"wqi7jvkbznmdbtu0","time":1614000589,"event":{"mods":["Act Like it!","BaseMod","Downfall","Hermit","Hubris","Infinite Spire","Mimic Mod","Minty Spire (QoL Compilation)","Quick Restart","Ruina","StSLib","The Construct","The Jungle","The Mystic"],"gold_per_floor":[119,131,131,151,170,170,170,184,264,264,108,133,143,159,159,259,259,272,371,571,211,225,225,225,241,266,292,292,217,298,213,213,315,315,331,344,344,344,364,364,163,163,163,188,188,204,204,204,204,204],"floor_reached":51,"language":"ENG","playtime":3522,"items_purged":["Strike_R","Strike_R","Strike_R","Strike_R"],"score":804,"play_id":"ed999d25-1c4f-4b84-8585-ff267bdb7408","local_time":"20210222132949","is_ascension_mode":true,"campfire_choices":[{"data":"Searing Blow","floor":7,"key":"SMITH"},{"data":"Searing Blow+1","floor":10,"key":"SMITH"},{"data":"Searing Blow+2","floor":15,"key":"SMITH"},{"data":"Searing Blow+3","floor":24,"key":"SMITH"},{"data":"Searing Blow+4","floor":28,"key":"SMITH"},{"data":"Searing Blow+5","floor":32,"key":"SMITH"},{"data":"Searing Blow+6","floor":40,"key":"SMITH"},{"data":"Searing Blow+7","floor":42,"key":"SMITH"},{"data":"Searing Blow+9","floor":47,"key":"SMITH"},{"data":"Searing Blow+10","floor":49,"key":"SMITH"}],"circlet_count":0,"master_deck":["Defend_R","Defend_R","Defend_R","Defend_R","Searing Blow+11","Inflame","Bloodletting","Metallicize","Flame Barrier","Demon Form","Seeing Red+1","Barricade","Ghostly Armor+1","Metallicize+1","Inflame+1","Battle Trance"],"relics":["Burning Blood","NeowsBlessing","Mummified Hand","Ornamental Fan","Meat on the Bone","White Beast Statue","Runic Pyramid","Mercury Hourglass","Self Forming Clay","Dream Catcher","Matryoshka","Paper Frog","Vajra","Singing Bowl","construct:WeddingRing","PreservedInsect","Pantograph","hubris:SphereOfDissonance"],"acts_visited":["Exordium","TheCity","TheBeyond"],"potions_floor_usage":[16,33],"damage_taken":[{"damage":0,"enemies":"2 Louse","floor":1,"turns":1},{"damage":0,"enemies":"Jaw Worm","floor":2,"turns":1},{"damage":0,"enemies":"Small Slimes","floor":4,"turns":1},{"damage":15,"enemies":"Exordium Thugs","floor":5,"turns":4},{"damage":10,"enemies":"Exordium Wildlife","floor":8,"turns":4},{"damage":26,"enemies":"3 Sentries","floor":12,"turns":7},{"damage":7,"enemies":"Blue Slaver","floor":13,"turns":2},{"damage":5,"enemies":"Looter","floor":14,"turns":3},{"damage":49,"enemies":"The Guardian","floor":16,"turns":10},{"damage":7,"enemies":"Shell Parasite","floor":18,"turns":5},{"damage":7,"enemies":"Chosen","floor":22,"turns":4},{"damage":15,"enemies":"Snake Plant","floor":25,"turns":4},{"damage":24,"enemies":"Gremlin Leader","floor":27,"turns":5},{"damage":24,"enemies":"hubris:MusketHawk","floor":33,"turns":5},{"damage":32,"enemies":"3 Shapes","floor":35,"turns":5},{"damage":20,"enemies":"3 Darklings","floor":36,"turns":8},{"damage":20,"enemies":"4 Shapes","floor":39,"turns":7},{"damage":18,"enemies":"Nemesis","floor":44,"turns":5},{"damage":3,"enemies":"Maw","floor":46,"turns":5},{"damage":60,"enemies":"Awakened One","floor":50,"turns":9}],"seed_played":"-8285788359357169693","potions_obtained":[{"floor":1,"key":"LiquidMemories"},{"floor":8,"key":"EntropicBrew"},{"floor":12,"key":"BloodPotion"},{"floor":16,"key":"Fruit Juice"},{"floor":18,"key":"GamblersBrew"},{"floor":22,"key":"FairyPotion"},{"floor":33,"key":"DistilledChaos"},{"floor":38,"key":"Block Potion"}],"is_trial":false,"path_per_floor":["M","M","?","M","M","T","R","M","T","R","$","E","M","M","R","B",null,"M","?","?","$","M","AVR","R","M","T","E","R","?","T","?","R","B",null,"M","M","?","?","M","R","$","R","T","E","?","M","R","?","R","B",null],"character_chosen":"IRONCLAD","items_purchased":["Metallicize","Mercury Hourglass","Battle Trance"],"campfire_rested":0,"item_purchase_floors":[11,21,41],"current_hp_per_floor":[80,80,62,68,59,59,59,55,55,55,55,47,58,59,59,33,85,84,84,84,84,83,83,83,74,74,56,56,56,56,56,56,55,85,59,57,57,57,55,55,55,55,55,57,57,62,62,62,62,43],"gold":204,"neow_bonus":"THREE_ENEMY_KILL","is_daily":false,"chose_seed":false,"campfire_upgraded":10,"win_rate":0.0,"timestamp":1614000589,"path_taken":["M","M","?","M","M","?","R","M","T","R","$","E","M","M","R","BOSS","M","?","?","$","?","AVR","R","M","T","E","R","?","?","?","R","BOSS","M","M","?","?","?","R","$","R","T","E","?","M","R","?","R","BOSS"],"items_purchased_type":["Card","Relic","Card"],"build_version":"2020-12-22","purchased_purges":4,"victory":true,"max_hp_per_floor":[80,80,80,80,80,80,80,80,80,80,80,80,80,80,80,85,85,85,85,85,85,85,85,85,85,85,85,85,85,85,85,85,85,85,85,85,85,85,85,85,85,85,85,87,87,89,89,85,85,85],"card_choices":[{"not_picked":["Feel No Pain","Dropkick"],"picked":"Searing Blow","floor":1},{"not_picked":["Dark Embrace","Infernal Blade","Wild Strike"],"picked":"SKIP","floor":2},{"not_picked":["Clothesline","Havoc"],"picked":"Inflame","floor":4},{"not_picked":["Thunderclap","Cleave"],"picked":"Bloodletting","floor":5},{"not_picked":["Rage","Havoc","Carnage"],"picked":"SKIP","floor":8},{"not_picked":["Heavy Blade","Perfected Strike","Rage"],"picked":"SKIP","floor":12},{"not_picked":["Perfected Strike","Shrug It Off"],"picked":"Flame Barrier","floor":13},{"not_picked":["Anger","Reaper","Twin Strike"],"picked":"SKIP","floor":14},{"not_picked":["Corruption","Immolate"],"picked":"Demon Form","floor":16},{"not_picked":["Whirlwind+1","Rampage+1","Headbutt"],"picked":"SKIP","floor":18},{"not_picked":["Pummel+1","Dark Embrace+1","Perfected Strike"],"picked":"SKIP","floor":22},{"not_picked":["Fire Breathing","Dropkick","True Grit"],"picked":"SKIP","floor":25},{"not_picked":["Clash","Anger"],"picked":"Seeing Red+1","floor":27},{"not_picked":["Berserk","Fiend Fire"],"picked":"Barricade","floor":33},{"not_picked":["Iron Wave+1","Twin Strike+1"],"picked":"Ghostly Armor+1","floor":35},{"not_picked":["Reckless Charge+1","Iron Wave"],"picked":"Metallicize+1","floor":36},{"not_picked":["Flex+1","Infernal Blade"],"picked":"Inflame+1","floor":39},{"not_picked":["Dual Wield","Heavy Blade+1","Havoc+1"],"picked":"Singing Bowl","floor":44},{"not_picked":["Perfected Strike","Clothesline","Havoc"],"picked":"Singing Bowl","floor":46}],"player_experience":81118,"relics_obtained":[{"floor":6,"key":"Ornamental Fan"},{"floor":9,"key":"Meat on the Bone"},{"floor":12,"key":"White Beast Statue"},{"floor":26,"key":"Dream Catcher"},{"floor":27,"key":"Matryoshka"},{"floor":30,"key":"Paper Frog"},{"floor":30,"key":"Vajra"},{"floor":43,"key":"PreservedInsect"},{"floor":43,"key":"Pantograph"},{"floor":44,"key":"hubris:SphereOfDissonance"}],"event_choices":[{"damage_healed":0,"gold_gain":0,"player_choice":"Success","damage_taken":18,"relics_obtained":["Mummified Hand"],"max_hp_gain":0,"max_hp_loss":0,"event_name":"Scrap Ooze","floor":3,"gold_loss":0},{"damage_healed":0,"gold_gain":99,"player_choice":"Stole From Cult","damage_taken":0,"max_hp_gain":0,"max_hp_loss":0,"event_name":"Nest","floor":19,"gold_loss":0},{"damage_healed":0,"gold_gain":200,"player_choice":"Gold","damage_taken":0,"max_hp_gain":0,"max_hp_loss":0,"event_name":"Wheel of Change","floor":20,"gold_loss":0},{"cards_removed":["Strike_R"],"damage_healed":0,"gold_gain":0,"player_choice":"Gave Gold","damage_taken":0,"max_hp_gain":0,"max_hp_loss":0,"event_name":"Beggar","floor":29,"gold_loss":75},{"damage_healed":0,"gold_gain":0,"player_choice":"Obtained Relic","damage_taken":0,"relics_obtained":["Singing Bowl"],"max_hp_gain":0,"max_hp_loss":0,"event_name":"Addict","floor":31,"gold_loss":85},{"cards_removed":["Bash"],"damage_healed":0,"gold_gain":0,"player_choice":"Removed Attack","damage_taken":0,"max_hp_gain":0,"max_hp_loss":0,"event_name":"Falling","floor":37,"gold_loss":0},{"damage_healed":0,"gold_gain":0,"player_choice":"Got Potions","damage_taken":0,"max_hp_gain":0,"max_hp_loss":0,"event_name":"Lab","floor":38,"gold_loss":0},{"damage_healed":0,"gold_gain":0,"player_choice":"Max HP","damage_taken":0,"max_hp_gain":0,"max_hp_loss":4,"event_name":"Winding Halls","floor":48,"gold_loss":0}],"is_beta":false,"boss_relics":[{"not_picked":["SlaversCollar","hubris:TerracottaHorce"],"picked":"Runic Pyramid"},{"not_picked":["SacredBark","Calling Bell"],"picked":"construct:WeddingRing"}],"items_purged_floors":[11,21,23,41],"is_endless":false,"potions_floor_spawned":[1,8,12,13,14,16,18,22,25,27,33,35,36,39,44,46],"ascension_level":1}}