{"host":"js2su9tbbk4rmjfl","time":1614031579,"event":{"mods":["AchievementEnabler","BaseMod","Block Reminder","Colored Map","Colored Powertips","Highlight Path","Minty Spire (QoL Compilation)","Relic Stats"],"gold_per_floor":[115,40,40,54,54,54,67,67,67,67,67,67],"floor_reached":11,"language":"ENG","playtime":269,"items_purged":[],"score":119,"play_id":"a0b71c50-2bb9-4b48-96ba-6ea871f4b285","local_time":"20210222230619","is_ascension_mode":true,"campfire_choices":[{"data":"Disarm","floor":6,"key":"SMITH"},{"data":"True Grit","floor":8,"key":"SMITH"},{"data":"Feel No Pain","floor":10,"key":"SMITH"}],"circlet_count":0,"master_deck":["AscendersBane","Strike_R","Strike_R","Strike_R","Strike_R","Strike_R","Defend_R","Defend_R+1","Defend_R+1","Bash","Impervious","Feel No Pain+1","Disarm+1","True Grit+1"],"relics":["Burning Blood","HornCleat","Kunai"],"acts_visited":["Exordium"],"potions_floor_usage":[7],"damage_taken":[{"damage":2,"enemies":"2 Louse","floor":1,"turns":4},{"damage":8,"enemies":"Jaw Worm","floor":4,"turns":4},{"damage":4,"enemies":"Small Slimes","floor":7,"turns":4},{"damage":44,"enemies":"Gremlin Nob","floor":11,"turns":4}],"seed_played":"-5988682211531955701","potions_obtained":[{"floor":1,"key":"FearPotion"}],"is_trial":false,"path_per_floor":["M","?","?","M","?","R","M","R","T","R","E"],"character_chosen":"IRONCLAD","items_purchased":[],"campfire_rested":0,"item_purchase_floors":[],"current_hp_per_floor":[72,72,49,47,29,29,31,31,31,31,0,0],"gold":67,"neow_bonus":"ONE_RANDOM_RARE_CARD","is_daily":false,"chose_seed":false,"campfire_upgraded":3,"win_rate":0.0,"timestamp":1614031579,"path_taken":["M","?","?","M","?","R","M","R","T","R","E"],"items_purchased_type":[],"build_version":"2020-12-22","purchased_purges":0,"victory":false,"max_hp_per_floor":[75,75,75,75,75,75,75,75,75,75,75,75],"relic_stats":{"counters":[4,16],"Kunai":[2],"obtain_stats":[{"HornCleat":5,"Kunai":9,"Burning Blood":0},{"HornCleat":2,"Kunai":3,"Burning Blood":0},{"HornCleat":8,"Kunai":12,"Burning Blood":0}],"Burning Blood":18},"card_choices":[{"not_picked":["Headbutt","Pommel Strike"],"picked":"Feel No Pain","floor":1},{"not_picked":["True Grit","Body Slam"],"picked":"Disarm","floor":4},{"not_picked":["Sword Boomerang","Bloodletting"],"picked":"True Grit","floor":7}],"player_experience":899865,"relics_obtained":[{"floor":9,"key":"Kunai"}],"event_choices":[{"cards_removed":["Defend_R"],"damage_healed":0,"gold_gain":0,"player_choice":"Card Removal","damage_taken":0,"max_hp_gain":0,"max_hp_loss":0,"event_name":"The Cleric","floor":2,"gold_loss":75},{"damage_healed":0,"gold_gain":0,"player_choice":"Entered Light","damage_taken":23,"max_hp_gain":0,"max_hp_loss":0,"event_name":"Shining Light","floor":3,"gold_loss":0,"cards_upgraded":["Defend_R","Defend_R"]},{"damage_healed":0,"gold_gain":0,"player_choice":"Success","damage_taken":18,"relics_obtained":["HornCleat"],"max_hp_gain":0,"max_hp_loss":0,"event_name":"Scrap Ooze","floor":5,"gold_loss":0}],"is_beta":false,"boss_relics":[],"items_purged_floors":[],"is_endless":false,"potions_floor_spawned":[1],"killed_by":"Gremlin Nob","ascension_level":19}}