{"host":"04hh9gplt9wkfmr1","time":1614013672,"event":{"mods":["AchievementEnabler","BaseMod","Colored Map","KOR Keyword Fix","Minty Spire (QoL Compilation)","Rare Cards Sparkle","SuperFastMode"],"gold_per_floor":[112,125,275,291,291,291,319,319,344,371,371,388,399,409,409,409,409],"floor_reached":16,"language":"KOR","playtime":493,"items_purged":[],"score":213,"play_id":"83fb6d83-5752-4b94-91d9-5ad93a3150b2","local_time":"20210223020752","is_ascension_mode":true,"campfire_choices":[{"data":"Catalyst","floor":6.0,"key":"SMITH"},{"floor":8.0,"key":"REST"},{"floor":11.0,"key":"REST"},{"floor":15,"key":"REST"}],"circlet_count":0,"master_deck":["AscendersBane","Strike_G","Strike_G","Strike_G","Strike_G","Strike_G","Defend_G","Defend_G","Defend_G","Defend_G","Defend_G","Survivor","Neutralize","Deadly Poison","Catalyst+1","Doubt","Escape Plan","Deadly Poison"],"relics":["Ring of the Snake","Tiny Chest","Snake Skull","Anchor"],"acts_visited":["Exordium"],"potions_floor_usage":[16],"damage_taken":[{"damage":1.0,"enemies":"Small Slimes","floor":1.0,"turns":4.0},{"damage":2.0,"enemies":"2 Louse","floor":2.0,"turns":3.0},{"damage":2.0,"enemies":"Jaw Worm","floor":4.0,"turns":4.0},{"damage":42.0,"enemies":"3 Sentries","floor":7.0,"turns":13.0},{"damage":32.0,"enemies":"Lagavulin","floor":10.0,"turns":7.0},{"damage":0.0,"enemies":"Gremlin Gang","floor":12.0,"turns":4.0},{"damage":24,"enemies":"Large Slime","floor":13,"turns":9},{"damage":3,"enemies":"Blue Slaver","floor":14,"turns":5},{"damage":35,"enemies":"Slime Boss","floor":16,"turns":7}],"seed_played":"5148695214279681980","potions_obtained":[{"floor":4.0,"key":"Fire Potion"},{"floor":10.0,"key":"PowerPotion"},{"floor":12.0,"key":"Weak Potion"},{"floor":13,"key":"FearPotion"}],"is_trial":false,"path_per_floor":["M","M","?","M","?","R","E","R","T","E","R","M","M","M","R","B"],"character_chosen":"THE_SILENT","items_purchased":[],"campfire_rested":3,"item_purchase_floors":[],"current_hp_per_floor":[64,62,62,60,65,65,23,46,46,14,37,37,13,10,33,0,0],"gold":409,"neow_bonus":"TEN_PERCENT_HP_BONUS","is_daily":false,"chose_seed":false,"campfire_upgraded":1,"win_rate":0.0,"timestamp":1614013672,"path_taken":["M","M","?","M","?","R","E","R","T","E","R","M","M","M","R","BOSS"],"items_purchased_type":[],"build_version":"2020-12-22","purchased_purges":0,"victory":false,"max_hp_per_floor":[72,72,72,72,77,77,77,77,77,77,77,77,77,77,77,77,77],"card_choices":[{"not_picked":["Slice","Tactician"],"picked":"Deadly Poison","floor":1.0},{"not_picked":["Sucker Punch","PiercingWail"],"picked":"Catalyst","floor":2.0},{"not_picked":["Endless Agony","Dagger Throw","Slice"],"picked":"SKIP","floor":4.0},{"not_picked":["Concentrate","Skewer"],"picked":"Escape Plan","floor":7.0},{"not_picked":["Calculated Gamble","Flying Knee","Dodge and Roll"],"picked":"SKIP","floor":10.0},{"not_picked":["Finisher","Unload","Flying Knee"],"picked":"SKIP","floor":12.0},{"not_picked":["Leg Sweep","Quick Slash","Accuracy"],"picked":"SKIP","floor":13},{"not_picked":["Dagger Throw","Backflip"],"picked":"Deadly Poison","floor":14}],"player_experience":173553,"relics_obtained":[{"floor":7.0,"key":"Tiny Chest"},{"floor":9.0,"key":"Snake Skull"},{"floor":10.0,"key":"Anchor"}],"event_choices":[{"damage_healed":0.0,"max_hp_gain":0.0,"max_hp_loss":0.0,"gold_gain":150.0,"event_name":"Liars Game","player_choice":"AGREE","floor":3.0,"gold_loss":0.0,"damage_taken":0.0,"cards_obtained":["Doubt"]},{"damage_healed":0.0,"max_hp_gain":5.0,"max_hp_loss":0.0,"gold_gain":0.0,"event_name":"Big Fish","player_choice":"Donut","floor":5.0,"gold_loss":0.0,"damage_taken":0.0}],"is_beta":false,"boss_relics":[],"items_purged_floors":[],"is_endless":false,"potions_floor_spawned":[4,10,12,13],"killed_by":"Slime Boss","ascension_level":18}}