{"host":"0rn20prxkpuv2e47","time":1614003821,"event":{"mods":["100% Spire Juice","ATMod(阿瑾Mod)","Act Like it!","Arknights","Aspiration","BaseMod","Challenge The Spire","Downfall","Friendly Minions","Gensokyo","Hallownest","Hermit","Koishi","KomeijiMod","Marisa（F雨　魔理沙）","Minty Spire (QoL Compilation)","MostiFishMod","Quick Restart","Reimu（博丽灵梦）","Remilia（蕾米莉亚）","Robot Space Explorer","StSLib","The Administrix","The Alterego","The Animator","The Blackbeard","The Bug Knight","The Construct","The Cursed","The Jungle","The Mystic","The Runesmith","The Senshi","The Servant 0.9.4","Warlord Emblem","Wide Potions","[GremlinLeader]The Maniac","[IsaacMod]以撒尖塔","[功能]功能增强和修复MOD","noobMod","【功能Mod】聪明的最终Boss","【遗物卡牌】REMEMod"],"gold_per_floor":[369,329,329,360,360,360,374,329,329,362,362,362,396,396,396,491,491,503,493,493,493,558,558,553,553,553,553,567,582,582,582,582,686,686,696,706,666,682,682,682,682,682,682,682,709,721,696,721,738,778,796,751,1093,1093,1106,1056,1056,1056,0,0,47,47,47,47],"floor_reached":51,"language":"ZHS","playtime":2668,"items_purged":["AdministrixMod:Strike_Administrix","AdministrixMod:Defend_Administrix","AdministrixMod:Defend_Administrix","AdministrixMod:Strike_Administrix","AdministrixMod:Strike_Administrix","AdministrixMod:Defend_Administrix","AdministrixMod:Defend_Administrix","AdministrixMod:Strike_Administrix","AdministrixMod:CrackingPangu","AT_ThreeBodyProblem","AT_ThreeBodyProblem","AdministrixMod:ChooseYourEnd","AdministrixMod:BlueCloak","AdministrixMod:RedCloak","AdministrixMod:TrickOfTheLight","AdministrixMod:ShadowPlay","BettingIsNotGood","AdministrixMod:WickedPunishment","AdministrixMod:SyncreticSurge","AdministrixMod:ExtolVirtue","PanicButton","REME_WheelOfFate+1","Thunderclap+1","AdministrixMod:UnstableVigor+1","AdministrixMod:CenturiesAscent","AdministrixMod:Katabasis","Corruption+1","AdministrixMod:WifeLightning+1","AdministrixMod:FearOfDeath+1","AdministrixMod:ExtolVirtue+1","AdministrixMod:MixOfMercury+1","AdministrixMod:XianArts+1","AdministrixMod:BegetEternity+1","Dramatic Entrance+1","AdministrixMod:Convergence","Flame Barrier","AT_BodySlamDance","AdministrixMod:ChooseYourEnd+1","AdministrixMod:PlateOfAntiquity+1","Sword Boomerang+1","Sword Boomerang+1","Infernal Blade","Secret Weapon+1","GradualImprovement+1","AdministrixMod:NoblePath+1","AdministrixMod:ImmortalGrace+1","True Grit","Shrug It Off","AdministrixMod:HiddenPower","Second Wind","Dark Embrace","AdministrixMod:StarSwordSoul+1"],"score":1211,"play_id":"c2ca2180-5219-4a1b-a4a1-177fba279db8","local_time":"20210222222341","is_ascension_mode":false,"campfire_choices":[{"data":"AdministrixMod:XianArts","floor":6,"key":"SMITH"},{"data":"AdministrixMod:HiddenPower","floor":11,"key":"SMITH"},{"data":"AdministrixMod:MixOfMercury","floor":15,"key":"SMITH"},{"data":"Madness","floor":23,"key":"SMITH"},{"data":"AdministrixMod:FearOfDeath","floor":25,"key":"SMITH"},{"data":"AdministrixMod:StarSwordSoul","floor":27,"key":"SMITH"},{"data":"AdministrixMod:WifeLightning","floor":32,"key":"SMITH"},{"floor":40,"key":"RECALL"},{"floor":44,"key":"REST"},{"data":"MostiFishMod:Mottled+1","floor":40,"key":"SMITH"},{"data":"MostiFishMod:Mottled+2","floor":44,"key":"SMITH"},{"data":"MostiFishMod:Mottled+3","floor":46,"key":"SMITH"},{"data":"MostiFishMod:Mottled+4","floor":49,"key":"SMITH"}],"circlet_count":0,"master_deck":["Madness+1","MostiFishMod:Mottled+5","Dual Wield+1"],"relics":["AdministrixMod:ConductorRitualBaton","ice","AT_ATBox","REME_ComplimentaryCards","HushsDoor","DaveBox","BirthdayGift-Icosahedron","aspiration:Nostalgia","Ring of the Snake","BloodBag","SynthV:TestCard","Chemical X","Bag of Marbles","theSenshi:FeatherClipsRelic","TheAbacus","aspiration:HiddenCompartment","StrikeDummy","Runesmith:Nanobots","Chaos","PokeGo","AT_Manta","MagicMushroom","aspiration:RunicSpoon","Molten Egg 2","WarlordEmblem:QuestShaman","aspiration:IroncladSkillbook","Ancient Tea Set","InkBottle","WarlordEmblem:MantleLiam","Bronze Scales","Boot","aspiration:SecretTechniqueScroll","Shuriken","ThornShield","TheBattery","Juzu Bracelet","Regal Pillow","theJungle:BirthdayCakeSlice","DianDianMeat","BrkXgEgg","Leech","HoshigumaDish","Gensokyo:EmptyGrave","REME_CardOfGreed","BirthdayGift-Tetrahedron","SacredBark","Succubus","AdministrixMod:GoldenChickadee","Thread and Needle","Prayer Wheel","aspiration:HatOfInfinitePower","Peace Pipe","AT_EbonyIvory","AT_DeathDance","Akabeko","Frozen Eye","SentryEyes","Red Mask","CatCart"],"acts_visited":["Gensokyo:Gensokyo","theJungle:Jungle","Gensokyo:Gensokyoest"],"potions_floor_usage":[21,50],"damage_taken":[{"damage":12,"enemies":"Gensokyo:Gryphon","floor":1,"turns":3},{"damage":0,"enemies":"Gensokyo:3_Fairies","floor":4,"turns":2},{"damage":1,"enemies":"Gensokyo:Python","floor":7,"turns":2},{"damage":0,"enemies":"Gensokyo:Aya","floor":10,"turns":3},{"damage":0,"enemies":"Gensokyo:Cirno","floor":13,"turns":4},{"damage":13,"enemies":"Gensokyo:Kokoro","floor":16,"turns":10},{"damage":5,"enemies":"theJungle:Flameango_and_Byrd","floor":18,"turns":3},{"damage":0,"enemies":"theJungle:GiantWrat","floor":28,"turns":1},{"damage":0,"enemies":"theJungle:SlimyTreeVines","floor":29,"turns":1},{"damage":0,"enemies":"theJungle:FunGuy","floor":33,"turns":2},{"damage":0,"enemies":"Gensokyo:3_Boulders","floor":35,"turns":2},{"damage":0,"enemies":"Gensokyo:3_Bats","floor":36,"turns":1},{"damage":0,"enemies":"Gensokyo:Dusk_and_Dawn","floor":38,"turns":1},{"damage":0,"enemies":"Gensokyo:Doremy","floor":45,"turns":2},{"damage":0,"enemies":"Gensokyo:Rafflesia","floor":46,"turns":2},{"damage":0,"enemies":"Gensokyo:Kasen","floor":48,"turns":1},{"damage":0,"enemies":"3 Darklings","floor":35,"turns":1},{"damage":0,"enemies":"Orb Walker","floor":37,"turns":1},{"damage":0,"enemies":"Transient","floor":41,"turns":2},{"damage":0,"enemies":"Orin","floor":47,"turns":2},{"damage":0,"enemies":"Donu and Deca","floor":50,"turns":1}],"seed_played":"237725881203592602","potions_obtained":[{"floor":10,"key":"FairyPotion"}],"is_trial":false,"path_per_floor":["M","$","$","M","$","R","M","$","T","E","R","?","E","?","R","B",null,"M","$","?","$","?","R","$","R","T","R","M","M","$","?","R","B",null,"M","M","$","M","?","R","?","?","T","R","E","M","$","E","M","$","M","$","?","R","M","$","T","R","?","R","?","?","R","B",null],"character_chosen":"TheAdministrix","items_purchased":["Chemical X","Bag of Marbles","theSenshi:FeatherClipsRelic","AdministrixMod:HiddenPower","AdministrixMod:CrackingPangu","AdministrixMod:TrickOfTheLight","TheAbacus","aspiration:HiddenCompartment","StrikeDummy","AdministrixMod:XianArts","AdministrixMod:MixOfMercury","AdministrixMod:ExtolVirtue","Runesmith:Nanobots","Chaos","PokeGo","AdministrixMod:ShadowPlay","AT_Manta","MagicMushroom","aspiration:RunicSpoon","AdministrixMod:WickedPunishment","aspiration:IroncladSkillbook","Ancient Tea Set","AdministrixMod:StarSwordSoul","AdministrixMod:ReachToHeaven+1","InkBottle","WarlordEmblem:MantleLiam","Bronze Scales","REME_GoldPotion","Madness","Boot","aspiration:SecretTechniqueScroll","Shuriken","AdministrixMod:ExtolVirtue+1","TheBattery","Juzu Bracelet","Regal Pillow","AdministrixMod:BegetEternity+1","BrkXgEgg","Leech","HoshigumaDish","Corruption+1","AdministrixMod:Katabasis","AdministrixMod:CenturiesAscent","AdministrixMod:UnstableVigor+1","Thunderclap+1","REME_WheelOfFate+1","PanicButton","BirthdayGift-Tetrahedron","SacredBark","AdministrixMod:GoldenChickadee","Thread and Needle","Prayer Wheel","AdministrixMod:ChooseYourEnd+1","Sword Boomerang+1","AT_BodySlamDance","Flame Barrier","AdministrixMod:Convergence","MostiFishMod:Mottled+1","Dramatic Entrance+1","aspiration:HatOfInfinitePower","Peace Pipe","AT_EbonyIvory","Second Wind","AdministrixMod:HiddenPower","True Grit","AdministrixMod:ImmortalGrace+1","AdministrixMod:NoblePath+1","GradualImprovement+1","Secret Weapon+1","AT_DeathDance","Akabeko","Frozen Eye"],"campfire_rested":1,"item_purchase_floors":[2,2,2,2,2,2,3,3,3,3,3,3,5,5,5,5,8,8,8,8,19,19,19,19,21,21,21,21,21,24,24,24,24,30,30,30,30,37,37,37,37,37,37,37,37,37,37,47,47,36,36,36,38,38,38,38,38,38,38,38,38,38,42,42,42,42,42,42,42,42,42,42],"current_hp_per_floor":[26,26,26,33,33,33,39,46,46,54,54,39,47,47,47,42,79,79,79,79,79,64,64,64,64,64,64,75,79,79,84,84,84,84,84,84,112,112,104,104,104,104,104,104,104,112,112,112,112,112,131,229,247,247,286,454,454,454,454,454,454,454,454,454],"gold":47,"neow_bonus":"NOSTALGIA","is_daily":false,"chose_seed":false,"campfire_upgraded":11,"win_rate":0.0,"timestamp":1614003821,"path_taken":["M","?","$","M","$","R","?","?","T","E","R","?","E","?","R","BOSS","M","$","?","?","?","R","$","R","T","R","M","?","$","?","R","BOSS","M","M","$","M","?","R","?","?","T","R","E","M","$","E","M","$","M","$","?","R","M","$","T","R","?","R","?","?","R","BOSS"],"items_purchased_type":["Relic","Relic","Relic","Card","Card","Card","Relic","Relic","Relic","Card","Card","Card","Relic","Card","Relic","Card","Relic","Relic","Relic","Card","Relic","Relic","Card","Card","Relic","Relic","Relic","Potion","Card","Relic","Relic","Relic","Card","Relic","Relic","Relic","Card","Relic","Relic","Relic","Card","Card","Card","Card","Card","Card","Card","Relic","Relic","Relic","Relic","Relic","Card","Card","Card","Card","Card","Card","Card","Relic","Relic","Relic","Card","Card","Card","Card","Card","Card","Card","Relic","Relic","Relic"],"build_version":"2020-12-22","purchased_purges":52,"victory":true,"max_hp_per_floor":[72,72,72,72,72,72,72,79,79,79,79,79,79,79,79,79,79,79,79,79,79,79,79,79,79,79,79,79,79,79,84,84,84,84,84,84,112,112,104,104,104,104,104,104,104,112,112,112,112,112,131,229,247,247,286,454,454,454,454,454,454,454,454,454],"card_choices":[{"not_picked":[],"picked":"BettingIsNotGood","floor":0},{"not_picked":["AdministrixMod:RebukeDesires","AdministrixMod:Transition"],"picked":"AdministrixMod:ChooseYourEnd","floor":1},{"not_picked":["AdministrixMod:TouchOfCinnabar","AdministrixMod:LightOfYourLife","AdministrixMod:RegentEdict","AdministrixMod:SeventeenArticleLaser"],"picked":"AdministrixMod:WifeLightning","floor":4},{"not_picked":["AdministrixMod:CenturiesAscent","AdministrixMod:PassageOfAges","AdministrixMod:CrackingPangu","AdministrixMod:ImmortalPurity"],"picked":"AdministrixMod:SyncreticSurge","floor":7},{"not_picked":["AdministrixMod:LuminaryPath","AdministrixMod:Convergence","AdministrixMod:RegentEdict+1","AdministrixMod:Metempsychosis","AdministrixMod:Wuji"],"picked":"SKIP","floor":10},{"not_picked":["AdministrixMod:Katabasis","AdministrixMod:CosmosControl","AdministrixMod:SealAway","AdministrixMod:PassageOfAges+1","AdministrixMod:ChooseYourEnd+1"],"picked":"SKIP","floor":13},{"not_picked":["AdministrixMod:AmassedMasks","AdministrixMod:ImmortalClarity","AdministrixMod:BrewingCloister","AdministrixMod:FalseDeath"],"picked":"AdministrixMod:FearOfDeath","floor":16},{"not_picked":["AdministrixMod:Transition","AdministrixMod:RebukeDesires+1","AdministrixMod:GuanyinBlessing","AdministrixMod:CrackingPangu+1","AdministrixMod:LightOfYourLife"],"picked":"SKIP","floor":18},{"not_picked":["AdministrixMod:TrickOfTheLight+1","AdministrixMod:SeventeenArticleLaser+1","Pommel Strike+1","AdministrixMod:NoblePath+1","Havoc+1","Twin Strike+1"],"picked":"SKIP","floor":28},{"not_picked":["AdministrixMod:CenturiesAscent+1","Burning Pact+1","AdministrixMod:Transition","AdministrixMod:RegentEdict+1","AdministrixMod:ImmortalPurity","Clothesline+1"],"picked":"SKIP","floor":29},{"not_picked":["AdministrixMod:ShadowPlay+1","Sentinel+1","AdministrixMod:RebukeDesires+1","Clothesline+1","Body Slam+1","AdministrixMod:FuneraryRites+1"],"picked":"SKIP","floor":35},{"not_picked":["AdministrixMod:LifeforceNet+1","AdministrixMod:SealAway","AdministrixMod:ImmortalGrace+1","Iron Wave+1","AdministrixMod:NoblePath+1","Heavy Blade+1"],"picked":"SKIP","floor":36},{"not_picked":["Twin Strike+1","Cleave+1","AdministrixMod:TrickOfTheLight+1","Wild Strike+1","Perfected Strike+1","AdministrixMod:JustRewards+1"],"picked":"SKIP","floor":38},{"not_picked":["AdministrixMod:XianArts+1","AdministrixMod:Metempsychosis+1","Feel No Pain+1","Clothesline+1","Pummel+1","AdministrixMod:CosmosControl+1"],"picked":"SKIP","floor":45},{"not_picked":["AdministrixMod:Transcension+1","AdministrixMod:TrickOfTheLight+1","AdministrixMod:ImmortalGrace+1","Thunderclap+1","Feel No Pain+1"],"picked":"Sword Boomerang+1","floor":46},{"not_picked":["Clothesline+1","Shrug It Off+1","AT_DiedThrough+1","AdministrixMod:CrackingPangu+1","AdministrixMod:RisingSunPrince+1","Fire Breathing+1"],"picked":"SKIP","floor":48},{"not_picked":["Blood for Blood+1","AdministrixMod:ImmortalPurity","AdministrixMod:LuminaryPath+1","Wild Strike+1","AT_GerminateFire+1","AdministrixMod:SyncreticSurge"],"picked":"SKIP","floor":35},{"not_picked":["AdministrixMod:RebukeDesires+1","AdministrixMod:TouchOfCinnabar+1","AdministrixMod:Transition+1","Body Slam+1","Cleave+1"],"picked":"Infernal Blade","floor":37},{"not_picked":["AdministrixMod:CenturiesAscent","Bludgeon+1","AdministrixMod:FeastOfDew","AdministrixMod:Untouchable+1","Body Slam+1"],"picked":"AdministrixMod:PlateOfAntiquity+1","floor":37},{"not_picked":["Body Slam+1","Cleave+1","AdministrixMod:ShadowPlay+1","REME_Cut+1","AdministrixMod:PassageOfAges+1"],"picked":"Dual Wield+1","floor":39},{"not_picked":["Clash+1","Body Slam+1","Pommel Strike+1","AdministrixMod:SyncreticSurge+1","MostiFishMod:KnuckleDown+1"],"picked":"Dark Embrace","floor":41},{"not_picked":["AdministrixMod:Transition+1","Perfected Strike+1","Iron Wave+1","AT_GerminateFire","Seeing Red+1"],"picked":"Shrug It Off","floor":41}],"player_experience":199589,"relics_obtained":[{"floor":1,"key":"SynthV:TestCard"},{"floor":10,"key":"Molten Egg 2"},{"floor":13,"key":"WarlordEmblem:QuestShaman"},{"floor":26,"key":"ThornShield"},{"floor":43,"key":"GuppysHead"},{"floor":45,"key":"REME_CardOfGreed"},{"floor":48,"key":"Succubus"},{"floor":43,"key":"SentryEyes"},{"floor":47,"key":"CatCart"}],"event_choices":[{"damage_healed":0,"gold_gain":0,"player_choice":"Paid","damage_taken":0,"relics_obtained":["Red Mask"],"max_hp_gain":0,"max_hp_loss":0,"event_name":"Tomb of Lord Red Mask","floor":45,"gold_loss":1056},{"damage_healed":0,"gold_gain":0,"player_choice":"Fight","damage_taken":0,"max_hp_gain":0,"max_hp_loss":0,"event_name":"OrinTheCat","floor":47,"gold_loss":0},{"cards_removed":["AdministrixMod:ReachToHeaven"],"damage_healed":0,"gold_gain":0,"player_choice":"Removed Attack","damage_taken":0,"max_hp_gain":0,"max_hp_loss":0,"event_name":"Falling","floor":48,"gold_loss":0}],"is_beta":false,"boss_relics":[{"not_picked":["Technique","REME_LimitBreaker"],"picked":"ForgetMeNow"},{"not_picked":[]},{"not_picked":["Letter Opener","HollowMod:StagPassRelic"],"picked":"DianDianMeat"},{"not_picked":[]}],"items_purged_floors":[2,2,2,2,2,2,2,2,8,8,8,8,8,8,8,8,8,19,19,24,37,37,37,37,37,37,37,37,47,47,47,47,47,38,38,38,38,38,38,38,38,38,42,42,42,42,42,42,42,42,42,42],"is_endless":false,"potions_floor_spawned":[1,1,4,7,10,10,13,13,16,18,28,28,33,33,36,36,38,45,45,46,46,46,35,37,37,41],"ascension_level":0}}