{"host":"r4aerl4ckfvw1dw3","time":1614034780,"event":{"mods":["BaseMod","BetterRewards","Minty Spire (QoL Compilation)","Quick Restart","StSLib"],"gold_per_floor":[117,136,61,139,139,139,167,178,178,194,38,53,53,87,87,191,191,211,1,14,24,24,54,54,79,79,79,45,45,45,62,62,166,166,178,198,298,313,331,331,361,379,451,482,501,501,501],"floor_reached":46,"language":"ENG","playtime":3374,"items_purged":["Strike_G"],"score":910,"play_id":"a696c63e-6c41-4b77-a389-947667032633","local_time":"20210222145940","is_ascension_mode":true,"campfire_choices":[{"data":"Neutralize","floor":6.0,"key":"SMITH"},{"data":"Blade Dance","floor":13.0,"key":"SMITH"},{"floor":15.0,"key":"REST"},{"floor":24.0,"key":"REST"},{"floor":27.0,"key":"REST"},{"floor":30.0,"key":"REST"},{"floor":32.0,"key":"REST"},{"floor":40.0,"key":"REST"}],"circlet_count":0,"master_deck":["AscendersBane","Survivor","Neutralize+1","All Out Attack","Terror+1","Acrobatics","Dagger Throw","Riddle With Holes","Well Laid Plans","Leg Sweep","Blade Dance+1","Backflip","Blur","Acrobatics","Flying Knee","Doppelganger","Crippling Poison","Accuracy","Bandage Up","Underhanded Strike+1","Prepared","Blade Dance","Infinite Blades","Venomology+1","RitualDagger","Escape Plan+1","Malaise+1","Dagger Spray","Tools of the Trade","Setup+1","Night Terror+1","Crippling Poison+1","Infinite Blades","Deadly Poison+1","Blur+1","Crippling Poison+1","Deadly Poison+1","Blade Dance+1","Cloak And Dagger+1","PiercingWail+1","Footwork","Infinite Blades","Deflect+1","Blade Dance+1"],"relics":["Ring of the Snake","NeowsBlessing","Question Card","Bottled Flame","Orrery","Darkstone Periapt","WristBlade","Membership Card","Nunchaku","Orichalcum","Toxic Egg 2","Pandora\u0027s Box","Mummified Hand","Ninja Scroll","Sundial"],"acts_visited":["Exordium","TheCity","TheBeyond"],"potions_floor_usage":[46],"damage_taken":[{"damage":0.0,"enemies":"2 Louse","floor":1.0,"turns":1.0},{"damage":0.0,"enemies":"Cultist","floor":2.0,"turns":1.0},{"damage":0.0,"enemies":"Gremlin Nob","floor":7.0,"turns":1.0},{"damage":1.0,"enemies":"Small Slimes","floor":8.0,"turns":4.0},{"damage":5.0,"enemies":"Gremlin Gang","floor":10.0,"turns":2.0},{"damage":5.0,"enemies":"Large Slime","floor":12.0,"turns":8.0},{"damage":24.0,"enemies":"Lagavulin","floor":14.0,"turns":6.0},{"damage":30.0,"enemies":"The Guardian","floor":16.0,"turns":14.0},{"damage":0.0,"enemies":"Chosen","floor":18.0,"turns":4.0},{"damage":17.0,"enemies":"3 Byrds","floor":20.0,"turns":5.0},{"damage":0.0,"enemies":"Snecko","floor":21.0,"turns":5.0},{"damage":30.0,"enemies":"Gremlin Leader","floor":23.0,"turns":6.0},{"damage":42.0,"enemies":"Slavers","floor":25.0,"turns":8.0},{"damage":3.0,"enemies":"Centurion and Healer","floor":31.0,"turns":6.0},{"damage":57.0,"enemies":"Collector","floor":33.0,"turns":10.0},{"damage":13.0,"enemies":"3 Shapes","floor":35.0,"turns":8.0},{"damage":7.0,"enemies":"Orb Walker","floor":36.0,"turns":3.0},{"damage":6.0,"enemies":"Maw","floor":38.0,"turns":7.0},{"damage":16.0,"enemies":"4 Shapes","floor":39.0,"turns":7.0},{"damage":58.0,"enemies":"Nemesis","floor":41.0,"turns":7.0},{"damage":26.0,"enemies":"Spire Growth","floor":42.0,"turns":3.0},{"damage":11.0,"enemies":"Reptomancer","floor":44.0,"turns":5.0},{"damage":9.0,"enemies":"Sphere and 2 Shapes","floor":45.0,"turns":5.0},{"damage":22,"enemies":"Nemesis","floor":46,"turns":2}],"seed_played":"5190687206690910992","potions_obtained":[{"floor":1.0,"key":"Block Potion"},{"floor":2.0,"key":"Ancient Potion"},{"floor":8.0,"key":"FairyPotion"},{"floor":14.0,"key":"LiquidBronze"},{"floor":18.0,"key":"FearPotion"},{"floor":20.0,"key":"LiquidMemories"},{"floor":25.0,"key":"Block Potion"},{"floor":44.0,"key":"LiquidBronze"}],"is_trial":false,"path_per_floor":["M","M","$","?","?","R","E","M","T","M","$","M","R","E","R","B",null,"M","$","M","M","$","E","R","E","T","R","$","?","R","M","R","B",null,"M","M","?","M","M","R","E","M","T","E","M","E"],"character_chosen":"THE_SILENT","items_purchased":["Orrery","Membership Card","Accuracy","Bandage Up","Venomology+1"],"campfire_rested":6,"item_purchase_floors":[11,19,19,19,28],"current_hp_per_floor":[63,63,63,63,63,63,63,62,62,57,57,52,52,28,49,19,57,57,57,44,48,48,22,43,5,5,26,26,20,41,42,63,10,55,46,43,43,41,29,50,25,21,21,10,5,0,0],"gold":501,"neow_bonus":"THREE_ENEMY_KILL","is_daily":false,"chose_seed":false,"campfire_upgraded":2,"win_rate":0.0,"timestamp":1614034780,"path_taken":["M","M","$","?","?","R","E","M","T","M","$","?","R","E","R","BOSS","M","$","M","M","$","E","R","E","T","R","$","?","R","M","R","BOSS","M","M","?","?","M","R","E","M","T","E","M","E"],"items_purchased_type":["Relic","Relic","Card","Card","Card"],"build_version":"2020-12-22","purchased_purges":1,"victory":false,"max_hp_per_floor":[70,70,70,70,70,70,70,70,70,70,70,70,70,70,70,70,70,70,70,70,70,70,70,70,70,70,70,70,70,70,70,70,70,70,70,70,70,70,70,70,70,70,70,70,70,70,70],"card_choices":[{"not_picked":["Calculated Gamble","Sucker Punch"],"picked":"All Out Attack","floor":1.0},{"not_picked":["Acrobatics","Reflex"],"picked":"Terror","floor":2.0},{"not_picked":["Skewer","Dagger Spray"],"picked":"Acrobatics","floor":7.0},{"not_picked":["Accuracy","Backstab","Acrobatics"],"picked":"Dagger Throw","floor":8.0},{"not_picked":["Masterful Stab","Quick Slash","Dagger Spray"],"picked":"Riddle With Holes","floor":10.0},{"not_picked":["Adrenaline","Deflect","Slice"],"picked":"Well Laid Plans","floor":11.0},{"not_picked":["Calculated Gamble","Flying Knee","Poisoned Stab"],"picked":"Leg Sweep","floor":11.0},{"not_picked":["Dodge and Roll","Backflip","Dagger Throw"],"picked":"Blade Dance","floor":11.0},{"not_picked":["A Thousand Cuts","Flechettes","Outmaneuver"],"picked":"Backflip","floor":11.0},{"not_picked":["Cloak And Dagger","Outmaneuver","Acrobatics"],"picked":"Blur","floor":11.0},{"not_picked":["Bouncing Flask","Dagger Throw","Outmaneuver"],"picked":"Acrobatics","floor":12.0},{"not_picked":["Acrobatics","Cloak And Dagger","Dagger Throw"],"picked":"Flying Knee","floor":14.0},{"not_picked":["Night Terror","Grand Finale","Die Die Die"],"picked":"Doppelganger","floor":16.0},{"not_picked":["Acrobatics","Well Laid Plans","Flying Knee"],"picked":"Crippling Poison","floor":18.0},{"not_picked":["Dodge and Roll","Bane","Deflect+1"],"picked":"Underhanded Strike+1","floor":20.0},{"not_picked":["Sucker Punch+1","Poisoned Stab","Acrobatics"],"picked":"Prepared","floor":21.0},{"not_picked":["Endless Agony","Calculated Gamble","Caltrops"],"picked":"Blade Dance","floor":23.0},{"not_picked":["Backflip","Distraction","Backstab+1"],"picked":"Infinite Blades","floor":25.0},{"not_picked":["After Image","Deflect+1","Bouncing Flask+1"],"picked":"Escape Plan+1","floor":31.0},{"not_picked":["Die Die Die","Wraith Form v2","A Thousand Cuts"],"picked":"Malaise+1","floor":33.0},{"not_picked":["Acrobatics+1","Underhanded Strike+1","Flying Knee"],"picked":"Deadly Poison+1","floor":35.0},{"not_picked":["Reflex+1","Predator+1","Flechettes+1"],"picked":"Blade Dance+1","floor":36.0},{"not_picked":["Slice+1","Poisoned Stab","Terror+1"],"picked":"Cloak And Dagger+1","floor":38.0},{"not_picked":["Distraction+1","Noxious Fumes","Predator"],"picked":"PiercingWail+1","floor":39.0},{"not_picked":["Backstab","Poisoned Stab+1","Wraith Form v2"],"picked":"Footwork","floor":41.0},{"not_picked":["Skewer","Poisoned Stab+1","Heel Hook+1"],"picked":"Infinite Blades","floor":42.0},{"not_picked":["Dagger Throw+1","Noxious Fumes+1","Bane+1"],"picked":"Deflect+1","floor":44.0},{"not_picked":["Calculated Gamble+1","Poisoned Stab+1","Flying Knee"],"picked":"Blade Dance+1","floor":45.0}],"player_experience":667640,"relics_obtained":[{"floor":7.0,"key":"Question Card"},{"floor":9.0,"key":"Bottled Flame"},{"floor":14.0,"key":"Darkstone Periapt"},{"floor":23.0,"key":"Nunchaku"},{"floor":25.0,"key":"Orichalcum"},{"floor":26.0,"key":"Toxic Egg 2"},{"floor":41.0,"key":"Mummified Hand"},{"floor":43.0,"key":"Ninja Scroll"},{"floor":44.0,"key":"Sundial"}],"event_choices":[{"damage_healed":0.0,"max_hp_gain":0.0,"max_hp_loss":0.0,"gold_gain":78.0,"event_name":"Golden Wing","player_choice":"Gained Gold","floor":4.0,"gold_loss":0.0,"damage_taken":0.0},{"damage_healed":0.0,"max_hp_gain":0.0,"max_hp_loss":0.0,"gold_gain":0.0,"event_name":"Accursed Blacksmith","player_choice":"Forge","floor":5.0,"gold_loss":0.0,"damage_taken":0.0,"cards_upgraded":["Terror"]},{"damage_healed":0.0,"max_hp_gain":0.0,"max_hp_loss":0.0,"gold_gain":0.0,"event_name":"Nest","player_choice":"Joined the Cult","floor":29.0,"gold_loss":0.0,"damage_taken":6.0,"cards_obtained":["RitualDagger"]},{"damage_healed":0.0,"max_hp_gain":0.0,"max_hp_loss":0.0,"gold_gain":100.0,"event_name":"Golden Shrine","player_choice":"Pray","floor":37.0,"gold_loss":0.0,"damage_taken":0.0}],"is_beta":false,"boss_relics":[{"not_picked":["Calling Bell","Black Star"],"picked":"WristBlade"},{"not_picked":["Runic Pyramid","SlaversCollar"],"picked":"Pandora\u0027s Box"}],"items_purged_floors":[3],"is_endless":false,"potions_floor_spawned":[1,2,8,14,18,20,25,35,39,44,45],"killed_by":"Nemesis","ascension_level":11}}