{"host":"aapp7ew3jk5k1bvd","time":1614005256,"event":{"mods":["AchievementEnabler","BaseMod","Colored Map","Custom Start","Keyboard Shortcuts","Minty Spire (QoL Compilation)","Permanent Neow","Quick Restart","StSLib","SuperFastMode"],"gold_per_floor":[10,10,29,42,62,62,72,85,108,108,108,118,144,204,204,204,204],"floor_reached":16,"language":"KOR","playtime":390,"items_purged":[],"score":161,"play_id":"cc6153c4-833c-4066-ba16-6b485acaf6d5","local_time":"20210222234736","is_ascension_mode":true,"campfire_choices":[{"data":"Backstab","floor":6.0,"key":"SMITH"},{"data":"Acrobatics","floor":11.0,"key":"SMITH"},{"floor":15,"key":"REST"}],"circlet_count":0,"master_deck":["AscendersBane","Strike_G","Strike_G","Strike_G","Defend_G","Defend_G","Defend_G","Defend_G","Survivor","Neutralize","Tactician","Backstab+1","Escape Plan","Corpse Explosion","Underhanded Strike","Acrobatics+1","Acrobatics"],"relics":["Ring of the Snake","Bag of Preparation","Ninja Scroll"],"acts_visited":["Exordium"],"potions_floor_usage":[],"damage_taken":[{"damage":3.0,"enemies":"Jaw Worm","floor":1.0,"turns":5.0},{"damage":4.0,"enemies":"Cultist","floor":3.0,"turns":6.0},{"damage":0.0,"enemies":"2 Louse","floor":4.0,"turns":3.0},{"damage":3.0,"enemies":"2 Fungi Beasts","floor":5.0,"turns":6.0},{"damage":0.0,"enemies":"3 Louse","floor":7.0,"turns":1.0},{"damage":0.0,"enemies":"Exordium Wildlife","floor":8.0,"turns":5.0},{"damage":1.0,"enemies":"Red Slaver","floor":12.0,"turns":2.0},{"damage":34,"enemies":"Lagavulin","floor":13,"turns":8},{"damage":3,"enemies":"Slime Boss","floor":16,"turns":6}],"seed_played":"-3917927347040331765","potions_obtained":[{"floor":4.0,"key":"FearPotion"},{"floor":7.0,"key":"FearPotion"},{"floor":12.0,"key":"Block Potion"},{"floor":13,"key":"Swift Potion"}],"is_trial":false,"path_per_floor":["M","?","M","M","M","R","M","M","T","?","R","M","E","?","R","B"],"character_chosen":"THE_SILENT","items_purchased":[],"campfire_rested":1,"item_purchase_floors":[],"current_hp_per_floor":[60,60,56,56,53,53,53,53,53,58,58,57,23,23,45,42,42],"gold":204,"neow_bonus":"REMOVE_TWO","is_daily":false,"chose_seed":false,"campfire_upgraded":2,"win_rate":0.0,"timestamp":1614005256,"path_taken":["M","?","M","M","?","R","M","M","T","?","R","M","E","?","R","BOSS"],"items_purchased_type":[],"build_version":"2020-12-22","purchased_purges":0,"victory":false,"max_hp_per_floor":[70,70,70,70,70,70,70,70,70,75,75,75,75,75,75,75,75],"card_choices":[{"not_picked":["Flying Knee","Deflect"],"picked":"Tactician","floor":1.0},{"not_picked":["Noxious Fumes","PiercingWail"],"picked":"Backstab","floor":3.0},{"not_picked":["Dodge and Roll","Cloak And Dagger"],"picked":"Escape Plan","floor":4.0},{"not_picked":["Quick Slash","Infinite Blades"],"picked":"Corpse Explosion","floor":5.0},{"not_picked":["Distraction","Tactician"],"picked":"Underhanded Strike","floor":7.0},{"not_picked":["Dodge and Roll","Slice"],"picked":"Acrobatics","floor":8.0},{"not_picked":["PiercingWail","Well Laid Plans"],"picked":"Acrobatics","floor":12.0},{"not_picked":["Dagger Spray","Setup","Backflip"],"picked":"SKIP","floor":13}],"player_experience":1061830,"relics_obtained":[{"floor":9.0,"key":"Bag of Preparation"},{"floor":13,"key":"Ninja Scroll"}],"event_choices":[{"cards_removed":["Strike_G"],"damage_healed":0.0,"max_hp_gain":0.0,"max_hp_loss":0.0,"gold_gain":0.0,"event_name":"Purifier","player_choice":"Purged","floor":2.0,"gold_loss":0.0,"damage_taken":0.0},{"damage_healed":0.0,"max_hp_gain":5.0,"max_hp_loss":0.0,"gold_gain":0.0,"event_name":"Big Fish","player_choice":"Donut","floor":10.0,"gold_loss":0.0,"damage_taken":0.0},{"damage_healed":0,"gold_gain":60,"player_choice":"Gained Gold","damage_taken":0,"max_hp_gain":0,"max_hp_loss":0,"event_name":"Golden Wing","floor":14,"gold_loss":0}],"is_beta":false,"boss_relics":[],"items_purged_floors":[],"is_endless":false,"potions_floor_spawned":[4,7,12,13],"killed_by":"Slime Boss","ascension_level":11}}