{"host":"Vegetablebread","time":1614017845,"event":{"mods":["BaseMod","Bestiary","Minty Spire (QoL Compilation)","Relic Stats","Slay the Relics Exporter","StSLib"],"gold_per_floor":[115,132,132,144,144,169,169,197,220,220,241,285,303,323,323,407,407,435,458,97,138,138,165,165,193,193,228,228,254,272,310,310,310,310],"floor_reached":33,"language":"ENG","playtime":7816,"items_purged":["Strike_R"],"score":779,"play_id":"de014e2d-8b4c-471b-b230-3774ce9c41b0","local_time":"20210222101725","is_ascension_mode":true,"campfire_choices":[{"floor":10,"key":"REST"},{"data":"Carnage","floor":15,"key":"SMITH"},{"floor":24,"key":"REST"},{"floor":28,"key":"REST"},{"data":"Armaments","floor":32,"key":"SMITH"}],"circlet_count":0,"master_deck":["AscendersBane","Strike_R","Strike_R","Strike_R","Strike_R","Defend_R","Defend_R","Defend_R","Defend_R","Bash","Carnage+1","Reckless Charge","Clothesline","Burning Pact","Shrug It Off","True Grit","Feel No Pain","Feed","Entrench","Shrug It Off+1","Entrench","Heavy Blade","Armaments+1","Evolve","Flame Barrier","Shockwave"],"relics":["Mark of Pain","Torii","White Beast Statue","Prayer Wheel","Red Skull","CeramicFish","Lantern","SacredBark","MealTicket","Red Mask","Potion Belt","InkBottle","FossilizedHelix","Ancient Tea Set"],"acts_visited":["Exordium","TheCity"],"potions_floor_usage":[6,12,16,16,18,19,21,21,23,27,27,30,31,31,33],"damage_taken":[{"damage":0,"enemies":"Small Slimes","floor":1,"turns":3},{"damage":0,"enemies":"2 Louse","floor":2,"turns":2},{"damage":1,"enemies":"Jaw Worm","floor":4,"turns":2},{"damage":0,"enemies":"Gremlin Nob","floor":6,"turns":2},{"damage":33,"enemies":"3 Sentries","floor":8,"turns":11},{"damage":1,"enemies":"Looter","floor":11,"turns":3},{"damage":14,"enemies":"Lagavulin","floor":12,"turns":6},{"damage":1,"enemies":"3 Louse","floor":13,"turns":2},{"damage":0,"enemies":"Large Slime","floor":14,"turns":5},{"damage":1,"enemies":"Slime Boss","floor":16,"turns":7},{"damage":0,"enemies":"Spheric Guardian","floor":18,"turns":1},{"damage":35,"enemies":"3 Byrds","floor":19,"turns":9},{"damage":9,"enemies":"Masked Bandits","floor":21,"turns":6},{"damage":26,"enemies":"Slavers","floor":23,"turns":6},{"damage":1,"enemies":"Snecko","floor":25,"turns":3},{"damage":19,"enemies":"Shelled Parasite and Fungi","floor":27,"turns":5},{"damage":11,"enemies":"Book of Stabbing","floor":29,"turns":6},{"damage":11,"enemies":"Sentry and Sphere","floor":30,"turns":7},{"damage":0,"enemies":"Slavers","floor":31,"turns":5},{"damage":32,"enemies":"Collector","floor":33,"turns":5}],"seed_played":"-4892909926669160922","potions_obtained":[{"floor":1,"key":"Ancient Potion"},{"floor":4,"key":"BlessingOfTheForge"},{"floor":8,"key":"Dexterity Potion"},{"floor":12,"key":"Strength Potion"},{"floor":13,"key":"ColorlessPotion"},{"floor":14,"key":"Fire Potion"},{"floor":16,"key":"Explosive Potion"},{"floor":18,"key":"BlessingOfTheForge"},{"floor":19,"key":"SneckoOil"},{"floor":21,"key":"SteroidPotion"},{"floor":23,"key":"FearPotion"},{"floor":25,"key":"GamblersBrew"},{"floor":27,"key":"Swift Potion"},{"floor":29,"key":"Explosive Potion"},{"floor":30,"key":"GamblersBrew"},{"floor":31,"key":"SkillPotion"}],"is_trial":false,"path_per_floor":["M","M","?","M","?","E","T","E","T","R","M","E","M","M","R","B",null,"M","M","$","?","?","E","R","M","T","M","R","E","M","E","R","B"],"character_chosen":"IRONCLAD","items_purchased":["Entrench","MealTicket","AttackPotion"],"campfire_rested":3,"item_purchase_floors":[20,20,20],"current_hp_per_floor":[68,68,57,56,61,61,61,28,28,52,51,37,36,36,36,35,69,72,41,41,35,35,9,36,35,35,19,46,35,24,27,27,0,0],"gold":310,"neow_bonus":"BOSS_RELIC","is_daily":false,"chose_seed":false,"campfire_upgraded":2,"win_rate":0.0,"timestamp":1614017845,"path_taken":["M","M","?","M","?","E","?","E","T","R","M","E","M","M","R","BOSS","M","M","$","?","?","E","R","M","T","M","R","E","M","E","R","BOSS"],"items_purchased_type":["Card","Relic","Potion"],"build_version":"2020-12-18","purchased_purges":1,"victory":false,"max_hp_per_floor":[75,75,75,75,80,80,80,80,80,80,80,80,80,80,80,80,80,83,87,87,90,90,90,90,90,90,93,93,93,93,96,96,96,96],"relic_stats":{"Torii":123,"counters":[20,96],"CeramicFish":99,"Prayer Wheel":8,"MealTicket":0,"obtain_stats":[{"Potion Belt":23,"Lantern":12,"Torii":3,"CeramicFish":9,"SacredBark":17,"Ancient Tea Set":31,"Burning Blood":0,"White Beast Statue":6,"Prayer Wheel":7,"MealTicket":20,"Mark of Pain":0,"Red Mask":21,"Red Skull":8,"InkBottle":26,"FossilizedHelix":29},{"Potion Belt":14,"Lantern":7,"Torii":2,"CeramicFish":5,"SacredBark":10,"Ancient Tea Set":19,"Burning Blood":0,"White Beast Statue":4,"Prayer Wheel":4,"MealTicket":12,"Mark of Pain":0,"Red Mask":13,"Red Skull":5,"InkBottle":15,"FossilizedHelix":17},{"Potion Belt":65,"Lantern":29,"Torii":5,"CeramicFish":20,"SacredBark":43,"Ancient Tea Set":91,"Burning Blood":0,"White Beast Statue":9,"Prayer Wheel":9,"MealTicket":53,"Mark of Pain":0,"Red Mask":59,"Red Skull":20,"InkBottle":68,"FossilizedHelix":79}],"InkBottle":[9]},"card_choices":[{"not_picked":["Spot Weakness","Sword Boomerang"],"picked":"Carnage","floor":1},{"not_picked":["Iron Wave","Combust"],"picked":"Reckless Charge","floor":2},{"not_picked":["Headbutt","Seeing Red"],"picked":"Clothesline","floor":4},{"not_picked":["Wild Strike","Armaments"],"picked":"Burning Pact","floor":6},{"not_picked":["Headbutt","Cleave"],"picked":"Shrug It Off","floor":8},{"not_picked":["Twin Strike","Perfected Strike"],"picked":"True Grit","floor":11},{"not_picked":["Ghostly Armor","Armaments","True Grit"],"picked":"SKIP","floor":11},{"not_picked":["Shrug It Off","Offering"],"picked":"Feel No Pain","floor":12},{"not_picked":["Intimidate","Combust","Twin Strike"],"picked":"SKIP","floor":13},{"not_picked":["Sever Soul","Twin Strike","Cleave"],"picked":"SKIP","floor":13},{"not_picked":["Sword Boomerang","Pommel Strike","Iron Wave"],"picked":"SKIP","floor":14},{"not_picked":["Clash","Metallicize","Warcry"],"picked":"SKIP","floor":14},{"not_picked":["Reaper","Demon Form"],"picked":"Feed","floor":16},{"not_picked":["Havoc+1","Wild Strike"],"picked":"Entrench","floor":18},{"not_picked":["Sword Boomerang","Flex","Ghostly Armor"],"picked":"SKIP","floor":18},{"not_picked":["Perfected Strike","Warcry"],"picked":"Shrug It Off+1","floor":19},{"not_picked":["Uppercut","Bludgeon","Flex"],"picked":"SKIP","floor":19},{"not_picked":["Bloodletting","Twin Strike"],"picked":"Heavy Blade","floor":21},{"not_picked":["True Grit","Thunderclap","Bloodletting"],"picked":"SKIP","floor":23},{"not_picked":["Pommel Strike","Headbutt"],"picked":"Armaments","floor":25},{"not_picked":["Berserk","Warcry","Shrug It Off"],"picked":"SKIP","floor":25},{"not_picked":["Warcry","Intimidate+1"],"picked":"Evolve","floor":27},{"not_picked":["Carnage","Pummel"],"picked":"Flame Barrier","floor":27},{"not_picked":["Cleave+1","Bloodletting","Havoc"],"picked":"SKIP","floor":29},{"not_picked":["Sentinel","Rampage","Combust"],"picked":"SKIP","floor":30},{"not_picked":["Wild Strike","Iron Wave","Clothesline"],"picked":"SKIP","floor":30},{"not_picked":["Sentinel","Rampage","Combust"],"picked":"SKIP","floor":30},{"not_picked":["Wild Strike","Iron Wave","Clothesline"],"picked":"SKIP","floor":30},{"not_picked":["Searing Blow","Combust"],"picked":"Shockwave","floor":31}],"player_experience":10580256,"relics_obtained":[{"floor":6,"key":"White Beast Statue"},{"floor":7,"key":"Prayer Wheel"},{"floor":8,"key":"Red Skull"},{"floor":9,"key":"CeramicFish"},{"floor":12,"key":"Lantern"},{"floor":21,"key":"Red Mask"},{"floor":23,"key":"Potion Belt"},{"floor":26,"key":"InkBottle"},{"floor":29,"key":"FossilizedHelix"},{"floor":31,"key":"Ancient Tea Set"}],"event_choices":[{"damage_healed":0,"gold_gain":0,"player_choice":"Success","damage_taken":11,"relics_obtained":["Torii"],"max_hp_gain":0,"max_hp_loss":0,"event_name":"Scrap Ooze","floor":3,"gold_loss":0},{"damage_healed":0,"gold_gain":0,"player_choice":"Donut","damage_taken":0,"max_hp_gain":5,"max_hp_loss":0,"event_name":"Big Fish","floor":5,"gold_loss":0},{"damage_healed":0,"gold_gain":0,"player_choice":"Fought Bandits","damage_taken":0,"max_hp_gain":0,"max_hp_loss":0,"event_name":"Masked Bandits","floor":21,"gold_loss":0},{"damage_healed":0,"gold_gain":0,"player_choice":"Ignored","damage_taken":0,"max_hp_gain":0,"max_hp_loss":0,"event_name":"Cursed Tome","floor":22,"gold_loss":0}],"is_beta":true,"boss_relics":[{"not_picked":["Busted Crown","Coffee Dripper"],"picked":"SacredBark"}],"items_purged_floors":[20],"is_endless":false,"potions_floor_spawned":[1,4,8,11,12,13,14,16,18,19,21,23,25,27,29,30,31],"killed_by":"Collector","ascension_level":20}}