{"host":"xp5rvh2jwe2ejyfm","time":1614005508,"event":{"mods":["2.2 Compatiblity","Aspiration","Bard","BaseMod","Beaked The Cultist","Better Altar","Better Match","Better Note","Better Sensory Stone","Better Skull","BetterRewards","Colored Powertips","Conspire","Downfall","GifTheSpireLib","Gremlin Mod","GungeonMod","Hermit","Hubris","Jorbs\u0027s Wanderer Trilogy","Mad Scientist","Minty Spire (QoL Compilation)","Potionbrewer","Quick Restart","Replay The Spire","Robot Space Explorer","Shade Mod","Somnambulant","StSLib","The Bug Knight","The Clintock","The Construct","The Cursed","The Disciple","The Forsaken","The Hierophant","The Marked","The Mystic","The Necromancer","The Runesmith","The Servant 0.9.4","The Valiant","The Witch","TheFirefly","TheVacant","thorton"],"gold_per_floor":[118,128,26,44,44,44,44,44,68,87,87,118,118,130,130,234,234,246,266,266,282,282,282],"floor_reached":22,"language":"ENG","playtime":1066,"items_purged":[],"score":186,"play_id":"2d094ada-4b66-4284-89f5-e94cbc5fd03f","local_time":"20210222095148","is_ascension_mode":false,"campfire_choices":[{"floor":6,"key":"RECALL"},{"data":"MadScienceMod:MinatureWeapons","floor":8,"key":"SMITH"},{"data":"MadScienceMod:EnergyBarrier","floor":11,"key":"SMITH"},{"data":"MadScienceMod:GattlingGun","floor":13,"key":"SMITH"}],"circlet_count":0,"master_deck":["MadScienceMod:Strike_MadScience","MadScienceMod:Strike_MadScience","MadScienceMod:Strike_MadScience","MadScienceMod:Strike_MadScience","MadScienceMod:Defend_MadScience","MadScienceMod:Defend_MadScience","MadScienceMod:Defend_MadScience","MadScienceMod:Defend_MadScience","MadScienceMod:PoweredStrike","MadScienceMod:HideBehindJunk","MadScienceMod:MinatureWeapons+1","MadScienceMod:OilDrum","MadScienceMod:PowerArmor+1","MadScienceMod:EnergyBarrier+1","MadScienceMod:AutoStrike","MadScienceMod:FlexibleSpear+1","MadScienceMod:GattlingGun+1","MadScienceMod:OilDrum","MadScienceMod:Assemble","CurseOfTheBell","MadScienceMod:JunkLaser+1","MadScienceMod:ClockworkAssistant","MadScienceMod:AssemblyLine","MadScienceMod:FlexibleSpear+1"],"relics":["MadScienceMod:FuelTank","NeowsBlessing","aspiration:Lifesprig","Calling Bell","Boot","Letter Opener","potionbrewer:DrinkingBird"],"acts_visited":["Exordium","TheCity"],"potions_floor_usage":[16,16,19,21,22,22],"damage_taken":[{"damage":0,"enemies":"Jaw Worm","floor":1,"turns":1},{"damage":0,"enemies":"Cultist","floor":2,"turns":1},{"damage":0,"enemies":"Small Slimes","floor":4,"turns":2},{"damage":15,"enemies":"Exordium Wildlife","floor":10,"turns":7},{"damage":5,"enemies":"3 Sentries","floor":12,"turns":8},{"damage":0,"enemies":"Red Slaver","floor":14,"turns":5},{"damage":38,"enemies":"Hexaghost","floor":16,"turns":12},{"damage":32,"enemies":"Spheric Guardian","floor":18,"turns":6},{"damage":3,"enemies":"Chosen","floor":19,"turns":3},{"damage":35,"enemies":"Snake Plant","floor":21,"turns":5},{"damage":8,"enemies":"Centurion and Healer","floor":22,"turns":2}],"seed_played":"-1006025730316506977","potions_obtained":[{"floor":12,"key":"potionbrewer:DiscountPotion"},{"floor":14,"key":"potionbrewer:BoundlessPotion"},{"floor":16,"key":"potionbrewer:NoxiousPotion"},{"floor":18,"key":"Energy Potion"}],"is_trial":false,"path_per_floor":["M","M","$","M","$","R","?","R","T","M","R","E","R","M","R","B",null,"M","M","?","M","M"],"character_chosen":"MAD_SCIENTIST","items_purchased":["MadScienceMod:PowerArmor","MadScienceMod:EnergyBarrier"],"campfire_rested":0,"item_purchase_floors":[3,3],"current_hp_per_floor":[75,75,75,75,75,75,75,75,75,60,60,55,55,55,75,37,75,43,40,40,5,0,0],"gold":282,"neow_bonus":"THREE_ENEMY_KILL","is_daily":false,"chose_seed":false,"campfire_upgraded":3,"win_rate":0.0,"timestamp":1614005508,"path_taken":["M","M","$","M","$","R","?","R","T","M","R","E","R","M","R","BOSS","M","M","?","M","?"],"items_purchased_type":["Card","Card"],"build_version":"2020-12-22","purchased_purges":0,"victory":false,"max_hp_per_floor":[75,75,75,75,75,75,75,75,75,75,75,75,75,75,75,75,75,75,75,75,75,75,75],"card_choices":[{"not_picked":["MadScienceMod:Sprocket","MadScienceMod:ShrinkRay"],"picked":"MadScienceMod:MinatureWeapons","floor":1},{"not_picked":["MadScienceMod:Lightbulb","MadScienceMod:Tune"],"picked":"MadScienceMod:OilDrum","floor":2},{"not_picked":["MadScienceMod:FlameCannon","MadScienceMod:Weaponize"],"picked":"MadScienceMod:AutoStrike","floor":4},{"not_picked":["MadScienceMod:Inflate","MadScienceMod:Detonate"],"picked":"MadScienceMod:FlexibleSpear","floor":10},{"not_picked":["MadScienceMod:FragmentationGrenade","MadScienceMod:Refuel"],"picked":"MadScienceMod:GattlingGun","floor":12},{"not_picked":["MadScienceMod:Refuel","MadScienceMod:Tune"],"picked":"MadScienceMod:OilDrum","floor":14},{"not_picked":["MadScienceMod:ArtilleryShot","MadScienceMod:Generator"],"picked":"MadScienceMod:Assemble","floor":16},{"not_picked":["MadScienceMod:Retarget","MadScienceMod:OmniHammer"],"picked":"MadScienceMod:JunkLaser+1","floor":18},{"not_picked":["MadScienceMod:Sprocket+1","MadScienceMod:ExtractOil"],"picked":"MadScienceMod:ClockworkAssistant","floor":19},{"not_picked":["MadScienceMod:Sprocket+1","MadScienceMod:EnergyBarrier"],"picked":"MadScienceMod:FlexibleSpear+1","floor":21}],"player_experience":563315,"relics_obtained":[{"floor":12,"key":"aspiration:Lifesprig"},{"floor":17,"key":"Boot"},{"floor":17,"key":"Letter Opener"},{"floor":17,"key":"potionbrewer:DrinkingBird"}],"event_choices":[{"damage_healed":0,"gold_gain":0,"player_choice":"Forge","damage_taken":0,"max_hp_gain":0,"max_hp_loss":0,"event_name":"Accursed Blacksmith","floor":7,"gold_loss":0,"cards_upgraded":["MadScienceMod:PowerArmor"]},{"cards_removed":["MadScienceMod:PowerArmor"],"damage_healed":0,"gold_gain":0,"player_choice":"Take \u0026 Give","damage_taken":0,"max_hp_gain":0,"max_hp_loss":0,"event_name":"betterNote:BetterNote","floor":20,"gold_loss":0,"cards_obtained":["MadScienceMod:AssemblyLine"]}],"is_beta":false,"boss_relics":[{"not_picked":["Cursed Key","conspire:RunicOctahedron"],"picked":"Calling Bell"}],"items_purged_floors":[],"is_endless":false,"potions_floor_spawned":[12,14,16,18],"killed_by":"Centurion and Healer","ascension_level":0}}