{"host":"kag8mfq4or8nkqb2","time":1614023628,"event":{"mods":["2.2 Compatiblity","BaseMod","Colored Map","Colored Powertips","Downfall","Minty Spire (QoL Compilation)","Relic Stats","StSLib"],"gold_per_floor":[99,99,99,99,111,21,21,21,21,21],"floor_reached":8,"language":"ENG","playtime":1218,"items_purged":["bronze:Strike"],"score":46,"play_id":"08c886ef-c9df-407b-b5ae-dddf89194710","local_time":"20210222195348","is_ascension_mode":true,"campfire_choices":[{"data":"bronze:Goto","floor":1,"key":"SMITH"}],"circlet_count":0,"master_deck":["bronze:Strike","bronze:Strike","bronze:Strike","bronze:Defend","bronze:Defend","bronze:Defend","bronze:Defend","bronze:Replicate","bronze:Goto+1","bronze:MaxOutput","bronze:Frontload","bronze:Philosophize","bronze:Shell","bronze:Return"],"relics":["bronze:BronzeCore","downfall:HeartsMalice","Prayer Wheel"],"acts_visited":["Exordium"],"potions_floor_usage":[6],"damage_taken":[{"damage":0,"enemies":"Cultist","floor":2,"turns":1},{"damage":0,"enemies":"Jaw Worm","floor":3,"turns":1},{"damage":0,"enemies":"Small Slimes","floor":4,"turns":1},{"damage":2,"enemies":"downfall:LooterAlt","floor":5,"turns":5},{"damage":0,"enemies":"downfall:FleeingMerchant","floor":6,"turns":4},{"damage":39,"enemies":"Gremlin Nob","floor":8,"turns":4}],"seed_played":"-2128509826425202433","potions_obtained":[{"floor":5,"key":"BlessingOfTheForge"}],"is_trial":false,"path_per_floor":["R","M","M","M","M","$","T","E"],"character_chosen":"THE_AUTOMATON","items_purchased":[],"campfire_rested":0,"item_purchase_floors":[],"current_hp_per_floor":[70,70,70,70,68,68,68,29,29,29],"gold":21,"neow_bonus":"THREE_ENEMY_KILL","is_daily":false,"chose_seed":false,"campfire_upgraded":1,"win_rate":0.0,"timestamp":1614023628,"path_taken":["R","M","M","M","M","?","T","E"],"items_purchased_type":[],"build_version":"2020-12-22","purchased_purges":1,"victory":false,"max_hp_per_floor":[70,70,70,70,70,70,70,70,70,70],"relic_stats":{"counters":[6,13],"Prayer Wheel":0,"obtain_stats":[{"bronze:BronzeCore":0,"downfall:HeartsMalice":0,"Prayer Wheel":7},{"bronze:BronzeCore":0,"downfall:HeartsMalice":0,"Prayer Wheel":5},{"bronze:BronzeCore":0,"downfall:HeartsMalice":0,"Prayer Wheel":9}]},"card_choices":[{"not_picked":["bronze:Invalidate","bronze:WildBeam"],"picked":"bronze:MaxOutput","floor":2},{"not_picked":["bronze:Shield","bronze:BitShift"],"picked":"bronze:Frontload","floor":3},{"not_picked":["bronze:Return","bronze:BugBarrage"],"picked":"bronze:Philosophize","floor":4},{"not_picked":["bronze:BugBarrage","bronze:Verify"],"picked":"bronze:Shell","floor":5},{"not_picked":["bronze:Constructor","bronze:NullPointer"],"picked":"bronze:Return","floor":6}],"player_experience":1121340,"relics_obtained":[{"floor":7,"key":"Prayer Wheel"}],"event_choices":[],"is_beta":false,"boss_relics":[],"items_purged_floors":[6],"is_endless":false,"potions_floor_spawned":[5],"killed_by":"Gremlin Nob","ascension_level":2}}