{"host":"nv1rw0372aj1kj6e","time":1614029852,"event":{"mods":["AchievementEnabler","BaseMod","Minty Spire (QoL Compilation)","Rare Cards Sparkle","Replay The Spire","StSLib","everything is the same but u backflip on backflip"],"gold_per_floor":[119,119,119,119,119,119,150,160,239,239,11,21,21,55,55,150,150,162,162,177,191,106,106,131,131,156,3,31,31,47,62,62,165,165,176,176,75,125,171,198,198,228,253,280,9,26,26,45,45,45],"floor_reached":51,"language":"ENG","playtime":5796,"items_purged":["Choke","ReplayTheSpireMod:Shiv Toss"],"score":1141,"play_id":"ddf2c29a-0e0c-4328-8d89-226b9d513a25","local_time":"20210222223732","is_ascension_mode":true,"campfire_choices":[{"data":"Neutralize","floor":6.0,"key":"SMITH"},{"data":"ReplayTheSpireMod:Necrosis","floor":10.0,"key":"SMITH"},{"floor":13.0,"key":"REST"},{"data":"Adrenaline","floor":15.0,"key":"SMITH"},{"floor":32,"key":"REST"},{"floor":41,"key":"REST"},{"floor":49,"key":"REST"}],"circlet_count":0,"master_deck":["AscendersBane","Survivor","Neutralize+1","ReplayTheSpireMod:Necrosis+1","Flechettes","Die Die Die","Crippling Poison","Toxin Wave","Venomology+1","Backflip","Bouncing Flask","Adrenaline+1","Escape Plan","After Image","Prepared","Deflect","Escape Plan","ReplayTheSpireMod:The Works","Deflect","Corpse Explosion","Specialist","Replay:Bootleg Shield Generator","Good Instincts","Venomology","Venomology","Backflip+1","ReplayTheSpireMod:Speed Training","Draining Mist+1","Footwork+1","Magnetism+1"],"relics":["Pandora\u0027s Box","Gambling Chip","The Specimen","Chameleon Ring","Blue Doll","Fusion Hammer","Thread and Needle","Ornamental Fan","Boot","Omamori","TungstenRod","Mango","Prayer Wheel","Counterbalance","PreservedInsect","Replay:Baseball","Bag of Preparation","Snack Pack"],"acts_visited":["Exordium","TheCity","TheBeyond"],"potions_floor_usage":[28,30,30,31,31,33,33,35,38,38,38,39,39,39,40,40,40,42,42,44,44,44,44,48,48,48,48,48,48,50,50,50,50,50,50],"damage_taken":[{"damage":0.0,"enemies":"2 Louse","floor":1.0,"turns":2.0},{"damage":19.0,"enemies":"Lagavulin","floor":7.0,"turns":7.0},{"damage":0.0,"enemies":"Small Slimes","floor":8.0,"turns":2.0},{"damage":1.0,"enemies":"Jaw Worm","floor":12.0,"turns":2.0},{"damage":0.0,"enemies":"Gremlin Nob","floor":14.0,"turns":2.0},{"damage":10.0,"enemies":"Slime Boss","floor":16.0,"turns":7.0},{"damage":0.0,"enemies":"Spheric Guardian","floor":18.0,"turns":3.0},{"damage":2.0,"enemies":"Shell Parasite","floor":20.0,"turns":4.0},{"damage":0.0,"enemies":"Centurion and Healer","floor":21.0,"turns":3.0},{"damage":0.0,"enemies":"Replay:Snechameleon","floor":24.0,"turns":5.0},{"damage":11,"enemies":"Slavers","floor":28,"turns":4},{"damage":0,"enemies":"Snake Plant","floor":30,"turns":3},{"damage":0,"enemies":"Snecko","floor":31,"turns":3},{"damage":0,"enemies":"Champ","floor":33,"turns":10},{"damage":0,"enemies":"Orb Walker","floor":35,"turns":4},{"damage":5,"enemies":"Mind Bloom Boss Battle","floor":38,"turns":10},{"damage":46,"enemies":"2 Orb Walkers","floor":39,"turns":5},{"damage":0,"enemies":"Nemesis","floor":40,"turns":7},{"damage":27,"enemies":"Reptomancer","floor":42,"turns":7},{"damage":8,"enemies":"R_Hoarder","floor":44,"turns":10},{"damage":0,"enemies":"3 Shapes","floor":46,"turns":2},{"damage":0,"enemies":"Maw","floor":48,"turns":6},{"damage":32,"enemies":"Replay:Hell Engine","floor":50,"turns":12}],"seed_played":"-8394588306938283621","potions_obtained":[{"floor":1.0,"key":"Ancient Potion"},{"floor":12.0,"key":"CunningPotion"},{"floor":18.0,"key":"Adrenaline Potion"},{"floor":23.0,"key":"CultistPotion"},{"floor":28,"key":"FearPotion"},{"floor":29,"key":"Poison Potion"},{"floor":29,"key":"PowerPotion"},{"floor":30,"key":"SteroidPotion"},{"floor":31,"key":"Swift Potion"},{"floor":33,"key":"SpeedPotion"},{"floor":42,"key":"Strength Potion"},{"floor":44,"key":"Fire Potion"},{"floor":48,"key":"PowerPotion"}],"is_trial":false,"path_per_floor":["M","?","?","?","T","R","E","M","T","R","$","M","R","E","R","B",null,"M","?","M","M","?","R","E","?","T","$","E","R","M","M","R","B",null,"M","?","$","?","?","E","R","E","T","E","$","M","T","M","R","B",null],"character_chosen":"THE_SILENT","items_purchased":["Adrenaline","Deflect","Venomology","Magnetism+1","Bag of Preparation"],"campfire_rested":4,"item_purchase_floors":[11,27,37,45,45],"current_hp_per_floor":[63,56,56,61,61,61,42,42,42,42,42,41,63,63,63,53,70,70,64,62,62,62,62,62,62,62,62,51,51,51,51,73,73,75,75,65,65,60,28,28,54,55,55,47,47,47,47,49,75,43],"gold":45,"neow_bonus":"BOSS_RELIC","is_daily":false,"chose_seed":false,"campfire_upgraded":3,"win_rate":0.0,"timestamp":1614029852,"path_taken":["M","?","?","?","?","R","E","?","T","R","$","M","R","E","R","BOSS","M","?","?","M","?","R","E","?","T","?","E","R","M","M","R","BOSS","M","?","$","?","?","E","R","E","T","E","$","M","?","?","R","BOSS"],"items_purchased_type":["Card","Card","Card","Card","Relic"],"build_version":"2020-12-22","purchased_purges":2,"victory":true,"max_hp_per_floor":[70,70,70,75,75,75,75,75,75,75,75,75,75,75,75,75,75,75,75,75,75,75,75,75,75,75,75,75,75,75,75,75,75,75,75,75,75,75,89,89,89,89,89,89,89,89,89,89,89,89],"card_choices":[{"not_picked":["Dagger Throw","Cloak And Dagger"],"picked":"Backflip","floor":1.0},{"not_picked":["Night Terror","Dodge and Roll"],"picked":"Bouncing Flask","floor":7.0},{"not_picked":["Quick Slash","Flying Knee","Acrobatics"],"picked":"SKIP","floor":8.0},{"not_picked":["Heel Hook","Leg Sweep"],"picked":"Escape Plan","floor":12.0},{"not_picked":["Toxin Wave","Hidden Blade","Skewer"],"picked":"SKIP","floor":14.0},{"not_picked":["Glass Knife","Venomology"],"picked":"After Image","floor":16.0},{"not_picked":["Accuracy","Skewer"],"picked":"Prepared","floor":18.0},{"not_picked":["Underhanded Strike+1","Prepared","Poisoned Stab"],"picked":"SKIP","floor":20.0},{"not_picked":["Masterful Stab","Replay:Poison Smokescreen"],"picked":"Deflect","floor":21.0},{"not_picked":["Unload","PiercingWail"],"picked":"Escape Plan","floor":24.0},{"not_picked":["Flying Knee+1","Toxin Wave"],"picked":"Corpse Explosion","floor":28},{"not_picked":["Slice","Prepared","Backflip"],"picked":"SKIP","floor":30},{"not_picked":["Outmaneuver","Quick Slash","Prepared"],"picked":"SKIP","floor":31},{"not_picked":["Toxin Wave+1","Quick Slash+1","Bane+1"],"picked":"SKIP","floor":35},{"not_picked":["Magnetism","Replay:Sssssssssshield"],"picked":"Specialist","floor":36},{"not_picked":["Replay:Sssssssssstrike","Chrysalis"],"picked":"Replay:Bootleg Shield Generator","floor":36},{"not_picked":["Jack Of All Trades","Replay:Sssssssssshield"],"picked":"Good Instincts","floor":36},{"not_picked":["Cloak And Dagger","Expertise+1"],"picked":"Backflip+1","floor":38},{"not_picked":["Distraction+1","Cloak And Dagger"],"picked":"ReplayTheSpireMod:Speed Training","floor":39},{"not_picked":["Escape Plan","Endless Agony"],"picked":"Draining Mist+1","floor":40},{"not_picked":["Dash+1","Dagger Throw+1"],"picked":"Footwork+1","floor":42},{"not_picked":["Endless Agony","Cloak And Dagger+1","Bane"],"picked":"SKIP","floor":44},{"not_picked":["Sneak Up","Flying Knee","Concentrate+1"],"picked":"SKIP","floor":46},{"not_picked":["Sucker Punch+1","Deflect","Outmaneuver"],"picked":"SKIP","floor":46},{"not_picked":["Underhanded Strike+1","Backflip","Choke+1"],"picked":"SKIP","floor":48},{"not_picked":["Dagger Throw+1","Poisoned Stab","Sucker Punch"],"picked":"SKIP","floor":48}],"player_experience":236541,"relics_obtained":[{"floor":5.0,"key":"Gambling Chip"},{"floor":7.0,"key":"The Specimen"},{"floor":9.0,"key":"Chameleon Ring"},{"floor":14.0,"key":"Blue Doll"},{"floor":24.0,"key":"Ornamental Fan"},{"floor":26.0,"key":"Boot"},{"floor":28,"key":"Omamori"},{"floor":38,"key":"TungstenRod"},{"floor":39,"key":"Mango"},{"floor":40,"key":"Prayer Wheel"},{"floor":42,"key":"Counterbalance"},{"floor":43,"key":"PreservedInsect"},{"floor":44,"key":"Replay:Baseball"},{"floor":47,"key":"Snack Pack"}],"event_choices":[{"cards_removed":["ReplayTheSpireMod:Necrosis"],"damage_healed":0.0,"max_hp_gain":0.0,"max_hp_loss":0.0,"gold_gain":0.0,"event_name":"Golden Wing","player_choice":"Card Removal","floor":2.0,"gold_loss":0.0,"damage_taken":7.0},{"damage_healed":0.0,"max_hp_gain":5.0,"max_hp_loss":0.0,"gold_gain":0.0,"event_name":"Big Fish","player_choice":"Donut","floor":4.0,"gold_loss":0.0,"damage_taken":0.0},{"damage_healed":0.0,"max_hp_gain":0.0,"max_hp_loss":0.0,"gold_gain":0.0,"event_name":"Knowing Skull","player_choice":"","floor":19.0,"potions_obtained":[],"gold_loss":0.0,"damage_taken":6.0,"cards_obtained":[]},{"damage_healed":0.0,"max_hp_gain":0.0,"max_hp_loss":0.0,"gold_gain":0.0,"event_name":"Addict","player_choice":"Obtained Relic","floor":22.0,"gold_loss":85.0,"damage_taken":0.0,"relics_obtained":["Thread and Needle"]},{"damage_healed":0.0,"max_hp_gain":0.0,"max_hp_loss":0.0,"gold_gain":0.0,"cards_transformed":["Storm of Steel","Reflex"],"event_name":"Drug Dealer","player_choice":"Became Test Subject","floor":25.0,"gold_loss":0.0,"damage_taken":0.0,"cards_obtained":["ReplayTheSpireMod:Shiv Toss","ReplayTheSpireMod:The Works"]},{"damage_healed":0,"gold_gain":0,"player_choice":"Memory 3","damage_taken":10,"max_hp_gain":0,"max_hp_loss":0,"event_name":"SensoryStone","floor":36,"gold_loss":0},{"damage_healed":0,"gold_gain":0,"player_choice":"Fight","damage_taken":0,"max_hp_gain":0,"max_hp_loss":0,"event_name":"MindBloom","floor":38,"gold_loss":0},{"damage_healed":0,"gold_gain":0,"player_choice":"Fight","damage_taken":0,"max_hp_gain":0,"max_hp_loss":0,"event_name":"Mysterious Sphere","floor":39,"gold_loss":0}],"is_beta":false,"boss_relics":[{"not_picked":["WristBlade","Replay:Drink Me"],"picked":"Fusion Hammer"},{"not_picked":["Kintsugi","Velvet Choker","ReplayTheSpireMod:DimensionalGlitch"]}],"items_purged_floors":[11,27],"is_endless":false,"potions_floor_spawned":[1,12,18,28,30,31,33,42,44,48],"ascension_level":10}}