{"host":"ocllwaoi18j60ltd","time":1614009717,"event":{"mods":["BaseMod","DeckTracker","Minty Spire (QoL Compilation)","Permanent Neow","Quick Restart","StSLib","SuperFastMode"],"gold_per_floor":[116,29,41,53,65,65,90,90,90,100,57,87,117,117,117,197,269,295,138,156,156,206,240,240,259,259,284,9,18,31,52,52,139,198,223,10,27,44,44,44,44,74,127,144,161,195,206,206,206,206,206],"floor_reached":50,"language":"KOR","playtime":1922,"items_purged":["Doom and Gloom","Go for the Eyes"],"score":1068,"play_id":"5eb14131-00a3-419f-b3c5-3bd484e1c6a6","local_time":"20210223010157","is_ascension_mode":true,"campfire_choices":[{"data":"Beam Cell","floor":6.0,"key":"SMITH"},{"data":"Go for the Eyes","floor":8.0,"key":"SMITH"},{"floor":15.0,"key":"REST"},{"data":"Machine Learning","floor":24.0,"key":"SMITH"},{"floor":32.0,"key":"REST"},{"floor":40.0,"key":"REST"},{"floor":49,"key":"RECALL"}],"circlet_count":0,"master_deck":["AscendersBane","Dualcast+1","Gash","FTL","Beam Cell+1","Go for the Eyes+1","Gash","Scrape","Gash","Electrodynamics","All For One","Static Discharge","Tempest+1","Ball Lightning","Recycle","Turbo","Hologram+1","Impatience","Machine Learning+1","Leap+1","Stack","Leap+1","Skim","Reboot","Conserve Battery","Reinforced Body+1","Undo","Finesse"],"relics":["Cracked Core","Akabeko","Boot","Meat on the Bone","CeramicFish","White Beast Statue","Pandora\u0027s Box","Smiling Mask","Cables","Kunai","Tiny House","Turnip","Bag of Marbles","Lantern"],"acts_visited":["Exordium","TheCity","TheBeyond","TheBeyond"],"potions_floor_usage":[50],"damage_taken":[{"damage":8.0,"enemies":"2 Louse","floor":1.0,"turns":2.0},{"damage":1.0,"enemies":"Small Slimes","floor":3.0,"turns":3.0},{"damage":0.0,"enemies":"Cultist","floor":4.0,"turns":2.0},{"damage":8.0,"enemies":"Blue Slaver","floor":5.0,"turns":3.0},{"damage":6.0,"enemies":"Gremlin Nob","floor":7.0,"turns":3.0},{"damage":0.0,"enemies":"Gremlin Gang","floor":10.0,"turns":3.0},{"damage":20.0,"enemies":"3 Sentries","floor":12.0,"turns":5.0},{"damage":19.0,"enemies":"Slime Boss","floor":16.0,"turns":8.0},{"damage":0.0,"enemies":"Chosen","floor":18.0,"turns":2.0},{"damage":0.0,"enemies":"Spheric Guardian","floor":20.0,"turns":2.0},{"damage":29.0,"enemies":"Gremlin Leader","floor":23.0,"turns":3.0},{"damage":9.0,"enemies":"Cultist and Chosen","floor":25.0,"turns":3.0},{"damage":11.0,"enemies":"Snecko","floor":27.0,"turns":5.0},{"damage":1.0,"enemies":"Centurion and Healer","floor":30.0,"turns":4.0},{"damage":6.0,"enemies":"Sentry and Sphere","floor":31.0,"turns":5.0},{"damage":28.0,"enemies":"Collector","floor":33.0,"turns":10.0},{"damage":2.0,"enemies":"3 Shapes","floor":35.0,"turns":3.0},{"damage":34.0,"enemies":"3 Darklings","floor":37.0,"turns":4.0},{"damage":15.0,"enemies":"Writhing Mass","floor":38.0,"turns":6.0},{"damage":60.0,"enemies":"Giant Head","floor":42.0,"turns":9.0},{"damage":0.0,"enemies":"4 Shapes","floor":44.0,"turns":5.0},{"damage":0.0,"enemies":"Sphere and 2 Shapes","floor":45.0,"turns":4.0},{"damage":29.0,"enemies":"Nemesis","floor":46.0,"turns":5.0},{"damage":9.0,"enemies":"Maw","floor":47.0,"turns":7.0},{"damage":34,"enemies":"Awakened One","floor":50,"turns":6}],"seed_played":"6945153330257530044","potions_obtained":[{"floor":3.0,"key":"Fire Potion"},{"floor":5.0,"key":"SneckoOil"},{"floor":7.0,"key":"Energy Potion"},{"floor":16.0,"key":"LiquidMemories"},{"floor":20.0,"key":"FearPotion"},{"floor":27.0,"key":"Swift Potion"},{"floor":30.0,"key":"Weak Potion"},{"floor":33.0,"key":"Regen Potion"},{"floor":37.0,"key":"GamblersBrew"},{"floor":42.0,"key":"Weak Potion"},{"floor":44.0,"key":"BlessingOfTheForge"},{"floor":46.0,"key":"FearPotion"},{"floor":47.0,"key":"Dexterity Potion"}],"is_trial":false,"path_per_floor":["M","$","M","M","M","R","E","R","T","M","$","E","?","?","R","B",null,"M","$","M","?","?","E","R","M","T","M","$","?","M","M","R","B",null,"M","$","M","M","T","R","?","E","T","M","M","E","M","?","R","B"],"character_chosen":"DEFECT","items_purchased":["FTL","Scrape","Impatience","Kunai","Undo","Finesse"],"campfire_rested":3,"item_purchase_floors":[2,11,19,28,36,36],"current_hp_per_floor":[56,56,55,55,47,47,41,41,41,41,41,21,21,10,31,24,59,59,59,59,59,59,42,42,45,45,46,46,46,45,39,60,44,74,72,72,47,44,44,66,66,18,18,30,42,25,28,28,28,0,0],"gold":206,"neow_bonus":"UPGRADE_CARD","is_daily":false,"chose_seed":false,"campfire_upgraded":3,"win_rate":0.0,"timestamp":1614009717,"path_taken":["M","$","M","M","M","R","E","R","T","M","$","E","?","?","R","BOSS","M","$","M","?","?","E","R","?","T","M","$","?","M","?","R","BOSS","M","$","M","M","?","R","?","E","T","M","M","E","M","?","R","BOSS"],"items_purchased_type":["Card","Card","Card","Relic","Card","Card"],"build_version":"2020-12-22","purchased_purges":2,"victory":false,"max_hp_per_floor":[71,71,71,71,71,71,71,71,71,71,71,71,71,71,71,71,71,71,71,71,71,71,71,71,71,71,71,71,71,71,71,71,71,76,76,76,76,76,76,76,76,76,76,76,76,76,76,76,76,76,76],"card_choices":[{"not_picked":["Ball Lightning","Steam Power"],"picked":"Gash","floor":1.0},{"not_picked":["Force Field","Seek"],"picked":"Beam Cell","floor":3.0},{"not_picked":["Melter","Heatsinks"],"picked":"Go for the Eyes","floor":4.0},{"not_picked":["Fusion","Turbo"],"picked":"Gash","floor":5.0},{"not_picked":["Hello World","Loop","Darkness"],"picked":"SKIP","floor":7.0},{"not_picked":["Beam Cell","Coolheaded","Lockon"],"picked":"SKIP","floor":10.0},{"not_picked":["Barrage","Seek"],"picked":"Gash","floor":12.0},{"not_picked":["Biased Cognition","Creative AI"],"picked":"Electrodynamics","floor":16.0},{"not_picked":["Beam Cell","Rebound"],"picked":"Hologram+1","floor":18.0},{"not_picked":["Hello World","Barrage","Cold Snap"],"picked":"SKIP","floor":20.0},{"not_picked":["Hello World","Barrage","Cold Snap"],"picked":"SKIP","floor":20.0},{"not_picked":["Thunder Strike","Barrage"],"picked":"Machine Learning","floor":23.0},{"not_picked":["Chaos","Blizzard"],"picked":"Leap+1","floor":25.0},{"not_picked":["Go for the Eyes","Darkness"],"picked":"Stack","floor":27.0},{"not_picked":["Consume","White Noise","Compile Driver"],"picked":"SKIP","floor":30.0},{"not_picked":["Genetic Algorithm","Hologram"],"picked":"Skim","floor":31.0},{"not_picked":["Hyperbeam","Amplify"],"picked":"Reboot","floor":33.0},{"not_picked":["Steam Power","Capacitor"],"picked":"Conserve Battery","floor":34.0},{"not_picked":["Compile Driver+1","Streamline"],"picked":"Reinforced Body+1","floor":35.0},{"not_picked":["Barrage","Compile Driver","Sweeping Beam+1"],"picked":"SKIP","floor":37.0},{"not_picked":["Coolheaded","Beam Cell","Ball Lightning+1"],"picked":"SKIP","floor":38.0},{"not_picked":["Reprogram","Steam","Ball Lightning"],"picked":"SKIP","floor":42.0},{"not_picked":["Consume","Fusion","Streamline"],"picked":"SKIP","floor":44.0},{"not_picked":["Conserve Battery","Leap+1","Fission"],"picked":"SKIP","floor":45.0},{"not_picked":["Conserve Battery","Chaos","Rip and Tear"],"picked":"SKIP","floor":46.0},{"not_picked":["Blizzard","Conserve Battery","Steam"],"picked":"SKIP","floor":47.0}],"player_experience":860410,"relics_obtained":[{"floor":7.0,"key":"Akabeko"},{"floor":9.0,"key":"Boot"},{"floor":12.0,"key":"Meat on the Bone"},{"floor":23.0,"key":"Smiling Mask"},{"floor":26.0,"key":"Cables"},{"floor":42.0,"key":"Turnip"},{"floor":43.0,"key":"Bag of Marbles"},{"floor":46.0,"key":"Lantern"}],"event_choices":[{"damage_healed":0.0,"max_hp_gain":0.0,"max_hp_loss":0.0,"gold_gain":30.0,"event_name":"Dead Adventurer","player_choice":"Searched \u00272\u0027 times","floor":13.0,"gold_loss":0.0,"damage_taken":0.0,"relics_obtained":["CeramicFish"]},{"damage_healed":0.0,"max_hp_gain":0.0,"max_hp_loss":0.0,"gold_gain":0.0,"event_name":"Scrap Ooze","player_choice":"Success","floor":14.0,"gold_loss":0.0,"damage_taken":11.0,"relics_obtained":["White Beast Statue"]},{"damage_healed":0.0,"max_hp_gain":0.0,"max_hp_loss":0.0,"gold_gain":0.0,"event_name":"Ghosts","player_choice":"Ignored","floor":21.0,"gold_loss":0.0,"damage_taken":0.0},{"damage_healed":0.0,"max_hp_gain":0.0,"max_hp_loss":0.0,"gold_gain":50.0,"event_name":"Golden Shrine","player_choice":"Pray","floor":22.0,"gold_loss":0.0,"damage_taken":0.0},{"damage_healed":0.0,"max_hp_gain":0.0,"max_hp_loss":0.0,"gold_gain":0.0,"event_name":"Duplicator","player_choice":"Copied","floor":29.0,"gold_loss":0.0,"damage_taken":0.0,"cards_obtained":["Leap"]},{"damage_healed":0.0,"max_hp_gain":0.0,"max_hp_loss":0.0,"gold_gain":0.0,"event_name":"Mysterious Sphere","player_choice":"Ignored","floor":41.0,"gold_loss":0.0,"damage_taken":0.0},{"cards_removed":["Zap"],"damage_healed":0.0,"max_hp_gain":0.0,"max_hp_loss":0.0,"gold_gain":0.0,"event_name":"Purifier","player_choice":"Purged","floor":48.0,"gold_loss":0.0,"damage_taken":0.0}],"is_beta":false,"boss_relics":[{"not_picked":["Coffee Dripper","Inserter"],"picked":"Pandora\u0027s Box"},{"not_picked":["Velvet Choker","Philosopher\u0027s Stone"],"picked":"Tiny House"}],"items_purged_floors":[19,36],"is_endless":false,"potions_floor_spawned":[3,5,7,16,18,20,23,25,27,30,31,33,35,37,38,42,44,45,46,47],"killed_by":"Awakened One","ascension_level":20}}