{"host":"fiyb7gvx7tok3jeh","time":1614031451,"event":{"mods":["BaseMod","Colored Map","Colored Powertips","DeckTracker","Googly Eyes","Highlight Path","Minty Spire (QoL Compilation)"],"gold_per_floor":[12,12,29,43,53,85,85,105,105,138,151,174,201,201,201,201,201],"floor_reached":16,"language":"ENG","playtime":741,"items_purged":[],"score":206,"play_id":"d185e757-e027-4c3d-b214-429d9358db0b","local_time":"20210223000411","is_ascension_mode":true,"campfire_choices":[{"data":"Seek","floor":7,"key":"SMITH"},{"data":"Gash","floor":15,"key":"SMITH"}],"circlet_count":0,"master_deck":["Strike_B","Strike_B","Strike_B","Strike_B","Defend_B","Defend_B","Defend_B+1","Defend_B","Zap","Hyperbeam","Gash+1","Steam Power","Leap+1","Seek+1","Go for the Eyes","Gash+1","Skim","Buffer"],"relics":["Cracked Core","War Paint","Molten Egg 2","Blue Candle","Odd Mushroom","Symbiotic Virus","Toy Ornithopter"],"acts_visited":["Exordium"],"potions_floor_usage":[10,10,13],"damage_taken":[{"damage":0,"enemies":"Small Slimes","floor":1,"turns":2},{"damage":9,"enemies":"Jaw Worm","floor":3,"turns":3},{"damage":0,"enemies":"Cultist","floor":4,"turns":3},{"damage":0,"enemies":"2 Fungi Beasts","floor":5,"turns":2},{"damage":22,"enemies":"3 Sentries","floor":6,"turns":4},{"damage":1,"enemies":"Large Slime","floor":8,"turns":3},{"damage":17,"enemies":"Lagavulin","floor":10,"turns":6},{"damage":0,"enemies":"3 Louse","floor":11,"turns":1},{"damage":0,"enemies":"The Mushroom Lair","floor":12,"turns":1},{"damage":0,"enemies":"3 Sentries","floor":13,"turns":1},{"damage":20,"enemies":"Hexaghost","floor":16,"turns":10}],"seed_played":"-2239098344068995508","potions_obtained":[{"floor":5,"key":"DuplicationPotion"},{"floor":6,"key":"SpeedPotion"},{"floor":8,"key":"AttackPotion"},{"floor":13,"key":"CultistPotion"}],"is_trial":false,"path_per_floor":["M","?","M","M","M","E","R","M","T","E","M","?","E","T","R","B"],"character_chosen":"DEFECT","items_purchased":[],"campfire_rested":0,"item_purchase_floors":[],"current_hp_per_floor":[68,68,59,59,59,37,37,36,36,19,19,19,19,19,19,0,0],"gold":201,"neow_bonus":"THREE_RARE_CARDS","is_daily":false,"chose_seed":false,"campfire_upgraded":2,"win_rate":0.0,"timestamp":1614031451,"path_taken":["M","?","M","M","M","E","R","M","T","E","M","?","E","?","R","BOSS"],"items_purchased_type":[],"build_version":"2020-12-22","purchased_purges":0,"victory":false,"max_hp_per_floor":[75,75,75,75,75,75,75,75,75,75,75,75,75,75,75,75,75],"card_choices":[{"not_picked":["Fission","Biased Cognition"],"picked":"Hyperbeam","floor":0},{"not_picked":["Streamline","Redo"],"picked":"Gash","floor":1},{"not_picked":["Conserve Battery","Storm"],"picked":"Steam Power","floor":3},{"not_picked":["Ball Lightning","Sweeping Beam"],"picked":"Leap","floor":4},{"not_picked":["Streamline","Conserve Battery","Aggregate"],"picked":"SKIP","floor":5},{"not_picked":["Cold Snap","Leap"],"picked":"Seek","floor":6},{"not_picked":["Loop","Melter"],"picked":"Go for the Eyes","floor":8},{"not_picked":["Rip and Tear+1","Ball Lightning+1"],"picked":"Gash+1","floor":10},{"not_picked":["Coolheaded","Sweeping Beam+1","Ball Lightning+1"],"picked":"SKIP","floor":11},{"not_picked":["Compile Driver+1","Tempest"],"picked":"Skim","floor":12},{"not_picked":["Undo","Darkness"],"picked":"Buffer","floor":13}],"player_experience":336745,"relics_obtained":[{"floor":6,"key":"War Paint"},{"floor":9,"key":"Molten Egg 2"},{"floor":10,"key":"Blue Candle"},{"floor":12,"key":"Odd Mushroom"},{"floor":13,"key":"Symbiotic Virus"},{"floor":14,"key":"Toy Ornithopter"}],"event_choices":[{"cards_removed":["Dualcast"],"damage_healed":0,"gold_gain":0,"player_choice":"Forget","damage_taken":0,"max_hp_gain":0,"max_hp_loss":0,"event_name":"Living Wall","floor":2,"gold_loss":0},{"damage_healed":0,"gold_gain":0,"player_choice":"Fought Mushrooms","damage_taken":0,"max_hp_gain":0,"max_hp_loss":0,"event_name":"Mushrooms","floor":12,"gold_loss":0}],"is_beta":false,"boss_relics":[],"items_purged_floors":[],"is_endless":false,"potions_floor_spawned":[5,6,8,13],"killed_by":"Hexaghost","ascension_level":8}}