{"host":"z37g2hkgkh2zjyzk","time":1614028702,"event":{"mods":["2.2 Compatiblity","AchievementEnabler","BaseMod","Bestiary","Colored Map","Colored Powertips","Curses Come First","Highlight Path","Keyboard Shortcuts","Minty Spire (QoL Compilation)","Relic Stats","StSLib","SuperFastMode"],"gold_per_floor":[216,228,247,3,21,21,31,31,31,31,42,67,77,77,77,182,182,167,187,201,201,201,201],"floor_reached":22,"language":"ENG","playtime":1143,"items_purged":[],"score":247,"play_id":"0a3df38a-0c44-47d2-9901-d9aa9b5f89a7","local_time":"20210222221822","is_ascension_mode":true,"campfire_choices":[{"data":"Hologram","floor":6,"key":"SMITH"},{"data":"Turbo","floor":8,"key":"SMITH"},{"data":"Zap","floor":10,"key":"SMITH"},{"floor":15,"key":"REST"}],"circlet_count":0,"master_deck":["Strike_B","Strike_B","Strike_B","Defend_B","Defend_B","Defend_B","Defend_B","Zap+1","Dualcast","Cold Snap","Hologram+1","Compile Driver","Turbo+1","BootSequence","Capacitor","Go for the Eyes","Self Repair","Meteor Strike","Sweeping Beam","Biased Cognition","Coolheaded","Gash+1","White Noise+1"],"relics":["Cracked Core","Eternal Feather","Dream Catcher","PreservedInsect","SlaversCollar"],"acts_visited":["Exordium","TheCity"],"potions_floor_usage":[12,12,18,19,19],"damage_taken":[{"damage":1,"enemies":"Cultist","floor":1,"turns":3},{"damage":2,"enemies":"Jaw Worm","floor":2,"turns":3},{"damage":1,"enemies":"2 Louse","floor":3,"turns":2},{"damage":0,"enemies":"Exordium Thugs","floor":5,"turns":4},{"damage":3,"enemies":"Exordium Wildlife","floor":7,"turns":2},{"damage":0,"enemies":"Large Slime","floor":11,"turns":4},{"damage":54,"enemies":"Gremlin Nob","floor":12,"turns":5},{"damage":1,"enemies":"3 Louse","floor":13,"turns":3},{"damage":15,"enemies":"Slime Boss","floor":16,"turns":9},{"damage":20,"enemies":"2 Thieves","floor":18,"turns":4},{"damage":6,"enemies":"Spheric Guardian","floor":19,"turns":6},{"damage":17,"enemies":"Chosen and Byrds","floor":20,"turns":8},{"damage":40,"enemies":"Sentry and Sphere","floor":22,"turns":7}],"seed_played":"-3571737209909994952","potions_obtained":[{"floor":2,"key":"EssenceOfSteel"},{"floor":7,"key":"PowerPotion"},{"floor":11,"key":"Explosive Potion"},{"floor":12,"key":"Block Potion"},{"floor":16,"key":"Fruit Juice"},{"floor":18,"key":"FearPotion"}],"is_trial":false,"path_per_floor":["M","M","M","$","M","R","M","R","T","R","M","E","M","?","R","B",null,"M","M","M","?","M"],"character_chosen":"DEFECT","items_purchased":["Eternal Feather"],"campfire_rested":1,"item_purchase_floors":[4],"current_hp_per_floor":[67,65,64,64,64,70,67,75,75,75,75,21,20,20,51,43,67,59,60,50,35,0,0],"gold":201,"neow_bonus":"HUNDRED_GOLD","is_daily":false,"chose_seed":false,"campfire_upgraded":3,"win_rate":0.0,"timestamp":1614028702,"path_taken":["M","M","M","$","?","R","M","R","T","R","M","E","M","?","R","BOSS","M","M","M","?","M"],"items_purchased_type":["Relic"],"build_version":"2020-12-22","purchased_purges":0,"victory":false,"max_hp_per_floor":[75,75,75,75,75,75,75,75,75,75,75,75,75,75,75,75,75,80,80,80,85,85,85],"relic_stats":{"Dream Catcher":1,"counters":[13,60],"Eternal Feather":23,"PreservedInsect":0,"obtain_stats":[{"SlaversCollar":17,"Dream Catcher":9,"Eternal Feather":4,"PreservedInsect":12,"Cracked Core":0},{"SlaversCollar":9,"Dream Catcher":5,"Eternal Feather":3,"PreservedInsect":7,"Cracked Core":0},{"SlaversCollar":35,"Dream Catcher":14,"Eternal Feather":8,"PreservedInsect":23,"Cracked Core":0}]},"card_choices":[{"not_picked":["Streamline","Chaos"],"picked":"Cold Snap","floor":1},{"not_picked":["Reprogram","Barrage"],"picked":"Hologram","floor":2},{"not_picked":["Streamline","Cold Snap"],"picked":"Compile Driver","floor":3},{"not_picked":["Hologram","Go for the Eyes"],"picked":"Turbo","floor":5},{"not_picked":["Recycle","Tempest"],"picked":"BootSequence","floor":7},{"not_picked":["Coolheaded","Sunder"],"picked":"Capacitor","floor":11},{"not_picked":["Blizzard","White Noise"],"picked":"Go for the Eyes","floor":12},{"not_picked":["Melter","Steam"],"picked":"Self Repair","floor":13},{"not_picked":["Doom and Gloom","Redo"],"picked":"Sweeping Beam","floor":15},{"not_picked":["Hyperbeam","Fission"],"picked":"Biased Cognition","floor":16},{"not_picked":["Self Repair","Steam"],"picked":"Coolheaded","floor":18},{"not_picked":["Rebound","Genetic Algorithm"],"picked":"Gash+1","floor":19},{"not_picked":["Steam Power","Turbo"],"picked":"White Noise+1","floor":20}],"player_experience":209813,"relics_obtained":[{"floor":9,"key":"Dream Catcher"},{"floor":12,"key":"PreservedInsect"}],"event_choices":[{"damage_healed":0,"gold_gain":0,"cards_transformed":["Strike_B"],"player_choice":"Transformed","damage_taken":0,"max_hp_gain":0,"max_hp_loss":0,"event_name":"Transmorgrifier","floor":14,"gold_loss":0,"cards_obtained":["Meteor Strike"]},{"damage_healed":0,"gold_gain":0,"player_choice":"Shed Blood","damage_taken":20,"max_hp_gain":5,"max_hp_loss":0,"event_name":"Forgotten Altar","floor":21,"gold_loss":0}],"is_beta":false,"boss_relics":[{"not_picked":["Fusion Hammer","Busted Crown"],"picked":"SlaversCollar"}],"items_purged_floors":[],"is_endless":false,"potions_floor_spawned":[2,7,11,12,16,18],"killed_by":"Sentry and Sphere","ascension_level":6}}