{"host":"w14xfy17z3c5mpoi","time":1614023518,"event":{"mods":["AchievementEnabler","BaseMod","Minty Spire (QoL Compilation)","Relic Stats"],"gold_per_floor":[109,124,135,135,150,150,190,202,241,253,265,301,313,365,377,485,497,528,561,28,28,28,28,28],"floor_reached":23,"language":"ENG","playtime":1097,"items_purged":["Strike_G"],"score":381,"play_id":"5f981507-055b-4528-9861-cccfa997266b","local_time":"20210222145158","is_ascension_mode":true,"campfire_choices":[{"data":"Night Terror","floor":6,"key":"SMITH"},{"data":"Neutralize","floor":8,"key":"SMITH"},{"data":"Cloak And Dagger","floor":11,"key":"SMITH"},{"data":"Blade Dance","floor":13,"key":"SMITH"},{"data":"Sucker Punch","floor":15,"key":"SMITH"}],"circlet_count":0,"master_deck":["AscendersBane","Strike_G","Strike_G","Defend_G","Defend_G","Defend_G","Defend_G","Defend_G","Survivor","Neutralize+1","Clumsy","Night Terror+1","Backstab","Flying Knee","Backflip","Poisoned Stab","Cloak And Dagger+1","Blade Dance+1","Sucker Punch+1","Glass Knife","Backflip","Accuracy","RitualDagger","Deadly Poison"],"relics":["Ring of the Snake","Golden Idol","MawBank","Bag of Preparation","Dream Catcher","HoveringKite","Frozen Eye","Happy Flower"],"acts_visited":["Exordium","TheCity"],"potions_floor_usage":[7,14,23,23],"damage_taken":[{"damage":2,"enemies":"2 Louse","floor":1,"turns":4},{"damage":1,"enemies":"Jaw Worm","floor":2,"turns":4},{"damage":0,"enemies":"Small Slimes","floor":3,"turns":3},{"damage":14,"enemies":"Red Slaver","floor":5,"turns":3},{"damage":17,"enemies":"3 Sentries","floor":7,"turns":12},{"damage":3,"enemies":"Looter","floor":12,"turns":2},{"damage":0,"enemies":"Gremlin Nob","floor":14,"turns":2},{"damage":10,"enemies":"Hexaghost","floor":16,"turns":13},{"damage":8,"enemies":"Shell Parasite","floor":18,"turns":4},{"damage":22,"enemies":"Chosen","floor":19,"turns":5},{"damage":17,"enemies":"Gremlin Leader","floor":23,"turns":5}],"seed_played":"-7827431053269417879","potions_obtained":[{"floor":2,"key":"LiquidMemories"},{"floor":3,"key":"GamblersBrew"}],"is_trial":false,"path_per_floor":["M","M","M","?","M","R","E","R","T","?","R","M","R","E","R","B",null,"M","M","$","?","?","E"],"character_chosen":"THE_SILENT","items_purchased":["Frozen Eye","Happy Flower","Accuracy","Fire Potion","Poison Potion"],"campfire_rested":0,"item_purchase_floors":[20,20,20,20,20],"current_hp_per_floor":[57,56,56,56,42,42,25,25,25,25,25,22,22,22,22,12,49,41,19,19,13,13,0,0],"gold":28,"neow_bonus":"THREE_RARE_CARDS","is_daily":false,"chose_seed":false,"campfire_upgraded":5,"win_rate":0.0,"timestamp":1614023518,"path_taken":["M","M","M","?","M","R","E","R","T","?","R","M","R","E","R","BOSS","M","M","$","?","?","E"],"items_purchased_type":["Relic","Relic","Card","Potion","Potion"],"build_version":"2020-12-22","purchased_purges":1,"victory":false,"max_hp_per_floor":[66,66,66,61,61,61,61,61,61,61,61,61,61,61,61,61,61,61,61,61,61,61,61,61],"relic_stats":{"Dream Catcher":0,"Happy Flower":[1],"counters":[11,57],"Golden Idol":51,"HoveringKite":[1],"Bag of Preparation":[12],"MawBank":156,"obtain_stats":[{"Frozen Eye":20,"Dream Catcher":14,"Happy Flower":20,"Golden Idol":4,"HoveringKite":17,"Bag of Preparation":9,"MawBank":7,"Ring of the Snake":0},{"Frozen Eye":10,"Dream Catcher":7,"Happy Flower":10,"Golden Idol":3,"HoveringKite":8,"Bag of Preparation":5,"MawBank":5,"Ring of the Snake":0},{"Frozen Eye":52,"Dream Catcher":30,"Happy Flower":52,"Golden Idol":11,"HoveringKite":43,"Bag of Preparation":26,"MawBank":26,"Ring of the Snake":0}],"Ring of the Snake":[22]},"card_choices":[{"not_picked":["Envenom","Storm of Steel"],"picked":"Night Terror","floor":0},{"not_picked":["Backflip","PiercingWail"],"picked":"Backstab","floor":1},{"not_picked":["Deflect","Escape Plan"],"picked":"Flying Knee","floor":2},{"not_picked":["Deadly Poison","PiercingWail"],"picked":"Backflip","floor":3},{"not_picked":["Blur","Heel Hook","Quick Slash"],"picked":"SKIP","floor":5},{"not_picked":["Eviscerate","PiercingWail"],"picked":"Poisoned Stab","floor":7},{"not_picked":["Dodge and Roll","Caltrops"],"picked":"Blade Dance","floor":12},{"not_picked":["Heel Hook","Slice"],"picked":"Sucker Punch","floor":14},{"not_picked":["Grand Finale","Storm of Steel"],"picked":"Glass Knife","floor":16},{"not_picked":["Choke","Slice"],"picked":"Backflip","floor":18},{"not_picked":["Flying Knee","Skewer","Heel Hook"],"picked":"SKIP","floor":19}],"player_experience":775552,"relics_obtained":[{"floor":7,"key":"MawBank"},{"floor":9,"key":"Bag of Preparation"},{"floor":14,"key":"Dream Catcher"}],"event_choices":[{"damage_healed":0,"gold_gain":0,"player_choice":"Lose Max HP","damage_taken":0,"relics_obtained":["Golden Idol"],"max_hp_gain":0,"max_hp_loss":5,"event_name":"Golden Idol","floor":4,"gold_loss":0},{"damage_healed":0,"gold_gain":0,"cards_transformed":["Strike_G"],"player_choice":"Change","damage_taken":0,"max_hp_gain":0,"max_hp_loss":0,"event_name":"Living Wall","floor":10,"gold_loss":0,"cards_obtained":["Cloak And Dagger"]},{"damage_healed":0,"gold_gain":0,"player_choice":"Joined the Cult","damage_taken":6,"max_hp_gain":0,"max_hp_loss":0,"event_name":"Nest","floor":21,"gold_loss":0,"cards_obtained":["RitualDagger"]},{"damage_healed":0,"gold_gain":0,"cards_transformed":["Strike_G"],"player_choice":"Transformed","damage_taken":0,"max_hp_gain":0,"max_hp_loss":0,"event_name":"Transmorgrifier","floor":22,"gold_loss":0,"cards_obtained":["Deadly Poison"]}],"is_beta":false,"boss_relics":[{"not_picked":["Busted Crown","SlaversCollar"],"picked":"HoveringKite"}],"items_purged_floors":[20],"is_endless":false,"potions_floor_spawned":[2,3],"killed_by":"Gremlin Leader","ascension_level":14}}