{"host":"w01zow3jg16g8jdh","time":1614001853,"event":{"mods":["2.2 Compatiblity","AchievementEnabler","BaseMod","DeckTracker","Hermit","Keyboard Shortcuts","Marisa£¨Ùöéë¡¡Øª×âÞÞ£©","Minty Spire (QoL Compilation)","Permanent Neow","StSLib","SuperFastMode"],"gold_per_floor":[109,109,128,128,146,178,190,190,490,490,490,506,506,101,101,180,180,191,207,218,268,284,284,317,367,367,398,398,418,436,466,466,537,537,548,448,459,459,89,117,131,157,157,157,120,145,193,211,211,211],"floor_reached":51,"language":"KOR","playtime":975,"items_purged":["Strike_MRS","Strike_MRS","Defend_MRS"],"score":1683,"play_id":"a8aae650-b2ce-4547-b3a7-f658147dec0a","local_time":"20210222225053","is_ascension_mode":true,"campfire_choices":[{"data":"MasterSpark","floor":8.0,"key":"SMITH"},{"data":"GrandCross","floor":10.0,"key":"SMITH"},{"data":"MysteriousBeam","floor":13.0,"key":"SMITH"},{"data":"OortCloud","floor":15.0,"key":"SMITH"},{"floor":23.0,"key":"REST"},{"data":"GrandCross","floor":28,"key":"SMITH"},{"floor":32,"key":"REST"},{"data":"CollectingQuirk","floor":44,"key":"SMITH"},{"floor":49,"key":"DIG"}],"circlet_count":0,"master_deck":["AscendersBane","Defend_MRS","MasterSpark+1","UpSweep","OortCloud+1","GrandCross+1","MysteriousBeam+1","TreasureHunter","GrandCross+1","CollectingQuirk+1","EarthLightRay","SporeBomb+1","PropBag","ChargingUp+1"],"relics":["MiniHakkero","BreadOfAWashokuLover","Old Coin","Singing Bowl","SimpleLauncher","Philosopher\u0027s Stone","Centennial Puzzle","SproutingBranch","Kunai","Orichalcum","Regal Pillow","Blood Vial","FossilizedHelix","Empty Cage","PreservedInsect","Ancient Tea Set","Nunchaku","MagicBroom","Eternal Feather","Shovel","Gambling Chip","Shuriken","Peace Pipe","Mummified Hand"],"acts_visited":["Exordium","TheCity","TheBeyond"],"potions_floor_usage":[27,33,33,50],"damage_taken":[{"damage":8.0,"enemies":"Jaw Worm","floor":1.0,"turns":4.0},{"damage":0.0,"enemies":"2 Louse","floor":3.0,"turns":2.0},{"damage":6.0,"enemies":"Cultist","floor":5.0,"turns":3.0},{"damage":19.0,"enemies":"Lagavulin","floor":6.0,"turns":7.0},{"damage":3.0,"enemies":"Red Slaver","floor":7.0,"turns":3.0},{"damage":6.0,"enemies":"Looter","floor":12.0,"turns":3.0},{"damage":16.0,"enemies":"Hexaghost","floor":16.0,"turns":5.0},{"damage":19.0,"enemies":"2 Thieves","floor":18.0,"turns":3.0},{"damage":0.0,"enemies":"Chosen","floor":19.0,"turns":3.0},{"damage":11.0,"enemies":"Snecko","floor":20.0,"turns":3.0},{"damage":0.0,"enemies":"Centurion and Healer","floor":22.0,"turns":5.0},{"damage":53,"enemies":"Slavers","floor":24,"turns":4},{"damage":22,"enemies":"Book of Stabbing","floor":27,"turns":4},{"damage":15,"enemies":"Snake Plant","floor":29,"turns":3},{"damage":9,"enemies":"Shelled Parasite and Fungi","floor":30,"turns":2},{"damage":26,"enemies":"Gremlin Leader","floor":31,"turns":7},{"damage":16,"enemies":"Champ","floor":33,"turns":5},{"damage":18,"enemies":"3 Shapes","floor":35,"turns":2},{"damage":24,"enemies":"3 Darklings","floor":37,"turns":3},{"damage":0,"enemies":"Reptomancer","floor":40,"turns":2},{"damage":52,"enemies":"4 Shapes","floor":41,"turns":5},{"damage":0,"enemies":"Giant Head","floor":42,"turns":4},{"damage":0,"enemies":"Reptomancer","floor":46,"turns":2},{"damage":5,"enemies":"2 Orb Walkers","floor":47,"turns":3},{"damage":10,"enemies":"Writhing Mass","floor":48,"turns":2},{"damage":18,"enemies":"Donu and Deca","floor":50,"turns":4}],"seed_played":"-3261067968088522099","potions_obtained":[{"floor":3.0,"key":"SpeedPotion"},{"floor":18.0,"key":"LiquidMemories"},{"floor":29,"key":"FearPotion"},{"floor":30,"key":"FearPotion"},{"floor":31,"key":"CultistPotion"},{"floor":33,"key":"LiquidMemories"},{"floor":35,"key":"EssenceOfSteel"},{"floor":41,"key":"Strength Potion"}],"is_trial":false,"path_per_floor":["M","?","M","?","M","E","M","R","T","R","T","M","R","$","R","B",null,"M","M","M","?","M","R","E","?","T","E","R","M","M","E","R","B",null,"M","$","M","?","$","E","M","E","T","R","$","E","?","M","R","B",null],"character_chosen":"MARISA","items_purchased":["SimpleLauncher","Ancient Tea Set","EarthLightRay","PropBag"],"campfire_rested":2,"item_purchase_floors":[14,39,39,45],"current_hp_per_floor":[55,55,55,55,49,30,28,28,28,28,28,23,23,23,23,8,55,37,40,32,25,28,50,50,50,50,43,43,40,39,31,71,85,96,83,83,72,72,72,85,53,73,73,79,79,90,102,105,111,96],"gold":211,"neow_bonus":"TRANSFORM_CARD","is_daily":false,"chose_seed":false,"campfire_upgraded":6,"win_rate":0.0,"timestamp":1614001853,"path_taken":["M","?","M","?","M","E","M","R","T","R","?","M","R","$","R","BOSS","M","M","M","?","?","R","E","?","T","E","R","M","M","E","R","BOSS","M","$","M","?","$","E","?","E","T","R","$","E","?","M","R","BOSS"],"items_purchased_type":["Relic","Relic","Card","Card"],"build_version":"2020-12-22","purchased_purges":3,"victory":true,"max_hp_per_floor":[70,70,70,70,70,70,70,70,70,70,70,70,70,70,70,70,70,70,72,74,74,76,76,78,78,78,80,80,82,84,86,86,99,99,101,101,103,103,103,105,105,107,107,107,107,107,109,111,111,111],"card_choices":[{"not_picked":["DoubleSpark","ShootTheMoon","ManaConvection"],"picked":"SKIP","floor":1.0},{"not_picked":["ShootingEcho","DC"],"picked":"GrandCross","floor":3.0},{"not_picked":["OneTimeOff","Robbery","Acceleration"],"picked":"SKIP","floor":5.0},{"not_picked":["LuminesStrike","DragonMeteor","CollectingQuirk"],"picked":"SKIP","floor":6.0},{"not_picked":["DC","ChargingUp","PowerUp"],"picked":"SKIP","floor":7.0},{"not_picked":["MilkyWay","SprinkleStarSeal"],"picked":"MysteriousBeam","floor":12.0},{"not_picked":["BlazingStar","BigCrunch"],"picked":"TreasureHunter","floor":16.0},{"not_picked":["IllusionStar","GalacticHalo"],"picked":"GrandCross","floor":18.0},{"not_picked":["DarkSpark","LuminesStrike","MilkyWay"],"picked":"Singing Bowl","floor":19.0},{"not_picked":["MysteriousBeam","BlazingStar","PowerUp"],"picked":"Singing Bowl","floor":20.0},{"not_picked":["LuminesStrike","WitchLeyline","DoubleSpark"],"picked":"Singing Bowl","floor":22.0},{"not_picked":["IllusionStar","WitchLeyline","DC"],"picked":"Singing Bowl","floor":24},{"not_picked":["OneTimeOff","WitchLeyline","GrandCross"],"picked":"Singing Bowl","floor":27},{"not_picked":["LuminesStrike","Acceleration","NonDirectionalLaser"],"picked":"Singing Bowl","floor":29},{"not_picked":["ShootingEcho","DoubleSpark+1","GrandCross"],"picked":"Singing Bowl","floor":30},{"not_picked":["SatelliteIllusion","GravityBeat","GrandCross"],"picked":"Singing Bowl","floor":31},{"not_picked":["FinalSpark","EscapeVelocity"],"picked":"CollectingQuirk","floor":33},{"not_picked":["WitchOfGreed","AlicesGift","PowerUp"],"picked":"Singing Bowl","floor":35},{"not_picked":["GalacticHalo","AsteroidBelt","FairyDestructionRay+1"],"picked":"Singing Bowl","floor":37},{"not_picked":["WitchLeyline","ShootingEcho","GravityBeat"],"picked":"Singing Bowl","floor":40},{"not_picked":["LuminesStrike+1","RefractionSpark"],"picked":"SporeBomb+1","floor":41},{"not_picked":["PowerUp+1","DeepEcoloBomb","GalacticHalo+1"],"picked":"Singing Bowl","floor":42},{"not_picked":["GravityBeat","AsteroidBelt+1"],"picked":"ChargingUp+1","floor":46},{"not_picked":["DarkSpark+1","GrandCross","PowerUp"],"picked":"Singing Bowl","floor":47},{"not_picked":["Acceleration","6A+1","StarlightTyphoon"],"picked":"Singing Bowl","floor":48}],"player_experience":399717,"relics_obtained":[{"floor":6.0,"key":"BreadOfAWashokuLover"},{"floor":9.0,"key":"Old Coin"},{"floor":11.0,"key":"Singing Bowl"},{"floor":24,"key":"Centennial Puzzle"},{"floor":24,"key":"SproutingBranch"},{"floor":26,"key":"Kunai"},{"floor":27,"key":"Orichalcum"},{"floor":31,"key":"Regal Pillow"},{"floor":31,"key":"Blood Vial"},{"floor":33,"key":"FossilizedHelix"},{"floor":40,"key":"Nunchaku"},{"floor":40,"key":"MagicBroom"},{"floor":42,"key":"Eternal Feather"},{"floor":42,"key":"Shovel"},{"floor":43,"key":"Gambling Chip"},{"floor":46,"key":"Shuriken"},{"floor":47,"key":"Peace Pipe"},{"floor":49,"key":"Mummified Hand"}],"event_choices":[{"damage_healed":0.0,"max_hp_gain":0.0,"max_hp_loss":0.0,"gold_gain":0.0,"event_name":"Liars Game","player_choice":"Ignored","floor":2.0,"gold_loss":0.0,"damage_taken":0.0},{"cards_removed":["Defend_MRS"],"damage_healed":0.0,"max_hp_gain":0.0,"max_hp_loss":0.0,"gold_gain":0.0,"event_name":"Living Wall","player_choice":"Forget","floor":4.0,"gold_loss":0.0,"damage_taken":0.0},{"damage_healed":0.0,"max_hp_gain":0.0,"max_hp_loss":0.0,"gold_gain":50.0,"event_name":"FaceTrader","player_choice":"Touch","floor":21.0,"gold_loss":0.0,"damage_taken":7.0},{"damage_healed":0,"gold_gain":50,"player_choice":"Stole From Cult","damage_taken":0,"max_hp_gain":0,"max_hp_loss":0,"event_name":"Nest","floor":25,"gold_loss":0},{"damage_healed":0,"gold_gain":0,"player_choice":"Gave Potion","damage_taken":0,"relics_obtained":["PreservedInsect"],"max_hp_gain":0,"max_hp_loss":0,"event_name":"WeMeetAgain","floor":38,"gold_loss":0},{"damage_healed":0,"gold_gain":0,"player_choice":"Fight","damage_taken":0,"max_hp_gain":0,"max_hp_loss":0,"event_name":"Mysterious Sphere","floor":47,"gold_loss":0}],"is_beta":false,"boss_relics":[{"not_picked":["Cursed Key","Tiny House"],"picked":"Philosopher\u0027s Stone"},{"not_picked":["Pandora\u0027s Box","Velvet Choker"],"picked":"Empty Cage"}],"items_purged_floors":[14,36,39],"is_endless":false,"potions_floor_spawned":[3,18,29,30,31,33,35,41,48],"ascension_level":18}}