{"host":"hg2vyukq38ky973l","time":1614030909,"event":{"mods":["AchievementEnabler","BaseMod","Minty Spire (QoL Compilation)"],"gold_per_floor":[114,114,130,141,153,153,169,169,169,169,179,193,226,238,238,333,333,350,368,387,486,486,513,0,0,0,0,15,15,15,42,42,145,145,157,167,182,182,182,182,42,42,42,61,61,61],"floor_reached":47,"language":"ENG","playtime":2195,"items_purged":["Strike_G"],"score":853,"play_id":"9bb075d4-2d93-4e7a-ba11-fa421e14383c","local_time":"20210223075509","is_ascension_mode":true,"campfire_choices":[{"data":"Survivor","floor":6.0,"key":"SMITH"},{"data":"Corpse Explosion","floor":8.0,"key":"SMITH"},{"floor":15.0,"key":"REST"},{"floor":25.0,"key":"REST"},{"floor":27.0,"key":"REST"},{"data":"Burst","floor":32.0,"key":"SMITH"},{"data":"Blur","floor":40.0,"key":"SMITH"},{"data":"Concentrate","floor":42.0,"key":"SMITH"}],"circlet_count":0,"master_deck":["Strike_G","Strike_G","Strike_G","Defend_G","Defend_G","Defend_G","Defend_G","Defend_G","Survivor+1","Neutralize+1","Catalyst","Corpse Explosion+1","Crippling Poison","Poisoned Stab","Deadly Poison","Backflip","Poisoned Stab","Bouncing Flask","Burst+1","CurseOfTheBell","Dodge and Roll","Deadly Poison","Acrobatics+1","Blur+1","Burst","Prepared+1","Flying Knee+1","Dash+1","Trip","Poisoned Stab","Concentrate+1","Parasite","Tactician"],"relics":["Ring of the Snake","Sundial","Pocketwatch","Calling Bell","Regal Pillow","Ornamental Fan","Calipers","HornCleat","FossilizedHelix","Eternal Feather","Smiling Mask","Coffee Dripper"],"acts_visited":["Exordium","TheCity","TheBeyond"],"potions_floor_usage":[46,46,46],"damage_taken":[{"damage":0.0,"enemies":"2 Louse","floor":1.0,"turns":4.0},{"damage":0.0,"enemies":"Cultist","floor":3.0,"turns":6.0},{"damage":2.0,"enemies":"Small Slimes","floor":4.0,"turns":6.0},{"damage":0.0,"enemies":"2 Fungi Beasts","floor":5.0,"turns":3.0},{"damage":4.0,"enemies":"Blue Slaver","floor":7.0,"turns":5.0},{"damage":10.0,"enemies":"3 Louse","floor":11.0,"turns":2.0},{"damage":0.0,"enemies":"2 Fungi Beasts","floor":12.0,"turns":3.0},{"damage":21.0,"enemies":"3 Sentries","floor":13.0,"turns":4.0},{"damage":0.0,"enemies":"Lots of Slimes","floor":14.0,"turns":1.0},{"damage":2.0,"enemies":"Slime Boss","floor":16.0,"turns":7.0},{"damage":0.0,"enemies":"Chosen","floor":18.0,"turns":4.0},{"damage":0.0,"enemies":"Spheric Guardian","floor":19.0,"turns":3.0},{"damage":30.0,"enemies":"Centurion and Healer","floor":20.0,"turns":9.0},{"damage":24.0,"enemies":"Gremlin Leader","floor":23.0,"turns":9.0},{"damage":0.0,"enemies":"Shelled Parasite and Fungi","floor":28.0,"turns":3.0},{"damage":21.0,"enemies":"Slavers","floor":31.0,"turns":3.0},{"damage":41.0,"enemies":"Champ","floor":33.0,"turns":8.0},{"damage":0.0,"enemies":"Orb Walker","floor":35.0,"turns":4.0},{"damage":0.0,"enemies":"3 Shapes","floor":36.0,"turns":4.0},{"damage":16.0,"enemies":"Spire Growth","floor":37.0,"turns":5.0},{"damage":0.0,"enemies":"Writhing Mass","floor":44.0,"turns":7.0},{"damage":62,"enemies":"Donu and Deca","floor":46,"turns":8}],"seed_played":"-973287721042209834","potions_obtained":[{"floor":4.0,"key":"Explosive Potion"},{"floor":7.0,"key":"Dexterity Potion"},{"floor":11.0,"key":"Ancient Potion"},{"floor":16.0,"key":"GhostInAJar"},{"floor":28.0,"key":"Regen Potion"},{"floor":33.0,"key":"PowerPotion"},{"floor":35.0,"key":"Dexterity Potion"}],"is_trial":false,"path_per_floor":["M","?","M","M","M","R","M","R","T","?","M","M","E","M","R","B",null,"M","M","M","?","?","E","?","R","T","R","M","$","T","E","R","B",null,"M","M","M","?","?","R","$","R","T","M","?","B",null],"character_chosen":"THE_SILENT","items_purchased":["Poisoned Stab","Concentrate"],"campfire_rested":3,"item_purchase_floors":[41,41],"current_hp_per_floor":[70,70,70,68,68,68,64,64,64,64,54,54,33,33,54,52,66,66,66,36,36,36,12,12,48,48,70,70,70,70,49,64,35,61,61,61,45,45,45,63,63,66,66,66,66,4],"gold":61,"neow_bonus":"UPGRADE_CARD","is_daily":false,"chose_seed":false,"campfire_upgraded":5,"win_rate":0.0,"timestamp":1614030909,"path_taken":["M","?","M","?","M","R","M","R","T","?","M","M","E","M","R","BOSS","M","M","M","?","?","E","?","R","T","R","M","$","?","E","R","BOSS","M","M","M","?","?","R","$","R","T","M","?","BOSS"],"items_purchased_type":["Card","Card"],"build_version":"2020-12-22","purchased_purges":1,"victory":true,"max_hp_per_floor":[70,70,70,70,70,70,70,70,70,70,70,70,70,70,70,70,70,70,70,70,70,70,70,70,70,70,70,70,70,70,70,70,70,70,70,70,70,66,66,66,66,66,66,66,66,66],"card_choices":[{"not_picked":["Cloak And Dagger","Poisoned Stab"],"picked":"Catalyst","floor":1.0},{"not_picked":["Blade Dance","Outmaneuver"],"picked":"Corpse Explosion","floor":3.0},{"not_picked":["Prepared","Skewer"],"picked":"Crippling Poison","floor":4.0},{"not_picked":["Dash","Acrobatics"],"picked":"Poisoned Stab","floor":5.0},{"not_picked":["Dagger Throw","Well Laid Plans"],"picked":"Deadly Poison","floor":7.0},{"not_picked":["Heel Hook","Sucker Punch"],"picked":"Backflip","floor":11.0},{"not_picked":["Dodge and Roll","Riddle With Holes"],"picked":"Poisoned Stab","floor":12.0},{"not_picked":["Tactician","Quick Slash","Expertise"],"picked":"SKIP","floor":13.0},{"not_picked":["Eviscerate","Finisher"],"picked":"Bouncing Flask","floor":14.0},{"not_picked":["Glass Knife","Phantasmal Killer"],"picked":"Burst","floor":16.0},{"not_picked":["Riddle With Holes","Flechettes","Underhanded Strike+1"],"picked":"SKIP","floor":18.0},{"not_picked":["Underhanded Strike+1","Blade Dance+1"],"picked":"Dodge and Roll","floor":19.0},{"not_picked":["Blade Dance","Underhanded Strike"],"picked":"Deadly Poison","floor":20.0},{"not_picked":["Tools of the Trade","Endless Agony"],"picked":"Acrobatics+1","floor":23.0},{"not_picked":["Dagger Throw","Underhanded Strike","Finisher+1"],"picked":"SKIP","floor":28.0},{"not_picked":["Unload","Underhanded Strike"],"picked":"Blur","floor":31.0},{"not_picked":["Wraith Form v2","Grand Finale"],"picked":"Burst","floor":33.0},{"not_picked":["Underhanded Strike+1","Slice"],"picked":"Prepared+1","floor":35.0},{"not_picked":["Finisher","Sucker Punch"],"picked":"Flying Knee+1","floor":36.0},{"not_picked":["Quick Slash","Dagger Throw+1"],"picked":"Dash+1","floor":37.0},{"not_picked":["Jack Of All Trades","Swift Strike"],"picked":"Trip","floor":39.0},{"not_picked":["Backflip","Outmaneuver+1"],"picked":"Tactician","floor":44.0}],"player_experience":326459,"relics_obtained":[{"floor":9.0,"key":"Sundial"},{"floor":13.0,"key":"Pocketwatch"},{"floor":17.0,"key":"Regal Pillow"},{"floor":17.0,"key":"Ornamental Fan"},{"floor":17.0,"key":"Calipers"},{"floor":23.0,"key":"HornCleat"},{"floor":26.0,"key":"FossilizedHelix"},{"floor":30.0,"key":"Eternal Feather"},{"floor":31.0,"key":"Smiling Mask"}],"event_choices":[{"cards_removed":["Strike_G"],"damage_healed":0.0,"max_hp_gain":0.0,"max_hp_loss":0.0,"gold_gain":0.0,"event_name":"Purifier","player_choice":"Purged","floor":2.0,"gold_loss":0.0,"damage_taken":0.0},{"damage_healed":0.0,"max_hp_gain":0.0,"max_hp_loss":0.0,"gold_gain":0.0,"event_name":"Liars Game","player_choice":"Ignored","floor":10.0,"gold_loss":0.0,"damage_taken":0.0},{"damage_healed":0.0,"max_hp_gain":0.0,"max_hp_loss":0.0,"gold_gain":99.0,"event_name":"Nest","player_choice":"Stole From Cult","floor":21.0,"gold_loss":0.0,"damage_taken":0.0},{"damage_healed":0.0,"max_hp_gain":0.0,"max_hp_loss":0.0,"gold_gain":0.0,"event_name":"Ghosts","player_choice":"Ignored","floor":22.0,"gold_loss":0.0,"damage_taken":0.0},{"damage_healed":0.0,"max_hp_gain":0.0,"max_hp_loss":0.0,"gold_gain":0.0,"event_name":"Masked Bandits","player_choice":"Paid Fearfully","floor":24.0,"gold_loss":513.0,"damage_taken":0.0},{"damage_healed":0.0,"max_hp_gain":0.0,"max_hp_loss":4.0,"gold_gain":0.0,"event_name":"Winding Halls","player_choice":"Max HP","floor":38.0,"gold_loss":0.0,"damage_taken":0.0},{"damage_healed":0.0,"max_hp_gain":0.0,"max_hp_loss":0.0,"gold_gain":0.0,"event_name":"SensoryStone","player_choice":"Memory 1","floor":39.0,"gold_loss":0.0,"damage_taken":0.0},{"damage_healed":0.0,"max_hp_gain":0.0,"max_hp_loss":0.0,"gold_gain":0.0,"event_name":"SecretPortal","player_choice":"Took Portal","floor":45.0,"gold_loss":0.0,"damage_taken":0.0}],"is_beta":false,"boss_relics":[{"not_picked":["SacredBark","Astrolabe"],"picked":"Calling Bell"},{"not_picked":["Snecko Eye","HoveringKite"],"picked":"Coffee Dripper"}],"items_purged_floors":[41],"is_endless":false,"potions_floor_spawned":[4,7,11,16,19,20,28,33,35,37],"ascension_level":5}}