{"host":"1bzbl1adcbkdzqlf","time":1614033333,"event":{"mods":["BaseMod","Minty Spire (QoL Compilation)","Slay the Relics Exporter"],"gold_per_floor":[20,20,34,54,73,109,109,125,196,534,559,320,245,318,318,408,408,432,432,432,432,357,387,61,92,115,125,139,174,193,32,32,106,106,116,169,0,20,20,47,64,64,64],"floor_reached":42,"language":"ENG","playtime":6610,"items_purged":["Strike_R"],"score":992,"play_id":"86d3e6fb-d835-4dbc-a069-eae5f345b07d","local_time":"20210222163533","is_ascension_mode":true,"campfire_choices":[{"floor":7,"key":"REST"},{"floor":15,"key":"REST"},{"floor":32,"key":"RECALL"}],"circlet_count":0,"master_deck":["AscendersBane","Bash","Feed","Cleave","Iron Wave+1","Inflame","Shrug It Off","Headbutt+1","Sword Boomerang","Sword Boomerang+1","Fiend Fire+1","Reaper+1","Flex","Bite+1","Bite+1","Bite+1","Bite+1","Bite+1","J.A.X.","Flame Barrier","Disarm","Clothesline+1","Carnage+1","Offering","Flex+1","Armaments+1","Cleave+1","Ghostly Armor","Shrug It Off+1","Dual Wield","Flame Barrier","Dark Embrace+1"],"relics":["Burning Blood","Bloody Idol","Bag of Marbles","Molten Egg 2","Old Coin","MealTicket","Nunchaku","Fusion Hammer","Red Skull","Ice Cream","Whetstone","Art of War","Akabeko","Medical Kit","Astrolabe","Magic Flower","Red Mask","WingedGreaves"],"acts_visited":["Exordium","TheCity","TheBeyond"],"potions_floor_usage":[6,6,10,11,14,25,29,30,42,42],"damage_taken":[{"damage":2,"enemies":"Jaw Worm","floor":1,"turns":3},{"damage":9,"enemies":"2 Louse","floor":3,"turns":4},{"damage":0,"enemies":"Small Slimes","floor":4,"turns":2},{"damage":12,"enemies":"Looter","floor":5,"turns":4},{"damage":35,"enemies":"Lagavulin","floor":6,"turns":5},{"damage":6,"enemies":"2 Fungi Beasts","floor":8,"turns":3},{"damage":17,"enemies":"3 Sentries","floor":10,"turns":7},{"damage":0,"enemies":"Blue Slaver","floor":11,"turns":2},{"damage":22,"enemies":"3 Sentries","floor":14,"turns":6},{"damage":37,"enemies":"Slime Boss","floor":16,"turns":7},{"damage":0,"enemies":"Chosen","floor":18,"turns":2},{"damage":51,"enemies":"Gremlin Leader","floor":23,"turns":6},{"damage":20,"enemies":"Book of Stabbing","floor":25,"turns":3},{"damage":4,"enemies":"Spheric Guardian","floor":27,"turns":3},{"damage":36,"enemies":"Snake Plant","floor":28,"turns":5},{"damage":31,"enemies":"Gremlin Leader","floor":29,"turns":4},{"damage":34,"enemies":"Shelled Parasite and Fungi","floor":30,"turns":6},{"damage":113,"enemies":"Automaton","floor":33,"turns":8},{"damage":32,"enemies":"3 Shapes","floor":35,"turns":3},{"damage":22,"enemies":"2 Orb Walkers","floor":36,"turns":5},{"damage":51,"enemies":"3 Darklings","floor":38,"turns":4},{"damage":63,"enemies":"Nemesis","floor":40,"turns":5},{"damage":32,"enemies":"Sphere and 2 Shapes","floor":41,"turns":2},{"damage":103,"enemies":"Reptomancer","floor":42,"turns":6}],"seed_played":"2610208512355614999","potions_obtained":[{"floor":3,"key":"CultistPotion"},{"floor":5,"key":"HeartOfIron"},{"floor":6,"key":"SteroidPotion"},{"floor":10,"key":"BlessingOfTheForge"},{"floor":11,"key":"LiquidBronze"},{"floor":23,"key":"BlessingOfTheForge"},{"floor":27,"key":"ColorlessPotion"},{"floor":28,"key":"Strength Potion"},{"floor":33,"key":"SpeedPotion"},{"floor":38,"key":"EssenceOfSteel"}],"is_trial":false,"path_per_floor":["M","?","M","M","M","E","R","M","T","E","M","$","?","?","R","B",null,"M","?","?","?","?","E","$","E","T","M","M","E","M","$","R","B",null,"M","?","?","M","$","E","M","E"],"character_chosen":"IRONCLAD","items_purchased":["MealTicket","Ice Cream","Medical Kit"],"campfire_rested":2,"item_purchase_floors":[12,24,31],"current_hp_per_floor":[75,48,48,57,51,22,47,50,50,42,48,48,48,32,59,31,78,84,65,65,65,65,42,57,58,63,72,62,75,72,78,78,15,62,44,42,42,52,67,43,52,0,0],"gold":64,"neow_bonus":"THREE_RARE_CARDS","is_daily":false,"chose_seed":false,"campfire_upgraded":0,"win_rate":0.0,"timestamp":1614033333,"path_taken":["M","?","M","M","M","E","R","M","T","E","M","$","?","?","R","BOSS","M","?","?","?","?","E","$","E","T","?","M","E","M","?","R","BOSS","M","?","?","M","$","E","M","E"],"items_purchased_type":["Relic","Relic","Relic"],"build_version":"2020-12-22","purchased_purges":1,"victory":false,"max_hp_per_floor":[78,78,81,84,84,84,84,87,87,90,90,90,90,90,90,93,93,93,65,65,65,65,68,68,72,72,72,72,75,78,78,78,78,78,81,81,81,81,81,84,92,92,92],"card_choices":[{"not_picked":["Barricade","Berserk"],"picked":"Feed","floor":0},{"not_picked":["Heavy Blade","Shrug It Off"],"picked":"Cleave","floor":1},{"not_picked":["Spot Weakness","Flex"],"picked":"Iron Wave","floor":3},{"not_picked":["Body Slam","Spot Weakness"],"picked":"Inflame","floor":4},{"not_picked":["Warcry","Headbutt"],"picked":"Shrug It Off","floor":5},{"not_picked":["Evolve","Wild Strike"],"picked":"Headbutt","floor":6},{"not_picked":["Perfected Strike","Burning Pact"],"picked":"Sword Boomerang","floor":8},{"not_picked":["Feel No Pain","Burning Pact"],"picked":"Sword Boomerang+1","floor":10},{"not_picked":["Warcry","Sword Boomerang+1"],"picked":"Fiend Fire+1","floor":11},{"not_picked":["Offering","Fiend Fire+1"],"picked":"Reaper+1","floor":16},{"not_picked":["Warcry","Body Slam+1"],"picked":"Flex","floor":18},{"not_picked":["Anger+1","Blood for Blood+1","Hemokinesis+1"],"picked":"SKIP","floor":23},{"not_picked":["Rage","Dropkick+1","Clash+1"],"picked":"SKIP","floor":25},{"not_picked":["Dual Wield","Heavy Blade+1"],"picked":"Flame Barrier","floor":27},{"not_picked":["Perfected Strike+1","Twin Strike+1"],"picked":"Disarm","floor":28},{"not_picked":["Anger+1","Feed+1"],"picked":"Clothesline+1","floor":29},{"not_picked":["Second Wind","Evolve"],"picked":"Carnage+1","floor":30},{"not_picked":["Exhume","Immolate+1"],"picked":"Offering","floor":33},{"not_picked":["Fire Breathing+1","Cleave+1"],"picked":"Ghostly Armor","floor":35},{"not_picked":["Iron Wave+1","Evolve"],"picked":"Shrug It Off+1","floor":36},{"not_picked":["Entrench","Seeing Red+1"],"picked":"Dual Wield","floor":38},{"not_picked":["Pummel+1","Body Slam+1"],"picked":"Flame Barrier","floor":40},{"not_picked":["Clash+1","Intimidate"],"picked":"Dark Embrace+1","floor":41}],"player_experience":489951,"relics_obtained":[{"floor":6,"key":"Bag of Marbles"},{"floor":9,"key":"Molten Egg 2"},{"floor":10,"key":"Old Coin"},{"floor":14,"key":"Nunchaku"},{"floor":23,"key":"Red Skull"},{"floor":25,"key":"Whetstone"},{"floor":26,"key":"Art of War"},{"floor":29,"key":"Akabeko"},{"floor":36,"key":"Magic Flower"},{"floor":40,"key":"WingedGreaves"}],"event_choices":[{"damage_healed":0,"gold_gain":0,"player_choice":"Take Damage","damage_taken":27,"relics_obtained":["Golden Idol"],"max_hp_gain":0,"max_hp_loss":0,"event_name":"Golden Idol","floor":2,"gold_loss":0},{"cards_removed":["Strike_R"],"damage_healed":0,"gold_gain":0,"player_choice":"Card Removal","damage_taken":0,"max_hp_gain":0,"max_hp_loss":0,"event_name":"The Cleric","floor":13,"gold_loss":75},{"damage_healed":0,"gold_gain":0,"player_choice":"Searched \u00271\u0027 times","damage_taken":0,"max_hp_gain":0,"max_hp_loss":0,"event_name":"Dead Adventurer","floor":14,"gold_loss":0},{"damage_healed":0,"gold_gain":0,"player_choice":"Became a vampire","damage_taken":0,"max_hp_gain":0,"max_hp_loss":28,"event_name":"Vampires","floor":19,"gold_loss":0,"cards_obtained":["Bite","Bite","Bite","Bite","Bite"]},{"damage_healed":0,"gold_gain":0,"player_choice":"Gave Idol","damage_taken":0,"relics_obtained":["Bloody Idol"],"max_hp_gain":0,"max_hp_loss":0,"event_name":"Forgotten Altar","floor":20,"relics_lost":["Golden Idol"],"gold_loss":0},{"damage_healed":0,"gold_gain":0,"player_choice":"Obtain J.A.X.","damage_taken":0,"max_hp_gain":0,"max_hp_loss":0,"event_name":"Drug Dealer","floor":21,"gold_loss":0,"cards_obtained":["J.A.X."]},{"cards_removed":["Defend_R"],"damage_healed":0,"gold_gain":0,"player_choice":"Gave Gold","damage_taken":0,"max_hp_gain":0,"max_hp_loss":0,"event_name":"Beggar","floor":22,"gold_loss":75},{"damage_healed":0,"gold_gain":0,"player_choice":"Fight","damage_taken":0,"max_hp_gain":0,"max_hp_loss":0,"event_name":"Mysterious Sphere","floor":36,"gold_loss":0},{"damage_healed":0,"gold_gain":0,"player_choice":"Paid","damage_taken":0,"relics_obtained":["Red Mask"],"max_hp_gain":0,"max_hp_loss":0,"event_name":"Tomb of Lord Red Mask","floor":37,"gold_loss":169}],"is_beta":false,"boss_relics":[{"not_picked":["Philosopher\u0027s Stone","Runic Dome"],"picked":"Fusion Hammer"},{"not_picked":["Runic Cube","Empty Cage"],"picked":"Astrolabe"}],"items_purged_floors":[12],"is_endless":false,"potions_floor_spawned":[3,5,6,10,11,23,27,28,33,38],"killed_by":"Reptomancer","ascension_level":18}}