{"host":"ydujlihd8f5px9gp","time":1614037169,"event":{"mods":["AchievementEnabler","BaseMod","Block Reminder","Colored Map","Minty Spire (QoL Compilation)","StSLib","ojb\u0027s Info Mod"],"gold_per_floor":[114,39,57,57,77,77,77,77,77,103,80,108,108,73,73,177,177,194,194,293,311,329,359,359,38,62,76,76,76,76],"floor_reached":29,"language":"ENG","playtime":840,"items_purged":["Strike_B"],"score":289,"play_id":"4a0aabd0-be75-487c-95bb-7e4d7d30fcc9","local_time":"20210222203929","is_ascension_mode":true,"campfire_choices":[{"data":"Ball Lightning","floor":6,"key":"SMITH"},{"data":"Loop","floor":8,"key":"SMITH"},{"data":"Genetic Algorithm","floor":13,"key":"SMITH"},{"data":"Lockon","floor":15,"key":"SMITH"},{"data":"Sunder","floor":24,"key":"SMITH"}],"circlet_count":0,"master_deck":["Strike_B","Strike_B","Strike_B","Defend_B","Defend_B","Defend_B","Defend_B","Zap","Dualcast","Ball Lightning+1","Loop+1","Capacitor","Lockon+1","Genetic Algorithm+1","Gash","Sunder+1","Rainbow","Ball Lightning","Barrage+1","Coolheaded","Self Repair","Streamline"],"relics":["Coffee Dripper","Sundial","Odd Mushroom","The Courier","SlaversCollar","Bronze Scales","Toxic Egg 2","Potion Belt"],"acts_visited":["Exordium","TheCity"],"potions_floor_usage":[10,16,23,28,29],"damage_taken":[{"damage":2,"enemies":"Jaw Worm","floor":1,"turns":4},{"damage":0,"enemies":"Small Slimes","floor":3,"turns":2},{"damage":3,"enemies":"2 Louse","floor":5,"turns":3},{"damage":2,"enemies":"The Mushroom Lair","floor":10,"turns":3},{"damage":30,"enemies":"Lagavulin","floor":12,"turns":6},{"damage":49,"enemies":"Hexaghost","floor":16,"turns":7},{"damage":21,"enemies":"Spheric Guardian","floor":18,"turns":4},{"damage":42,"enemies":"Shell Parasite","floor":21,"turns":6},{"damage":22,"enemies":"Snecko","floor":22,"turns":4},{"damage":11,"enemies":"Gremlin Leader","floor":23,"turns":5},{"damage":0,"enemies":"Cultist and Chosen","floor":27,"turns":5},{"damage":0,"enemies":"Snake Plant","floor":28,"turns":1},{"damage":12,"enemies":"Centurion and Healer","floor":29,"turns":2}],"seed_played":"7902702400974614309","potions_obtained":[{"floor":3,"key":"Explosive Potion"},{"floor":10,"key":"Explosive Potion"},{"floor":12,"key":"CultistPotion"},{"floor":22,"key":"SmokeBomb"},{"floor":23,"key":"SteroidPotion"},{"floor":27,"key":"Ancient Potion"}],"is_trial":false,"path_per_floor":["M","$","M","?","M","R","?","R","T","?","$","E","R","?","R","B",null,"M","?","?","M","M","E","R","$","T","M","M","M"],"character_chosen":"DEFECT","items_purchased":["Loop","Gash","Self Repair","Toxic Egg 2"],"campfire_rested":0,"item_purchase_floors":[2,11,25,25],"current_hp_per_floor":[73,73,73,78,75,75,75,75,75,73,73,43,43,63,63,14,80,59,80,80,38,16,5,5,5,5,12,12,0,0],"gold":76,"neow_bonus":"BOSS_RELIC","is_daily":false,"chose_seed":false,"campfire_upgraded":5,"win_rate":0.0,"timestamp":1614037169,"path_taken":["M","$","M","?","M","R","?","R","T","?","$","E","R","?","R","BOSS","M","?","?","M","M","E","R","$","T","M","M","M"],"items_purchased_type":["Card","Card","Card","Relic"],"build_version":"2020-12-22","purchased_purges":1,"victory":false,"max_hp_per_floor":[75,75,75,80,80,80,80,80,80,80,80,80,80,80,80,80,80,80,80,80,80,80,80,80,80,80,80,80,80,80],"card_choices":[{"not_picked":["Undo","Go for the Eyes"],"picked":"Ball Lightning","floor":1},{"not_picked":["Blizzard","Sweeping Beam"],"picked":"Capacitor","floor":3},{"not_picked":["Steam","Redo"],"picked":"Lockon","floor":5},{"not_picked":["Consume","Barrage"],"picked":"Genetic Algorithm","floor":10},{"not_picked":["Chaos","Force Field"],"picked":"Sunder","floor":12},{"not_picked":["Machine Learning","Multi-Cast"],"picked":"Rainbow","floor":16},{"not_picked":["Barrage","Genetic Algorithm","BootSequence"],"picked":"SKIP","floor":18},{"not_picked":["Turbo","Streamline"],"picked":"Ball Lightning","floor":21},{"not_picked":["Leap","Genetic Algorithm"],"picked":"Barrage+1","floor":22},{"not_picked":["Reprogram","Compile Driver"],"picked":"Coolheaded","floor":23},{"not_picked":["Steam Power+1","Turbo+1"],"picked":"Streamline","floor":27}],"player_experience":165480,"relics_obtained":[{"floor":9,"key":"Sundial"},{"floor":10,"key":"Odd Mushroom"},{"floor":12,"key":"The Courier"},{"floor":23,"key":"Bronze Scales"},{"floor":26,"key":"Potion Belt"}],"event_choices":[{"damage_healed":0,"gold_gain":0,"player_choice":"Donut","damage_taken":0,"max_hp_gain":5,"max_hp_loss":0,"event_name":"Big Fish","floor":4,"gold_loss":0},{"damage_healed":0,"gold_gain":0,"player_choice":"Ignored","damage_taken":0,"max_hp_gain":0,"max_hp_loss":0,"event_name":"Liars Game","floor":7,"gold_loss":0},{"damage_healed":0,"gold_gain":0,"player_choice":"Fought Mushrooms","damage_taken":0,"max_hp_gain":0,"max_hp_loss":0,"event_name":"Mushrooms","floor":10,"gold_loss":0},{"damage_healed":20,"gold_gain":0,"player_choice":"Healed","damage_taken":0,"max_hp_gain":0,"max_hp_loss":0,"event_name":"The Cleric","floor":14,"gold_loss":35},{"damage_healed":26,"gold_gain":0,"player_choice":"Heal","damage_taken":0,"max_hp_gain":0,"max_hp_loss":0,"event_name":"The Library","floor":19,"gold_loss":0},{"damage_healed":0,"gold_gain":99,"player_choice":"Stole From Cult","damage_taken":0,"max_hp_gain":0,"max_hp_loss":0,"event_name":"Nest","floor":20,"gold_loss":0}],"is_beta":false,"boss_relics":[{"not_picked":["Astrolabe","Tiny House"],"picked":"SlaversCollar"}],"items_purged_floors":[25],"is_endless":false,"potions_floor_spawned":[3,10,12,22,23,27],"killed_by":"Centurion and Healer","ascension_level":4}}