{"host":"zxd2l8an9de7z7b9","time":1614018366,"event":{"mods":["100% Spire Juice","2.2 Compatiblity","AchievementEnabler","BaseMod","CapriCore","Colored Map","Colored Powertips","Marisa£¨Ùöéë¡¡Øª×âÞÞ£©","Minty Spire (QoL Compilation)","Rare Cards Sparkle","StSLib","SuperFastMode","Td1madao Mod","everything is the same but u backflip on backflip"],"gold_per_floor":[209,220,95,112,125,151,151,151,197,212,223,1,14,32,32,128,128,142,158,33,33,45,45,64,64,64,64,84,100,111,131,131,226,226,240,39,50,50,61,61,61,80,80,80,130,142,142,157,157,157,157],"floor_reached":50,"language":"KOR","playtime":1223,"items_purged":["Defend_R","Defend_R","Strike_R","Strike_R"],"score":454,"play_id":"645626d6-53c8-491a-a32c-39b15363c33a","local_time":"20210223032606","is_ascension_mode":false,"campfire_choices":[{"data":"Bash","floor":7.0,"key":"SMITH"},{"data":"Defend_R","floor":15.0,"key":"SMITH"},{"floor":23.0,"key":"REST"},{"floor":32.0,"key":"REST"},{"floor":40,"key":"REST"},{"floor":44,"key":"REST"},{"floor":49,"key":"REST"}],"circlet_count":0,"master_deck":["Defend_R+1","Bash+1","Clash+1","Hemokinesis","Cleave","Dual Wield+1"],"relics":["Burning Blood","Darkstone Periapt","Regal Pillow","Empty Cage","Question Card","SacredBark","Pen Nib","Prayer Wheel"],"acts_visited":["Exordium","TheCity","TheBeyond"],"potions_floor_usage":[39,39,42],"damage_taken":[{"damage":5.0,"enemies":"Small Slimes","floor":1.0,"turns":3.0},{"damage":1.0,"enemies":"Cultist","floor":2.0,"turns":4.0},{"damage":1.0,"enemies":"Jaw Worm","floor":4.0,"turns":2.0},{"damage":22.0,"enemies":"Large Slime","floor":5.0,"turns":5.0},{"damage":10.0,"enemies":"Gremlin Nob","floor":6.0,"turns":4.0},{"damage":6.0,"enemies":"Exordium Wildlife","floor":10.0,"turns":4.0},{"damage":5.0,"enemies":"3 Louse","floor":11.0,"turns":3.0},{"damage":5.0,"enemies":"Looter","floor":13.0,"turns":3.0},{"damage":13.0,"enemies":"Lots of Slimes","floor":14.0,"turns":3.0},{"damage":49.0,"enemies":"The Guardian","floor":16.0,"turns":10.0},{"damage":16.0,"enemies":"Shell Parasite","floor":18.0,"turns":3.0},{"damage":24.0,"enemies":"Spheric Guardian","floor":19.0,"turns":4.0},{"damage":18.0,"enemies":"Shelled Parasite and Fungi","floor":22.0,"turns":3.0},{"damage":14.0,"enemies":"Chosen and Byrds","floor":24.0,"turns":6.0},{"damage":12.0,"enemies":"Centurion and Healer","floor":28.0,"turns":5.0},{"damage":9.0,"enemies":"Snecko","floor":29.0,"turns":3.0},{"damage":20.0,"enemies":"Sentry and Sphere","floor":30.0,"turns":4.0},{"damage":17.0,"enemies":"Snake Plant","floor":31.0,"turns":3.0},{"damage":70.0,"enemies":"Champ","floor":33.0,"turns":8.0},{"damage":12.0,"enemies":"Orb Walker","floor":35.0,"turns":2.0},{"damage":43,"enemies":"3 Shapes","floor":37,"turns":6},{"damage":25,"enemies":"Writhing Mass","floor":39,"turns":3},{"damage":47,"enemies":"3 Darklings","floor":42,"turns":7},{"damage":5,"enemies":"Mind Bloom Boss Battle","floor":45,"turns":8},{"damage":4,"enemies":"Sphere and 2 Shapes","floor":46,"turns":3},{"damage":18,"enemies":"Spire Growth","floor":48,"turns":3},{"damage":66,"enemies":"Donu and Deca","floor":50,"turns":4}],"seed_played":"3165083358466171171","potions_obtained":[{"floor":4.0,"key":"SpeedPotion"},{"floor":10.0,"key":"Dexterity Potion"},{"floor":14.0,"key":"GamblersBrew"},{"floor":16.0,"key":"FearPotion"},{"floor":24.0,"key":"Ancient Potion"},{"floor":30.0,"key":"PowerPotion"},{"floor":33.0,"key":"Strength Potion"},{"floor":37,"key":"SpeedPotion"},{"floor":39,"key":"BloodPotion"},{"floor":42,"key":"FearPotion"},{"floor":48,"key":"Energy Potion"}],"is_trial":false,"path_per_floor":["M","M","$","M","M","E","R","?","T","M","M","$","M","M","R","B",null,"M","M","$","?","M","R","M","?","T","$","M","M","M","M","R","B",null,"M","$","M","?","M","R","?","M","T","R","?","M","$","M","R","B"],"character_chosen":"IRONCLAD","items_purchased":["Block Potion","SteroidPotion","DuplicationPotion","Strength Potion"],"campfire_rested":5,"item_purchase_floors":[3,12,12,36],"current_hp_per_floor":[80,80,80,80,64,60,60,60,60,60,61,61,62,55,55,12,80,70,52,52,52,40,79,71,71,71,71,65,62,48,37,76,12,80,74,74,37,37,18,55,55,44,44,76,76,76,76,64,76,10,10],"gold":157,"neow_bonus":"HUNDRED_GOLD","is_daily":false,"chose_seed":false,"campfire_upgraded":2,"win_rate":0.0,"timestamp":1614018366,"path_taken":["M","M","$","M","M","E","R","?","T","M","M","$","M","M","R","BOSS","M","M","$","?","M","R","M","?","T","$","M","M","M","M","R","BOSS","M","$","M","?","M","R","?","M","T","R","?","M","$","M","R","BOSS"],"items_purchased_type":["Potion","Potion","Potion","Potion"],"build_version":"2020-12-22","purchased_purges":4,"victory":false,"max_hp_per_floor":[80,80,80,80,80,80,80,80,80,80,80,80,80,80,80,80,80,80,80,80,80,80,80,80,80,80,80,80,80,80,80,80,80,80,80,80,80,76,76,76,76,76,76,76,76,76,76,76,76,76,76],"card_choices":[{"not_picked":["Rage","Clothesline"],"picked":"Clash","floor":1.0},{"not_picked":["Heavy Blade","Warcry","Cleave"],"picked":"SKIP","floor":2.0},{"not_picked":["Twin Strike","Dark Embrace","Hemokinesis"],"picked":"SKIP","floor":4.0},{"not_picked":["Heavy Blade","Thunderclap","Carnage"],"picked":"SKIP","floor":5.0},{"not_picked":["Whirlwind","Pommel Strike","Rage"],"picked":"SKIP","floor":6.0},{"not_picked":["Sever Soul","Disarm","Warcry"],"picked":"SKIP","floor":10.0},{"not_picked":["Cleave","Dark Embrace","Shrug It Off"],"picked":"SKIP","floor":11.0},{"not_picked":["Seeing Red","Evolve","True Grit"],"picked":"SKIP","floor":13.0},{"not_picked":["Perfected Strike","Shrug It Off","Iron Wave"],"picked":"SKIP","floor":14.0},{"not_picked":["Thunderclap+1","Clothesline","Hemokinesis"],"picked":"SKIP","floor":18.0},{"not_picked":["Perfected Strike","Dark Embrace","Pummel"],"picked":"SKIP","floor":19.0},{"not_picked":["Clothesline","Anger","Flex"],"picked":"SKIP","floor":22.0},{"not_picked":["Pommel Strike","Anger","Iron Wave+1"],"picked":"SKIP","floor":24.0},{"not_picked":["Uppercut","Clash","Anger","Headbutt"],"picked":"SKIP","floor":28.0},{"not_picked":["Entrench","Flame Barrier","Clash","Blood for Blood"],"picked":"SKIP","floor":29.0},{"not_picked":["Thunderclap","Warcry","Flex","Havoc"],"picked":"SKIP","floor":30.0},{"not_picked":["Iron Wave+1","Flame Barrier+1","Impervious","Spot Weakness"],"picked":"SKIP","floor":31.0},{"not_picked":["Rage","Armaments+1","Clothesline+1","Intimidate"],"picked":"SKIP","floor":35.0},{"not_picked":["Iron Wave","Reckless Charge+1","Hemokinesis+1","Rage"],"picked":"SKIP","floor":37},{"not_picked":["Sever Soul","Inflame+1","Headbutt","Thunderclap"],"picked":"SKIP","floor":39},{"not_picked":["Armaments","Clash+1","Clothesline+1","Pommel Strike+1"],"picked":"SKIP","floor":42},{"not_picked":["Rampage","Evolve+1","Body Slam"],"picked":"Dual Wield+1","floor":45},{"not_picked":["Sever Soul","Berserk","Body Slam+1","Pummel+1"],"picked":"SKIP","floor":46},{"not_picked":["Fire Breathing","Battle Trance+1","Power Through","Clothesline"],"picked":"SKIP","floor":46},{"not_picked":["Fire Breathing","Warcry","Seeing Red","Perfected Strike"],"picked":"SKIP","floor":48},{"not_picked":["True Grit","Armaments+1","Headbutt","Cleave"],"picked":"SKIP","floor":48}],"player_experience":444068,"relics_obtained":[{"floor":6.0,"key":"Darkstone Periapt"},{"floor":9.0,"key":"Regal Pillow"},{"floor":26.0,"key":"Question Card"},{"floor":43,"key":"Pen Nib"},{"floor":45,"key":"Prayer Wheel"}],"event_choices":[{"damage_healed":0.0,"max_hp_gain":0.0,"max_hp_loss":0.0,"gold_gain":0.0,"event_name":"Upgrade Shrine","player_choice":"Upgraded","floor":8.0,"gold_loss":0.0,"damage_taken":0.0,"cards_upgraded":["Clash"]},{"damage_healed":0.0,"max_hp_gain":0.0,"max_hp_loss":0.0,"gold_gain":0.0,"cards_transformed":["Strike_R","Strike_R"],"event_name":"Drug Dealer","player_choice":"Became Test Subject","floor":21.0,"gold_loss":0.0,"damage_taken":0.0,"cards_obtained":["Hemokinesis","Cleave"]},{"damage_healed":0.0,"max_hp_gain":0.0,"max_hp_loss":0.0,"gold_gain":0.0,"event_name":"Vampires","player_choice":"Ignored","floor":25.0,"gold_loss":0.0,"damage_taken":0.0},{"damage_healed":0,"gold_gain":0,"player_choice":"Max HP","damage_taken":0,"max_hp_gain":0,"max_hp_loss":4,"event_name":"Winding Halls","floor":38,"gold_loss":0},{"damage_healed":0,"gold_gain":0,"player_choice":"Memory 1","damage_taken":0,"max_hp_gain":0,"max_hp_loss":0,"event_name":"SensoryStone","floor":41,"gold_loss":0},{"damage_healed":0,"gold_gain":0,"player_choice":"Fight","damage_taken":0,"max_hp_gain":0,"max_hp_loss":0,"event_name":"MindBloom","floor":45,"gold_loss":0}],"is_beta":false,"boss_relics":[{"not_picked":["Black Blood","Runic Pyramid"],"picked":"Empty Cage"},{"not_picked":["Runic Cube","Coffee Dripper"],"picked":"SacredBark"}],"items_purged_floors":[3,12,20,36],"is_endless":false,"potions_floor_spawned":[4,10,14,16,24,30,33,37,39,42,48],"killed_by":"Donu and Deca","ascension_level":0}}