{"host":"vx488ommchhibo3k","time":1614014644,"event":{"mods":["BaseMod","BetterRewards","Colored Map","Colored Powertips","Highlight Path","Minty Spire (QoL Compilation)","Quick Restart","Rare Cards Sparkle","Shop Mod","StSLib","SuperFastMode"],"gold_per_floor":[113,130,141,155,171,203,203,168,168,183,183,183,183,3,3,127,127,140,164,177,193,193,193,193,193],"floor_reached":24,"language":"JPN","playtime":1399,"items_purged":["Strike_P"],"score":225,"play_id":"8331ced2-614f-4c1a-8278-5c9b99a17ed0","local_time":"20210223022404","is_ascension_mode":false,"campfire_choices":[{"data":"Apotheosis","floor":7,"key":"SMITH"},{"floor":11,"key":"RECALL"},{"data":"BattleHymn","floor":13,"key":"SMITH"},{"data":"Eruption","floor":15,"key":"SMITH"},{"data":"Ragnarok","floor":23,"key":"SMITH"}],"circlet_count":0,"master_deck":["Defend_P","Defend_P","Eruption+1","Vigilance","Apotheosis+1","CarveReality","BattleHymn+1","SashWhip","ClearTheMind","Consecrate","FollowUp","ThirdEye","Establishment","WaveOfTheHand","Adaptation","MentalFortress","Ragnarok+1","InnerPeace+1","CarveReality+1","Evaluate+1","CarveReality","CutThroughFate","DeceiveReality","Tantrum","BowlingBash"],"relics":["PureWater","Gambling Chip","Bronze Scales","Pantograph","Golden Idol","MealTicket","Astrolabe"],"acts_visited":["Exordium","TheCity"],"potions_floor_usage":[16,21,24,24],"damage_taken":[{"damage":0,"enemies":"Small Slimes","floor":1,"turns":3},{"damage":1,"enemies":"Jaw Worm","floor":2,"turns":4},{"damage":0,"enemies":"Cultist","floor":3,"turns":2},{"damage":0,"enemies":"3 Louse","floor":4,"turns":2},{"damage":8,"enemies":"Blue Slaver","floor":5,"turns":3},{"damage":0,"enemies":"Lagavulin","floor":6,"turns":4},{"damage":0,"enemies":"Exordium Wildlife","floor":10,"turns":3},{"damage":1,"enemies":"Hexaghost","floor":16,"turns":6},{"damage":12,"enemies":"Chosen","floor":18,"turns":5},{"damage":5,"enemies":"Shell Parasite","floor":19,"turns":5},{"damage":16,"enemies":"Centurion and Healer","floor":20,"turns":5},{"damage":25,"enemies":"Snake Plant","floor":21,"turns":4},{"damage":16,"enemies":"Book of Stabbing","floor":24,"turns":4}],"seed_played":"-3954829509603586586","potions_obtained":[{"floor":1,"key":"SteroidPotion"},{"floor":5,"key":"DistilledChaos"},{"floor":16,"key":"DuplicationPotion"},{"floor":20,"key":"Weak Potion"},{"floor":21,"key":"AttackPotion"}],"is_trial":false,"path_per_floor":["M","M","M","M","M","E","R","?","T","M","R","?","R","$","R","B",null,"M","M","M","M","?","R","E"],"character_chosen":"WATCHER","items_purchased":["Apotheosis","CarveReality","BattleHymn","SashWhip","ClearTheMind","Bronze Scales","ColorlessPotion","MealTicket","MentalFortress"],"campfire_rested":0,"item_purchase_floors":[0,0,0,0,0,0,0,14,14],"current_hp_per_floor":[40,39,39,39,31,31,31,49,49,49,49,31,31,31,31,55,72,60,55,39,14,14,14,0,0],"gold":193,"neow_bonus":"","is_daily":false,"chose_seed":false,"campfire_upgraded":4,"win_rate":0.0,"timestamp":1614014644,"path_taken":["M","M","M","M","M","E","R","?","T","M","R","?","R","?","R","BOSS","M","M","?","M","?","R","E"],"items_purchased_type":["Card","Card","Card","Card","Card","Relic","Potion","Relic","Card"],"build_version":"2020-12-22","purchased_purges":1,"victory":false,"max_hp_per_floor":[72,72,72,72,72,72,72,72,72,72,72,72,72,72,72,72,72,72,72,72,72,72,72,72,72],"card_choices":[{"not_picked":["SashWhip","EmptyFist"],"picked":"Consecrate","floor":1},{"not_picked":["EmptyFist","Pray"],"picked":"FollowUp","floor":2},{"not_picked":["FlyingSleeves","Pray","Vengeance"],"picked":"SKIP","floor":3},{"not_picked":["Weave","PathToVictory"],"picked":"ThirdEye","floor":4},{"not_picked":["Crescendo","FollowUp"],"picked":"Establishment","floor":5},{"not_picked":["Collect","SashWhip"],"picked":"WaveOfTheHand","floor":6},{"not_picked":["FearNoEvil","FollowUp"],"picked":"Adaptation","floor":10},{"not_picked":["Establishment","Omniscience"],"picked":"Ragnarok","floor":16},{"not_picked":["Worship","BattleHymn"],"picked":"CarveReality","floor":18},{"not_picked":["BattleHymn","EmptyFist"],"picked":"CutThroughFate","floor":19},{"not_picked":["SignatureMove","WindmillStrike","Prostrate"],"picked":"SKIP","floor":20},{"not_picked":["CutThroughFate+1","EmptyFist+1"],"picked":"DeceiveReality","floor":21}],"player_experience":150321,"relics_obtained":[{"floor":6,"key":"Pantograph"}],"event_choices":[{"damage_healed":18,"gold_gain":0,"player_choice":"Healed","damage_taken":0,"max_hp_gain":0,"max_hp_loss":0,"event_name":"The Cleric","floor":8,"gold_loss":35},{"damage_healed":0,"gold_gain":0,"player_choice":"Take Damage","damage_taken":18,"relics_obtained":["Golden Idol"],"max_hp_gain":0,"max_hp_loss":0,"event_name":"Golden Idol","floor":12,"gold_loss":0},{"damage_healed":0,"gold_gain":0,"cards_transformed":["Defend_P","Defend_P"],"player_choice":"Became Test Subject","damage_taken":0,"max_hp_gain":0,"max_hp_loss":0,"event_name":"Drug Dealer","floor":22,"gold_loss":0,"cards_obtained":["Tantrum","BowlingBash"]}],"is_beta":false,"boss_relics":[{"not_picked":["Fusion Hammer","Runic Pyramid"],"picked":"Astrolabe"}],"items_purged_floors":[0],"is_endless":false,"potions_floor_spawned":[1,5,16,20,21],"killed_by":"Book of Stabbing","ascension_level":0}}