{"host":"28p8ce41sjwa6lzf","time":1614015132,"event":{"mods":["BaseMod","Bestiary","Colored Map","Colored Powertips","Dark Map","Highlight Path","Minty Spire (QoL Compilation)","Permanent Neow","Quick Restart","Random Character Button","Rare Cards Sparkle","Relic Stats","StSLib","Unceasing Turn Reminder"],"gold_per_floor":[114,134,145,145,145,145,160,160,242,271,303,240,272,283,283,283,283],"floor_reached":16,"language":"ENG","playtime":1186,"items_purged":["Strike_G"],"score":224,"play_id":"d4e19295-975e-4875-b659-4da0eed994d1","local_time":"20210222113212","is_ascension_mode":true,"campfire_choices":[{"data":"Eviscerate","floor":6.0,"key":"SMITH"},{"data":"Tactician","floor":8.0,"key":"SMITH"},{"data":"Prepared","floor":15.0,"key":"SMITH"}],"circlet_count":0,"master_deck":["AscendersBane","Strike_G","Strike_G","Strike_G","Defend_G","Defend_G","Defend_G","Defend_G","Defend_G","Survivor","Neutralize","Tactician+1","Eviscerate+1","Acrobatics+1","Escape Plan","Prepared+1","Tactician","Calculated Gamble","Underhanded Strike"],"relics":["Ring of the Snake","MawBank","Nunchaku"],"acts_visited":["Exordium"],"potions_floor_usage":[],"damage_taken":[{"damage":3.0,"enemies":"2 Louse","floor":1.0,"turns":3.0},{"damage":10.0,"enemies":"Small Slimes","floor":2.0,"turns":6.0},{"damage":1.0,"enemies":"Cultist","floor":3.0,"turns":4.0},{"damage":1.0,"enemies":"Red Slaver","floor":7.0,"turns":4.0},{"damage":14.0,"enemies":"Lagavulin","floor":10.0,"turns":5.0},{"damage":0.0,"enemies":"Exordium Wildlife","floor":11.0,"turns":2.0},{"damage":10.0,"enemies":"3 Sentries","floor":13.0,"turns":6.0},{"damage":1.0,"enemies":"Lots of Slimes","floor":14.0,"turns":5.0},{"damage":39,"enemies":"The Guardian","floor":16,"turns":11}],"seed_played":"2487466408171847153","potions_obtained":[{"floor":1.0,"key":"AttackPotion"},{"floor":7.0,"key":"ColorlessPotion"},{"floor":14.0,"key":"Ancient Potion"}],"is_trial":false,"path_per_floor":["M","M","M","?","?","R","M","R","T","E","M","$","E","M","R","B"],"character_chosen":"THE_SILENT","items_purchased":[],"campfire_rested":0,"item_purchase_floors":[],"current_hp_per_floor":[56,46,45,45,50,50,49,49,49,35,35,35,25,24,24,0,0],"gold":283,"neow_bonus":"TRANSFORM_CARD","is_daily":false,"chose_seed":false,"campfire_upgraded":3,"win_rate":0.0,"timestamp":1614015132,"path_taken":["M","M","M","?","?","R","M","R","T","E","M","$","E","M","R","BOSS"],"items_purchased_type":[],"build_version":"2020-12-22","purchased_purges":1,"victory":false,"max_hp_per_floor":[66,66,66,66,71,71,71,71,71,71,71,71,71,71,71,71,71],"relic_stats":{"Nunchaku":[3],"counters":[9,46],"MawBank":24,"obtain_stats":[{"Nunchaku":13,"MawBank":10,"Ring of the Snake":0},{"Nunchaku":7,"MawBank":5,"Ring of the Snake":0},{"Nunchaku":30,"MawBank":22,"Ring of the Snake":0}],"Ring of the Snake":[18]},"card_choices":[{"not_picked":["Terror","Cloak And Dagger"],"picked":"Eviscerate","floor":1.0},{"not_picked":["Deadly Poison","Flying Knee"],"picked":"Acrobatics","floor":2.0},{"not_picked":["Finisher","PiercingWail"],"picked":"Escape Plan","floor":3.0},{"not_picked":["Dodge and Roll","Dagger Spray"],"picked":"Prepared","floor":7.0},{"not_picked":["Storm of Steel","Slice"],"picked":"Tactician","floor":10.0},{"not_picked":["Skewer","Outmaneuver","PiercingWail"],"picked":"SKIP","floor":11.0},{"not_picked":["Accuracy","All Out Attack"],"picked":"Calculated Gamble","floor":13.0},{"not_picked":["PiercingWail","Escape Plan"],"picked":"Underhanded Strike","floor":14.0}],"player_experience":1365039,"relics_obtained":[{"floor":10.0,"key":"MawBank"},{"floor":13.0,"key":"Nunchaku"}],"event_choices":[{"damage_healed":0.0,"max_hp_gain":0.0,"max_hp_loss":0.0,"gold_gain":0.0,"event_name":"Living Wall","player_choice":"Grow","floor":4.0,"gold_loss":0.0,"damage_taken":0.0,"cards_upgraded":["Acrobatics"]},{"damage_healed":0.0,"max_hp_gain":5.0,"max_hp_loss":0.0,"gold_gain":0.0,"event_name":"Big Fish","player_choice":"Donut","floor":5.0,"gold_loss":0.0,"damage_taken":0.0}],"is_beta":false,"boss_relics":[],"items_purged_floors":[12],"is_endless":false,"potions_floor_spawned":[1,7,10,14],"killed_by":"The Guardian","ascension_level":20}}