{"host":"y087t2reloz9bi43","time":1614020408,"event":{"mods":["2.2 Compatiblity","AchievementEnabler","Aspiration","BaseMod","Bestiary","Better Note","Better Vampires","BetterRewards","ChefMod","Colored Map","Colored Powertips","Conspire","Downfall","GifTheSpireLib","Gold Saver","Halation","Hubris","Infinite Spire","Jedi Mod","Mimic Mod","Minty Spire (QoL Compilation)","Permanent Neow","Rare Cards Sparkle","Relic Stats","Reliquary","Replay The Spire","Shop Mod","StSLib","The Runesmith","The Servant 0.9.4","TheFirefly","Transform Curses","Uncapped","everything is the same but u backflip on backflip"],"gold_per_floor":[118,118,128,147,161,186,186,221,221,221,221,238,249,282,282,282,282],"floor_reached":16,"language":"ENG","playtime":1525,"items_purged":[],"score":128,"play_id":"c5c21f40-c988-45b4-8d9c-bb5e3fc84eb2","local_time":"20210222190008","is_ascension_mode":true,"campfire_choices":[{"data":"Blade Dance","floor":7,"key":"SMITH"},{"data":"Neutralize","floor":10,"key":"SMITH"},{"floor":15,"key":"REST"}],"circlet_count":0,"master_deck":["Strike_G","Strike_G","Strike_G","Strike_G","Strike_G","Defend_G","Defend_G","Defend_G","Defend_G","Survivor","Neutralize+1","Malaise","Terror","Enlightenment","Dagger Spray","Sucker Punch","Blade Dance+1","Heel Hook","Cloak And Dagger","Leg Sweep"],"relics":["Ring of the Snake","Letter Opener","Garlic","reliquary:BallBearing","reliquary:PurpleTingedLeaf"],"acts_visited":["Exordium"],"potions_floor_usage":[10,14],"damage_taken":[{"damage":0,"enemies":"Small Slimes","floor":1,"turns":5},{"damage":1,"enemies":"Cultist","floor":3,"turns":6},{"damage":0,"enemies":"conspire:RoseBush","floor":4,"turns":4},{"damage":21,"enemies":"Gremlin Gang","floor":5,"turns":5},{"damage":6,"enemies":"Replay:BlueRogue","floor":6,"turns":9},{"damage":29,"enemies":"Lagavulin","floor":8,"turns":7},{"damage":0,"enemies":"3 Louse","floor":12,"turns":2},{"damage":0,"enemies":"Exordium Wildlife","floor":13,"turns":3},{"damage":5,"enemies":"3 Sentries","floor":14,"turns":5},{"damage":44,"enemies":"Fading Forest","floor":16,"turns":10}],"seed_played":"-4473794899510282690","potions_obtained":[{"floor":4,"key":"Ancient Potion"},{"floor":6,"key":"jedi:mysterypotion"},{"floor":12,"key":"PowerPotion"},{"floor":13,"key":"Strength Potion"}],"is_trial":false,"path_per_floor":["M","?","M","M","M","E","R","E","T","R","?","M","M","E","R","B"],"character_chosen":"THE_SILENT","items_purchased":[],"campfire_rested":1,"item_purchase_floors":[],"current_hp_per_floor":[70,70,69,69,48,42,42,13,13,13,13,13,13,8,29,0,0],"gold":282,"neow_bonus":"ONE_RANDOM_RARE_CARD","is_daily":false,"chose_seed":false,"campfire_upgraded":2,"win_rate":0.0,"timestamp":1614020408,"path_taken":["M","?","M","M","?","E","R","E","T","R","?","M","M","E","R","BOSS"],"items_purchased_type":[],"build_version":"2020-12-22","purchased_purges":0,"victory":false,"max_hp_per_floor":[70,70,70,70,70,70,70,70,70,70,70,70,70,70,70,70,70],"relic_stats":{"counters":[10,56],"Letter Opener":[70],"obtain_stats":[{"reliquary:BallBearing":9,"Garlic":8,"Letter Opener":6,"reliquary:PurpleTingedLeaf":14,"Ring of the Snake":0},{"reliquary:BallBearing":6,"Garlic":6,"Letter Opener":5,"reliquary:PurpleTingedLeaf":9,"Ring of the Snake":0},{"reliquary:BallBearing":36,"Garlic":36,"Letter Opener":29,"reliquary:PurpleTingedLeaf":46,"Ring of the Snake":0}],"Ring of the Snake":[20]},"card_choices":[{"not_picked":["Toxin Wave","Hidden Blade"],"picked":"Terror","floor":1},{"not_picked":["ReplayTheSpireMod:Exploit Weakness","Outmaneuver"],"picked":"Dagger Spray","floor":3},{"not_picked":["Calculated Gamble","jedi:collectorvenom"],"picked":"Sucker Punch","floor":4},{"not_picked":["Masterful Stab","Replay:Poison Smokescreen","Backflip"],"picked":"SKIP","floor":5},{"not_picked":["Flying Knee","Cloak And Dagger"],"picked":"Blade Dance","floor":6},{"not_picked":["Deadly Poison","Deflect"],"picked":"Heel Hook","floor":8},{"not_picked":["Prepared","Draining Mist","PiercingWail"],"picked":"SKIP","floor":12},{"not_picked":["Deflect","jedi:pocketpoison"],"picked":"Cloak And Dagger","floor":13},{"not_picked":["aspiration:Lunge","Acrobatics"],"picked":"Leg Sweep","floor":14}],"player_experience":369027,"relics_obtained":[{"floor":6,"key":"Letter Opener"},{"floor":8,"key":"Garlic"},{"floor":9,"key":"reliquary:BallBearing"},{"floor":14,"key":"reliquary:PurpleTingedLeaf"}],"event_choices":[{"damage_healed":0,"gold_gain":0,"player_choice":"1 cards matched","damage_taken":0,"max_hp_gain":0,"max_hp_loss":0,"event_name":"Match and Keep!","floor":2,"gold_loss":0,"cards_obtained":["Enlightenment"]}],"is_beta":false,"boss_relics":[],"items_purged_floors":[],"is_endless":false,"potions_floor_spawned":[4,6,12,13],"killed_by":"Fading Forest","ascension_level":1}}