{"host":"zwfzlkwql9nyrw94","time":1614026181,"event":{"mods":["AchievementEnabler","BaseMod","Highlight Path","Minty Spire (QoL Compilation)"],"gold_per_floor":[117,117,117,117,67,100,100,119,200,200,236,260,301,27,27,153,153,171,171,171,171],"floor_reached":20,"language":"ENG","playtime":949,"items_purged":["Defend_G"],"score":224,"play_id":"c99dc01d-98a4-4352-b479-85130f086d38","local_time":"20210222143621","is_ascension_mode":true,"campfire_choices":[{"data":"Blade Dance","floor":10,"key":"SMITH"},{"data":"Neutralize","floor":15,"key":"SMITH"}],"circlet_count":0,"master_deck":["Survivor","Neutralize+1","Backflip","Blade Dance+1","Poisoned Stab","Poisoned Stab","Noxious Fumes","Deadly Poison","Blade Dance+1","Corpse Explosion","Dodge and Roll","Deadly Poison","All Out Attack","Backflip","Heel Hook","Sucker Punch","Leg Sweep","Dagger Spray","Flying Knee"],"relics":["Ring of the Snake","NeowsBlessing","Golden Idol","StoneCalendar","Art of War","Meat on the Bone","Darkstone Periapt","The Specimen","Pen Nib","DollysMirror","Pandora\u0027s Box","Nilry\u0027s Codex"],"acts_visited":["Exordium","TheCity"],"potions_floor_usage":[16],"damage_taken":[{"damage":0,"enemies":"Small Slimes","floor":1,"turns":1},{"damage":0,"enemies":"3 Sentries","floor":6,"turns":1},{"damage":0,"enemies":"2 Louse","floor":8,"turns":1},{"damage":17,"enemies":"Lagavulin","floor":11,"turns":7},{"damage":0,"enemies":"Jaw Worm","floor":12,"turns":3},{"damage":21,"enemies":"3 Sentries","floor":13,"turns":7},{"damage":14,"enemies":"Hexaghost","floor":16,"turns":7},{"damage":3,"enemies":"3 Byrds","floor":18,"turns":3},{"damage":0,"enemies":"Shell Parasite","floor":20,"turns":1}],"seed_played":"6746030427339767679","potions_obtained":[{"floor":1,"key":"Strength Potion"},{"floor":8,"key":"FairyPotion"},{"floor":11,"key":"SkillPotion"},{"floor":16,"key":"Fruit Juice"},{"floor":18,"key":"PowerPotion"}],"is_trial":false,"path_per_floor":["M","?","?","?","?","E","T","M","T","R","E","M","E","$","R","B",null,"M","?","M"],"character_chosen":"THE_SILENT","items_purchased":["Deadly Poison","DollysMirror"],"campfire_rested":0,"item_purchase_floors":[14,14],"current_hp_per_floor":[70,53,58,40,40,40,40,40,40,40,35,47,38,38,38,41,80,77,61,61,61],"gold":171,"neow_bonus":"THREE_ENEMY_KILL","is_daily":false,"chose_seed":false,"campfire_upgraded":2,"win_rate":0.0,"timestamp":1614026181,"path_taken":["M","?","?","?","?","E","?","M","T","R","E","?","E","$","R","BOSS","M","?","M"],"items_purchased_type":["Card","Relic"],"build_version":"2020-12-22","purchased_purges":1,"victory":false,"max_hp_per_floor":[70,70,75,75,75,75,75,75,75,75,75,75,75,75,75,80,80,80,80,80,80],"card_choices":[{"not_picked":["Calculated Gamble","Slice","Crippling Poison"],"picked":"SKIP","floor":1},{"not_picked":["Prepared","Phantasmal Killer"],"picked":"Backflip","floor":6},{"not_picked":["Flying Knee","Riddle With Holes"],"picked":"Blade Dance","floor":8},{"not_picked":["Adrenaline","Endless Agony"],"picked":"Poisoned Stab","floor":11},{"not_picked":["Acrobatics","Sucker Punch"],"picked":"Poisoned Stab","floor":12},{"not_picked":["Quick Slash","Distraction"],"picked":"Noxious Fumes","floor":13},{"not_picked":["Night Terror","A Thousand Cuts"],"picked":"Corpse Explosion","floor":16},{"not_picked":["PiercingWail","Dagger Throw"],"picked":"Flying Knee","floor":18}],"player_experience":174909,"relics_obtained":[{"floor":6,"key":"Art of War"},{"floor":7,"key":"Meat on the Bone"},{"floor":9,"key":"Darkstone Periapt"},{"floor":11,"key":"The Specimen"},{"floor":13,"key":"Pen Nib"},{"floor":19,"key":"Nilry\u0027s Codex"}],"event_choices":[{"damage_healed":0,"gold_gain":0,"player_choice":"Take Damage","damage_taken":17,"relics_obtained":["Golden Idol"],"max_hp_gain":0,"max_hp_loss":0,"event_name":"Golden Idol","floor":2,"gold_loss":0},{"damage_healed":0,"gold_gain":0,"player_choice":"Donut","damage_taken":0,"max_hp_gain":5,"max_hp_loss":0,"event_name":"Big Fish","floor":3,"gold_loss":0},{"damage_healed":0,"gold_gain":0,"player_choice":"Success","damage_taken":18,"relics_obtained":["StoneCalendar"],"max_hp_gain":0,"max_hp_loss":0,"event_name":"Scrap Ooze","floor":4,"gold_loss":0},{"cards_removed":["Defend_G"],"damage_healed":0,"gold_gain":0,"player_choice":"Card Removal","damage_taken":0,"max_hp_gain":0,"max_hp_loss":0,"event_name":"The Cleric","floor":5,"gold_loss":50},{"damage_healed":0,"gold_gain":0,"player_choice":"Obtained Book","damage_taken":16,"max_hp_gain":0,"max_hp_loss":0,"event_name":"Cursed Tome","floor":19,"gold_loss":0}],"is_beta":false,"boss_relics":[{"not_picked":["Fusion Hammer","HoveringKite"],"picked":"Pandora\u0027s Box"}],"items_purged_floors":[14],"is_endless":false,"potions_floor_spawned":[1,8,11,16,18],"killed_by":"Shell Parasite","ascension_level":1}}