{"host":"zmzacdglms6ret13","time":1614006665,"event":{"mods":["Act Like it!","BaseMod","Colored Map","Decade(王小明)","Downfall","Energized Spire","Highlight Path","Marisa（F雨　魔理沙）","Minty Spire (QoL Compilation)","MostiFishMod","Pale of the Ancients","Quick Restart","Replay The Spire","RumiaBox-露米娅的神秘盒子","SOS（斯巴达之子）","StSLib","Td1madao Mod","The Construct","The Cursed","The IronCluck","The Servant 0.9.4","Waifu the Spire","Warlord Emblem"],"gold_per_floor":[11,11,35,49,124,158,158],"floor_reached":6,"language":"ZHS","playtime":332,"items_purged":[],"score":51,"play_id":"431c9ad2-cf73-4234-a906-9191c9ed5d18","local_time":"20210222231105","is_ascension_mode":true,"campfire_choices":[],"circlet_count":0,"master_deck":["MostiFishMod:KnuckleDown","ReplayTheSpireMod:Corrosion Curse","Heavy Blade","Shrug It Off","Offering","Limit Break","MostiFishMod:PerfectStrikeMKII","Barricade","Eclipse","Fiend Fire","Corruption","MostiFishMod:OrdinaryWorld","MostiFishMod:WingOfPhoenix","MostiFishMod:DoubleSword"],"relics":["Burning Blood","DaveBox","DaCapo","SynthV:TestCard","Golden Idol","SumBook"],"acts_visited":["Exordium"],"potions_floor_usage":[6],"damage_taken":[{"damage":9,"enemies":"Jaw Worm","floor":1,"turns":4},{"damage":5,"enemies":"Small Slimes","floor":3,"turns":4},{"damage":0,"enemies":"2 Louse","floor":4,"turns":2},{"damage":51,"enemies":"3 Sentries","floor":6,"turns":12}],"seed_played":"6796037217977442582","potions_obtained":[{"floor":1,"key":"BloodPotion"},{"floor":3,"key":"Doom Potion"}],"is_trial":false,"path_per_floor":["M","?","M","M","?","E"],"character_chosen":"IRONCLAD","items_purchased":[],"campfire_rested":0,"item_purchase_floors":[],"current_hp_per_floor":[77,57,58,64,53,24,24],"gold":158,"neow_bonus":"THREE_RARE_CARDS","is_daily":false,"chose_seed":false,"campfire_upgraded":0,"win_rate":0.0,"timestamp":1614006665,"path_taken":["M","?","M","M","?","E"],"items_purchased_type":[],"build_version":"2020-12-22","purchased_purges":0,"victory":false,"max_hp_per_floor":[80,80,80,80,80,80,80],"card_choices":[{"not_picked":["Immolate","Fiend Fire"],"picked":"MostiFishMod:KnuckleDown","floor":0},{"not_picked":["Burning Pact","ReplayTheSpireMod:Strike From Hell"],"picked":"ReplayTheSpireMod:Corrosion Curse","floor":1},{"not_picked":["Headbutt","Cleave","Feel No Pain","Intimidate"],"picked":"Heavy Blade","floor":3},{"not_picked":["Thunderclap","Massacre","Battle Trance","Disarm"],"picked":"Shrug It Off","floor":4}],"player_experience":370876,"relics_obtained":[{"floor":1,"key":"SynthV:TestCard"},{"floor":6,"key":"SumBook"}],"event_choices":[{"damage_healed":0,"gold_gain":0,"player_choice":"Take Damage","damage_taken":20,"relics_obtained":["Golden Idol"],"max_hp_gain":0,"max_hp_loss":0,"event_name":"Golden Idol","floor":2,"gold_loss":0},{"damage_healed":0,"gold_gain":75,"player_choice":"Gather Gold","damage_taken":11,"max_hp_gain":0,"max_hp_loss":0,"event_name":"World of Goop","floor":5,"gold_loss":0}],"is_beta":false,"boss_relics":[],"items_purged_floors":[],"is_endless":false,"potions_floor_spawned":[1,3],"killed_by":"3 Sentries","ascension_level":2}}