{"host":"ymmeoa1x24ihslbm","time":1614024613,"event":{"mods":["AchievementEnabler","BaseMod","Colored Map","Colored Powertips","Defuse TimeMaze Blight","Highlight Path","Minty Spire (QoL Compilation)","Permanent Neow","Quick Restart","StSLib","The Senshi","Unceasing Turn Reminder"],"gold_per_floor":[115,115,115,133,147,147,174,194,194,208,208,221,221,285,285,385,385,403,403,420,420,420,420,451,451,474,494,494,494,494,494],"floor_reached":30,"language":"ENG","playtime":1287,"items_purged":[],"score":360,"play_id":"7669f2a0-d823-4574-b554-a7fa372efd3e","local_time":"20210222211013","is_ascension_mode":true,"campfire_choices":[{"data":"theSenshi:SailorSaturnAssists","floor":6,"key":"SMITH"},{"data":"theSenshi:SailorVenusAssists","floor":11,"key":"SMITH"},{"data":"theSenshi:MoonKick","floor":15,"key":"SMITH"},{"data":"theSenshi:MoonCrisisMakeUp","floor":23,"key":"SMITH"},{"data":"theSenshi:MoonHealingEscalation","floor":25,"key":"SMITH"},{"data":"theSenshi:RoseThrow","floor":28,"key":"SMITH"}],"circlet_count":0,"master_deck":["theSenshi:SailorKick","theSenshi:SailorKick","theSenshi:SailorKick","theSenshi:SailorBlock","theSenshi:SailorBlock","theSenshi:SailorBlock","theSenshi:RoseThrow+1","theSenshi:MoonPrismPowerMakeUp","theSenshi:MoonKick+1","theSenshi:MoonPrincessHalation+1","theSenshi:SailorSaturnAssists+1","theSenshi:SailorVenusAssists+1","theSenshi:MoonHealingEscalation+1","theSenshi:Sidestep+1","theSenshi:JupitersPower","theSenshi:InTheNameOfTheMoon+1","J.A.X.+1","theSenshi:MoonCrisisMakeUp+1","theSenshi:JupitersPower"],"relics":["theSenshi:TransformationBroochRelic","Smiling Mask","Toxic Egg 2","Turnip","Orichalcum","theSenshi:SailorFukuRelic"],"acts_visited":["Exordium","TheCity"],"potions_floor_usage":[14,14,24,24,27],"damage_taken":[{"damage":1,"enemies":"Jaw Worm","floor":1,"turns":4},{"damage":4,"enemies":"Small Slimes","floor":4,"turns":3},{"damage":0,"enemies":"Cultist","floor":5,"turns":3},{"damage":24,"enemies":"Lagavulin","floor":7,"turns":7},{"damage":2,"enemies":"3 Louse","floor":8,"turns":5},{"damage":0,"enemies":"2 Fungi Beasts","floor":10,"turns":4},{"damage":1,"enemies":"Large Slime","floor":12,"turns":7},{"damage":11,"enemies":"Lagavulin Event","floor":14,"turns":5},{"damage":20,"enemies":"The Guardian","floor":16,"turns":11},{"damage":0,"enemies":"3 Byrds","floor":18,"turns":5},{"damage":29,"enemies":"Chosen","floor":20,"turns":6},{"damage":54,"enemies":"Gremlin Leader","floor":24,"turns":7},{"damage":24,"enemies":"Centurion and Healer","floor":27,"turns":7},{"damage":35,"enemies":"Slavers","floor":30,"turns":2}],"seed_played":"4604391501006105274","potions_obtained":[{"floor":7,"key":"Energy Potion"},{"floor":10,"key":"Ancient Potion"},{"floor":12,"key":"EssenceOfSteel"},{"floor":14,"key":"DuplicationPotion"},{"floor":20,"key":"SkillPotion"}],"is_trial":false,"path_per_floor":["M","?","?","M","M","R","E","M","T","M","R","M","$","?","R","B",null,"M","?","M","?","?","R","E","R","T","M","R","?","E"],"character_chosen":"THE_SENSHI","items_purchased":[],"campfire_rested":0,"item_purchase_floors":[],"current_hp_per_floor":[67,60,60,56,56,56,42,50,50,55,55,75,75,74,74,74,75,75,75,54,40,40,40,1,1,1,17,17,17,0,0],"gold":494,"neow_bonus":"THREE_CARDS","is_daily":false,"chose_seed":false,"campfire_upgraded":6,"win_rate":0.0,"timestamp":1614024613,"path_taken":["M","?","?","?","M","R","E","M","T","M","R","M","$","?","R","BOSS","M","?","M","?","?","R","E","R","T","M","R","?","E"],"items_purchased_type":[],"build_version":"2020-12-22","purchased_purges":0,"victory":false,"max_hp_per_floor":[75,75,75,75,75,75,75,75,75,75,75,75,75,75,75,75,75,75,75,75,80,80,80,80,80,80,80,80,80,80,80],"card_choices":[{"not_picked":["theSenshi:MoonPower","theSenshi:Sidestep"],"picked":"theSenshi:MoonKick","floor":0},{"not_picked":["theSenshi:TuxedoSmokingBomber","theSenshi:LunaWiseMentor"],"picked":"theSenshi:MoonPrincessHalation","floor":1},{"not_picked":["theSenshi:Sidestep","theSenshi:MoonPrincessHalation"],"picked":"theSenshi:SailorSaturnAssists","floor":4},{"not_picked":["theSenshi:Sidestep","theSenshi:MoonPunch","theSenshi:TallSilhouette"],"picked":"SKIP","floor":5},{"not_picked":["theSenshi:MoonPower","theSenshi:SchoolBag"],"picked":"theSenshi:SailorVenusAssists","floor":7},{"not_picked":["theSenshi:MoonCosmicPowerMakeUp","theSenshi:LateForSchool"],"picked":"theSenshi:MoonHealingEscalation","floor":8},{"not_picked":["theSenshi:KlutzyLuck","theSenshi:LunasBite"],"picked":"theSenshi:Sidestep+1","floor":10},{"not_picked":["theSenshi:SailorStarFighterAssists","theSenshi:Sidestep+1"],"picked":"theSenshi:JupitersPower","floor":12},{"not_picked":["theSenshi:JupitersPower","theSenshi:StarlightHoneymoonTherapyKiss"],"picked":"theSenshi:InTheNameOfTheMoon+1","floor":16},{"not_picked":["theSenshi:TallSilhouette+1","theSenshi:MoonsReflection+1","theSenshi:LunasBite+1"],"picked":"SKIP","floor":18},{"not_picked":["theSenshi:TuxedoSmokingBomber+1","theSenshi:OdangoHead+1"],"picked":"theSenshi:MoonCrisisMakeUp","floor":20},{"not_picked":["theSenshi:MoonKick","theSenshi:MoonPunch","theSenshi:SchoolBag+1"],"picked":"SKIP","floor":24},{"not_picked":["theSenshi:MoonKick","theSenshi:SailorUranusAssists","theSenshi:MoonHealingEscalation+1"],"picked":"SKIP","floor":27}],"player_experience":773473,"relics_obtained":[{"floor":7,"key":"Smiling Mask"},{"floor":9,"key":"Toxic Egg 2"},{"floor":24,"key":"Orichalcum"},{"floor":26,"key":"theSenshi:SailorFukuRelic"}],"event_choices":[{"cards_removed":["theSenshi:SailorBlock"],"damage_healed":0,"gold_gain":0,"player_choice":"Card Removal","damage_taken":7,"max_hp_gain":0,"max_hp_loss":0,"event_name":"Golden Wing","floor":2,"gold_loss":0},{"damage_healed":0,"gold_gain":0,"player_choice":"Grow","damage_taken":0,"max_hp_gain":0,"max_hp_loss":0,"event_name":"Living Wall","floor":3,"gold_loss":0,"cards_upgraded":["theSenshi:MoonPrincessHalation"]},{"damage_healed":0,"gold_gain":0,"player_choice":"Searched \u00272\u0027 times","damage_taken":0,"relics_obtained":["Turnip"],"max_hp_gain":0,"max_hp_loss":0,"event_name":"Dead Adventurer","floor":14,"gold_loss":0},{"damage_healed":0,"gold_gain":0,"player_choice":"Obtain J.A.X.","damage_taken":0,"max_hp_gain":0,"max_hp_loss":0,"event_name":"Drug Dealer","floor":19,"gold_loss":0,"cards_obtained":["J.A.X."]},{"damage_healed":0,"gold_gain":0,"player_choice":"Shed Blood","damage_taken":19,"max_hp_gain":5,"max_hp_loss":0,"event_name":"Forgotten Altar","floor":21,"gold_loss":0},{"damage_healed":0,"gold_gain":0,"player_choice":"Ignored","damage_taken":0,"max_hp_gain":0,"max_hp_loss":0,"event_name":"Vampires","floor":22,"gold_loss":0},{"damage_healed":0,"gold_gain":0,"cards_transformed":["theSenshi:SailorKick"],"player_choice":"Transformed","damage_taken":0,"max_hp_gain":0,"max_hp_loss":0,"event_name":"Transmorgrifier","floor":29,"gold_loss":0,"cards_obtained":["theSenshi:JupitersPower"]}],"is_beta":false,"boss_relics":[{"not_picked":["Snecko Eye","Fusion Hammer","Pandora\u0027s Box"]}],"items_purged_floors":[],"is_endless":false,"potions_floor_spawned":[7,10,12,14,20],"killed_by":"Slavers","ascension_level":9}}