{"host":"raai0vtvcfkt8csp","time":1614011851,"event":{"mods":["2.2 Compatiblity","BaseMod","Beaked The Cultist","Block Reminder","Booster Modes","Clockwork Mod","Custom Start","DeckTracker","Defective Defect","Defuse TimeMaze Blight","Dio Mod","GifTheSpireLib","Infinite Spire","Minty Spire (QoL Compilation)","Quick Restart","Random Character Button","Rare Cards Sparkle","StSLib","The Marked","Uncapped","Unceasing Turn Reminder"],"gold_per_floor":[119,119,40,40,51,78,78,105,105,105,205,236,147,147,147,246,246,186,194,235,235,271,271,121,121,121,161,233,233,39,86,86,110,110],"floor_reached":33,"language":"ENG","playtime":2690,"items_purged":[],"score":467,"play_id":"c90162e4-a034-464c-a693-ec82d9f08e0f","local_time":"20210222173731","daily_mods":["Hoarder","Specialized","Vintage"],"is_ascension_mode":true,"campfire_choices":[{"floor":7,"key":"DIG"},{"floor":10,"key":"DIG"},{"floor":15,"key":"DIG"},{"floor":23,"key":"DIG"},{"floor":29,"key":"DIG"},{"floor":32,"key":"DIG"}],"circlet_count":0,"master_deck":["beaked:Strike_Y","beaked:Strike_Y","beaked:Strike_Y","beaked:Strike_Y","beaked:Strike_Y","beaked:Defend_Y","beaked:Defend_Y","beaked:Defend_Y","beaked:Defend_Y","beaked:Ceremony","beaked:Ceremony","beaked:Ceremony","beaked:BraceForImpact","beaked:BraceForImpact","beaked:BraceForImpact","beaked:BraceForImpact","beaked:BraceForImpact","beaked:BraceForImpact","beaked:BraceForImpact","beaked:BraceForImpact","beaked:BraceForImpact","beaked:BraceForImpact","beaked:BraceForImpact","beaked:BraceForImpact","beaked:BraceForImpact","beaked:BraceForImpact","beaked:BraceForImpact","beaked:Hexing+1","beaked:Hexing","beaked:Hexing","beaked:BloodForTheGods","beaked:BloodForTheGods","beaked:BloodForTheGods","beaked:BraceForImpact","beaked:BraceForImpact","beaked:BraceForImpact","beaked:Insight","beaked:Insight","beaked:Insight","beaked:BloodRitual","beaked:BloodRitual","beaked:BloodRitual","beaked:KnowThyFoe","beaked:KnowThyFoe","beaked:KnowThyFoe","beaked:HuntressEssence","beaked:HuntressEssence","beaked:HuntressEssence","beaked:Insight","beaked:Insight","beaked:Insight"],"relics":["beaked:MendingPlumage","Pantograph","Strawberry","Shovel","infinitespire:Joker Card","Nunchaku","Bottled Lightning","Potion Belt","Darkstone Periapt","Pocketwatch","StrikeDummy","beaked:SacrificeDoll","infinitespire:Midas Blood","Enchiridion","InkBottle","infinitespire:Eraser","Omamori","Juzu Bracelet","infinitespire:BottledMercury","Molten Egg 2","MealTicket","infinitespire:CheckeredPen","Blood Vial","The Courier","Ancient Tea Set"],"acts_visited":["Exordium","TheCity"],"potions_floor_usage":[12,16,33],"damage_taken":[{"damage":0,"enemies":"2 Louse","floor":1,"turns":6},{"damage":0,"enemies":"Small Slimes","floor":5,"turns":7},{"damage":42,"enemies":"3 Sentries","floor":6,"turns":11},{"damage":47,"enemies":"Lagavulin","floor":8,"turns":12},{"damage":48,"enemies":"3 Sentries","floor":12,"turns":12},{"damage":138,"enemies":"The Guardian","floor":16,"turns":15},{"damage":61,"enemies":"2 Thieves","floor":18,"turns":4},{"damage":96,"enemies":"Spheric Guardian","floor":20,"turns":12},{"damage":89,"enemies":"Snecko","floor":22,"turns":8},{"damage":105,"enemies":"Centurion and Healer","floor":27,"turns":17},{"damage":256,"enemies":"Nightmare","floor":28,"turns":20},{"damage":92,"enemies":"Snake Plant","floor":31,"turns":9},{"damage":102,"enemies":"Collector","floor":33,"turns":5}],"seed_played":"5782526156136480628","potions_obtained":[{"floor":8,"key":"ColorlessPotion"},{"floor":12,"key":"ColorlessPotion"},{"floor":31,"key":"SneckoOil"}],"is_trial":true,"path_per_floor":["M","?","$","?","M","E","R","E","T","R","?","E","$","T","R","B",null,"M","?","M","?","M","R","$","?","T","M","NM","R","$","M","R","B"],"character_chosen":"BEAKED_THE_CULTIST","items_purchased":["beaked:Hexing","beaked:Insight","beaked:BloodRitual","Juzu Bracelet","Blood Vial","beaked:Insight"],"campfire_rested":0,"item_purchase_floors":[3,13,13,24,30,30],"current_hp_per_floor":[50,50,50,50,57,48,48,57,57,57,57,57,57,57,57,44,57,38,22,57,57,35,35,35,35,35,57,57,57,57,44,44,0,0],"gold":110,"neow_bonus":"","is_daily":false,"chose_seed":false,"campfire_upgraded":0,"win_rate":0.0,"timestamp":1614011851,"path_taken":["M","?","$","?","?","E","R","E","T","R","?","E","$","?","R","BOSS","M","?","M","?","?","R","$","?","T","M","NM","R","$","M","R","BOSS"],"items_purchased_type":["Card","Card","Card","Relic","Relic","Card"],"build_version":"2020-12-22","purchased_purges":0,"victory":false,"max_hp_per_floor":[50,50,50,50,57,57,57,57,57,57,57,57,57,57,57,57,57,57,57,57,57,57,57,57,57,57,57,57,57,57,57,57,57,57],"card_choices":[{"not_picked":["beaked:CursingBlood","beaked:Overpower"],"picked":"beaked:BloodForTheGods","floor":6},{"not_picked":["beaked:Resilience","beaked:Mantra","beaked:Pecker"],"picked":"SKIP","floor":8},{"not_picked":["beaked:MimicWarrior","beaked:SacrificialDive"],"picked":"beaked:BraceForImpact","floor":12},{"not_picked":["beaked:VolatileMisfortune","beaked:ScreechingChant"],"picked":"beaked:KnowThyFoe","floor":16},{"not_picked":["beaked:HuntressSpirit","beaked:DigDeep","beaked:Negation"],"picked":"SKIP","floor":28}],"player_experience":1091002,"relics_obtained":[{"floor":1,"key":"Pantograph"},{"floor":5,"key":"Strawberry"},{"floor":6,"key":"Shovel"},{"floor":7,"key":"infinitespire:Joker Card"},{"floor":8,"key":"Nunchaku"},{"floor":9,"key":"Bottled Lightning"},{"floor":10,"key":"Potion Belt"},{"floor":12,"key":"Darkstone Periapt"},{"floor":14,"key":"Pocketwatch"},{"floor":15,"key":"StrikeDummy"},{"floor":18,"key":"infinitespire:Midas Blood"},{"floor":19,"key":"Enchiridion"},{"floor":20,"key":"InkBottle"},{"floor":22,"key":"infinitespire:Eraser"},{"floor":23,"key":"Omamori"},{"floor":26,"key":"infinitespire:BottledMercury"},{"floor":27,"key":"Molten Egg 2"},{"floor":28,"key":"MealTicket"},{"floor":29,"key":"infinitespire:CheckeredPen"},{"floor":31,"key":"The Courier"},{"floor":32,"key":"Ancient Tea Set"}],"event_choices":[{"damage_healed":0,"gold_gain":0,"player_choice":"Ignored","damage_taken":0,"max_hp_gain":0,"max_hp_loss":0,"event_name":"Liars Game","floor":2,"gold_loss":0},{"damage_healed":0,"gold_gain":0,"player_choice":"Forge","damage_taken":0,"max_hp_gain":0,"max_hp_loss":0,"event_name":"Accursed Blacksmith","floor":4,"gold_loss":0,"cards_upgraded":["beaked:Hexing"]},{"damage_healed":0,"gold_gain":100,"player_choice":"Pray","damage_taken":0,"max_hp_gain":0,"max_hp_loss":0,"event_name":"Golden Shrine","floor":11,"gold_loss":0},{"damage_healed":0,"gold_gain":0,"player_choice":"Obtained Book","damage_taken":16,"max_hp_gain":0,"max_hp_loss":0,"event_name":"Cursed Tome","floor":19,"gold_loss":0},{"cards_removed":["beaked:Strike_Y"],"damage_healed":0,"gold_gain":0,"player_choice":"Offered Basic","damage_taken":0,"max_hp_gain":0,"max_hp_loss":0,"event_name":"Bonfire Elementals","floor":21,"gold_loss":0},{"damage_healed":0,"gold_gain":0,"player_choice":"Read","damage_taken":0,"max_hp_gain":0,"max_hp_loss":0,"event_name":"The Library","floor":25,"gold_loss":0,"cards_obtained":["beaked:HuntressEssence"]}],"is_beta":false,"boss_relics":[{"not_picked":["Busted Crown","Tiny House"],"picked":"beaked:SacrificeDoll"}],"items_purged_floors":[],"is_endless":true,"potions_floor_spawned":[8,12,31],"killed_by":"Collector","ascension_level":1}}