{"host":"e8rlfedn69rz2s07","time":1614011543,"event":{"mods":["AchievementEnabler","BaseMod","Minty Spire (QoL Compilation)","Permanent Neow","Relic Stats"],"gold_per_floor":[115,135,135,149,160,160,178,208,208,220,235,260,278,304,304,404,404,414,434,434,73,88,123,123,157,157,82,99,99,131,150,150,245,245,257,176,176,191,191,191,207,238,261,286,300,300,328,343,343,343,343,343,20,52,52],"floor_reached":56,"language":"ENG","playtime":2878,"items_purged":["Strike_R"],"score":1447,"play_id":"6b3149ae-b11c-4bf8-978c-2aa4c9ec144e","local_time":"20210222183223","is_ascension_mode":true,"campfire_choices":[{"data":"Uppercut","floor":6,"key":"SMITH"},{"data":"Rupture","floor":15,"key":"SMITH"},{"data":"Feed","floor":24,"key":"SMITH"},{"data":"Feed","floor":29,"key":"SMITH"},{"floor":32,"key":"REST"},{"floor":40,"key":"RECALL"},{"data":"Demon Form","floor":49,"key":"SMITH"},{"data":"Metallicize","floor":52,"key":"SMITH"}],"circlet_count":0,"master_deck":["Strike_R+1","Strike_R+1","Defend_R","Defend_R","Defend_R","Defend_R","Bash","Uppercut+1","Headbutt","Pommel Strike","True Grit","Bloodletting","Shockwave+1","Shrug It Off+1","Feed+1","Warcry+1","Rupture+1","Sword Boomerang","Feed+1","Pommel Strike","Hemokinesis","True Grit+1","Hemokinesis","Uppercut","Sentinel+1","Demon Form+1","Flame Barrier+1","Shrug It Off+1","Whirlwind+1","Burning Pact+1","Metallicize+1","Limit Break+1","Metallicize","True Grit+1","True Grit+1","Limit Break+1"],"relics":["Burning Blood","Strawberry","Meat on the Bone","Toxic Egg 2","Whetstone","Thread and Needle","Philosopher\u0027s Stone","Question Card","Darkstone Periapt","The Courier","Singing Bowl","Lantern","Sozu","Centennial Puzzle","TungstenRod","Bronze Scales","Bottled Tornado","Mummified Hand","Pantograph"],"acts_visited":["Exordium","TheCity","TheBeyond","TheEnding"],"potions_floor_usage":[8,12,23,31,55,55,55],"damage_taken":[{"damage":4,"enemies":"Small Slimes","floor":1,"turns":4},{"damage":1,"enemies":"Cultist","floor":2,"turns":3},{"damage":3,"enemies":"2 Louse","floor":4,"turns":3},{"damage":8,"enemies":"Exordium Wildlife","floor":5,"turns":3},{"damage":0,"enemies":"Blue Slaver","floor":7,"turns":4},{"damage":19,"enemies":"Gremlin Nob","floor":8,"turns":4},{"damage":4,"enemies":"2 Fungi Beasts","floor":10,"turns":4},{"damage":0,"enemies":"Looter","floor":11,"turns":4},{"damage":19,"enemies":"Lagavulin","floor":12,"turns":8},{"damage":14,"enemies":"Lots of Slimes","floor":13,"turns":4},{"damage":23,"enemies":"3 Sentries","floor":14,"turns":10},{"damage":47,"enemies":"The Guardian","floor":16,"turns":10},{"damage":18,"enemies":"2 Thieves","floor":18,"turns":3},{"damage":0,"enemies":"Chosen","floor":19,"turns":4},{"damage":22,"enemies":"Snake Plant","floor":22,"turns":5},{"damage":34,"enemies":"Slavers","floor":23,"turns":6},{"damage":41,"enemies":"Book of Stabbing","floor":25,"turns":6},{"damage":14,"enemies":"Chosen and Byrds","floor":28,"turns":6},{"damage":57,"enemies":"Gremlin Leader","floor":30,"turns":8},{"damage":16,"enemies":"Centurion and Healer","floor":31,"turns":6},{"damage":79,"enemies":"Collector","floor":33,"turns":9},{"damage":7,"enemies":"3 Shapes","floor":35,"turns":11},{"damage":1,"enemies":"Orb Walker","floor":38,"turns":4},{"damage":3,"enemies":"Maw","floor":41,"turns":8},{"damage":24,"enemies":"Nemesis","floor":42,"turns":7},{"damage":88,"enemies":"Giant Head","floor":44,"turns":11},{"damage":7,"enemies":"4 Shapes","floor":45,"turns":6},{"damage":9,"enemies":"Reptomancer","floor":47,"turns":6},{"damage":21,"enemies":"Sphere and 2 Shapes","floor":48,"turns":4},{"damage":63,"enemies":"Time Eater","floor":50,"turns":10},{"damage":56,"enemies":"Shield and Spear","floor":54,"turns":6},{"damage":113,"enemies":"The Heart","floor":55,"turns":9}],"seed_played":"-9098559883851827782","potions_obtained":[{"floor":1,"key":"EssenceOfSteel"},{"floor":2,"key":"GamblersBrew"},{"floor":7,"key":"Energy Potion"},{"floor":16,"key":"SpeedPotion"},{"floor":18,"key":"PowerPotion"},{"floor":23,"key":"EssenceOfSteel"},{"floor":30,"key":"BloodPotion"},{"floor":33,"key":"Swift Potion"}],"is_trial":false,"path_per_floor":["M","M","?","M","M","R","M","E","T","M","M","E","M","E","R","B",null,"M","M","?","$","M","E","R","E","T","?","M","R","E","M","R","B",null,"M","$","?","M","?","R","M","E","T","E","M","T","E","M","R","B",null,"R","$","E","B",null],"character_chosen":"IRONCLAD","items_purchased":["Hemokinesis","Question Card","True Grit+1","Shrug It Off+1","Mummified Hand","Metallicize","True Grit+1","True Grit+1"],"campfire_rested":1,"item_purchase_floors":[21,21,21,36,53,53,53,53],"current_hp_per_floor":[87,87,87,87,85,85,87,74,74,76,82,72,67,62,62,36,96,87,96,96,96,83,70,70,51,51,51,64,64,31,66,106,49,139,146,146,146,153,153,153,157,139,139,73,94,94,97,98,98,53,181,181,181,135,65],"gold":52,"neow_bonus":"RANDOM_COMMON_RELIC","is_daily":false,"chose_seed":false,"campfire_upgraded":6,"win_rate":0.0,"timestamp":1614011543,"path_taken":["M","M","?","M","M","R","M","E","T","M","M","E","M","E","R","BOSS","M","M","?","$","?","E","R","E","T","?","M","R","E","M","R","BOSS","M","$","?","M","?","R","M","E","T","E","M","?","E","M","R","BOSS","R","$","E","BOSS"],"items_purchased_type":["Card","Relic","Card","Card","Relic","Card","Card","Card"],"build_version":"2020-12-22","purchased_purges":1,"victory":true,"max_hp_per_floor":[87,87,87,87,87,87,87,87,87,87,87,90,93,93,93,96,96,99,102,102,102,105,108,108,112,112,112,121,121,127,135,135,139,139,147,147,147,153,153,153,157,157,157,161,171,171,177,181,181,181,181,181,181,185,185],"relic_stats":{"Darkstone Periapt":0,"Singing Bowl":10,"counters":[32,196],"Whetstone":["Strike_R","Strike_R"],"Question Card":16,"Burning Blood":171,"Sozu":4,"Centennial Puzzle":[21],"Mummified Hand":[6],"Bronze Scales":[192],"Pantograph":25,"obtain_stats":[{"Darkstone Periapt":23,"Lantern":30,"Singing Bowl":26,"Thread and Needle":14,"The Courier":25,"Whetstone":12,"Bottled Tornado":47,"Question Card":21,"Burning Blood":0,"Sozu":34,"Centennial Puzzle":42,"Mummified Hand":53,"Strawberry":0,"Bronze Scales":46,"Pantograph":54,"Philosopher\u0027s Stone":17,"Toxic Egg 2":9,"TungstenRod":44,"Meat on the Bone":8},{"Darkstone Periapt":16,"Lantern":19,"Singing Bowl":17,"Thread and Needle":11,"The Courier":17,"Whetstone":9,"Bottled Tornado":28,"Question Card":14,"Burning Blood":0,"Sozu":21,"Centennial Puzzle":25,"Mummified Hand":30,"Strawberry":0,"Bronze Scales":27,"Pantograph":31,"Philosopher\u0027s Stone":12,"Toxic Egg 2":6,"TungstenRod":26,"Meat on the Bone":6},{"Darkstone Periapt":79,"Lantern":99,"Singing Bowl":85,"Thread and Needle":51,"The Courier":85,"Whetstone":37,"Bottled Tornado":167,"Question Card":68,"Burning Blood":0,"Sozu":114,"Centennial Puzzle":144,"Mummified Hand":181,"Strawberry":0,"Bronze Scales":161,"Pantograph":187,"Philosopher\u0027s Stone":61,"Toxic Egg 2":21,"TungstenRod":155,"Meat on the Bone":21}],"TungstenRod":79,"Meat on the Bone":156},"card_choices":[{"not_picked":["Entrench","Power Through"],"picked":"Uppercut","floor":1},{"not_picked":["Pommel Strike","Heavy Blade"],"picked":"Headbutt","floor":2},{"not_picked":["Warcry","Perfected Strike"],"picked":"Pommel Strike","floor":4},{"not_picked":["Clothesline","Cleave"],"picked":"True Grit","floor":5},{"not_picked":["Warcry","Perfected Strike"],"picked":"Bloodletting","floor":7},{"not_picked":["Clash","Evolve"],"picked":"Shockwave","floor":8},{"not_picked":["Body Slam","Dual Wield+1"],"picked":"Shrug It Off+1","floor":10},{"not_picked":["Havoc+1","Anger"],"picked":"Feed","floor":11},{"not_picked":["Sever Soul","Iron Wave"],"picked":"Warcry+1","floor":12},{"not_picked":["Havoc+1","Armaments+1"],"picked":"Rupture","floor":13},{"not_picked":["Headbutt","Thunderclap"],"picked":"Sword Boomerang","floor":14},{"not_picked":["Limit Break+1","Bludgeon"],"picked":"Feed","floor":16},{"not_picked":["Clothesline+1","Wild Strike+1"],"picked":"Pommel Strike","floor":18},{"not_picked":["Intimidate+1","Iron Wave+1","Clash"],"picked":"SKIP","floor":19},{"not_picked":["Headbutt","Anger","Perfected Strike"],"picked":"Hemokinesis","floor":22},{"not_picked":["Hemokinesis","Infernal Blade+1","Twin Strike"],"picked":"Uppercut","floor":23},{"not_picked":["Uppercut","Heavy Blade","Anger+1","Reckless Charge"],"picked":"SKIP","floor":25},{"not_picked":["Heavy Blade","Seeing Red+1","Immolate","Entrench+1"],"picked":"Singing Bowl","floor":28},{"not_picked":["Body Slam","Infernal Blade+1","Seeing Red+1","Wild Strike+1"],"picked":"Singing Bowl","floor":30},{"not_picked":["Warcry+1","Anger+1","Twin Strike"],"picked":"Sentinel+1","floor":31},{"not_picked":["Feed","Offering+1","Berserk"],"picked":"Demon Form","floor":33},{"not_picked":["Pommel Strike","Wild Strike","Entrench+1"],"picked":"Flame Barrier+1","floor":35},{"not_picked":["Wild Strike+1","Sentinel+1","Second Wind+1","Clash+1"],"picked":"Singing Bowl","floor":38},{"not_picked":["Evolve","Shockwave+1","Perfected Strike+1"],"picked":"Whirlwind+1","floor":41},{"not_picked":["Clothesline+1","Sword Boomerang+1","Uppercut"],"picked":"Burning Pact+1","floor":42},{"not_picked":["Uppercut","Rage+1","Carnage+1"],"picked":"Metallicize","floor":44},{"not_picked":["Fire Breathing+1","Iron Wave","Sentinel+1","Perfected Strike"],"picked":"Singing Bowl","floor":45},{"not_picked":["Evolve","Hemokinesis+1","Clash+1","Havoc+1"],"picked":"Singing Bowl","floor":47},{"not_picked":["Warcry+1","Twin Strike+1","Armaments+1"],"picked":"Limit Break+1","floor":48},{"not_picked":["Cleave+1","True Grit+1","Inflame+1"],"picked":"Limit Break+1","floor":54}],"player_experience":1106746,"relics_obtained":[{"floor":8,"key":"Meat on the Bone"},{"floor":9,"key":"Toxic Egg 2"},{"floor":12,"key":"Whetstone"},{"floor":14,"key":"Thread and Needle"},{"floor":23,"key":"Darkstone Periapt"},{"floor":25,"key":"The Courier"},{"floor":26,"key":"Singing Bowl"},{"floor":30,"key":"Lantern"},{"floor":42,"key":"Centennial Puzzle"},{"floor":44,"key":"TungstenRod"},{"floor":46,"key":"Bronze Scales"},{"floor":47,"key":"Bottled Tornado"},{"floor":54,"key":"Pantograph"}],"event_choices":[{"damage_healed":0,"gold_gain":0,"cards_transformed":["Strike_R"],"player_choice":"Transformed","damage_taken":0,"max_hp_gain":0,"max_hp_loss":0,"event_name":"Transmorgrifier","floor":3,"gold_loss":0,"cards_obtained":["Combust"]},{"damage_healed":0,"gold_gain":0,"player_choice":"Upgraded","damage_taken":0,"max_hp_gain":0,"max_hp_loss":0,"event_name":"Upgrade Shrine","floor":20,"gold_loss":0,"cards_upgraded":["Shockwave"]},{"cards_removed":["Strike_R"],"damage_healed":0,"gold_gain":0,"player_choice":"Gave Gold","damage_taken":0,"max_hp_gain":0,"max_hp_loss":0,"event_name":"Beggar","floor":27,"gold_loss":75},{"damage_healed":0,"gold_gain":0,"player_choice":"Ignored","damage_taken":0,"max_hp_gain":0,"max_hp_loss":0,"event_name":"Tomb of Lord Red Mask","floor":37,"gold_loss":0},{"cards_removed":["Combust"],"damage_healed":0,"gold_gain":0,"player_choice":"Removed Power","damage_taken":0,"max_hp_gain":0,"max_hp_loss":0,"event_name":"Falling","floor":39,"gold_loss":0}],"is_beta":false,"boss_relics":[{"not_picked":["Empty Cage","SacredBark"],"picked":"Philosopher\u0027s Stone"},{"not_picked":["Mark of Pain","Velvet Choker"],"picked":"Sozu"}],"items_purged_floors":[36],"is_endless":false,"potions_floor_spawned":[1,2,7,16,18,23,28,30,33,35,44,45,47],"ascension_level":1}}