{"host":"7jbuhzz8yy5cuou7","time":1614006114,"event":{"mods":["AchievementEnabler","Act Like it!","BaseMod","Better Third Choice","Bossed Relics","Colored Map","Colored Powertips","Dark Map","DeckTracker","Minty Spire (QoL Compilation)","Permanent Neow","Quick Restart","Ruina","StSLib","The Cursed","The Hierophant","Weighted Paths"],"gold_per_floor":[112,129,141,66,66,97,97,131,157,182,194,208,208,240,240,240,240],"floor_reached":16,"language":"ENG","playtime":664,"items_purged":["Strike_B"],"score":234,"play_id":"7bbfe7cc-2cd7-461f-8513-d39043eb5f9c","local_time":"20210222080154","is_ascension_mode":true,"campfire_choices":[{"floor":7,"key":"REST"},{"floor":13,"key":"REST"},{"data":"Biased Cognition","floor":15,"key":"SMITH"}],"circlet_count":0,"master_deck":["AscendersBane","Strike_B","Strike_B","Defend_B","Defend_B","Defend_B","Defend_B","Zap","Dualcast","Ball Lightning","Chill","Biased Cognition+1","Cold Snap","Meteor Strike","Machine Learning"],"relics":["Cracked Core","Regal Pillow","Bag of Preparation","Ice Cream","Toy Ornithopter"],"acts_visited":["Exordium"],"potions_floor_usage":[6,10],"damage_taken":[{"damage":1,"enemies":"Cultist","floor":1,"turns":3},{"damage":7,"enemies":"Jaw Worm","floor":2,"turns":2},{"damage":2,"enemies":"2 Louse","floor":3,"turns":2},{"damage":18,"enemies":"3 Sentries","floor":6,"turns":8},{"damage":34,"enemies":"Gremlin Nob","floor":8,"turns":4},{"damage":16,"enemies":"Lagavulin","floor":10,"turns":6},{"damage":0,"enemies":"Gremlin Gang","floor":11,"turns":4},{"damage":3,"enemies":"Blue Slaver","floor":12,"turns":3},{"damage":10,"enemies":"3 Sentries","floor":14,"turns":7},{"damage":47,"enemies":"The Guardian","floor":16,"turns":10}],"seed_played":"-6645647193029107908","potions_obtained":[{"floor":2,"key":"SpeedPotion"},{"floor":8,"key":"Ancient Potion"},{"floor":14,"key":"LiquidBronze"}],"is_trial":false,"path_per_floor":["M","M","M","$","?","E","R","E","T","E","M","M","R","E","R","B"],"character_chosen":"DEFECT","items_purchased":[],"campfire_rested":2,"item_purchase_floors":[],"current_hp_per_floor":[63,56,54,54,54,36,71,37,37,21,21,18,54,44,44,0,0],"gold":240,"neow_bonus":"REMOVE_CARD","is_daily":false,"chose_seed":false,"campfire_upgraded":1,"win_rate":0.0,"timestamp":1614006114,"path_taken":["M","?","M","$","?","E","R","E","T","E","M","M","R","E","R","BOSS"],"items_purchased_type":[],"build_version":"2020-12-22","purchased_purges":1,"victory":false,"max_hp_per_floor":[71,71,71,71,71,71,71,71,71,71,71,71,71,71,71,71,71],"card_choices":[{"not_picked":["Compile Driver","Skim"],"picked":"Ball Lightning","floor":1},{"not_picked":["Blizzard","Lockon"],"picked":"Chill","floor":2},{"not_picked":["Reprogram","Compile Driver","Scrape"],"picked":"SKIP","floor":3},{"not_picked":["Coolheaded","Redo"],"picked":"Biased Cognition","floor":6},{"not_picked":["Steam","Doom and Gloom"],"picked":"Cold Snap","floor":8},{"not_picked":["Leap","Sweeping Beam"],"picked":"Meteor Strike","floor":10},{"not_picked":["Hologram","Melter","Rip and Tear"],"picked":"SKIP","floor":11},{"not_picked":["Rebound","Streamline","Rip and Tear"],"picked":"SKIP","floor":12},{"not_picked":["Barrage","Rip and Tear"],"picked":"Machine Learning","floor":14}],"player_experience":433246,"relics_obtained":[{"floor":6,"key":"Regal Pillow"},{"floor":8,"key":"Bag of Preparation"},{"floor":10,"key":"Ice Cream"},{"floor":14,"key":"Toy Ornithopter"}],"event_choices":[{"damage_healed":0,"gold_gain":0,"player_choice":"Ignored","damage_taken":66,"max_hp_gain":0,"max_hp_loss":0,"event_name":"betterThird:BetterSerpent","floor":5,"gold_loss":0}],"is_beta":false,"boss_relics":[],"items_purged_floors":[4],"is_endless":false,"potions_floor_spawned":[2,8,14],"killed_by":"The Guardian","ascension_level":16}}