{"host":"hemqwg9ve6welna9","time":1614017448,"event":{"mods":["2.2 Compatiblity","AchievementEnabler","Act Like it!","BaseMod","Beaked The Cultist","Bestiary","Better Match","Better Note","Better Third Choice","BetterRewards","Conspire","Curses Come First","Dio Mod","Downfall","Gremlin Mod","Hermit","Highlight Path","Hubris","Melee Mod","Minty Spire (QoL Compilation)","Permanent Neow","Potionbrewer","Quick Restart","Rare Cards Sparkle","Relic Stats","Reliquary","Robot Space Explorer","Ruina","SOS???????","Shop Mod","StSLib","SuperFastMode","Td1madao Mod","The Bug Knight","The Cursed","The Disciple","The Forsaken","The Hierophant","The Jungle","The Marked","The Runesmith","The Senshi","The Servant 0.9.4","The Wild Card","TheBandit","TheVacant","UnlockEverythingMod","everything is the same but u backflip on backflip"],"gold_per_floor":[112,112,122,47,162,190,190,36,84,84,113,113,113,126,126,229,229,246,262,10,10,30,30,42,70,70,70,70,70,83,103,103,204,204,204,204],"floor_reached":35,"language":"ENG","playtime":1813,"items_purged":[],"score":585,"play_id":"74343dc8-6928-47cb-a75e-303e589cf41e","local_time":"20210222121048","is_ascension_mode":false,"campfire_choices":[{"data":"beaked:Ceremony","floor":7.0,"key":"SMITH"},{"data":"beaked:Ceremony","floor":10.0,"key":"SMITH"},{"data":"beaked:Insight","floor":12.0,"key":"SMITH"},{"data":"beaked:Windmill","floor":15.0,"key":"SMITH"},{"data":"beaked:LiftOff","floor":23.0,"key":"SMITH"},{"data":"beaked:WindBringer","floor":27,"key":"SMITH"},{"data":"beaked:Strike_Y","floor":32,"key":"SMITH"}],"circlet_count":0,"master_deck":["beaked:Strike_Y+1","beaked:Strike_Y","beaked:Strike_Y","beaked:Strike_Y","beaked:Strike_Y","beaked:Strike_Y","beaked:Defend_Y","beaked:Defend_Y","beaked:Defend_Y","beaked:Defend_Y","beaked:Ceremony+1","beaked:Ceremony+1","beaked:Ceremony","beaked:Insight+1","beaked:Tweet+1","beaked:CursingBlood+1","beaked:WarriorSpirit+1","beaked:Redirect+1","beaked:WindBringer+1","beaked:Brace+1","beaked:FeelMyPain+1","beaked:Windmill+1","beaked:LiftOff+1","beaked:MimicMachine+1","beaked:Daydream+1","beaked:Recite+1","beaked:Tweet+1","beaked:Mantra+1","beaked:Evade+1","beaked:ScreechingChant+1"],"relics":["beaked:MendingPlumage","Toxic Egg 2","Orichalcum","hubris:Icosahedron","Meat on the Bone","theForsaken:Gavel","reliquary:IridiumChain","hubris:RunicObelisk","Frozen Egg 2","hubris:FunFungus","conspire:DecoderRing","hubris:BottledHeart","potionbrewer:RamsHorn","reliquary:RedCape"],"acts_visited":["Exordium","TheCity","TheBeyond"],"potions_floor_usage":[25,25,33],"damage_taken":[{"damage":6.0,"enemies":"Small Slimes","floor":1.0,"turns":5.0},{"damage":4.0,"enemies":"2 Louse","floor":3.0,"turns":2.0},{"damage":0.0,"enemies":"Cultist","floor":5.0,"turns":4.0},{"damage":19.0,"enemies":"Gremlin Nob","floor":6.0,"turns":5.0},{"damage":27.0,"enemies":"3 Sentries","floor":11.0,"turns":6.0},{"damage":25.0,"enemies":"Large Slime","floor":14.0,"turns":5.0},{"damage":49.0,"enemies":"The Guardian","floor":16.0,"turns":6.0},{"damage":34.0,"enemies":"Chosen","floor":18.0,"turns":5.0},{"damage":18.0,"enemies":"Spheric Guardian","floor":19.0,"turns":3.0},{"damage":22.0,"enemies":"Snecko","floor":22.0,"turns":4.0},{"damage":22,"enemies":"Centurion and Healer","floor":24,"turns":4},{"damage":35,"enemies":"Book of Stabbing","floor":25,"turns":4},{"damage":0,"enemies":"Cultist and Chosen","floor":30,"turns":4},{"damage":0,"enemies":"Chosen and Byrds","floor":31,"turns":5},{"damage":0,"enemies":"hubris:MusketHawk","floor":33,"turns":6},{"damage":4,"enemies":"3 Shapes","floor":35,"turns":5}],"seed_played":"-6805290579429355449","potions_obtained":[{"floor":5.0,"key":"DuplicationPotion"},{"floor":11.0,"key":"Explosive Potion"},{"floor":19.0,"key":"Explosive Potion"},{"floor":22.0,"key":"Block Potion"},{"floor":30,"key":"Ancient Potion"},{"floor":33,"key":"BlessingOfTheForge"}],"is_trial":false,"path_per_floor":["M","?","M","?","M","E","R","$","T","R","E","R","?","M","R","B",null,"M","M","$","?","M","R","M","E","T","R","?","T","M","M","R","B",null,"M"],"character_chosen":"BEAKED_THE_CULTIST","items_purchased":["Toxic Egg 2","Orichalcum","beaked:Insight","theForsaken:Gavel","Frozen Egg 2"],"campfire_rested":0,"item_purchase_floors":[0,0,0,8,20],"current_hp_per_floor":[45,45,47,47,50,39,39,39,39,39,37,37,37,36,36,23,50,27,34,34,34,26,26,29,27,27,27,1,1,1,1,1,1,1,0,0],"gold":204,"neow_bonus":"","is_daily":false,"chose_seed":false,"campfire_upgraded":7,"win_rate":0.0,"timestamp":1614017448,"path_taken":["M","?","M","?","M","E","R","$","T","R","E","R","?","?","R","BOSS","M","M","$","?","?","R","M","E","T","R","?","?","?","M","R","BOSS","M"],"items_purchased_type":["Relic","Relic","Card","Relic","Relic"],"build_version":"2020-12-22","purchased_purges":0,"victory":false,"max_hp_per_floor":[50,50,50,50,50,50,50,50,50,50,50,50,50,50,50,50,50,50,50,50,50,50,50,50,50,50,50,1,1,1,1,1,1,1,1,1],"relic_stats":{"counters":[37,188],"Orichalcum":[288],"obtain_stats":[{"Ice Cream":34,"reliquary:Boomerang":24,"hubris:SlimyHat":26,"hubris:RunicObelisk":17,"reliquary:RedCape":34,"theForsaken:Gavel":8,"Sozu":17,"potionbrewer:RamsHorn":29,"reliquary:HotPoker":3,"hubris:Backtick":34,"hubris:Icosahedron":2,"conspire:DecoderRing":26,"hubris:FunFungus":25,"Toxic Egg 2":0,"Orichalcum":0,"Frozen Egg 2":20,"White Beast Statue":9,"reliquary:IridiumChain":11,"potionbrewer:Torch":12,"hubris:BottledHeart":28,"betterThird:SlimedRelic":5,"Orrery":19,"reliquary:Stiletto":30,"Nloth\u0027s Gift":21,"beaked:MendingPlumage":0,"potionbrewer:Keyblade":38,"hubris:Potato":6,"Meat on the Bone":6},{"Ice Cream":18,"reliquary:Boomerang":13,"hubris:SlimyHat":14,"hubris:RunicObelisk":28,"reliquary:RedCape":36,"theForsaken:Gavel":25,"Sozu":9,"potionbrewer:RamsHorn":33,"reliquary:HotPoker":2,"hubris:Backtick":18,"hubris:Icosahedron":22,"conspire:DecoderRing":33,"hubris:FunFungus":33,"Toxic Egg 2":21,"Orichalcum":21,"Frozen Egg 2":30,"White Beast Statue":5,"reliquary:IridiumChain":26,"potionbrewer:Torch":6,"hubris:BottledHeart":33,"betterThird:SlimedRelic":3,"Orrery":10,"reliquary:Stiletto":16,"Nloth\u0027s Gift":11,"beaked:MendingPlumage":0,"potionbrewer:Keyblade":20,"hubris:Potato":4,"Meat on the Bone":25},{"Ice Cream":104,"reliquary:Boomerang":71,"hubris:SlimyHat":81,"hubris:RunicObelisk":148,"reliquary:RedCape":183,"theForsaken:Gavel":131,"Sozu":48,"potionbrewer:RamsHorn":168,"reliquary:HotPoker":9,"hubris:Backtick":104,"hubris:Icosahedron":120,"conspire:DecoderRing":168,"hubris:FunFungus":168,"Toxic Egg 2":115,"Orichalcum":115,"Frozen Egg 2":156,"White Beast Statue":23,"reliquary:IridiumChain":137,"potionbrewer:Torch":28,"hubris:BottledHeart":168,"betterThird:SlimedRelic":12,"Orrery":54,"reliquary:Stiletto":94,"Nloth\u0027s Gift":58,"beaked:MendingPlumage":0,"potionbrewer:Keyblade":111,"hubris:Potato":18,"Meat on the Bone":131}],"Meat on the Bone":72},"card_choices":[{"not_picked":["beaked:WarriorEssence","beaked:Redirect+1"],"picked":"beaked:Tweet+1","floor":1.0},{"not_picked":["beaked:SurvivalInstinct+1","beaked:BraceForImpact+1"],"picked":"beaked:CursingBlood+1","floor":3.0},{"not_picked":["beaked:RuinSticks+1","beaked:DesperateSwing+1"],"picked":"beaked:WarriorSpirit+1","floor":4.0},{"not_picked":["beaked:Insight","beaked:Molting+1"],"picked":"beaked:Redirect+1","floor":5.0},{"not_picked":["beaked:Cower+1","beaked:SurvivalInstinct+1"],"picked":"beaked:WindBringer","floor":6.0},{"not_picked":["beaked:Devastation","beaked:WindBringer"],"picked":"beaked:Brace+1","floor":11.0},{"not_picked":["beaked:HuntressEssence+1","beaked:Pecker"],"picked":"beaked:Windmill","floor":14.0},{"not_picked":["beaked:SacrificialScars+1","beaked:FakeOut"],"picked":"beaked:LiftOff","floor":16.0},{"not_picked":["beaked:Windmill+1","beaked:FeelMyPain+1"],"picked":"beaked:MimicMachine+1","floor":18.0},{"not_picked":["beaked:SurvivalInstinct+1","beaked:Windmill"],"picked":"beaked:Daydream+1","floor":19.0},{"not_picked":["beaked:Resilience+1","beaked:Insight+1"],"picked":"beaked:Recite+1","floor":22.0},{"not_picked":["beaked:HuntressEssence+1","beaked:Windmill"],"picked":"beaked:Tweet+1","floor":24},{"not_picked":["beaked:KnowThyFoe+1","beaked:WarriorEssence"],"picked":"beaked:Mantra+1","floor":25},{"not_picked":["beaked:CursingBlood+1","beaked:MachineSpirit+1"],"picked":"beaked:Evade+1","floor":30},{"not_picked":["beaked:Insight+1","beaked:Struggle","beaked:Cower+1"],"picked":"SKIP","floor":31},{"not_picked":["beaked:ShadowFade+1","beaked:VolatileMisfortune+1"],"picked":"beaked:ScreechingChant+1","floor":33}],"player_experience":44212,"relics_obtained":[{"floor":6.0,"key":"Meat on the Bone"},{"floor":11.0,"key":"reliquary:IridiumChain"},{"floor":25,"key":"hubris:FunFungus"},{"floor":26,"key":"conspire:DecoderRing"},{"floor":29,"key":"potionbrewer:RamsHorn"}],"event_choices":[{"damage_healed":0.0,"max_hp_gain":0.0,"max_hp_loss":0.0,"gold_gain":0.0,"event_name":"betterMatch:BetterMatch","player_choice":"2","floor":4.0,"gold_loss":0.0,"damage_taken":0.0,"cards_obtained":["betterMatch:UncommonCard"]},{"damage_healed":0.0,"max_hp_gain":0.0,"max_hp_loss":0.0,"gold_gain":0.0,"event_name":"betterNote:BetterNote","player_choice":"Ignored","floor":21.0,"gold_loss":0.0,"damage_taken":0.0,"cards_obtained":["theForsaken:Preservation"]}],"is_beta":false,"boss_relics":[{"not_picked":["Velvet Choker","SacredBark"],"picked":"hubris:RunicObelisk"},{"not_picked":["Philosopher\u0027s Stone","hubris:CrackedHourglass"],"picked":"reliquary:RedCape"}],"items_purged_floors":[],"is_endless":false,"potions_floor_spawned":[5,11,19,22,30,33],"killed_by":"3 Shapes","ascension_level":0}}