{"host":"6h0diz2ap0m56grs","time":1614014932,"event":{"mods":["2.2 Compatiblity","BaseMod","Colored Map","Marisa????????","Minty Spire (QoL Compilation)","Quick Restart","Replay The Spire","Shop Mod","StSLib","The Cursed","The Exalted","The Necromancer","The Servant 0.9.4"],"gold_per_floor":[112,127,127,144,168,201,235,270,270,270,303,335,435,469,469,469,469],"floor_reached":16,"language":"ENG","playtime":659,"items_purged":[],"score":311,"play_id":"948f032d-c0b2-4ce2-b4d1-3a5afa35063b","local_time":"20210222112852","daily_mods":["SealedDeck","Heirloom","Time Dilation","Flight"],"is_ascension_mode":true,"campfire_choices":[{"data":"TheCursedMod:CursedBoomerang","floor":15,"key":"SMITH"}],"circlet_count":0,"master_deck":["TheCursedMod:SpitefulStrike","TheCursedMod:CursedBlade","TheCursedMod:HellfireBreathing","TheCursedMod:RapidMovement","TheCursedMod:CursedBoomerang+1","TheCursedMod:Obscuration","TheCursedMod:Obscuration","TheCursedMod:CursedMace","TheCursedMod:CursedStaff","TheCursedMod:DoubleShield","TheCursedMod:SoulCrush","TheCursedMod:RapidMovement","TheCursedMod:DoubleShield","TheCursedMod:ReleasedStrength","TheCursedMod:AbyssShockwave","TheCursedMod:AbyssShockwave"],"relics":["Snecko Eye","Ring of Chaos","replay:Trail_Library","Bromod:ArcaneAvenger","Ring of Fury","Ring of Peace","Boot","Garlic","Lantern","Bromod:ArcanePistoleer","TheCursedMod:BloodyHarpoon","Oddly Smooth Stone","Torii","Blue Doll","Bird Faced Urn"],"acts_visited":["Exordium"],"potions_floor_usage":[],"damage_taken":[{"damage":0,"enemies":"Cultist","floor":1,"turns":1},{"damage":1,"enemies":"Jaw Worm","floor":2,"turns":2},{"damage":0,"enemies":"Small Slimes","floor":4,"turns":1},{"damage":0,"enemies":"3 Sentries","floor":6,"turns":4},{"damage":0,"enemies":"Gremlin Nob","floor":7,"turns":3},{"damage":0,"enemies":"Lagavulin","floor":8,"turns":2},{"damage":0,"enemies":"3 Sentries","floor":11,"turns":4},{"damage":0,"enemies":"Lagavulin","floor":12,"turns":4},{"damage":0,"enemies":"Gremlin Nob","floor":14,"turns":4},{"damage":0,"enemies":"Fading Forest","floor":16,"turns":10}],"seed_played":"442214704276233357","potions_obtained":[{"floor":1,"key":"LiquidBronze"},{"floor":2,"key":"GamblersBrew"},{"floor":7,"key":"Cursed Concoction"},{"floor":11,"key":"DuplicationPotion"}],"is_trial":true,"path_per_floor":["M","M","?","M","T","E","E","E","T","T","E","E","?","E","R","B"],"character_chosen":"THE_CURSED","items_purchased":[],"campfire_rested":0,"item_purchase_floors":[],"current_hp_per_floor":[75,74,74,74,74,74,74,74,74,74,74,74,74,74,74,75,75],"gold":469,"neow_bonus":"","is_daily":false,"chose_seed":false,"campfire_upgraded":1,"win_rate":0.0,"timestamp":1614014932,"path_taken":["M","M","?","M","?","E","E","E","T","?","E","E","?","E","R","BOSS"],"items_purchased_type":[],"build_version":"2020-12-22","purchased_purges":0,"victory":false,"max_hp_per_floor":[75,75,75,75,75,75,75,75,75,75,75,75,75,75,75,75,75],"card_choices":[{"not_picked":["TheCursedMod:Wield","TheCursedMod:RavingStaff"],"picked":"TheCursedMod:SoulCrush","floor":1},{"not_picked":["TheCursedMod:Hemoplague","TheCursedMod:SurpriseAttack","TheCursedMod:Stigma"],"picked":"SKIP","floor":2},{"not_picked":["TheCursedMod:BloodBarrier","TheCursedMod:CursedBlade","TheCursedMod:CursedAmulet"],"picked":"SKIP","floor":4},{"not_picked":["TheCursedMod:StingEye","TheCursedMod:PrepareRite"],"picked":"TheCursedMod:RapidMovement","floor":6},{"not_picked":["TheCursedMod:RapidMovement","TheCursedMod:BlessingInDisguise","TheCursedMod:CursedArmor"],"picked":"SKIP","floor":7},{"not_picked":["TheCursedMod:Torture","TheCursedMod:CircleOfBlood","TheCursedMod:ShockAndAwe"],"picked":"SKIP","floor":8},{"not_picked":["TheCursedMod:ManaBullet","TheCursedMod:SpreadPlague","TheCursedMod:CircleOfCorruption"],"picked":"SKIP","floor":11},{"not_picked":["TheCursedMod:Obscuration","TheCursedMod:TacticalStrike","TheCursedMod:CursedMace"],"picked":"SKIP","floor":12},{"not_picked":["TheCursedMod:StunningStrike","TheCursedMod:TacticalStrike"],"picked":"TheCursedMod:AbyssShockwave","floor":14}],"player_experience":556129,"relics_obtained":[{"floor":3,"key":"Ring of Fury"},{"floor":3,"key":"Ring of Peace"},{"floor":5,"key":"Boot"},{"floor":6,"key":"Garlic"},{"floor":7,"key":"Lantern"},{"floor":8,"key":"Bromod:ArcanePistoleer"},{"floor":9,"key":"TheCursedMod:BloodyHarpoon"},{"floor":10,"key":"Oddly Smooth Stone"},{"floor":11,"key":"Torii"},{"floor":12,"key":"Blue Doll"},{"floor":14,"key":"Bird Faced Urn"}],"event_choices":[{"damage_healed":0,"gold_gain":100,"player_choice":"Gold","damage_taken":0,"max_hp_gain":0,"max_hp_loss":0,"event_name":"Wheel of Change","floor":13,"gold_loss":0}],"is_beta":false,"boss_relics":[],"items_purged_floors":[],"is_endless":false,"potions_floor_spawned":[1,2,7,11],"killed_by":"Fading Forest","ascension_level":1}}