{"host":"96dqtlax74dz00hw","time":1614029741,"event":{"mods":["Bard","BaseMod","Better Altar","ChefMod","Colored Powertips","Downfall","Hermit","Minty Spire (QoL Compilation)","Permanent Neow","Rare Cards Sparkle","StSLib","The Cursed","The Disciple","The Edgeheg","The IronCluck","The Problem Sleuth"],"gold_per_floor":[124,157,127,152,30,94,94,127,127,156,212,244,244,313,313,313,313],"floor_reached":16,"language":"ENG","playtime":1355,"items_purged":[],"score":112,"play_id":"4fd990ff-7f4a-428a-9449-b778a7060b4b","local_time":"20210222133541","is_ascension_mode":false,"campfire_choices":[{"data":"hermit:Manifest","floor":7,"key":"SMITH"},{"data":"hermit:DeadOrAlive","floor":13,"key":"SMITH"},{"data":"hermit:BodyArmor","floor":15,"key":"SMITH"}],"circlet_count":0,"master_deck":["hermit:Strike_Hermit","hermit:Strike_Hermit","hermit:Strike_Hermit","hermit:Strike_Hermit","hermit:Defend_Hermit","hermit:Defend_Hermit","hermit:Defend_Hermit","hermit:Defend_Hermit","hermit:Snapshot","hermit:Covet","hermit:DeadOrAlive+1","hermit:HighCaliber","hermit:BodyArmor","hermit:ShadowCloak","hermit:Manifest+1","hermit:Vantage","hermit:Enervate","hermit:Midnight","hermit:GoldenBullet","hermit:BodyArmor+1"],"relics":["hermit:Momento","Toy Ornithopter","Vajra","Frozen Egg 2"],"acts_visited":["Exordium"],"potions_floor_usage":[6,6,6,14,14],"damage_taken":[{"damage":5,"enemies":"2 Louse","floor":1,"turns":3},{"damage":0,"enemies":"Cultist","floor":2,"turns":2},{"damage":2,"enemies":"Jaw Worm","floor":4,"turns":5},{"damage":25,"enemies":"Gremlin Nob","floor":6,"turns":6},{"damage":0,"enemies":"Large Slime","floor":8,"turns":7},{"damage":0,"enemies":"Blue Slaver","floor":10,"turns":3},{"damage":0,"enemies":"Looter","floor":12,"turns":4},{"damage":8,"enemies":"Lagavulin","floor":14,"turns":5},{"damage":26,"enemies":"Hexaghost","floor":16,"turns":14}],"seed_played":"5458488601369605662","potions_obtained":[{"floor":2,"key":"Guardian:BlockOnCardUsePotion"},{"floor":3,"key":"LiquidBronze"},{"floor":3,"key":"DuplicationPotion"},{"floor":8,"key":"FearPotion"},{"floor":10,"key":"AttackPotion"}],"is_trial":false,"path_per_floor":["M","M","?","M","$","E","R","M","T","M","?","M","R","E","R","B"],"character_chosen":"HERMIT","items_purchased":["hermit:ShadowCloak","hermit:Manifest"],"campfire_rested":0,"item_purchase_floors":[5,5],"current_hp_per_floor":[49,49,49,47,47,22,22,22,22,22,22,22,22,24,24,0,0],"gold":313,"neow_bonus":"THREE_RARE_CARDS","is_daily":false,"chose_seed":false,"campfire_upgraded":3,"win_rate":0.0,"timestamp":1614029741,"path_taken":["M","M","?","M","$","E","R","?","T","M","?","M","R","E","R","BOSS"],"items_purchased_type":["Card","Card"],"build_version":"2020-12-22","purchased_purges":0,"victory":false,"max_hp_per_floor":[75,75,75,75,75,75,75,75,75,75,75,75,75,75,75,75,75],"card_choices":[{"not_picked":["hermit:OverwhelmingPower","hermit:EternalForm"],"picked":"hermit:DeadOrAlive","floor":0},{"not_picked":["hermit:NoHoldsBarred","hermit:DeadMansHand"],"picked":"hermit:HighCaliber","floor":1},{"not_picked":["hermit:Midnight","hermit:Misfire"],"picked":"hermit:BodyArmor","floor":2},{"not_picked":["hermit:RoundhouseKick","hermit:Headshot","hermit:Desperado"],"picked":"SKIP","floor":4},{"not_picked":["hermit:ItchyTrigger","hermit:FromBeyond"],"picked":"hermit:Vantage","floor":6},{"not_picked":["hermit:FullyLoaded","hermit:PistolWhip"],"picked":"hermit:Enervate","floor":8},{"not_picked":["hermit:Virtue","hermit:Dive"],"picked":"hermit:Midnight","floor":10},{"not_picked":["hermit:Desperado","hermit:WideOpen"],"picked":"hermit:GoldenBullet","floor":12},{"not_picked":["hermit:EyeOfTheStorm","hermit:SprayPray"],"picked":"hermit:BodyArmor","floor":14}],"player_experience":927135,"relics_obtained":[{"floor":6,"key":"Toy Ornithopter"},{"floor":9,"key":"Vajra"},{"floor":14,"key":"Frozen Egg 2"}],"event_choices":[{"damage_healed":0,"gold_gain":0,"player_choice":"Bought 2 Potions","damage_taken":0,"max_hp_gain":0,"max_hp_loss":0,"event_name":"The Woman in Blue","floor":3,"gold_loss":0},{"damage_healed":0,"gold_gain":56,"player_choice":"Gained Gold","damage_taken":0,"max_hp_gain":0,"max_hp_loss":0,"event_name":"Golden Wing","floor":11,"gold_loss":0}],"is_beta":false,"boss_relics":[],"items_purged_floors":[],"is_endless":false,"potions_floor_spawned":[2,8,10],"killed_by":"Hexaghost","ascension_level":0}}