{"host":"yam1wfjwvpwz1503","time":1614018315,"event":{"mods":["Act Like it!","Aspiration","Bard","BaseMod","Beaked The Cultist","Colored Powertips","Custom Start","Downfall","Friendly Minions","Hallownest","Hermit","Highlight Path","Hubris","Infinite Spire","Lobotomy","Minty Spire (QoL Compilation)","Quick Restart","Random Character Button","Replay The Spire","Shop Mod","StSLib","The Bug Knight","The Cursed","The Disciple","The Jungle","The Kombatant","The Runesmith"],"gold_per_floor":[99,118,118,138,165,14,37,58,85,149,173,273,291,312,336,440,440,440,468,490,490,321,321,321,340,364,364,402,426,426,457,481,595,595,595,622,646,646,681,681,681,681,681,681,681,706,190,190,190,20,35,37],"floor_reached":53,"language":"ENG","playtime":8825,"items_purged":[],"score":708,"play_id":"9c231f66-af30-4891-909e-ef5e796147c5","local_time":"20210222202515","is_ascension_mode":true,"campfire_choices":[{"data":"hexamod:Float","floor":1,"key":"SMITH"},{"data":"hexamod:GiftsFromTheDead","floor":18,"key":"SMITH"},{"data":"hexamod:NecessarySacrifice","floor":23,"key":"SMITH"},{"floor":30,"key":"REST"},{"data":"hexamod:GiftsFromTheDead","floor":35,"key":"SMITH"},{"floor":40,"key":"REST"},{"floor":42,"key":"REST"}],"circlet_count":0,"master_deck":["hexamod:Strike","hexamod:Defend+1","hexamod:Defend","hexamod:Defend","hexamod:Defend","hexamod:Sear","hexamod:Float+1","hexamod:SecondSeal","hexamod:Hexaguard+1","hexamod:ThirdSeal","hexamod:FirstSeal","hexamod:SpectersWail+1","hexamod:Hexaguard+1","hexamod:NecessarySacrifice+1","hexamod:EmpoweredFlame+1","hexamod:ExtraCrispy+1","hexamod:ThermalTransfer+1","hexamod:SixthSeal","hexamod:GiftsFromTheDead+1","hexamod:GhostflameBarrier+1","hexamod:FlamesFromBeyond+1","hexamod:CatchUp+1","hexamod:PhantomCloak","hexamod:UnlimitedPower","hexamod:Rewind+1","hexamod:EtherealExpedition","hexamod:ExtraCrispy","hexamod:GhostflameBarrier+1","hexamod:UnlimitedPower+1","hexamod:GiftsFromTheDead+1","hexamod:FlamesFromBeyond","hexamod:ParanormalForm","hexamod:FlamesFromBeyond+1","hexamod:HeatShield+1","expansioncontent:PrepareCrush","hexamod:Hexaguard+1","hexamod:GiftsFromTheDead+1","hexamod:ExtraCrispy","hexamod:Incineration","hexamod:GhostOfSpirePast+1","hexamod:TimeWarp","hexamod:GhostOfSpirePast+1"],"relics":["hexamod:SpiritBrand","MerchantsRug","Smiling Mask","Blue Doll","Kunai","Astrolabe","Bottled Tornado","Simple Rune","Runesmith:Locket","Philosopher\u0027s Stone","infinitespire:Midas Blood","Replay:Bronze Core","hubris:Towel","hubris:BottledRain","Garlic","DollysMirror"],"acts_visited":["Exordium","TheCity","TheBeyond"],"potions_floor_usage":[6,10,16,16,16,19,31,32,36,39,39,47],"damage_taken":[{"damage":0,"enemies":"Small Slimes","floor":2,"turns":3},{"damage":0,"enemies":"Cultist","floor":4,"turns":4},{"damage":0,"enemies":"2 Louse","floor":5,"turns":4},{"damage":0,"enemies":"downfall:FleeingMerchant","floor":6,"turns":4},{"damage":0,"enemies":"downfall:LooterAlt","floor":8,"turns":4},{"damage":41,"enemies":"3 Sentries","floor":10,"turns":10},{"damage":7,"enemies":"Gremlin Gang","floor":11,"turns":8},{"damage":7,"enemies":"Red Slaver","floor":13,"turns":4},{"damage":15,"enemies":"2 Fungi Beasts","floor":14,"turns":4},{"damage":2,"enemies":"Blue Slaver","floor":15,"turns":4},{"damage":27,"enemies":"IC_STATUS_ARCHETYPE","floor":16,"turns":10},{"damage":16,"enemies":"downfall:LooterAlt2","floor":19,"turns":5},{"damage":0,"enemies":"Chosen","floor":20,"turns":5},{"damage":10,"enemies":"downfall:FleeingMerchant","floor":22,"turns":4},{"damage":12,"enemies":"Snake Plant","floor":25,"turns":4},{"damage":2,"enemies":"Shelled Parasite and Fungi","floor":26,"turns":8},{"damage":35,"enemies":"Nightmare","floor":28,"turns":10},{"damage":6,"enemies":"Cultist and Chosen","floor":29,"turns":5},{"damage":7,"enemies":"3 Cultists","floor":31,"turns":6},{"damage":17,"enemies":"Centurion and Healer","floor":32,"turns":5},{"damage":8,"enemies":"DF_ARCHETYPE_CLAW","floor":33,"turns":11},{"damage":11,"enemies":"Orb Walker","floor":36,"turns":4},{"damage":4,"enemies":"3 Darklings","floor":37,"turns":5},{"damage":43,"enemies":"4 Shapes","floor":39,"turns":6},{"damage":0,"enemies":"Maw","floor":46,"turns":7},{"damage":16,"enemies":"downfall:FleeingMerchant","floor":47,"turns":4},{"damage":0,"enemies":"downfall:FleeingMerchant","floor":50,"turns":5},{"damage":49,"enemies":"Transient","floor":51,"turns":5},{"damage":7,"enemies":"WA_ARCHETYPE_DIVINITY","floor":52,"turns":13}],"seed_played":"1146924542605163545","potions_obtained":[{"floor":2,"key":"hexamod:DoubleChargePotion"},{"floor":3,"key":"SpeedPotion"},{"floor":3,"key":"SkillPotion"},{"floor":3,"key":"Ancient Potion"},{"floor":10,"key":"hexamod:SoulburnPotion"},{"floor":11,"key":"LiquidBronze"},{"floor":16,"key":"ColorlessPotion"},{"floor":19,"key":"champ:CounterPotion"},{"floor":25,"key":"infinitespire:BlackPotion"},{"floor":32,"key":"Fire Potion"},{"floor":33,"key":"infinitespire:BlackPotion"},{"floor":36,"key":"Adrenaline Potion"},{"floor":46,"key":"ColorlessPotion"}],"is_trial":false,"path_per_floor":["R","M","?","M","M","$","T","M","T","?","M","?","M","M","M","B",null,"R","M","M","T","$","R","T","M","M","AVR","NM","M","R","M","M","B",null,"R","M","M","?","M","R","T","R","PTL","PTL","?","M","$","?","?","$","M","B",null],"character_chosen":"THE_SPIRIT","items_purchased":["MerchantsRug","Simple Rune","hexamod:Hexaguard+1","Garlic","DollysMirror","hexamod:ExtraCrispy","hexamod:Incineration","hexamod:TimeWarp"],"campfire_rested":3,"item_purchase_floors":[6,22,47,47,47,47,47,50],"current_hp_per_floor":[77,77,77,77,77,77,77,77,77,43,43,43,43,35,40,20,77,77,68,75,75,65,65,65,53,58,58,30,31,54,54,37,36,77,77,66,62,62,19,42,42,65,65,65,65,65,56,67,67,67,18,11],"gold":37,"neow_bonus":"TEN_PERCENT_HP_BONUS","is_daily":false,"chose_seed":false,"campfire_upgraded":4,"win_rate":0.0,"timestamp":1614018315,"path_taken":["R","M","?","M","?","$","T","M","?","?","M","?","M","M","M","BOSS","R","M","?","?","$","R","T","M","M","AVR","NM","M","R","M","M","BOSS","R","M","M","?","M","R","T","R","PTL","PTL","?","M","$","?","?","?","M","BOSS"],"items_purchased_type":["Relic","Relic","Card","Relic","Relic","Card","Card","Card"],"build_version":"2020-12-22","purchased_purges":0,"victory":true,"max_hp_per_floor":[77,77,77,77,77,77,77,77,77,77,77,77,77,77,77,77,77,77,77,77,77,77,77,77,77,77,77,77,77,77,77,77,77,77,77,77,77,77,77,77,77,77,77,77,77,77,77,67,67,67,67,67],"card_choices":[{"not_picked":["hexamod:AdvancingGuard","hexamod:ExtraCrispy"],"picked":"hexamod:SecondSeal","floor":2},{"not_picked":["hexamod:BurningTouch","hexamod:FlamesFromBeyond","hexamod:NightmareGuise"],"picked":"SKIP","floor":4},{"not_picked":["hexamod:StepThrough","hexamod:BacktrackSmack"],"picked":"hexamod:Hexaguard","floor":5},{"not_picked":["hexamod:Haunt","hexamod:GhostOfSpirePast"],"picked":"hexamod:ThirdSeal","floor":6},{"not_picked":["hexamod:Firestarter","hexamod:BacktrackSmack"],"picked":"hexamod:FirstSeal","floor":8},{"not_picked":["hexamod:BacktrackSmack","hexamod:RecurringNightmare"],"picked":"hexamod:SpectersWail","floor":10},{"not_picked":["hexamod:ShieldOfDarkness","hexamod:GhostLash"],"picked":"hexamod:Hexaguard","floor":10},{"not_picked":["hexamod:GhostShield","hexamod:ThermalTransfer"],"picked":"hexamod:NecessarySacrifice","floor":11},{"not_picked":["hexamod:GhostflameInferno","hexamod:FlamesFromBeyond","hexamod:GhostLash"],"picked":"SKIP","floor":11},{"not_picked":["hexamod:GhostOfSpireFuture","hexamod:Rewind"],"picked":"hexamod:EmpoweredFlame","floor":13},{"not_picked":["hexamod:SuperheatedStrike","hexamod:FastForward","hexamod:GhostLash"],"picked":"SKIP","floor":13},{"not_picked":["hexamod:SwordOfDarkness","hexamod:ChargedBarrage"],"picked":"hexamod:ExtraCrispy","floor":14},{"not_picked":["hexamod:ShieldOfDarkness","hexamod:NightmareGuise"],"picked":"hexamod:ThermalTransfer","floor":14},{"not_picked":["hexamod:SearingWound","hexamod:SpectersWail","hexamod:SpectralAdrenaline"],"picked":"SKIP","floor":15},{"not_picked":["hexamod:SecondSeal","hexamod:GhostLash","hexamod:HeatMetal"],"picked":"SKIP","floor":15},{"not_picked":["hexamod:UnlimitedPower","hexamod:UnleashSpirits"],"picked":"hexamod:SixthSeal","floor":16},{"not_picked":["hexamod:GhostOfSpirePresent","hexamod:WildfireWeapon"],"picked":"hexamod:GiftsFromTheDead","floor":16},{"not_picked":["hexamod:HeatCrush","hexamod:Firestarter+1","hexamod:GhostLash"],"picked":"SKIP","floor":19},{"not_picked":["hexamod:NightmareStrike+1","hexamod:BacktrackSmack","hexamod:HeatMetal"],"picked":"SKIP","floor":19},{"not_picked":["hexamod:ShieldOfDarkness+1","hexamod:RecurringNightmare","hexamod:SpectersWail+1"],"picked":"SKIP","floor":20},{"not_picked":["hexamod:ThermalTransfer","hexamod:PhantomFireball+1","hexamod:PowerFromBeyond"],"picked":"SKIP","floor":20},{"not_picked":["hexamod:TimeWarp","hexamod:RadiantFlame+1","hexamod:SuperheatedStrike"],"picked":"SKIP","floor":22},{"not_picked":["hexamod:GhostShield+1","hexamod:PowerFromBeyond"],"picked":"hexamod:PhantomCloak","floor":25},{"not_picked":["hexamod:HeatMetal","hexamod:StepThrough+1","hexamod:NecessarySacrifice"],"picked":"SKIP","floor":25},{"not_picked":["hexamod:HeatCrush+1","hexamod:ThirdSeal"],"picked":"hexamod:UnlimitedPower","floor":26},{"not_picked":["hexamod:FastForward+1","hexamod:SoulSteal"],"picked":"hexamod:Rewind+1","floor":26},{"not_picked":["hexamod:StepThrough","hexamod:PhantomFireball"],"picked":"hexamod:EtherealExpedition","floor":28},{"not_picked":["hexamod:GhostLash","hexamod:BacktrackSmack"],"picked":"hexamod:ExtraCrispy","floor":28},{"not_picked":["hexamod:ThermalTransfer+1","hexamod:Incineration"],"picked":"hexamod:GhostflameBarrier+1","floor":29},{"not_picked":["hexamod:NightmareStrike","hexamod:RainOfEmbers+1","hexamod:NightmareGuise"],"picked":"SKIP","floor":29},{"not_picked":["hexamod:ThirdSeal","hexamod:SpectersWail+1","hexamod:InspiringFlames"],"picked":"SKIP","floor":31},{"not_picked":["hexamod:ThirdSeal","hexamod:SuperheatedStrike","hexamod:Again+1"],"picked":"SKIP","floor":31},{"not_picked":["hexamod:GhostShield","hexamod:FirstSeal","hexamod:RainOfEmbers"],"picked":"SKIP","floor":32},{"not_picked":["hexamod:NecessarySacrifice+1","hexamod:SuperheatedStrike+1","hexamod:ShieldOfDarkness+1"],"picked":"SKIP","floor":32},{"not_picked":["hexamod:WildfireWeapon","hexamod:ParanormalForm"],"picked":"hexamod:UnlimitedPower","floor":33},{"not_picked":["hexamod:SearingWound","hexamod:ParanormalForm"],"picked":"hexamod:GiftsFromTheDead","floor":33},{"not_picked":["hexamod:AdvancingGuard","hexamod:BacktrackSmack+1"],"picked":"hexamod:FlamesFromBeyond","floor":36},{"not_picked":["hexamod:GhostShield+1","hexamod:InspiringFlames"],"picked":"hexamod:ParanormalForm","floor":37},{"not_picked":["hexamod:SpectralSpark+1","hexamod:ShieldOfDarkness"],"picked":"hexamod:FlamesFromBeyond+1","floor":37},{"not_picked":["hexamod:NightmareStrike","hexamod:HeatMetal"],"picked":"hexamod:HeatShield","floor":39},{"not_picked":["hexamod:NightmareStrike","hexamod:CatchUp+1","hexamod:Hexaguard+1"],"picked":"SKIP","floor":39},{"not_picked":["Replay:SS_hec_1","expansioncontent:YouAreMine"],"picked":"expansioncontent:PrepareCrush","floor":45},{"not_picked":["hexamod:SpectersWail+1","hexamod:FlamesFromBeyond","hexamod:ExtraCrispy"],"picked":"SKIP","floor":46},{"not_picked":["hexamod:EtherealExpedition","hexamod:Rewind","hexamod:SwordOfDarkness"],"picked":"SKIP","floor":47},{"not_picked":["hexamod:ShieldOfDarkness","hexamod:GhostflameBarrier+1"],"picked":"hexamod:GhostOfSpirePast+1","floor":50},{"not_picked":["hexamod:GhostLash+1","hexamod:CatchUp"],"picked":"hexamod:GhostOfSpirePast+1","floor":51}],"player_experience":1289884,"relics_obtained":[{"floor":7,"key":"Smiling Mask"},{"floor":9,"key":"Blue Doll"},{"floor":10,"key":"Kunai"},{"floor":21,"key":"Bottled Tornado"},{"floor":24,"key":"Runesmith:Locket"},{"floor":28,"key":"infinitespire:Midas Blood"},{"floor":41,"key":"hubris:BottledRain"}],"event_choices":[{"damage_healed":0,"gold_gain":0,"player_choice":"Got Potions","damage_taken":0,"max_hp_gain":0,"max_hp_loss":0,"event_name":"Lab","floor":3,"gold_loss":0}],"is_beta":false,"boss_relics":[{"not_picked":["aspiration:SilentSkillbook","Abe\u0027s Treasure"],"picked":"Astrolabe"},{"not_picked":["hexamod:UnbrokenSoul","Pandora\u0027s Box"],"picked":"Replay:Bronze Core"}],"items_purged_floors":[],"is_endless":false,"potions_floor_spawned":[2,5,10,11,13,15,16,19,25,32,33,36,46],"ascension_level":1}}