{"host":"43a645w54hpfbzri","time":1614018651,"event":{"mods":["AchievementEnabler","BaseMod","BetterRewards","Card Forge","Colored Map","Colored Powertips","Minty Spire (QoL Compilation)","Rare Cards Sparkle","StSLib","The Cursed"],"gold_per_floor":[119,119,119,134,99,51,51,68,68,68,80,97,97,97,97,199,199,214,231,81,97,97,97,112,112,112,0,11,11,30,42,42,147,147,163,163,183,183,183,203,203,223,223,223,240,251,268,280,280,280,280],"floor_reached":50,"language":"ENG","playtime":1252,"items_purged":[],"score":565,"play_id":"e6d867f9-9b09-460f-87c5-2373764b3eaf","local_time":"20210222113051","is_ascension_mode":false,"campfire_choices":[{"floor":7,"key":"REST"},{"floor":10,"key":"REST"},{"floor":15,"key":"REST"},{"floor":23,"key":"REST"},{"floor":25,"key":"REST"},{"floor":29,"key":"REST"},{"floor":32,"key":"REST"},{"floor":41,"key":"REST"},{"floor":44,"key":"REST"},{"floor":49,"key":"REST"}],"circlet_count":0,"master_deck":["Defend_P+1","PathToVictory+1","PathToVictory+1","PathToVictory+1","Swivel+1"],"relics":["PureWater","Hammer of Thor","Seething Fire","Anvil of the Gods"],"acts_visited":["Exordium","TheCity","TheBeyond"],"potions_floor_usage":[20,21,21,33,33,40,45,48,50],"damage_taken":[{"damage":0,"enemies":"2 Louse","floor":1,"turns":3},{"damage":0,"enemies":"Jaw Worm","floor":4,"turns":1},{"damage":0,"enemies":"Cultist","floor":8,"turns":1},{"damage":0,"enemies":"Blue Slaver","floor":11,"turns":1},{"damage":0,"enemies":"Large Slime","floor":12,"turns":2},{"damage":0,"enemies":"Slime Boss","floor":16,"turns":2},{"damage":2,"enemies":"Shell Parasite","floor":18,"turns":2},{"damage":0,"enemies":"Spheric Guardian","floor":19,"turns":2},{"damage":5,"enemies":"Snake Plant","floor":21,"turns":2},{"damage":4,"enemies":"Chosen and Byrds","floor":24,"turns":3},{"damage":22,"enemies":"Shelled Parasite and Fungi","floor":28,"turns":3},{"damage":13,"enemies":"Centurion and Healer","floor":30,"turns":4},{"damage":15,"enemies":"Snake Plant","floor":31,"turns":3},{"damage":0,"enemies":"Automaton","floor":33,"turns":4},{"damage":2,"enemies":"Orb Walker","floor":35,"turns":2},{"damage":8,"enemies":"3 Shapes","floor":37,"turns":3},{"damage":0,"enemies":"Transient","floor":40,"turns":5},{"damage":16,"enemies":"Spire Growth","floor":42,"turns":3},{"damage":22,"enemies":"Sphere and 2 Shapes","floor":45,"turns":4},{"damage":0,"enemies":"Transient","floor":46,"turns":5},{"damage":7,"enemies":"Writhing Mass","floor":47,"turns":2},{"damage":15,"enemies":"Sphere and 2 Shapes","floor":48,"turns":4},{"damage":101,"enemies":"Donu and Deca","floor":50,"turns":6}],"seed_played":"-2682363741414367226","potions_obtained":[{"floor":1,"key":"BottledMiracle"},{"floor":4,"key":"Energy Potion"},{"floor":14,"key":"LiquidMemories"},{"floor":14,"key":"DuplicationPotion"},{"floor":28,"key":"FairyPotion"},{"floor":30,"key":"Block Potion"},{"floor":31,"key":"Fire Potion"},{"floor":33,"key":"Block Potion"},{"floor":35,"key":"CultistPotion"},{"floor":40,"key":"SneckoOil"},{"floor":46,"key":"LiquidMemories"}],"is_trial":false,"path_per_floor":["M","?","?","M","?","$","R","M","T","R","M","M","?","?","R","B",null,"M","M","$","M","?","R","M","R","T","?","M","R","M","M","R","B",null,"M","$","M","$","?","M","R","M","T","R","M","M","M","M","R","B"],"character_chosen":"WATCHER","items_purchased":["Weak Potion","Fruit Juice","Swift Potion"],"campfire_rested":10,"item_purchase_floors":[6,20,20],"current_hp_per_floor":[79,79,79,79,79,79,79,79,79,79,79,79,79,79,79,79,79,77,77,82,77,77,84,80,84,84,84,62,84,71,56,81,81,84,82,82,74,74,74,74,84,68,68,84,62,62,55,40,65,0,0],"gold":280,"neow_bonus":"TEN_PERCENT_HP_BONUS","is_daily":false,"chose_seed":false,"campfire_upgraded":0,"win_rate":0.0,"timestamp":1614018651,"path_taken":["M","?","?","?","?","$","R","M","T","R","M","M","?","?","R","BOSS","M","M","$","M","?","R","?","R","T","?","M","R","M","M","R","BOSS","M","$","M","$","?","M","R","M","T","R","?","M","M","M","R","BOSS"],"items_purchased_type":["Potion","Potion","Potion"],"build_version":"2020-12-22","purchased_purges":0,"victory":false,"max_hp_per_floor":[79,79,79,79,79,79,79,79,79,79,79,79,79,79,79,79,79,79,79,84,84,84,84,84,84,84,84,84,84,84,84,84,84,84,84,84,84,84,84,84,84,84,84,84,84,84,84,84,84,84,84],"card_choices":[{"not_picked":["InnerPeace","ClearTheMind","Study"],"picked":"SKIP","floor":1},{"not_picked":["InnerPeace","ClearTheMind","Study"],"picked":"SKIP","floor":1},{"not_picked":["FlurryOfBlows","ThirdEye","LikeWater"],"picked":"SKIP","floor":4},{"not_picked":["Evaluate","ClearTheMind","Perseverance"],"picked":"SKIP","floor":8},{"not_picked":["BowlingBash","FollowUp","FlurryOfBlows"],"picked":"SKIP","floor":11},{"not_picked":["Ragnarok","Nirvana","FlurryOfBlows"],"picked":"SKIP","floor":12},{"not_picked":["FearNoEvil","EmptyMind","Halt+1"],"picked":"SKIP","floor":18},{"not_picked":["Protect","CarveReality","WaveOfTheHand"],"picked":"SKIP","floor":19},{"not_picked":["SashWhip+1","FlyingSleeves","CutThroughFate"],"picked":"SKIP","floor":21},{"not_picked":["ClearTheMind","Crescendo","WreathOfFlame"],"picked":"SKIP","floor":24},{"not_picked":["Tantrum","SashWhip","Perseverance"],"picked":"SKIP","floor":28},{"not_picked":["Sanctity+1","EmptyFist","CutThroughFate+1"],"picked":"SKIP","floor":30},{"not_picked":["Vengeance","EmptyFist","Weave+1"],"picked":"SKIP","floor":31},{"not_picked":["Tantrum+1","Consecrate+1","BowlingBash+1"],"picked":"SKIP","floor":35},{"not_picked":["ClearTheMind","EmptyFist+1","Protect+1"],"picked":"SKIP","floor":37},{"not_picked":["EmptyFist+1","Vengeance","Crescendo"],"picked":"SKIP","floor":40},{"not_picked":["Perseverance","WreathOfFlame+1","Protect+1"],"picked":"SKIP","floor":42},{"not_picked":["BowlingBash+1","EmptyFist+1","PathToVictory"],"picked":"SKIP","floor":45},{"not_picked":["ThirdEye+1","ClearTheMind","EmptyBody"],"picked":"SKIP","floor":46},{"not_picked":["WheelKick+1","Crescendo+1","CutThroughFate+1"],"picked":"SKIP","floor":47},{"not_picked":["Halt+1","LikeWater","Fasting2+1"],"picked":"SKIP","floor":48}],"player_experience":64846,"relics_obtained":[],"event_choices":[{"damage_healed":0,"gold_gain":0,"player_choice":"Ignored","damage_taken":0,"max_hp_gain":0,"max_hp_loss":0,"event_name":"Golden Idol","floor":2,"gold_loss":0},{"damage_healed":0,"gold_gain":0,"player_choice":"Ignored","damage_taken":0,"max_hp_gain":0,"max_hp_loss":0,"event_name":"Accursed Blacksmith","floor":3,"gold_loss":0},{"damage_healed":19,"gold_gain":0,"player_choice":"Healed","damage_taken":0,"max_hp_gain":0,"max_hp_loss":0,"event_name":"The Cleric","floor":5,"gold_loss":35},{"damage_healed":0,"gold_gain":0,"player_choice":"Ignored","damage_taken":0,"max_hp_gain":0,"max_hp_loss":0,"event_name":"Golden Wing","floor":13,"gold_loss":0},{"damage_healed":0,"gold_gain":0,"player_choice":"Got Potions","damage_taken":0,"max_hp_gain":0,"max_hp_loss":0,"event_name":"Lab","floor":14,"gold_loss":0},{"damage_healed":0,"gold_gain":0,"player_choice":"Ignored","damage_taken":0,"max_hp_gain":0,"max_hp_loss":0,"event_name":"WeMeetAgain","floor":22,"gold_loss":0},{"damage_healed":0,"gold_gain":0,"player_choice":"Paid Fearfully","damage_taken":0,"max_hp_gain":0,"max_hp_loss":0,"event_name":"Masked Bandits","floor":27,"gold_loss":112},{"damage_healed":0,"gold_gain":0,"player_choice":"Ignored","damage_taken":0,"max_hp_gain":0,"max_hp_loss":0,"event_name":"Transmorgrifier","floor":39,"gold_loss":0}],"is_beta":false,"boss_relics":[{"not_picked":["SacredBark","Calling Bell","Snecko Eye"]},{"not_picked":["SacredBark","Calling Bell","Snecko Eye"]}],"items_purged_floors":[],"is_endless":false,"potions_floor_spawned":[1,4,11,28,30,31,33,35,40,42,46],"killed_by":"Donu and Deca","ascension_level":0}}