{"host":"kmiq0jcx6kate40j","time":1614004827,"event":{"mods":["BaseMod","Downfall","GifTheSpireLib","Hermit","Minty Spire (QoL Compilation)","Replay The Spire","StSLib","The Blackbeard","The Saiyan"],"gold_per_floor":[117,132,57,74,90,90,9,37,37,37,72,86,101,127,127,229,229,245,259,271,28,38,38,38,38],"floor_reached":24,"language":"ZHS","playtime":1659,"items_purged":["Strike_R","Defend_R"],"score":256,"play_id":"98f5d32e-e194-4688-9df8-91477a2082be","local_time":"20210222224027","is_ascension_mode":true,"campfire_choices":[{"data":"Feed","floor":6,"key":"SMITH"},{"floor":10,"key":"REST"},{"floor":15,"key":"REST"},{"floor":23,"key":"REST"}],"circlet_count":0,"master_deck":["Strike_R+1","Strike_R+1","Strike_R+1","Strike_R+1","Defend_R","Defend_R","Defend_R","Bash","Sword Boomerang","ReplayReversal","Bloodletting","Feed+1","Mind Blast","Body Slam","Armaments","Pommel Strike","Feed","Reaper","Headbutt+1","Infernal Blade+1","Flame Barrier+1"],"relics":["Burning Blood","Divine Protection","Garlic","Replay:Bottled Eggs","Kunai","Velvet Choker","Pet Ghost"],"acts_visited":["Exordium","TheCity"],"potions_floor_usage":[8,11,13,16,20],"damage_taken":[{"damage":6,"enemies":"Jaw Worm","floor":1,"turns":3},{"damage":5,"enemies":"Small Slimes","floor":2,"turns":4},{"damage":7,"enemies":"2 Louse","floor":4,"turns":4},{"damage":8,"enemies":"Looter","floor":5,"turns":3},{"damage":70,"enemies":"Gremlin Nob","floor":8,"turns":6},{"damage":8,"enemies":"Replay:BlueRogue","floor":11,"turns":5},{"damage":5,"enemies":"Red Slaver","floor":12,"turns":2},{"damage":0,"enemies":"Blue Slaver","floor":13,"turns":5},{"damage":9,"enemies":"Gremlin Nob","floor":14,"turns":4},{"damage":46,"enemies":"Fading Forest","floor":16,"turns":11},{"damage":3,"enemies":"3 Byrds","floor":18,"turns":5},{"damage":15,"enemies":"Shell Parasite","floor":19,"turns":5},{"damage":33,"enemies":"Centurion and Healer","floor":20,"turns":5},{"damage":37,"enemies":"Sentry and Sphere","floor":22,"turns":8},{"damage":92,"enemies":"Gremlin Leader","floor":24,"turns":10}],"seed_played":"-8827775555695384733","potions_obtained":[{"floor":1,"key":"AttackPotion"},{"floor":8,"key":"AttackPotion"},{"floor":12,"key":"Swift Potion"},{"floor":14,"key":"SteroidPotion"},{"floor":19,"key":"Fire Potion"}],"is_trial":false,"path_per_floor":["M","M","$","M","M","R","$","E","T","R","E","M","M","E","R","B",null,"M","M","M","$","M","R","E"],"character_chosen":"IRONCLAD","items_purchased":["Mind Blast","Pet Ghost"],"campfire_rested":3,"item_purchase_floors":[7,21],"current_hp_per_floor":[80,80,80,79,77,77,77,13,13,37,35,40,50,47,73,43,88,92,87,71,71,40,70,0,0],"gold":38,"neow_bonus":"THREE_CARDS","is_daily":false,"chose_seed":false,"campfire_upgraded":1,"win_rate":0.0,"timestamp":1614004827,"path_taken":["M","M","$","M","M","R","$","E","T","R","E","M","M","E","R","BOSS","M","M","M","$","M","R","E"],"items_purchased_type":["Card","Relic"],"build_version":"2020-12-22","purchased_purges":2,"victory":false,"max_hp_per_floor":[80,80,80,80,80,80,80,80,80,80,80,84,88,88,88,88,88,92,96,103,103,103,103,103,103],"card_choices":[{"not_picked":["Clash","Twin Strike"],"picked":"Sword Boomerang","floor":0},{"not_picked":["Evolve","Clash"],"picked":"ReplayReversal","floor":1},{"not_picked":["Iron Wave","Perfected Strike","Clothesline"],"picked":"SKIP","floor":2},{"not_picked":["Wild Strike","True Grit"],"picked":"Bloodletting","floor":4},{"not_picked":["ReplayTheSpireMod:Strike From Hell","Sentinel"],"picked":"Feed","floor":5},{"not_picked":["True Grit","Havoc"],"picked":"Body Slam","floor":8},{"not_picked":["ReplayTheSpireMod:Strike From Hell","Thunderclap","Sword Boomerang"],"picked":"SKIP","floor":11},{"not_picked":["Clash","Massacre"],"picked":"Armaments","floor":12},{"not_picked":["Sever Soul","Dropkick"],"picked":"Pommel Strike","floor":13},{"not_picked":["Uppercut","Cleave"],"picked":"Feed","floor":14},{"not_picked":["Feed","Corruption"],"picked":"Reaper","floor":16},{"not_picked":["Wild Strike","Thunderclap","Anger"],"picked":"SKIP","floor":18},{"not_picked":["Wild Strike","Dark Embrace"],"picked":"Headbutt+1","floor":19},{"not_picked":["True Grit","Cleave"],"picked":"Infernal Blade+1","floor":20},{"not_picked":["Heavy Blade","Hemokinesis"],"picked":"Flame Barrier+1","floor":22}],"player_experience":58212,"relics_obtained":[{"floor":8,"key":"Divine Protection"},{"floor":9,"key":"Garlic"},{"floor":11,"key":"Replay:Bottled Eggs"},{"floor":14,"key":"Kunai"}],"event_choices":[],"is_beta":false,"boss_relics":[{"not_picked":["Runic Pyramid","ReplayTheSpireMod:DimensionalGlitch"],"picked":"Velvet Choker"}],"items_purged_floors":[3,21],"is_endless":false,"potions_floor_spawned":[1,8,11,12,14,19],"killed_by":"Gremlin Leader","ascension_level":1}}