{"host":"8is2j71l4wmybkoi","time":1614005823,"event":{"mods":["AchievementEnabler","BaseMod","Colored Map","DeckTracker","Minty Spire (QoL Compilation)","Rare Cards Sparkle","Relic Stats","StSLib","SuperFastMode"],"gold_per_floor":[114,114,62,62,76,111,111,128,128,163,213,213,213],"floor_reached":12,"language":"KOR","playtime":351,"items_purged":[],"score":151,"play_id":"dc9c3011-29c8-4cc6-85ca-9cc23d9386f3","local_time":"20210222235703","is_ascension_mode":true,"campfire_choices":[{"data":"Static Discharge","floor":7,"key":"SMITH"}],"circlet_count":0,"master_deck":["AscendersBane","Strike_B","Strike_B","Strike_B","Strike_B","Defend_B","Defend_B","Defend_B","Defend_B+1","Zap+1","Dualcast+1","Sweeping Beam","Static Discharge+1","Seek","Ball Lightning","Chaos"],"relics":["Cracked Core","War Paint","Question Card","InkBottle","Bottled Lightning","Blood Vial"],"acts_visited":["Exordium"],"potions_floor_usage":[6,12,12],"damage_taken":[{"damage":2,"enemies":"Jaw Worm","floor":1,"turns":4},{"damage":2,"enemies":"Small Slimes","floor":5,"turns":2},{"damage":17,"enemies":"3 Sentries","floor":6,"turns":4},{"damage":0,"enemies":"Cultist","floor":8,"turns":2},{"damage":20,"enemies":"Lagavulin","floor":10,"turns":6},{"damage":17,"enemies":"3 Sentries","floor":12,"turns":3}],"seed_played":"-8987140573441037251","potions_obtained":[{"floor":6,"key":"GamblersBrew"},{"floor":8,"key":"SpeedPotion"}],"is_trial":false,"path_per_floor":["M","?","$","?","M","E","R","M","T","E","?","E"],"character_chosen":"DEFECT","items_purchased":["Fire Potion"],"campfire_rested":0,"item_purchase_floors":[3],"current_hp_per_floor":[62,51,51,51,49,32,32,32,32,12,12,0,0],"gold":213,"neow_bonus":"RANDOM_COMMON_RELIC","is_daily":false,"chose_seed":false,"campfire_upgraded":1,"win_rate":0.0,"timestamp":1614005823,"path_taken":["M","?","$","?","?","E","R","M","T","E","?","E"],"items_purchased_type":["Potion"],"build_version":"2020-12-22","purchased_purges":0,"victory":false,"max_hp_per_floor":[71,71,71,71,71,71,71,71,71,71,71,71,71],"relic_stats":{"Blood Vial":2,"counters":[6,21],"War Paint":["Dualcast","Defend_B"],"Question Card":4,"obtain_stats":[{"Blood Vial":10,"Bottled Lightning":9,"War Paint":0,"Cracked Core":0,"Question Card":2,"InkBottle":6},{"Blood Vial":5,"Bottled Lightning":4,"War Paint":0,"Cracked Core":0,"Question Card":1,"InkBottle":3},{"Blood Vial":18,"Bottled Lightning":12,"War Paint":0,"Cracked Core":0,"Question Card":4,"InkBottle":10}],"InkBottle":[3]},"card_choices":[{"not_picked":["Stack","Coolheaded"],"picked":"Sweeping Beam","floor":1},{"not_picked":["Doom and Gloom","Stack","Coolheaded"],"picked":"Static Discharge","floor":5},{"not_picked":["Recycle","Double Energy","Capacitor"],"picked":"Seek","floor":6},{"not_picked":["Stack","Heatsinks","Leap"],"picked":"Ball Lightning","floor":8},{"not_picked":["Loop","Force Field","Gash"],"picked":"Chaos","floor":10}],"player_experience":1296447,"relics_obtained":[{"floor":6,"key":"InkBottle"},{"floor":9,"key":"Bottled Lightning"},{"floor":10,"key":"Blood Vial"}],"event_choices":[{"damage_healed":0,"gold_gain":0,"player_choice":"Success","damage_taken":11,"relics_obtained":["Question Card"],"max_hp_gain":0,"max_hp_loss":0,"event_name":"Scrap Ooze","floor":2,"gold_loss":0},{"damage_healed":0,"gold_gain":0,"player_choice":"Forge","damage_taken":0,"max_hp_gain":0,"max_hp_loss":0,"event_name":"Accursed Blacksmith","floor":4,"gold_loss":0,"cards_upgraded":["Zap"]},{"damage_healed":0,"gold_gain":50,"player_choice":"Pray","damage_taken":0,"max_hp_gain":0,"max_hp_loss":0,"event_name":"Golden Shrine","floor":11,"gold_loss":0}],"is_beta":false,"boss_relics":[],"items_purged_floors":[],"is_endless":false,"potions_floor_spawned":[6,8],"killed_by":"3 Sentries","ascension_level":15}}