{"host":"p5axfb00mxhraew6","time":1614002332,"event":{"mods":["100% Spire Juice","Abigail Mod","Act Like it!","BaseMod","CapriCore","Friendly Minions","GifTheSpireLib","Jedi Mod","KomeijiMod","MarisaÅiñ∂âJÅ@ñÇóùçπÅj","Minty Spire (QoL Compilation)","Prisma Mod","ReimuÅiîé??öÎÅj","RemiliaÅiÂQïƒ‰ª?Åj","SOSÅiézîb?îVéqÅj","StSLib","Td1madao Mod","The Alterego","The Immortal","The Problem Sleuth","Yakumo Yukari mod"],"gold_per_floor":[113,113,113,127,141,141,155,198,198,198,223,254,254,254,254,378,378,392,392,415,339,44,44,44,44,44],"floor_reached":25,"language":"ENG","playtime":1022,"items_purged":["Strike_Lin:ReiMu"],"score":314,"play_id":"a3710da8-db6f-4013-a39c-54ab6657e465","local_time":"20210222225852","is_ascension_mode":true,"campfire_choices":[{"data":"AirManeuver:ReiMu","floor":6,"key":"SMITH"},{"data":"TightArray:ReiMu","floor":10,"key":"SMITH"},{"data":"NineCharacters:ReiMu","floor":15,"key":"SMITH"},{"floor":23,"key":"REST"}],"circlet_count":0,"master_deck":["Strike_Lin:ReiMu","Strike_Lin:ReiMu","Strike_Lin:ReiMu","Defend_Lin:ReiMu","Defend_Lin:ReiMu","Defend_Lin:ReiMu","Defend_Lin:ReiMu","NB:ReiMu","Stagnation:ReiMu","AirManeuver:ReiMu+1","SpringWay:ReiMu","RainPray2:ReiMu","TightArray:ReiMu+1","Amulet:ReiMu","NineCharacters:ReiMu+1","Shading:ReiMu","Intuition:ReiMu","TightArray:ReiMu+1","TightArray:ReiMu","ForcedLanding:ReiMu"],"relics":["ShineYinYang:ReiMu","NeowsBlessing","Golden Idol","jedi:HeartOfTheCards","Pantograph","Juzu Bracelet","ThirstyCross","Ancient Tea Set","TentaclePot:ReiMu"],"acts_visited":["Exordium","TheCity"],"potions_floor_usage":[12,16,20],"damage_taken":[{"damage":0,"enemies":"Jaw Worm","floor":1,"turns":1},{"damage":0,"enemies":"2 Louse","floor":4,"turns":2},{"damage":0,"enemies":"Small Slimes","floor":5,"turns":2},{"damage":12,"enemies":"Red Slaver","floor":7,"turns":7},{"damage":6,"enemies":"Lagavulin","floor":8,"turns":10},{"damage":2,"enemies":"Large Slime","floor":11,"turns":10},{"damage":28,"enemies":"Gremlin Nob","floor":12,"turns":6},{"damage":25,"enemies":"The Guardian","floor":16,"turns":13},{"damage":3,"enemies":"Chosen","floor":18,"turns":8},{"damage":26,"enemies":"Spheric Guardian","floor":20,"turns":10},{"damage":43,"enemies":"Slavers","floor":25,"turns":4}],"seed_played":"-2702997868784618887","potions_obtained":[{"floor":5,"key":"Energy Potion"},{"floor":8,"key":"BlessingOfTheForge"},{"floor":16,"key":"SkillPotion"}],"is_trial":false,"path_per_floor":["M","?","?","M","M","R","M","E","T","R","M","E","?","?","R","B",null,"M","?","M","?","$","R","$","E"],"character_chosen":"REIMU","items_purchased":["TentaclePot:ReiMu","ForcedLanding:ReiMu"],"campfire_rested":1,"item_purchase_floors":[22,22],"current_hp_per_floor":[59,59,59,59,59,59,47,41,41,41,39,11,31,31,31,31,53,50,50,24,24,24,42,42,0,0],"gold":44,"neow_bonus":"THREE_ENEMY_KILL","is_daily":false,"chose_seed":false,"campfire_upgraded":3,"win_rate":0.0,"timestamp":1614002332,"path_taken":["M","?","?","M","M","R","M","E","T","R","M","E","?","?","R","BOSS","M","?","M","?","$","R","$","E"],"items_purchased_type":["Relic","Card"],"build_version":"2020-12-22","purchased_purges":1,"victory":false,"max_hp_per_floor":[65,65,60,60,60,60,60,60,60,60,60,60,60,60,60,60,60,60,60,60,60,60,60,60,60,60],"card_choices":[{"not_picked":["SafetyPray:ReiMu","AlertArray:ReiMu"],"picked":"AirManeuver:ReiMu","floor":1},{"not_picked":["LearningPray:ReiMu","Mountainwind:ReiMu"],"picked":"SpringWay:ReiMu","floor":4},{"not_picked":["Enchanting:ReiMu","SpringWay:ReiMu"],"picked":"RainPray2:ReiMu","floor":5},{"not_picked":["AlertArray:ReiMu","OrbThrow:ReiMu"],"picked":"TightArray:ReiMu","floor":7},{"not_picked":["OrbThrow:ReiMu","Shading:ReiMu"],"picked":"Amulet:ReiMu","floor":8},{"not_picked":["AlertArray:ReiMu","Meditation:ReiMu","LearningPray:ReiMu"],"picked":"SKIP","floor":11},{"not_picked":["SubcavityInstant:ReiMu","Intuition:ReiMu"],"picked":"NineCharacters:ReiMu","floor":12},{"not_picked":["OctopathSalyBorderN:ReiMu","HakureiPhantom:ReiMu"],"picked":"Shading:ReiMu","floor":16},{"not_picked":["BarrageOfMoneybags:ReiMu","Meditation:ReiMu+1"],"picked":"Intuition:ReiMu","floor":18},{"not_picked":["PassingAway:ReiMu+1","UpKicking:ReiMu"],"picked":"TightArray:ReiMu","floor":20}],"player_experience":1253245,"relics_obtained":[{"floor":8,"key":"jedi:HeartOfTheCards"},{"floor":9,"key":"Pantograph"},{"floor":12,"key":"Juzu Bracelet"}],"event_choices":[{"damage_healed":0,"gold_gain":0,"player_choice":"Lose Max HP","damage_taken":0,"relics_obtained":["Golden Idol"],"max_hp_gain":0,"max_hp_loss":5,"event_name":"Golden Idol","floor":3,"gold_loss":0},{"damage_healed":20,"gold_gain":0,"player_choice":"Banana","damage_taken":0,"max_hp_gain":0,"max_hp_loss":0,"event_name":"Big Fish","floor":13,"gold_loss":0},{"damage_healed":0,"gold_gain":0,"player_choice":"Copied","damage_taken":0,"max_hp_gain":0,"max_hp_loss":0,"event_name":"Duplicator","floor":19,"gold_loss":0,"cards_obtained":["TightArray:ReiMu"]},{"damage_healed":0,"gold_gain":0,"player_choice":"Paid Gold","damage_taken":0,"relics_obtained":["Ancient Tea Set"],"max_hp_gain":0,"max_hp_loss":0,"event_name":"WeMeetAgain","floor":21,"gold_loss":76}],"is_beta":false,"boss_relics":[{"not_picked":["Calling Bell","SacredBark"],"picked":"ShineYinYang:ReiMu"}],"items_purged_floors":[22],"is_endless":false,"potions_floor_spawned":[5,8,16],"killed_by":"Slavers","ascension_level":10}}