{"host":"eqoc4xtxwtie1mw2","time":1614026796,"event":{"mods":["2.2 Compatiblity","AchievementEnabler","Act Like it!","BaseMod","Bestiary","Better Altar","Better Match","Better Note","Better Sensory Stone","Better Skull","Better Third Choice","Better Vampires","BetterRewards","Block Reminder","Colored Map","Colored Powertips","Curses Come First","Downfall","Hallownest","Hermit","Hubris","Infinite Spire","Marked Mod","Minty Spire (QoL Compilation)","Permanent Neow","Rare Cards Sparkle","Relic Stats","Reliquary","Replay The Spire","Spicy Shops","StSLib","The Bug Knight"],"gold_per_floor":[111,129,204,204,204,247,247,268,293,308,2,21,21,296,296,426,426,441,441,366,43,67,67,137,137,137,11,11,101,101,101,101,231,231,250,250,250],"floor_reached":36,"language":"ENG","playtime":5929,"items_purged":[],"score":453,"play_id":"a1acf0c6-1e7f-4ba8-a869-493e9863e2db","local_time":"20210222144636","is_ascension_mode":false,"campfire_choices":[{"floor":7,"key":"REST"},{"data":"hermit:CalledShot","floor":13,"key":"SMITH"},{"floor":15,"key":"REST"},{"data":"hermit:FatalDesire","floor":23,"key":"SMITH"},{"floor":25,"key":"REST"},{"data":"hermit:Maintenance","floor":28,"key":"SMITH"},{"floor":32,"key":"REST"}],"circlet_count":0,"master_deck":["hermit:Strike_Hermit","hermit:Strike_Hermit+1","hermit:Strike_Hermit","hermit:Strike_Hermit","hermit:Defend_Hermit","hermit:Defend_Hermit","hermit:Defend_Hermit","hermit:Snapshot","hermit:Covet","hermit:SprayPray","hermit:TrackingShot+1","hermit:CalledShot+1","Injury","hermit:Snipe","hermit:Showdown","hermit:WideOpen","hermit:Ricochet","hermit:Dive","Regret","hermit:LoneWolf+1","hermit:Malice","Magnetism+1","hermit:Spite+1","hermit:Maintenance+1","hubris:DuctTapeCard","hermit:HeroicBravado","hermit:HeroicBravado","hermit:Headshot","ReplayTheSpireMod:Chaos Vortex","Flash of Steel","hermit:RoundhouseKick","hermit:Enervate"],"relics":["hermit:Momento","Pantograph","Golden Idol","Strawberry","reliquary:RosewoodLute","ReplayTheSpireMod:TigerMarble","Whetstone","ChewingGum","Membership Card","hubris:MobiusCoin","hubris:DuctTape","Lee\u0027s Waffle","reliquary:Aerogel","ReplayFunnel","reliquary:Craggleroot"],"acts_visited":["Exordium","TheCity","TheBeyond"],"potions_floor_usage":[6,16,22,29,33],"damage_taken":[{"damage":0,"enemies":"Cultist","floor":1,"turns":3},{"damage":6,"enemies":"Jaw Worm","floor":2,"turns":3},{"damage":43,"enemies":"3 Sentries","floor":6,"turns":9},{"damage":0,"enemies":"2 Louse","floor":8,"turns":1},{"damage":9,"enemies":"Exordium Wildlife","floor":10,"turns":3},{"damage":0,"enemies":"Blue Slaver","floor":12,"turns":2},{"damage":39,"enemies":"Fading Forest","floor":16,"turns":11},{"damage":15,"enemies":"2 Thieves","floor":18,"turns":3},{"damage":9,"enemies":"Chosen","floor":22,"turns":4},{"damage":34,"enemies":"Shelled Parasite and Fungi","floor":24,"turns":3},{"damage":47,"enemies":"Gremlin Leader","floor":29,"turns":7},{"damage":17,"enemies":"hubris:MusketHawk","floor":33,"turns":10},{"damage":5,"enemies":"Orb Walker","floor":35,"turns":4},{"damage":29,"enemies":"infinitespire:Three Voidlings","floor":36,"turns":4},{"damage":68,"enemies":"Nightmare_Alpha","floor":36,"turns":9}],"seed_played":"-8897902867702596508","potions_obtained":[{"floor":1,"key":"LiquidMemories"},{"floor":6,"key":"Swift Potion"},{"floor":8,"key":"Dexterity Potion"},{"floor":18,"key":"Adrenaline Potion"},{"floor":24,"key":"Dexterity Potion"}],"is_trial":false,"path_per_floor":["M","M","?","T","?","E","R","M","T","M","$","M","R","?","R","B",null,"M","?","?","$","M","R","M","R","T","$","R","E","AVR","?","R","B",null,"M","?"],"character_chosen":"HERMIT","items_purchased":["hermit:Ricochet","ReplayTheSpireMod:TigerMarble","Whetstone","Membership Card","hubris:MobiusCoin","hermit:ShadowCloak","hermit:HeroicBravado","Lee\u0027s Waffle"],"campfire_rested":4,"item_purchase_floors":[11,11,11,21,21,21,27,27],"current_hp_per_floor":[75,69,69,69,69,33,57,57,57,48,48,48,48,48,72,53,82,67,67,67,67,58,58,24,48,48,89,89,42,42,42,68,72,89,84,0,0],"gold":250,"neow_bonus":"THREE_CARDS","is_daily":false,"chose_seed":false,"campfire_upgraded":3,"win_rate":0.0,"timestamp":1614026796,"path_taken":["M","M","?","?","?","E","R","?","T","M","$","M","R","?","R","BOSS","M","?","?","?","?","R","?","R","T","$","R","E","AVR","?","R","BOSS","M","?"],"items_purchased_type":["Card","Relic","Relic","Relic","Relic","Card","Card","Relic"],"build_version":"2020-12-22","purchased_purges":0,"victory":false,"max_hp_per_floor":[75,75,75,75,75,82,82,82,82,82,82,82,82,82,82,82,82,82,82,82,82,82,82,82,82,82,89,89,89,89,89,89,89,89,89,89,89],"relic_stats":{"Lee\u0027s Waffle":41,"counters":[15,76],"Golden Idol":121,"Pantograph":31,"Whetstone":["hermit:TrackingShot","hermit:Strike_Hermit"],"obtain_stats":[{"ReplayFunnel":30,"hubris:MobiusCoin":21,"Lee\u0027s Waffle":27,"hubris:DuctTape":26,"Golden Idol":5,"reliquary:Aerogel":29,"Whetstone":11,"reliquary:RosewoodLute":9,"Pantograph":4,"Strawberry":6,"reliquary:Craggleroot":34,"ChewingGum":17,"ReplayTheSpireMod:TigerMarble":11,"Membership Card":21,"hermit:Momento":0},{"ReplayFunnel":11,"hubris:MobiusCoin":8,"Lee\u0027s Waffle":10,"hubris:DuctTape":10,"Golden Idol":2,"reliquary:Aerogel":11,"Whetstone":5,"reliquary:RosewoodLute":4,"Pantograph":2,"Strawberry":3,"reliquary:Craggleroot":12,"ChewingGum":7,"ReplayTheSpireMod:TigerMarble":5,"Membership Card":8,"hermit:Momento":0},{"ReplayFunnel":49,"hubris:MobiusCoin":35,"Lee\u0027s Waffle":42,"hubris:DuctTape":42,"Golden Idol":6,"reliquary:Aerogel":49,"Whetstone":19,"reliquary:RosewoodLute":16,"Pantograph":6,"Strawberry":15,"reliquary:Craggleroot":59,"ChewingGum":32,"ReplayTheSpireMod:TigerMarble":19,"Membership Card":35,"hermit:Momento":0}]},"card_choices":[{"not_picked":["hermit:GhostlyPresence","hermit:BodyArmor"],"picked":"hermit:SprayPray","floor":0},{"not_picked":["hermit:Midnight","hermit:Desperado"],"picked":"hermit:TrackingShot","floor":1},{"not_picked":["hermit:TrackingShot","hermit:Glare"],"picked":"hermit:CalledShot","floor":2},{"not_picked":["hermit:LowProfile","hermit:EyeOfTheStorm"],"picked":"hermit:Snipe","floor":6},{"not_picked":["hermit:NoHoldsBarred","hermit:Feint"],"picked":"hermit:Showdown","floor":8},{"not_picked":["hermit:Manifest","hermit:OverwhelmingPower"],"picked":"hermit:WideOpen","floor":10},{"not_picked":["hermit:CalledShot","hermit:Deadeye"],"picked":"hermit:Dive","floor":12},{"not_picked":["hermit:OverwhelmingPower","hermit:Roughhouse"],"picked":"hermit:FatalDesire","floor":16},{"not_picked":["hermit:Misfire","hermit:HoleUp"],"picked":"hermit:LoneWolf+1","floor":18},{"not_picked":["Thinking Ahead+1","Midas Touch+1"],"picked":"Magnetism+1","floor":20},{"not_picked":["hermit:Manifest","hermit:Misfire"],"picked":"hermit:Spite+1","floor":22},{"not_picked":["hermit:HoleUp","hermit:TrackingShot+1"],"picked":"hermit:Maintenance","floor":24},{"not_picked":["hermit:Coalescence","hermit:HoleUp"],"picked":"hermit:Headshot","floor":29},{"not_picked":["hermit:OverwhelmingPower","hermit:Purgatory"],"picked":"hermit:RoundhouseKick","floor":33},{"not_picked":["hermit:Vantage","hermit:CalledShot+1"],"picked":"hermit:Enervate","floor":35}],"player_experience":294788,"relics_obtained":[{"floor":4,"key":"Pantograph"},{"floor":6,"key":"Strawberry"},{"floor":9,"key":"reliquary:RosewoodLute"},{"floor":26,"key":"hubris:DuctTape"},{"floor":29,"key":"reliquary:Aerogel"}],"event_choices":[{"damage_healed":0,"gold_gain":75,"player_choice":"Gained Gold","damage_taken":0,"max_hp_gain":0,"max_hp_loss":0,"event_name":"Golden Wing","floor":3,"gold_loss":0},{"damage_healed":0,"gold_gain":0,"player_choice":"Take Wound","damage_taken":0,"relics_obtained":["Golden Idol"],"max_hp_gain":0,"max_hp_loss":0,"event_name":"Golden Idol","floor":5,"gold_loss":0,"cards_obtained":["Injury"]},{"damage_healed":0,"gold_gain":275,"player_choice":"Desecrate","damage_taken":0,"max_hp_gain":0,"max_hp_loss":0,"event_name":"Golden Shrine","floor":14,"gold_loss":0,"cards_obtained":["Regret"]},{"damage_healed":0,"gold_gain":0,"cards_transformed":["hermit:Defend_Hermit"],"player_choice":"Transformed","damage_taken":0,"max_hp_gain":0,"max_hp_loss":0,"event_name":"Transmorgrifier","floor":19,"gold_loss":0,"cards_obtained":["hermit:Malice"]},{"damage_healed":0,"gold_gain":0,"player_choice":"2","damage_taken":0,"max_hp_gain":0,"max_hp_loss":0,"event_name":"betterMatch:BetterMatch","floor":20,"gold_loss":0,"cards_obtained":["betterMatch:ColorlessRareCard"]},{"cards_removed":["ReplayTheSpireMod:Chaos Vortex"],"damage_healed":0,"gold_gain":0,"player_choice":"Take \u0026 Give","damage_taken":0,"max_hp_gain":0,"max_hp_loss":0,"event_name":"betterNote:BetterNote","floor":31,"gold_loss":0,"cards_obtained":["Flash of Steel"]}],"is_beta":false,"boss_relics":[{"not_picked":["hubris:TerracottaHorce","Replay:Wanted Poster"],"picked":"ChewingGum"},{"not_picked":["hubris:HollowSoul","Snecko Eye"],"picked":"reliquary:Craggleroot"}],"items_purged_floors":[],"is_endless":false,"potions_floor_spawned":[1,6,8,18,24],"killed_by":"Nightmare_Alpha","ascension_level":0}}