{"host":"m0bekkrd201b63ug","time":1614035109,"event":{"mods":["AchievementEnabler","BaseMod","Colored Powertips","Highlight Path","Minty Spire (QoL Compilation)","Rare Cards Sparkle","StSLib","SuperFastMode","everything is the same but u backflip on backflip","slay the spire mod where everything is the same but ironclad has a cowboy hat"],"gold_per_floor":[116,167,242,56,69,100,100,100,151,186,186,214,214,224,224,326,326,345,345,362,362,373,373,407,98,179,206,224,0,0,18,18,122,122,140,13,23,0,20,20,70,70,70,70,96,46,46,81,81,81],"floor_reached":51,"language":"ENG","playtime":1998,"items_purged":["Strike_B","Defend_B","Zap"],"score":1075,"play_id":"051257a3-0669-4bc8-825c-7d4be0be87b6","local_time":"20210222200508","is_ascension_mode":true,"campfire_choices":[{"floor":8.0,"key":"REST"},{"floor":11.0,"key":"REST"},{"data":"Static Discharge","floor":15.0,"key":"SMITH"},{"data":"Fission","floor":23.0,"key":"SMITH"},{"data":"Auto Shields","floor":32,"key":"SMITH"},{"data":"Electrodynamics","floor":40,"key":"SMITH"},{"data":"Leap","floor":42,"key":"SMITH"},{"data":"Force Field","floor":44,"key":"SMITH"},{"floor":47,"key":"REST"},{"floor":49,"key":"REST"}],"circlet_count":0,"master_deck":["Defend_B","Defend_B","Defend_B","Dualcast","Doom and Gloom","Force Field+1","Auto Shields+1","Loop","Leap+1","Ball Lightning","Barrage","Self Repair","Coolheaded","Static Discharge+1","Go for the Eyes","Electrodynamics+1","Fission+1","Trip","Loop+1","CutThroughFate","Multi-Cast","Sanctity","Skim","Backflip+1"],"relics":["Cracked Core","Oddly Smooth Stone","Toy Ornithopter","Smiling Mask","Akabeko","Eternal Feather","Runic Dome","Centennial Puzzle","Symbiotic Virus","Frozen Egg 2","Potion Belt","PrismaticShard","Inserter","Red Mask","Unceasing Top","Art of War","Happy Flower","Omamori"],"acts_visited":["Exordium","TheCity","TheBeyond"],"potions_floor_usage":[33,39,45,50],"damage_taken":[{"damage":0.0,"enemies":"2 Louse","floor":1.0,"turns":2.0},{"damage":7.0,"enemies":"Small Slimes","floor":5.0,"turns":4.0},{"damage":36.0,"enemies":"Gremlin Nob","floor":6.0,"turns":4.0},{"damage":16.0,"enemies":"Lagavulin","floor":10.0,"turns":5.0},{"damage":26.0,"enemies":"Gremlin Nob","floor":12.0,"turns":4.0},{"damage":0.0,"enemies":"Cultist","floor":14.0,"turns":3.0},{"damage":22.0,"enemies":"Hexaghost","floor":16.0,"turns":10.0},{"damage":5.0,"enemies":"Chosen","floor":18.0,"turns":4.0},{"damage":0.0,"enemies":"Shell Parasite","floor":20.0,"turns":8.0},{"damage":23.0,"enemies":"Snake Plant","floor":22.0,"turns":3.0},{"damage":6.0,"enemies":"Gremlin Leader","floor":24.0,"turns":6.0},{"damage":17.0,"enemies":"Slavers","floor":27.0,"turns":3.0},{"damage":11.0,"enemies":"Centurion and Healer","floor":28.0,"turns":5.0},{"damage":6,"enemies":"Chosen and Byrds","floor":31,"turns":4},{"damage":46,"enemies":"Automaton","floor":33,"turns":9},{"damage":7,"enemies":"Orb Walker","floor":35,"turns":4},{"damage":30,"enemies":"3 Darklings","floor":37,"turns":3},{"damage":37,"enemies":"Sphere and 2 Shapes","floor":39,"turns":9},{"damage":1,"enemies":"Mind Bloom Boss Battle","floor":41,"turns":9},{"damage":65,"enemies":"Giant Head","floor":45,"turns":9},{"damage":34,"enemies":"Reptomancer","floor":48,"turns":6},{"damage":3,"enemies":"Time Eater","floor":50,"turns":6}],"seed_played":"4527254629879083732","potions_obtained":[{"floor":6.0,"key":"AttackPotion"},{"floor":10.0,"key":"FairyPotion"},{"floor":18.0,"key":"Explosive Potion"},{"floor":20.0,"key":"ColorlessPotion"},{"floor":33,"key":"Fire Potion"},{"floor":37,"key":"Strength Potion"},{"floor":45,"key":"DuplicationPotion"},{"floor":48,"key":"SpeedPotion"}],"is_trial":false,"path_per_floor":["M","?","?","$","M","E","?","R","T","E","R","E","?","M","R","B",null,"M","?","M","?","M","R","E","$","T","E","M","$","?","M","R","B",null,"M","$","M","?","M","R","?","R","T","R","E","$","R","E","R","B",null],"character_chosen":"DEFECT","items_purchased":["Loop","Leap","Ball Lightning","Symbiotic Virus","PrismaticShard","Loop+1","Skim"],"campfire_rested":4,"item_purchase_floors":[4,4,4,25,29,29,36],"current_hp_per_floor":[68,68,57,57,50,14,14,34,34,30,50,31,24,31,40,18,56,58,58,65,65,49,61,62,62,62,52,53,53,53,54,66,32,59,59,59,29,29,27,39,45,57,57,68,10,10,42,15,47,56],"gold":81,"neow_bonus":"TRANSFORM_TWO_CARDS","is_daily":false,"chose_seed":false,"campfire_upgraded":6,"win_rate":0.0,"timestamp":1614035108,"path_taken":["M","?","?","$","M","E","?","R","T","E","R","E","?","M","R","BOSS","M","?","M","?","?","R","E","$","T","E","M","$","?","M","R","BOSS","M","$","M","?","M","R","?","R","T","R","E","?","R","E","R","BOSS"],"items_purchased_type":["Card","Card","Card","Relic","Relic","Card","Card"],"build_version":"2020-12-22","purchased_purges":3,"victory":true,"max_hp_per_floor":[68,68,68,68,68,68,68,68,68,68,68,68,68,68,68,68,68,68,68,68,68,68,68,68,68,68,68,68,68,68,68,68,68,68,68,68,68,68,68,68,68,68,68,68,68,68,68,68,68,68],"card_choices":[{"not_picked":["Turbo","Steam"],"picked":"Auto Shields","floor":1.0},{"not_picked":["Conserve Battery","Ball Lightning"],"picked":"Barrage","floor":5.0},{"not_picked":["Tempest","Sweeping Beam","Darkness"],"picked":"SKIP","floor":6.0},{"not_picked":["Turbo","Consume"],"picked":"Coolheaded","floor":10.0},{"not_picked":["Redo","Fusion"],"picked":"Static Discharge","floor":12.0},{"not_picked":["Redo","Compile Driver"],"picked":"Go for the Eyes","floor":14.0},{"not_picked":["Echo Form","Thunder Strike"],"picked":"Electrodynamics","floor":16.0},{"not_picked":["Stack","Barrage","Recycle"],"picked":"SKIP","floor":18.0},{"not_picked":["Stack","Barrage","Recycle"],"picked":"SKIP","floor":18.0},{"not_picked":["Go for the Eyes+1","Beam Cell+1","Doom and Gloom"],"picked":"SKIP","floor":20.0},{"not_picked":["Undo","Genetic Algorithm","Redo"],"picked":"SKIP","floor":22.0},{"not_picked":["Gash","Recycle","Genetic Algorithm"],"picked":"SKIP","floor":24.0},{"not_picked":["Barrage+1","Tempest","Buffer+1"],"picked":"SKIP","floor":27.0},{"not_picked":["Barrage","Ball Lightning","Beam Cell"],"picked":"SKIP","floor":28.0},{"not_picked":["Chill+1","Headbutt"],"picked":"CutThroughFate","floor":31},{"not_picked":["Ragnarok","Unload"],"picked":"Multi-Cast","floor":33},{"not_picked":["Dagger Throw","Pommel Strike+1"],"picked":"Sanctity","floor":35},{"not_picked":["BowlingBash","FlurryOfBlows+1","FlyingSleeves"],"picked":"SKIP","floor":37},{"not_picked":["Blade Dance+1","Chaos","Prostrate+1"],"picked":"SKIP","floor":39},{"not_picked":["FlyingSleeves+1","PathToVictory","Lockon+1"],"picked":"SKIP","floor":45},{"not_picked":["EmptyBody","Multi-Cast"],"picked":"Backflip+1","floor":48}],"player_experience":292015,"relics_obtained":[{"floor":6.0,"key":"Oddly Smooth Stone"},{"floor":9.0,"key":"Toy Ornithopter"},{"floor":10.0,"key":"Smiling Mask"},{"floor":12.0,"key":"Akabeko"},{"floor":24.0,"key":"Centennial Puzzle"},{"floor":26.0,"key":"Frozen Egg 2"},{"floor":27.0,"key":"Potion Belt"},{"floor":41,"key":"Unceasing Top"},{"floor":43,"key":"Art of War"},{"floor":45,"key":"Happy Flower"},{"floor":48,"key":"Omamori"}],"event_choices":[{"damage_healed":0.0,"max_hp_gain":0.0,"max_hp_loss":0.0,"gold_gain":51.0,"event_name":"Golden Wing","player_choice":"Gained Gold","floor":2.0,"gold_loss":0.0,"damage_taken":0.0},{"damage_healed":0.0,"max_hp_gain":0.0,"max_hp_loss":0.0,"gold_gain":75.0,"event_name":"World of Goop","player_choice":"Gather Gold","floor":3.0,"gold_loss":0.0,"damage_taken":11.0},{"damage_healed":0.0,"max_hp_gain":0.0,"max_hp_loss":0.0,"gold_gain":0.0,"cards_transformed":["Strike_B"],"event_name":"Living Wall","player_choice":"Change","floor":7.0,"gold_loss":0.0,"damage_taken":0.0,"cards_obtained":["Self Repair"]},{"damage_healed":0.0,"max_hp_gain":0.0,"max_hp_loss":0.0,"gold_gain":0.0,"event_name":"Scrap Ooze","player_choice":"Success","floor":13.0,"gold_loss":0.0,"damage_taken":7.0,"relics_obtained":["Eternal Feather"]},{"damage_healed":0.0,"max_hp_gain":0.0,"max_hp_loss":0.0,"gold_gain":0.0,"event_name":"Ghosts","player_choice":"Ignored","floor":19.0,"gold_loss":0.0,"damage_taken":0.0},{"damage_healed":0.0,"max_hp_gain":0.0,"max_hp_loss":0.0,"gold_gain":0.0,"event_name":"Match and Keep!","player_choice":"2 cards matched","floor":21.0,"gold_loss":0.0,"damage_taken":0.0,"cards_obtained":["Fission","Trip"]},{"damage_healed":0,"gold_gain":0,"player_choice":"Ignored","damage_taken":0,"max_hp_gain":0,"max_hp_loss":0,"event_name":"The Mausoleum","floor":30,"gold_loss":0},{"damage_healed":0,"gold_gain":0,"player_choice":"Paid","damage_taken":0,"relics_obtained":["Red Mask"],"max_hp_gain":0,"max_hp_loss":0,"event_name":"Tomb of Lord Red Mask","floor":38,"gold_loss":23},{"damage_healed":0,"gold_gain":0,"player_choice":"Fight","damage_taken":0,"max_hp_gain":0,"max_hp_loss":0,"event_name":"MindBloom","floor":41,"gold_loss":0}],"is_beta":false,"boss_relics":[{"not_picked":["Pandora\u0027s Box","Black Star"],"picked":"Runic Dome"},{"not_picked":["Empty Cage","Calling Bell"],"picked":"Inserter"}],"items_purged_floors":[25,36,46],"is_endless":false,"potions_floor_spawned":[6,10,18,20,24,33,37,45,48],"ascension_level":9}}