{"host":"7qm5pxtihm4ks7s4","time":1614012081,"event":{"mods":["BaseMod","ChefMod","Colored Map","Friendly Minions","Minty Spire (QoL Compilation)","Replay The Spire","Robot Space Explorer","StSLib"],"gold_per_floor":[13,13,13,25,72,72,87,12,38,38,49,81,81,96,96,96,96],"floor_reached":16,"language":"DUT","playtime":540,"items_purged":["Strike_R"],"score":100,"play_id":"66b22b48-5829-4488-a7ce-9937a005367f","local_time":"20210222174121","is_ascension_mode":false,"campfire_choices":[{"data":"Ghostly Armor","floor":10.0,"key":"SMITH"},{"floor":15,"key":"REST"}],"circlet_count":0,"master_deck":["Strike_R","Strike_R","Strike_R","Strike_R","Defend_R","Defend_R","Defend_R","Defend_R","Bash","Shrug It Off","Ghostly Armor+1","Thunderclap","Shrug It Off","Shrug It Off"],"relics":["Burning Blood","FossilizedHelix","Bag of Preparation","Matryoshka"],"acts_visited":["Exordium"],"potions_floor_usage":[14,16],"damage_taken":[{"damage":0.0,"enemies":"Cultist","floor":1.0,"turns":4.0},{"damage":0.0,"enemies":"Small Slimes","floor":4.0,"turns":3.0},{"damage":6.0,"enemies":"2 Louse","floor":7.0,"turns":3.0},{"damage":0.0,"enemies":"Red Slaver","floor":11.0,"turns":3.0},{"damage":53.0,"enemies":"Gremlin Nob","floor":12.0,"turns":7.0},{"damage":0,"enemies":"Gremlin Gang","floor":14,"turns":4},{"damage":67,"enemies":"The Guardian","floor":16,"turns":15}],"seed_played":"5414665486876796959","potions_obtained":[{"floor":11.0,"key":"ColorlessPotion"},{"floor":12.0,"key":"Adrenaline Potion"},{"floor":14,"key":"AttackPotion"}],"is_trial":false,"path_per_floor":["M","?","?","M","T","$","M","$","T","R","M","E","?","M","R","B"],"character_chosen":"IRONCLAD","items_purchased":[],"campfire_rested":1,"item_purchase_floors":[],"current_hp_per_floor":[80,80,80,80,80,80,80,80,80,80,80,33,33,39,63,0,0],"gold":96,"neow_bonus":"ONE_RARE_RELIC","is_daily":false,"chose_seed":false,"campfire_upgraded":1,"win_rate":0.0,"timestamp":1614012081,"path_taken":["M","?","?","?","?","?","M","$","T","R","M","E","?","M","R","BOSS"],"items_purchased_type":[],"build_version":"2020-12-22","purchased_purges":1,"victory":false,"max_hp_per_floor":[80,80,80,80,80,80,80,80,80,80,80,80,80,80,80,80,80],"card_choices":[{"not_picked":["Warcry","Run Through"],"picked":"Shrug It Off","floor":1.0},{"not_picked":["Headbutt","Blood for Blood"],"picked":"Ghostly Armor","floor":4.0},{"not_picked":["True Grit","Sword Boomerang"],"picked":"Thunderclap","floor":7.0},{"not_picked":["Clash","Perfected Strike"],"picked":"Shrug It Off","floor":11.0},{"not_picked":["Second Wind","Fire Breathing","Brutality"],"picked":"SKIP","floor":12.0},{"not_picked":["Intimidate","Clothesline"],"picked":"Shrug It Off","floor":14}],"player_experience":25410,"relics_obtained":[{"floor":9.0,"key":"Bag of Preparation"},{"floor":12.0,"key":"Matryoshka"}],"event_choices":[{"damage_healed":0.0,"max_hp_gain":0.0,"max_hp_loss":0.0,"gold_gain":0.0,"event_name":"Liars Game","player_choice":"Ignored","floor":2.0,"gold_loss":0.0,"damage_taken":0.0},{"damage_healed":0.0,"max_hp_gain":0.0,"max_hp_loss":0.0,"gold_gain":0.0,"event_name":"Transmorgrifier","player_choice":"Ignored","floor":3.0,"gold_loss":0.0,"damage_taken":0.0},{"damage_healed":0,"gold_gain":0,"player_choice":"Ignored","damage_taken":0,"max_hp_gain":0,"max_hp_loss":0,"event_name":"Transmorgrifier","floor":13,"gold_loss":0}],"is_beta":false,"boss_relics":[],"items_purged_floors":[8],"is_endless":false,"potions_floor_spawned":[11,12,14],"killed_by":"The Guardian","ascension_level":0}}