{"host":"vh33hu3wddwn6yt6","time":1614021051,"event":{"mods":["AchievementEnabler","Act Like it!","Aspiration","BaseMod","Better Altar","Better Match","Better Note","Better Sensory Stone","Better Skull","Better Third Choice","BetterRewards","Bossed Relics","Downfall","Hubris","Infinite Spire","Minty Spire (QoL Compilation)","Permanent Neow","Replay The Spire","Robot Space Explorer","Shop Mod","Spicy Shops","StSLib","SuperFastMode","The Blackbeard","The Marked","The Necromancer","The Runesmith","The Servant 0.9.4","Wandering Minibosses"],"gold_per_floor":[111,127,146,146,34,34,47,73,125,143,143,205,222,254,254,358,358,375,395,395,405,405,436,436,436,436,459,490,520,98,98,98,104,104],"floor_reached":33,"language":"DEU","playtime":1125,"items_purged":["Parasite"],"score":304,"play_id":"d2ab020d-26f0-4359-bba5-7337b62a0888","local_time":"20210222201051","is_ascension_mode":false,"campfire_choices":[{"data":"theMarked:ComboAttacks","floor":6,"key":"SMITH"},{"floor":11,"key":"REST"},{"floor":15,"key":"REST"},{"floor":24,"key":"REST"},{"floor":32,"key":"REST"},{"floor":32,"key":"DIG"}],"circlet_count":0,"master_deck":["theMarked:Strike","theMarked:Strike","theMarked:Defend","theMarked:Defend","theMarked:Defend","theMarked:Defend","theMarked:SoldierOfQuellstein","theMarked:ChainLightning","theMarked:Memento","theMarked:ComboAttacks+1","theMarked:DispelDoubt","theMarked:ChainLightning","theMarked:Overcharge","theMarked:EmpowerWeapon","theMarked:ContemptForTheProud","theMarked:MagusForm","theMarked:MysticalArsenal+1","theMarked:ElectricStrings+1","theMarked:StartUp+1"],"relics":["theMarked:ArtifactOfAir","infinitespire:WardingShard","Orichalcum","Mercury Hourglass","Empty Cage","hubris:GlazedTorus","Replay:Bandana","Pen Nib","infinitespire:Magic Flask","ReplayTheSpireMod:CursedCoin","MerchantsRug","GremlinMask","Mango"],"acts_visited":["Exordium","TheCity"],"potions_floor_usage":[13,13,13,16,19,23,28,29,33],"damage_taken":[{"damage":5,"enemies":"Small Slimes","floor":1,"turns":3},{"damage":1,"enemies":"Cultist","floor":2,"turns":3},{"damage":1,"enemies":"Jaw Worm","floor":3,"turns":3},{"damage":4,"enemies":"Blue Slaver","floor":7,"turns":3},{"damage":21,"enemies":"Lagavulin","floor":8,"turns":7},{"damage":3,"enemies":"Gremlin Gang","floor":10,"turns":3},{"damage":0,"enemies":"3 Louse","floor":13,"turns":2},{"damage":26,"enemies":"3 Sentries","floor":14,"turns":5},{"damage":20,"enemies":"Fading Forest","floor":16,"turns":11},{"damage":13,"enemies":"Chosen","floor":18,"turns":6},{"damage":27,"enemies":"2 Thieves","floor":19,"turns":3},{"damage":19,"enemies":"Sentry and Sphere","floor":21,"turns":4},{"damage":54,"enemies":"Book of Stabbing","floor":23,"turns":6},{"damage":10,"enemies":"Snecko","floor":27,"turns":4},{"damage":3,"enemies":"3 Cultists","floor":28,"turns":4},{"damage":12,"enemies":"Shelled Parasite and Fungi","floor":29,"turns":3},{"damage":56,"enemies":"hubris:MusketHawk","floor":33,"turns":7}],"seed_played":"2470337849149009577","potions_obtained":[{"floor":3,"key":"DistilledChaos"},{"floor":8,"key":"Swift Potion"},{"floor":10,"key":"PowerPotion"},{"floor":14,"key":"Fire Potion"},{"floor":16,"key":"champ:CounterPotion"},{"floor":18,"key":"Reflective Coating"},{"floor":27,"key":"SkillPotion"},{"floor":28,"key":"Dexterity Potion"}],"is_trial":false,"path_per_floor":["M","M","M","?","$","R","M","E","T","M","R","?","M","E","R","B",null,"M","M","?","M","AVR","E","R","?","T","M","M","M","$","?","R","B"],"character_chosen":"THE_DEFAULT","items_purchased":["theMarked:ComboAttacks","Orrery","infinitespire:Magic Flask","ReplayTheSpireMod:CursedCoin","MerchantsRug","Dexterity Potion"],"campfire_rested":4,"item_purchase_floors":[5,5,30,30,30,30],"current_hp_per_floor":[74,73,72,76,76,76,72,51,51,48,71,71,71,45,68,69,79,66,39,89,70,70,16,42,42,42,32,29,17,17,17,56,0,0],"gold":104,"neow_bonus":"TEN_PERCENT_HP_BONUS","is_daily":false,"chose_seed":false,"campfire_upgraded":1,"win_rate":0.0,"timestamp":1614021051,"path_taken":["M","M","M","?","$","R","M","E","T","?","R","?","M","E","R","BOSS","M","M","?","?","AVR","E","R","?","T","?","?","M","$","?","R","BOSS"],"items_purchased_type":["Card","Relic","Relic","Relic","Relic","Potion"],"build_version":"2020-12-22","purchased_purges":1,"victory":false,"max_hp_per_floor":[79,79,79,79,79,79,79,79,79,79,79,79,79,79,79,79,79,79,79,89,89,89,89,89,89,89,89,89,89,86,86,100,100,100],"card_choices":[{"not_picked":["theMarked:KeepCalmAndFight","theMarked:TwofoldDefense","theMarked:RepellingDischarge"],"picked":"SKIP","floor":1},{"not_picked":["theMarked:RepellingDischarge","theMarked:BanishingStrike"],"picked":"theMarked:ChainLightning","floor":2},{"not_picked":["theMarked:Convert","theMarked:Panic"],"picked":"theMarked:Memento","floor":3},{"not_picked":["theMarked:Maelstrom","theMarked:Aftermath"],"picked":"theMarked:DispelDoubt","floor":5},{"not_picked":["theMarked:Seal","theMarked:AttractMetal"],"picked":"theMarked:ChainLightning","floor":5},{"not_picked":["theMarked:Electrocute","theMarked:Memento"],"picked":"theMarked:MagusForm","floor":5},{"not_picked":["theMarked:HeightenedSenses","theMarked:Overcharge","theMarked:Parry"],"picked":"SKIP","floor":7},{"not_picked":["theMarked:Improvise","theMarked:ChainLightning","theMarked:ChannelForce"],"picked":"SKIP","floor":8},{"not_picked":["theMarked:EmpowerWeapon","theMarked:TwofoldDefense"],"picked":"theMarked:Overcharge","floor":10},{"not_picked":["theMarked:ResourceFulStrike","theMarked:Parkour"],"picked":"theMarked:EmpowerWeapon","floor":13},{"not_picked":["theMarked:Defy","theMarked:SelfDefenseTraining"],"picked":"theMarked:ContemptForTheProud","floor":14},{"not_picked":["theMarked:Vacuum","theMarked:ThrowWeapon"],"picked":"theMarked:MagusForm","floor":16},{"not_picked":["theMarked:Memento","theMarked:CreepingChasm"],"picked":"theMarked:MysticalArsenal+1","floor":18},{"not_picked":["theMarked:TwofoldDefense","theMarked:BanishingWave","theMarked:Electrify+1"],"picked":"SKIP","floor":19},{"not_picked":["theMarked:WastefulAttack+1","theMarked:Improvise"],"picked":"theMarked:ElectricStrings+1","floor":21},{"not_picked":["theMarked:Indomitable","theMarked:Polarize","theMarked:ShockingTouch+1"],"picked":"SKIP","floor":23},{"not_picked":["theMarked:MysticalArsenal","theMarked:Aftermath"],"picked":"theMarked:StartUp+1","floor":27},{"not_picked":["theMarked:Seal+1","theMarked:Overthink+1","theMarked:WardOff"],"picked":"SKIP","floor":28},{"not_picked":["theMarked:TakeCover","theMarked:ResourceFulStrike","theMarked:SelfDefenseTraining"],"picked":"SKIP","floor":29}],"player_experience":637919,"relics_obtained":[{"floor":8,"key":"infinitespire:WardingShard"},{"floor":9,"key":"Orichalcum"},{"floor":14,"key":"Mercury Hourglass"},{"floor":23,"key":"Replay:Bandana"},{"floor":26,"key":"Pen Nib"},{"floor":32,"key":"Mango"}],"event_choices":[{"damage_healed":4,"gold_gain":0,"player_choice":"LEAVE ","damage_taken":0,"relics_obtained":[],"max_hp_gain":0,"max_hp_loss":0,"event_name":"betterSkull:BetterSkull","floor":4,"gold_loss":0,"cards_upgraded":[]},{"damage_healed":0,"gold_gain":62,"player_choice":"Gained Gold","damage_taken":0,"max_hp_gain":0,"max_hp_loss":0,"event_name":"Golden Wing","floor":12,"gold_loss":0},{"cards_removed":["theMarked:MagusForm"],"damage_healed":40,"gold_gain":0,"player_choice":"Offered Rare","damage_taken":0,"max_hp_gain":10,"max_hp_loss":0,"event_name":"Bonfire Elementals","floor":20,"gold_loss":0},{"cards_removed":["theMarked:Strike"],"damage_healed":0,"gold_gain":0,"player_choice":"Card Removal","damage_taken":0,"max_hp_gain":0,"max_hp_loss":0,"event_name":"Wheel of Change","floor":25,"gold_loss":0},{"damage_healed":0,"gold_gain":0,"player_choice":"Trade","damage_taken":0,"relics_obtained":["GremlinMask"],"max_hp_gain":0,"max_hp_loss":0,"event_name":"FaceTrader","floor":31,"gold_loss":0}],"is_beta":false,"boss_relics":[{"not_picked":["hubris:RunicObelisk","SlaversCollar"],"picked":"Empty Cage"}],"items_purged_floors":[30],"is_endless":false,"potions_floor_spawned":[3,8,10,14,16,18,27,28],"killed_by":"hubris:MusketHawk","ascension_level":0}}