{"host":"Tom","time":1614004656,"event":{"mods":["BaseMod","Downfall","Hermit","Jorbs\u0027s Wanderer Trilogy","Minty Spire (QoL Compilation)","Replay The Spire","Shop Mod","StSLib","The Animator","The Cursed","The Hierophant"],"gold_per_floor":[122,135,158,171,185,185,185],"floor_reached":6,"language":"ENG","playtime":636,"items_purged":[],"score":40,"play_id":"b97cf96d-52aa-4e6e-9b4b-ff1422cc0b13","local_time":"20210222233736","is_ascension_mode":false,"campfire_choices":[],"circlet_count":0,"master_deck":["animator:Strike_NoGameNoLife","animator:Defend_NoGameNoLife","animator:Strike","animator:Strike","animator:Strike","animator:Defend","animator:Defend","animator:Defend","animator:DolaSchwi","animator:DolaCouronne","stsjorbsmod:Procrastination","animator:IzunaHatsuse","animator:Kuribayashi","animator:Megumin+1","animator:Aqua","animator:Boros"],"relics":["animator:LivingPicture","animator:TheMissingPiece","Unceasing Top"],"acts_visited":["Exordium"],"potions_floor_usage":[3,3,5,5,5],"damage_taken":[{"damage":6,"enemies":"Jaw Worm","floor":1,"turns":5},{"damage":6,"enemies":"Cultist","floor":2,"turns":5},{"damage":5,"enemies":"2 Louse","floor":3,"turns":3},{"damage":12,"enemies":"Red Slaver","floor":4,"turns":3},{"damage":20,"enemies":"Large Slime","floor":5,"turns":6},{"damage":58,"enemies":"Gremlin Nob","floor":6,"turns":5}],"seed_played":"-2883969250787993885","potions_obtained":[{"floor":1,"key":"Ancient Potion"},{"floor":2,"key":"EntropicBrew"}],"is_trial":false,"path_per_floor":["M","M","M","M","M","E"],"character_chosen":"THE_ANIMATOR","items_purchased":[],"campfire_rested":0,"item_purchase_floors":[],"current_hp_per_floor":[60,54,49,38,34,0,0],"gold":185,"neow_bonus":"ONE_RARE_RELIC","is_daily":false,"chose_seed":false,"campfire_upgraded":0,"win_rate":0.0,"timestamp":1614004656,"path_taken":["M","M","M","M","M","E"],"items_purchased_type":[],"build_version":"2020-12-18","purchased_purges":0,"victory":false,"max_hp_per_floor":[66,66,66,67,67,67,67],"card_choices":[{"not_picked":["animator:Hakurou","animator:DolaRiku"],"picked":"animator:IzunaHatsuse","floor":1},{"not_picked":["animator:Verdia","animator:Mitsurugi"],"picked":"animator:Kuribayashi","floor":2},{"not_picked":["animator:Darkness","animator:Tyuule"],"picked":"animator:Megumin","floor":3},{"not_picked":["animator:Verdia","animator:Mitsurugi"],"picked":"animator:Aqua","floor":4},{"not_picked":["animator:Darkness","animator:DolaRiku"],"picked":"animator:Boros","floor":5}],"player_experience":274941,"relics_obtained":[],"event_choices":[],"is_beta":true,"boss_relics":[],"items_purged_floors":[],"is_endless":false,"potions_floor_spawned":[1,2],"killed_by":"Gremlin Nob","ascension_level":0}}