{"host":"da27qkxi6drzokhl","time":1614024651,"event":{"mods":["BaseMod","Colored Powertips","Conspire","Downfall","Googly Eyes","Hermit","Infinite Spire","Minty Spire (QoL Compilation)","Replay The Spire","StSLib","The Animator","The Cursed","The Senshi","The Servant 0.9.4"],"gold_per_floor":[363,363,62,76,86,119,119,146,146,146,146,146,160,173,30,57,57,160,160,171,96,96,96,96,96,126,146,146,173,193,318,145,155,155,257,257,271,204,204,221,236,263,263,280,280,291,301,301,315,315,315],"floor_reached":50,"language":"ENG","playtime":1992,"items_purged":["Voices"],"score":660,"play_id":"4ea79ea8-ceb1-4def-b7ef-fa47ad586b7b","local_time":"20210222211051","is_ascension_mode":true,"campfire_choices":[{"floor":7,"key":"RECALL"},{"floor":12,"key":"REST"},{"floor":17,"key":"REST"},{"floor":25,"key":"REST"},{"floor":34,"key":"REST"},{"floor":43,"key":"REST"},{"floor":48,"key":"REST"}],"circlet_count":0,"master_deck":["Strike_R","Strike_R+1","Strike_R","Strike_R","Strike_R","Defend_R+1","Defend_R+1","Defend_R+1","Defend_R+1","Bash","animator:Defend_TenSura","Twin Strike+1","Replay:Undeath\u0027s Touch","Flex+1","Infernal Blade","Demon Form","Disarm","infinitespire:Starlight","infinitespire:OneForAll+1","infinitespire:OneForAll+1","Flex+1","Inflame+1","Infernal Blade+1","Bludgeon+1"],"relics":["Burning Blood","Vajra","ClockworkSouvenir","War Paint","infinitespire:Bottled Soul","Gremlin Food","PreservedInsect","Blood Vial","Runic Dome","ReplayTheSpireMod:Ring of Exchange","ReplayTheSpireMod:Ring of Collecting","Akabeko","Ring of Searing","Replay:Wax Seal","infinitespire:Golems Mask","DollysMirror","Molten Egg 2","Ring of Hypnosis","conspire:Flyswatter"],"acts_visited":["Exordium","TheCity","TheBeyond"],"potions_floor_usage":[18,18,32,42],"damage_taken":[{"damage":14,"enemies":"Jaw Worm","floor":1,"turns":4},{"damage":6,"enemies":"Small Slimes","floor":4,"turns":3},{"damage":1,"enemies":"2 Louse","floor":5,"turns":3},{"damage":41,"enemies":"Lagavulin","floor":6,"turns":8},{"damage":26,"enemies":"3 Sentries","floor":8,"turns":10},{"damage":6,"enemies":"2 Fungi Beasts","floor":13,"turns":3},{"damage":14,"enemies":"conspire:2 RoseBushes","floor":14,"turns":4},{"damage":14,"enemies":"Lagavulin","floor":16,"turns":4},{"damage":24,"enemies":"Hexaghost","floor":18,"turns":8},{"damage":22,"enemies":"Shell Parasite","floor":20,"turns":5},{"damage":30,"enemies":"Book of Stabbing","floor":26,"turns":4},{"damage":26,"enemies":"2 Thieves","floor":27,"turns":4},{"damage":23,"enemies":"conspire:SneckoGhost","floor":29,"turns":4},{"damage":13,"enemies":"Snake Plant","floor":30,"turns":4},{"damage":18,"enemies":"conspire:Head Lice","floor":32,"turns":4},{"damage":33,"enemies":"Sentry and Sphere","floor":33,"turns":6},{"damage":56,"enemies":"Champ","floor":35,"turns":6},{"damage":21,"enemies":"Orb Walker","floor":37,"turns":3},{"damage":18,"enemies":"3 Shapes","floor":40,"turns":3},{"damage":34,"enemies":"Maw","floor":41,"turns":4},{"damage":7,"enemies":"Giant Head","floor":42,"turns":5},{"damage":6,"enemies":"3 Darklings","floor":44,"turns":4},{"damage":35,"enemies":"Jaw Worm Horde","floor":46,"turns":4},{"damage":34,"enemies":"Sphere and 2 Shapes","floor":47,"turns":4},{"damage":0,"enemies":"Transient","floor":49,"turns":5},{"damage":54,"enemies":"infinitespire:Three Voidlings","floor":50,"turns":4},{"damage":45,"enemies":"Nightmare_Alpha","floor":50,"turns":1}],"seed_played":"3704430041091087595","potions_obtained":[{"floor":4,"key":"EssenceOfSteel"},{"floor":5,"key":"SteroidPotion"},{"floor":16,"key":"hexamod:SoulburnPotion"},{"floor":20,"key":"Fire Potion"},{"floor":26,"key":"Explosive Potion"},{"floor":33,"key":"Explosive Potion"},{"floor":47,"key":"champ:CounterPotion"}],"is_trial":false,"path_per_floor":["M","?","$","M","M","E","R","E","PTL","PTL","T","R","M","M","$","E","R","B",null,"M","?","?","AVR","?","R","E","M","T","E","M","$","E","M","R","B",null,"M","$","?","M","M","E","R","M","T","M","M","R","M","?"],"character_chosen":"IRONCLAD","items_purchased":["Vajra","ClockworkSouvenir","PreservedInsect","Inflame"],"campfire_rested":6,"item_purchase_floors":[3,3,15,38],"current_hp_per_floor":[72,72,72,72,77,42,42,22,22,22,22,46,46,38,38,30,54,38,80,64,64,43,43,43,67,55,47,47,42,47,47,47,32,56,18,80,65,65,65,55,29,40,64,66,66,49,23,47,65,0,0],"gold":315,"neow_bonus":"TWO_FIFTY_GOLD","is_daily":false,"chose_seed":false,"campfire_upgraded":0,"win_rate":0.0,"timestamp":1614024651,"path_taken":["M","?","$","M","M","E","R","E","PTL","PTL","T","R","M","M","$","E","R","BOSS","M","?","?","AVR","?","R","E","?","T","E","M","?","E","M","R","BOSS","M","$","?","M","M","E","R","M","T","M","?","R","M","?"],"items_purchased_type":["Relic","Relic","Relic","Card"],"build_version":"2020-12-22","purchased_purges":1,"victory":false,"max_hp_per_floor":[80,80,80,80,80,80,80,80,80,80,80,80,80,80,80,80,80,80,80,80,80,80,80,80,80,80,80,80,80,80,80,80,80,80,80,80,80,80,80,80,80,80,80,80,80,80,80,80,80,80,80],"card_choices":[{"not_picked":["Power Through","Thunderclap","Evolve"],"picked":"SKIP","floor":1},{"not_picked":["Anger","Evolve"],"picked":"Twin Strike","floor":4},{"not_picked":["Cleave","Power Through"],"picked":"Replay:Undeath\u0027s Touch","floor":5},{"not_picked":["Feel No Pain","Sentinel","Warcry"],"picked":"SKIP","floor":6},{"not_picked":["Sword Boomerang","Body Slam","Warcry"],"picked":"SKIP","floor":8},{"not_picked":["Abandon","Armaments"],"picked":"Flex","floor":13},{"not_picked":["conspire:ExplosiveBarrier","Thunderclap","Dual Wield"],"picked":"SKIP","floor":14},{"not_picked":["Exhume","Bloodletting"],"picked":"Infernal Blade","floor":16},{"not_picked":["Feed","Eclipse"],"picked":"Demon Form","floor":18},{"not_picked":["Defy Death","Body Slam"],"picked":"Disarm","floor":20},{"not_picked":["ReplayTheSpireMod:Black Plague","ReplayTheSpireMod:Book of Names"],"picked":"infinitespire:Starlight","floor":22},{"not_picked":["Berserk","Wild Strike","Run Through"],"picked":"SKIP","floor":26},{"not_picked":["Clothesline","ReplayTheSpireMod:Strike From Hell","Spot Weakness"],"picked":"SKIP","floor":27},{"not_picked":["conspire:Charge","Anger"],"picked":"infinitespire:OneForAll","floor":29},{"not_picked":["Anger","Sword Boomerang","Intimidate"],"picked":"SKIP","floor":30},{"not_picked":["Headbutt+1","Twin Strike","Rage"],"picked":"SKIP","floor":32},{"not_picked":["Clothesline","Havoc","Cleave"],"picked":"SKIP","floor":33},{"not_picked":["ReplayTheSpireMod:LeadingStrike","Searing Blow+1"],"picked":"Flex+1","floor":37},{"not_picked":["Combust","Sword Boomerang","True Grit+1"],"picked":"SKIP","floor":40},{"not_picked":["Feel No Pain","Twin Strike+1","Intimidate"],"picked":"SKIP","floor":41},{"not_picked":["Iron Wave+1","Pummel+1","Sentinel+1"],"picked":"SKIP","floor":42},{"not_picked":["Flex","Replay:Undeath\u0027s Touch+1"],"picked":"Infernal Blade+1","floor":44},{"not_picked":["Headbutt+1","Twin Strike+1","Clash+1"],"picked":"SKIP","floor":46},{"not_picked":["Replay:Undeath\u0027s Touch+1","Feel No Pain+1","ReplayTheSpireMod:Strike From Hell+1"],"picked":"SKIP","floor":47},{"not_picked":["Rage","Twin Strike+1"],"picked":"Bludgeon+1","floor":49}],"player_experience":240212,"relics_obtained":[{"floor":6,"key":"War Paint"},{"floor":8,"key":"infinitespire:Bottled Soul"},{"floor":11,"key":"Gremlin Food"},{"floor":16,"key":"Blood Vial"},{"floor":24,"key":"ReplayTheSpireMod:Ring of Exchange"},{"floor":24,"key":"ReplayTheSpireMod:Ring of Collecting"},{"floor":26,"key":"Akabeko"},{"floor":28,"key":"Ring of Searing"},{"floor":29,"key":"Replay:Wax Seal"},{"floor":32,"key":"infinitespire:Golems Mask"},{"floor":42,"key":"Molten Egg 2"},{"floor":45,"key":"Ring of Hypnosis"},{"floor":45,"key":"conspire:Flyswatter"}],"event_choices":[{"cards_removed":["TheCursedMod:CursedWand"],"damage_healed":0,"gold_gain":0,"player_choice":"Gave Gold","damage_taken":0,"max_hp_gain":0,"max_hp_loss":0,"event_name":"Beggar","floor":21,"gold_loss":75},{"damage_healed":0,"gold_gain":0,"player_choice":"Upgraded","damage_taken":0,"max_hp_gain":0,"max_hp_loss":0,"event_name":"Upgrade Shrine","floor":39,"gold_loss":0,"cards_upgraded":["Inflame"]}],"is_beta":false,"boss_relics":[{"not_picked":["ReplayTheSpireMod:SealedPack","Cursed Key"],"picked":"Runic Dome"},{"not_picked":["HandDrill","Tiny House"],"picked":"DollysMirror"}],"items_purged_floors":[31],"is_endless":false,"potions_floor_spawned":[4,5,16,20,26,29,33,40,41,44,47,50],"killed_by":"Nightmare_Alpha","ascension_level":2}}