{"host":"og6lam4kt3nibbw0","time":1614016853,"event":{"mods":["AchievementEnabler","BaseMod","Colored Map","DeckTracker","Highlight Path","Keyboard Shortcuts","Minty Spire (QoL Compilation)","Permanent Neow","Quick Restart","StSLib","SuperFastMode"],"gold_per_floor":[116,131,56,56,56,56,86,86,164,164,183,196,209,209,209,286,286,302,217,217,123,123,123,123,123,171,197,0,19,19,36,36,36,36],"floor_reached":33,"language":"KOR","playtime":1607,"items_purged":["Strike_G"],"score":502,"play_id":"0afcec8b-e3c2-4fd2-9dad-ba7b01574d28","local_time":"20210223030053","is_ascension_mode":true,"campfire_choices":[{"data":"Blade Dance","floor":6.0,"key":"SMITH"},{"data":"Dagger Throw","floor":8.0,"key":"SMITH"},{"data":"Tools of the Trade","floor":10.0,"key":"SMITH"},{"floor":15.0,"key":"REST"},{"data":"Envenom","floor":23.0,"key":"SMITH"},{"floor":30.0,"key":"REST"},{"floor":32,"key":"REST"}],"circlet_count":0,"master_deck":["AscendersBane","Defend_G","Defend_G","Defend_G","Survivor","Neutralize","Tools of the Trade+1","Blade Dance+1","Dagger Throw+1","Prepared","Bane","Dash","Envenom+1","After Image","Dagger Spray","Infinite Blades","After Image","Cloak And Dagger","Acrobatics","Slice"],"relics":["Ring of the Serpent","The Courier","Juzu Bracelet","Frozen Egg 2","Blood Vial","Tiny Chest"],"acts_visited":["Exordium","TheCity"],"potions_floor_usage":[],"damage_taken":[{"damage":2.0,"enemies":"Small Slimes","floor":1.0,"turns":4.0},{"damage":4.0,"enemies":"Jaw Worm","floor":2.0,"turns":3.0},{"damage":0.0,"enemies":"2 Louse","floor":11.0,"turns":2.0},{"damage":3.0,"enemies":"Looter","floor":12.0,"turns":2.0},{"damage":4.0,"enemies":"3 Louse","floor":13.0,"turns":4.0},{"damage":45.0,"enemies":"The Guardian","floor":16.0,"turns":9.0},{"damage":21.0,"enemies":"Shell Parasite","floor":18.0,"turns":6.0},{"damage":15.0,"enemies":"Gremlin Leader","floor":27.0,"turns":7.0},{"damage":11.0,"enemies":"2 Thieves","floor":29.0,"turns":4.0},{"damage":13,"enemies":"Snecko","floor":31,"turns":6},{"damage":33,"enemies":"Champ","floor":33,"turns":16}],"seed_played":"-6181314058423199535","potions_obtained":[{"floor":11.0,"key":"AttackPotion"},{"floor":12.0,"key":"ColorlessPotion"},{"floor":27.0,"key":"Block Potion"}],"is_trial":false,"path_per_floor":["M","M","?","?","$","R","?","R","T","R","M","M","M","?","R","B",null,"M","?","?","$","?","R","T","?","T","E","?","M","R","M","R","B"],"character_chosen":"THE_SILENT","items_purchased":["Infinite Blades"],"campfire_rested":3,"item_purchase_floors":[21],"current_hp_per_floor":[42,38,38,38,38,38,38,38,38,38,38,35,31,31,50,5,51,30,30,30,30,30,30,30,30,30,17,17,8,27,16,35,4,4],"gold":36,"neow_bonus":"TRANSFORM_TWO_CARDS","is_daily":false,"chose_seed":false,"campfire_upgraded":4,"win_rate":0.0,"timestamp":1614016853,"path_taken":["M","M","?","?","?","R","?","R","T","R","M","M","M","?","R","BOSS","M","?","?","$","?","R","?","?","T","E","?","M","R","M","R","BOSS"],"items_purchased_type":["Card"],"build_version":"2020-12-22","purchased_purges":1,"victory":false,"max_hp_per_floor":[66,66,66,66,66,66,66,66,66,66,66,66,66,66,66,66,66,66,66,66,66,66,66,66,66,66,66,66,66,66,66,66,66,66],"card_choices":[{"not_picked":["Bane","Prepared"],"picked":"Dagger Throw","floor":1.0},{"not_picked":["Sucker Punch","Blade Dance"],"picked":"Prepared","floor":2.0},{"not_picked":["Tactician","Flying Knee"],"picked":"Bane","floor":11.0},{"not_picked":["Acrobatics","Skewer"],"picked":"Dash","floor":12.0},{"not_picked":["Deflect","Dagger Throw"],"picked":"Envenom","floor":13.0},{"not_picked":["Venomology","Envenom"],"picked":"After Image","floor":16.0},{"not_picked":["Outmaneuver","Terror"],"picked":"Dagger Spray","floor":18.0},{"not_picked":["Dodge and Roll","Prepared"],"picked":"Cloak And Dagger","floor":27.0},{"not_picked":["Quick Slash","Bane"],"picked":"Acrobatics","floor":29.0},{"not_picked":["Deadly Poison+1","Grand Finale"],"picked":"Slice","floor":31}],"player_experience":993104,"relics_obtained":[{"floor":9.0,"key":"The Courier"},{"floor":24.0,"key":"Frozen Egg 2"},{"floor":26.0,"key":"Blood Vial"},{"floor":27.0,"key":"Tiny Chest"}],"event_choices":[{"cards_removed":["Defend_G"],"damage_healed":0.0,"max_hp_gain":0.0,"max_hp_loss":0.0,"gold_gain":0.0,"event_name":"The Cleric","player_choice":"Card Removal","floor":3.0,"gold_loss":75.0,"damage_taken":0.0},{"cards_removed":["Strike_G"],"damage_healed":0.0,"max_hp_gain":0.0,"max_hp_loss":0.0,"gold_gain":0.0,"event_name":"Living Wall","player_choice":"Forget","floor":4.0,"gold_loss":0.0,"damage_taken":0.0},{"damage_healed":0.0,"max_hp_gain":0.0,"max_hp_loss":0.0,"gold_gain":30.0,"event_name":"Dead Adventurer","player_choice":"Searched \u00272\u0027 times","floor":7.0,"gold_loss":0.0,"damage_taken":0.0},{"damage_healed":0.0,"max_hp_gain":0.0,"max_hp_loss":0.0,"gold_gain":0.0,"event_name":"Scrap Ooze","player_choice":"Fled","floor":14.0,"gold_loss":0.0,"damage_taken":0.0},{"damage_healed":0.0,"max_hp_gain":0.0,"max_hp_loss":0.0,"gold_gain":0.0,"event_name":"Addict","player_choice":"Obtained Relic","floor":19.0,"gold_loss":85.0,"damage_taken":0.0,"relics_obtained":["Juzu Bracelet"]},{"cards_removed":["Strike_G"],"damage_healed":0.0,"max_hp_gain":0.0,"max_hp_loss":0.0,"gold_gain":0.0,"event_name":"Purifier","player_choice":"Purged","floor":20.0,"gold_loss":0.0,"damage_taken":0.0},{"damage_healed":0.0,"max_hp_gain":0.0,"max_hp_loss":0.0,"gold_gain":0.0,"event_name":"Duplicator","player_choice":"Copied","floor":22.0,"gold_loss":0.0,"damage_taken":0.0,"cards_obtained":["After Image"]},{"cards_removed":["Strike_G"],"damage_healed":0.0,"max_hp_gain":0.0,"max_hp_loss":0.0,"gold_gain":0.0,"event_name":"Bonfire Elementals","player_choice":"Offered Basic","floor":25.0,"gold_loss":0.0,"damage_taken":0.0},{"damage_healed":0.0,"max_hp_gain":0.0,"max_hp_loss":0.0,"gold_gain":0.0,"event_name":"Masked Bandits","player_choice":"Paid Fearfully","floor":28.0,"gold_loss":197.0,"damage_taken":0.0}],"is_beta":false,"boss_relics":[{"not_picked":["Runic Pyramid","Sozu"],"picked":"Ring of the Serpent"}],"items_purged_floors":[21],"is_endless":false,"potions_floor_spawned":[11,12,27],"killed_by":"Champ","ascension_level":20}}