{"host":"3asmp5aovk69ekg9","time":1614036019,"event":{"mods":["100% Spire Juice","BaseMod","BetterRewards","Colored Map","Colored Powertips","Dark Map","Hermit","Koishi","Magitek Elite","Minty Spire (QoL Compilation)","Permanent Neow","Remove Card Discount Mod","Shade Mod","StSLib","The Alterego","The Cursed","The Death Knight","The Fake Hero","The IronCluck","The Marked","The Senshi","The Wild Card"],"gold_per_floor":[516,516,532,532,545,545,580,755,782,343,375,375,375,408,408,505,505,523,318,233,233,249,287,287,316,316,326,360,188,203,228,228,342,342,355,374,392,392,401,401,426,442,442,477,505,521,532,567,567,567,567,567,127,159,159],"floor_reached":56,"language":"ENG","playtime":6053,"items_purged":["luka_mod:Wait","luka_mod:Guard","luka_mod:FlailWildly","luka_mod:Surrender","luka_mod:Feel"],"score":2319,"play_id":"8327703d-73b9-4d93-9427-7fc2848cf770","local_time":"20210222152019","is_ascension_mode":true,"campfire_choices":[{"floor":6,"key":"RECALL"},{"data":"luka_mod:Gnome","floor":12,"key":"SMITH"},{"data":"luka_mod:Tamamo","floor":15,"key":"SMITH"},{"data":"luka_mod:Granberia","floor":24,"key":"SMITH"},{"data":"luka_mod:Gnome","floor":32,"key":"SMITH"},{"data":"luka_mod:Tamamo","floor":40,"key":"SMITH"},{"data":"luka_mod:Alice","floor":49,"key":"SMITH"},{"data":"luka_mod:Gnome","floor":52,"key":"SMITH"}],"circlet_count":0,"master_deck":["luka_mod:StrikeLukaOne","luka_mod:StrikeLukaTwo+1","luka_mod:StrikeLukaThree","luka_mod:StrikeLukaFour","luka_mod:StrikeLukaFive","luka_mod:StrikeLukaSix","luka_mod:Salt","luka_mod:Meditation","luka_mod:Gnome+1","Flash of Steel+1","luka_mod:Gnome+1","luka_mod:Determination","luka_mod:Struggle","luka_mod:AlicesGuard","Flash of Steel","luka_mod:CriticalHit","luka_mod:AlicesGuard","luka_mod:Gnome+1","luka_mod:Struggle","luka_mod:Tamamo+1","luka_mod:Granberia+1","luka_mod:Intense+1","luka_mod:Struggle+1","luka_mod:CriticalHit","luka_mod:Salamander","luka_mod:Tamamo+1","Madness","Madness","Panache","luka_mod:Alice+1","luka_mod:AngryLuka","Sadistic Nature","luka_mod:BladeOfSolidEarth","luka_mod:Optimistic"],"relics":["luka_mod:KeepsakeRing","Blood Vial","Omamori","Singing Bowl","Bird Faced Urn","Potion Belt","WarpedTongs","MealTicket","Strawberry","Membership Card","theSenshi:SuperSailorFukuRelic","Ancient Tea Set","theSenshi:FeatherClipsRelic","Mango","Bag of Marbles","Gem_Box","Shuriken","Juzu Bracelet","Unceasing Top","CeramicFish","Pear","Question Card","Lee\u0027s Waffle","Bronze Scales","theSenshi:MoonKaleidoScopeRelic","Calipers","Bag of Preparation","Genji_Glove","Whetstone","Centennial Puzzle","StrikeDummy"],"acts_visited":["Exordium","TheCity","TheBeyond","TheEnding"],"potions_floor_usage":[7,23,28,30,33,42,46,46,53],"damage_taken":[{"damage":1,"enemies":"Small Slimes","floor":1,"turns":4},{"damage":0,"enemies":"Cultist","floor":3,"turns":3},{"damage":3,"enemies":"2 Louse","floor":5,"turns":2},{"damage":1,"enemies":"Lagavulin","floor":7,"turns":9},{"damage":0,"enemies":"3 Sentries","floor":11,"turns":10},{"damage":0,"enemies":"Lagavulin","floor":14,"turns":6},{"damage":0,"enemies":"Slime Boss","floor":16,"turns":10},{"damage":0,"enemies":"Chosen","floor":18,"turns":6},{"damage":0,"enemies":"Shell Parasite","floor":22,"turns":3},{"damage":0,"enemies":"Gremlin Leader","floor":23,"turns":5},{"damage":0,"enemies":"Snecko","floor":25,"turns":3},{"damage":0,"enemies":"Cultist and Chosen","floor":27,"turns":5},{"damage":15,"enemies":"Slavers","floor":28,"turns":2},{"damage":0,"enemies":"Chosen and Byrds","floor":30,"turns":4},{"damage":0,"enemies":"Snecko","floor":31,"turns":3},{"damage":0,"enemies":"Collector","floor":33,"turns":4},{"damage":0,"enemies":"3 Shapes","floor":35,"turns":5},{"damage":7,"enemies":"Orb Walker","floor":36,"turns":3},{"damage":0,"enemies":"Giant Head","floor":41,"turns":4},{"damage":35,"enemies":"4 Shapes","floor":42,"turns":6},{"damage":0,"enemies":"Reptomancer","floor":44,"turns":3},{"damage":29,"enemies":"Writhing Mass","floor":45,"turns":4},{"damage":0,"enemies":"Maw","floor":46,"turns":5},{"damage":5,"enemies":"Jaw Worm Horde","floor":47,"turns":3},{"damage":0,"enemies":"Giant Head","floor":48,"turns":6},{"damage":42,"enemies":"Time Eater","floor":50,"turns":5},{"damage":35,"enemies":"Shield and Spear","floor":54,"turns":3},{"damage":130,"enemies":"The Heart","floor":55,"turns":8}],"seed_played":"-4760446710695733518","potions_obtained":[{"floor":5,"key":"DuplicationPotion"},{"floor":18,"key":"Dexterity Potion"},{"floor":22,"key":"Explosive Potion"},{"floor":28,"key":"Explosive Potion"},{"floor":31,"key":"CultistPotion"},{"floor":33,"key":"DuplicationPotion"},{"floor":41,"key":"BlessingOfTheForge"},{"floor":42,"key":"Fire Potion"},{"floor":45,"key":"GamblersBrew"}],"is_trial":false,"path_per_floor":["M","?","M","?","M","R","E","?","T","$","E","R","?","E","R","B",null,"M","$","?","?","M","E","R","M","T","M","E","$","M","M","R","B",null,"M","M","?","?","?","R","E","M","T","E","M","M","M","E","R","B",null,"R","$","E","B",null],"character_chosen":"LUKA_CLASS","items_purchased":["Blood Vial","Omamori","luka_mod:Gnome","Flash of Steel","luka_mod:Gnome","luka_mod:Determination","Singing Bowl","luka_mod:Struggle","luka_mod:AlicesGuard","Bird Faced Urn","Potion Belt","Flash of Steel","luka_mod:Feel","Membership Card","theSenshi:SuperSailorFukuRelic","luka_mod:Gnome","PowerPotion","DeathKnight:RimePotion","Ancient Tea Set","Shuriken","Juzu Bracelet","luka_mod:CriticalHit","Lee\u0027s Waffle","Bronze Scales","Genji_Glove","Sadistic Nature","Fruit Juice","luka_mod:BladeOfSolidEarth","luka_mod:Optimistic","Whetstone","SpeedPotion","FearPotion","Centennial Puzzle"],"campfire_rested":0,"item_purchase_floors":[0,0,0,0,0,0,0,0,0,0,0,0,0,10,10,10,10,10,10,19,19,29,29,29,53,53,53,53,53,53,53,53,53],"current_hp_per_floor":[21,14,42,42,41,41,44,44,51,51,51,51,40,65,65,65,65,67,67,67,67,69,69,69,69,79,81,74,90,92,92,92,92,92,94,96,84,84,78,78,102,104,104,104,91,106,108,110,110,80,103,103,115,94,64],"gold":159,"neow_bonus":"","is_daily":false,"chose_seed":false,"campfire_upgraded":7,"win_rate":0.0,"timestamp":1614036019,"path_taken":["M","?","M","?","?","R","E","?","T","?","E","R","?","E","R","BOSS","M","$","?","?","M","E","R","M","T","M","E","$","M","M","R","BOSS","M","M","?","?","?","R","E","M","T","E","M","M","M","E","R","BOSS","R","$","E","BOSS"],"items_purchased_type":["Relic","Relic","Card","Card","Card","Card","Relic","Card","Card","Relic","Relic","Card","Card","Relic","Relic","Card","Potion","Potion","Relic","Relic","Relic","Card","Relic","Relic","Relic","Card","Potion","Card","Card","Relic","Potion","Potion","Relic"],"build_version":"2020-12-22","purchased_purges":5,"victory":true,"max_hp_per_floor":[42,42,42,42,42,42,44,44,51,51,51,51,65,65,65,65,65,67,67,67,67,69,69,69,69,79,81,83,90,92,92,92,92,92,94,96,96,96,100,100,102,104,104,104,104,106,108,110,110,110,110,110,115,117,117],"card_choices":[{"not_picked":["luka_mod:AngryLuka","luka_mod:HeroicStrike","luka_mod:Feel"],"picked":"Singing Bowl","floor":1},{"not_picked":["luka_mod:DemonSkullBeheading","luka_mod:WindSlash"],"picked":"luka_mod:CriticalHit","floor":3},{"not_picked":["luka_mod:Overexert","luka_mod:GuardTraining"],"picked":"luka_mod:AlicesGuard","floor":5},{"not_picked":["luka_mod:GuardedStrike","luka_mod:Ora","luka_mod:ThunderThrust"],"picked":"Singing Bowl","floor":7},{"not_picked":["luka_mod:StrikeLuka","luka_mod:FireSlash"],"picked":"luka_mod:Struggle","floor":11},{"not_picked":["luka_mod:WindSlash","luka_mod:EarthSlash"],"picked":"luka_mod:Tamamo","floor":14},{"not_picked":["luka_mod:SuperAttack","luka_mod:Ilias"],"picked":"luka_mod:Granberia","floor":16},{"not_picked":["luka_mod:ThunderThrust","luka_mod:Cutscene","luka_mod:LightningSwordFlash"],"picked":"Singing Bowl","floor":18},{"not_picked":["luka_mod:WindSlash","luka_mod:Overexert+1","luka_mod:PeacePreach"],"picked":"Singing Bowl","floor":22},{"not_picked":["luka_mod:StrikeLuka","luka_mod:Feel"],"picked":"luka_mod:Intense+1","floor":23},{"not_picked":["luka_mod:BladeOfHowlingWind","luka_mod:Feel"],"picked":"luka_mod:Struggle+1","floor":25},{"not_picked":["luka_mod:Determination+1","luka_mod:SealingStrike","luka_mod:GuardTraining+1"],"picked":"Singing Bowl","floor":27},{"not_picked":["luka_mod:StressRelief","luka_mod:WaterSlash","luka_mod:NeverSurrender"],"picked":"Singing Bowl","floor":28},{"not_picked":["luka_mod:PerfectTiming","luka_mod:PeacePreach+1","luka_mod:ThunderThrust+1","luka_mod:DemonDecapitation"],"picked":"Singing Bowl","floor":30},{"not_picked":["luka_mod:WaterSlash","luka_mod:Struggle","luka_mod:IliasesJudgement"],"picked":"luka_mod:Salamander","floor":31},{"not_picked":["luka_mod:SpoilerDance","luka_mod:Erubetie","luka_mod:AlmaElma"],"picked":"luka_mod:Tamamo","floor":33},{"not_picked":["luka_mod:RestrictedStrike+1","luka_mod:HeroicStrike","luka_mod:IliasesJudgement+1","luka_mod:Request+1"],"picked":"Singing Bowl","floor":35},{"not_picked":["luka_mod:BladeOfHowlingWind+1","luka_mod:PrayToIlias+1","luka_mod:Calm+1","luka_mod:BegIlias"],"picked":"Singing Bowl","floor":36},{"not_picked":["Chrysalis","Transmutation","Purity"],"picked":"Panache","floor":39},{"not_picked":["Discovery","Mind Blast","Thinking Ahead","Secret Weapon"],"picked":"Singing Bowl","floor":39},{"not_picked":["Swift Strike","Purity","Trip","Impatience"],"picked":"Singing Bowl","floor":39},{"not_picked":["luka_mod:UnusedPoison+1","luka_mod:WindSlash+1","luka_mod:WaterSlash+1","luka_mod:DemonDecapitation+1"],"picked":"Singing Bowl","floor":41},{"not_picked":["luka_mod:Request+1","luka_mod:Sylph+1","luka_mod:DemonSkullBeheading+1","luka_mod:EndlessGuard+1"],"picked":"Singing Bowl","floor":42},{"not_picked":["luka_mod:ThunderThrust","luka_mod:BladeOfStillWater+1","luka_mod:OiAlice+1"],"picked":"luka_mod:Alice","floor":44},{"not_picked":["luka_mod:HeroicStrike+1","luka_mod:StressRelief+1","luka_mod:OiAlice"],"picked":"luka_mod:AngryLuka","floor":45},{"not_picked":["luka_mod:DemonSkullBeheading+1","luka_mod:BladeOfHowlingWind","luka_mod:WaterSlash+1","luka_mod:Request+1"],"picked":"Singing Bowl","floor":46},{"not_picked":["luka_mod:DemonSkullBeheading","luka_mod:Struggle","luka_mod:SealingStrike","luka_mod:UnusedPoison"],"picked":"Singing Bowl","floor":47},{"not_picked":["luka_mod:EarthRumblingDecapitation+1","luka_mod:HeroicStrike","luka_mod:TouchFluffyTail","luka_mod:FlashKill+1"],"picked":"Singing Bowl","floor":48},{"not_picked":["luka_mod:BegIlias","luka_mod:FlashKill+1","luka_mod:Struggle","luka_mod:SmallBody+1"],"picked":"Singing Bowl","floor":54}],"player_experience":1339010,"relics_obtained":[{"floor":7,"key":"MealTicket"},{"floor":9,"key":"Strawberry"},{"floor":11,"key":"theSenshi:FeatherClipsRelic"},{"floor":14,"key":"Bag of Marbles"},{"floor":23,"key":"CeramicFish"},{"floor":26,"key":"Pear"},{"floor":28,"key":"Question Card"},{"floor":41,"key":"Calipers"},{"floor":44,"key":"Bag of Preparation"},{"floor":54,"key":"StrikeDummy"}],"event_choices":[{"cards_removed":["luka_mod:Edging"],"damage_healed":0,"gold_gain":0,"player_choice":"Card Removal","damage_taken":7,"max_hp_gain":0,"max_hp_loss":0,"event_name":"Golden Wing","floor":2,"gold_loss":0},{"damage_healed":0,"gold_gain":0,"player_choice":"Rummage","damage_taken":0,"relics_obtained":["WarpedTongs"],"max_hp_gain":0,"max_hp_loss":0,"event_name":"Accursed Blacksmith","floor":4,"gold_loss":0,"cards_obtained":["Pain"]},{"damage_healed":0,"gold_gain":175,"player_choice":"AGREE","damage_taken":0,"max_hp_gain":0,"max_hp_loss":0,"event_name":"Liars Game","floor":8,"gold_loss":0,"cards_obtained":["Doubt"]},{"damage_healed":0,"gold_gain":0,"player_choice":"Success","damage_taken":25,"relics_obtained":["Mango"],"max_hp_gain":0,"max_hp_loss":0,"event_name":"Scrap Ooze","floor":13,"gold_loss":0},{"damage_healed":0,"gold_gain":0,"player_choice":"Obtained Relic","damage_taken":0,"relics_obtained":["Unceasing Top"],"max_hp_gain":0,"max_hp_loss":0,"event_name":"Addict","floor":20,"gold_loss":85},{"damage_healed":0,"gold_gain":0,"player_choice":"Ignored","damage_taken":0,"max_hp_gain":0,"max_hp_loss":0,"event_name":"Vampires","floor":21,"gold_loss":0},{"damage_healed":0,"gold_gain":0,"player_choice":"Embrace Madness","damage_taken":12,"max_hp_gain":0,"max_hp_loss":0,"event_name":"Winding Halls","floor":37,"gold_loss":0,"cards_obtained":["Madness","Madness"]},{"damage_healed":0,"gold_gain":0,"player_choice":"Ignored","damage_taken":0,"max_hp_gain":0,"max_hp_loss":0,"event_name":"Tomb of Lord Red Mask","floor":38,"gold_loss":0},{"damage_healed":0,"gold_gain":0,"player_choice":"Memory 3","damage_taken":10,"max_hp_gain":0,"max_hp_loss":0,"event_name":"SensoryStone","floor":39,"gold_loss":0}],"is_beta":false,"boss_relics":[{"not_picked":["Philosopher\u0027s Stone","Empty Cage"],"picked":"Gem_Box"},{"not_picked":["Busted Crown","Runic Dome"],"picked":"theSenshi:MoonKaleidoScopeRelic"}],"items_purged_floors":[0,0,0,0,19],"is_endless":false,"potions_floor_spawned":[5,16,18,22,28,31,33,41,42,45],"ascension_level":6}}