{"host":"3498uni0c31c9bdm","time":1614000182,"event":{"mods":["BaseMod","Better Match","Better Note","Better Sensory Stone","Better Skull","Better Third Choice","Colored Map","Minty Spire (QoL Compilation)","Quick Restart","RNG Fix","Random Character Button","Replay The Spire","Shop Mod","Smile Girya","StSLib","Unceasing Turn Reminder"],"gold_per_floor":[112,112,124,141,141,141,169,169,218,218,229,229,229,229,262,274,274,378,378,396,396,409,9,9,34,34,45,45,45,70,80,80,179,179,276,576,595,595,645,29,234,243,7,49,72,132,8,47,92,132,354,362,362,362,16,66,92],"floor_reached":58,"language":"ENG","playtime":3082,"items_purged":["Defend_G","Injury","Well Laid Plans+1"],"score":2159,"play_id":"f741f4b1-435d-465e-855f-db1b72fe2fba","local_time":"20210223002302","is_ascension_mode":true,"campfire_choices":[{"data":"After Image","floor":6,"key":"SMITH"},{"floor":8,"key":"REST"},{"floor":14,"key":"REST"},{"floor":17,"key":"RECALL"},{"floor":26,"key":"REST"},{"floor":29,"key":"REST"},{"floor":34,"key":"REST"},{"floor":42,"key":"REST"},{"data":"Venomology","floor":54,"key":"SMITH"},{"data":"ReplayTheSpireMod:Tripwire","floor":54,"key":"SMITH"}],"circlet_count":11,"master_deck":["AscendersBane","Strike_G+2","Strike_G+2","Strike_G","Strike_G","Strike_G+1","Defend_G+1","Defend_G","Defend_G+1","Defend_G+1","Survivor","Neutralize","After Image+1","Draining Mist+1","ReplayTheSpireMod:Tripwire+1","Slice","Blur+1","ReplayTheSpireMod:Speed Training+1","Replay:Bag of Tricks","Noxious Fumes","Venomology+1","Crippling Poison","Dodge and Roll+1","Bane+1","Sucker Punch+1","Blade Dance+1","Blind+1","Madness+1","Replay:Bag of Tricks+1","CurseOfTheBell","ReplayTheSpireMod:The Works+1","Escape Plan+1","Well Laid Plans","PiercingWail+1","Deflect+1","Slice+1","Underhanded Strike","Forethought+1","After Image+1","ReplayTheSpireMod:IOU","ReplayTheSpireMod:IOU","ReplayTheSpireMod:IOU","ReplayTheSpireMod:IOU","ReplayTheSpireMod:IOU","ReplayTheSpireMod:IOU","ReplayTheSpireMod:IOU","ReplayTheSpireMod:IOU","ReplayTheSpireMod:IOU","ReplayTheSpireMod:IOU","ReplayTheSpireMod:IOU","ReplayTheSpireMod:IOU","ReplayTheSpireMod:IOU","ReplayTheSpireMod:IOU","ReplayTheSpireMod:IOU","ReplayTheSpireMod:IOU","ReplayTheSpireMod:IOU","Accuracy","ReplayTheSpireMod:IOU","ReplayTheSpireMod:IOU","ReplayTheSpireMod:IOU","ReplayTheSpireMod:IOU","ReplayTheSpireMod:IOU","ReplayTheSpireMod:IOU","ReplayTheSpireMod:IOU","ReplayTheSpireMod:IOU","ReplayTheSpireMod:IOU","ReplayTheSpireMod:IOU","ReplayTheSpireMod:IOU","ReplayTheSpireMod:IOU","ReplayTheSpireMod:IOU","ReplayTheSpireMod:IOU","ReplayTheSpireMod:IOU","ReplayTheSpireMod:IOU","ReplayTheSpireMod:IOU","ReplayTheSpireMod:IOU","ReplayTheSpireMod:IOU","ReplayTheSpireMod:IOU","ReplayTheSpireMod:IOU","ReplayTheSpireMod:IOU","ReplayTheSpireMod:IOU","ReplayTheSpireMod:IOU","ReplayTheSpireMod:IOU","ReplayTheSpireMod:IOU","ReplayTheSpireMod:IOU","ReplayTheSpireMod:IOU","ReplayTheSpireMod:IOU","ReplayTheSpireMod:IOU","ReplayTheSpireMod:IOU","ReplayTheSpireMod:IOU","Accuracy+1","ReplayTheSpireMod:Scrap Shanks+1","Fluid Movement+1","ReplayTheSpireMod:IOU","Noxious Fumes+1","ReplayTheSpireMod:IOU","Footwork+1","Fluid Movement+1","ReplayTheSpireMod:IOU","ReplayTheSpireMod:IOU","ReplayTheSpireMod:IOU","ReplayTheSpireMod:IOU","ReplayTheSpireMod:IOU","ReplayTheSpireMod:IOU","ReplayTheSpireMod:IOU","ReplayTheSpireMod:IOU","ReplayTheSpireMod:IOU","ReplayTheSpireMod:IOU","ReplayTheSpireMod:IOU","ReplayTheSpireMod:IOU","ReplayTheSpireMod:IOU","ReplayTheSpireMod:IOU","ReplayTheSpireMod:IOU","ReplayTheSpireMod:IOU","ReplayTheSpireMod:IOU","ReplayTheSpireMod:IOU","ReplayTheSpireMod:IOU","ReplayTheSpireMod:IOU","ReplayTheSpireMod:IOU","ReplayTheSpireMod:IOU","ReplayTheSpireMod:IOU","ReplayTheSpireMod:IOU","ReplayTheSpireMod:IOU","ReplayTheSpireMod:IOU","ReplayTheSpireMod:IOU","ReplayTheSpireMod:IOU","Acrobatics+1","Acrobatics+1","Concentrate+1","PiercingWail+1","Acrobatics+1","Blade Dance+1","Expertise+1","ReplayTheSpireMod:IOU","Terror+1","ReplayTheSpireMod:IOU","Dagger Spray+1","ReplayTheSpireMod:From All Sides+1","Master of Strategy+1","ReplayTheSpireMod:IOU","Impatience+1","ReplayTheSpireMod:IOU","Panacea+1","Dramatic Entrance+1","ReplayTheSpireMod:IOU","ReplayTheSpireMod:IOU","ReplayTheSpireMod:IOU","ReplayTheSpireMod:IOU","ReplayTheSpireMod:IOU","ReplayTheSpireMod:IOU","Pot Of Greed+1","Pot Of Greed+1","Pot Of Greed+1","Pot Of Greed+1","Pot Of Greed+1","Pot Of Greed+1","Pot Of Greed+1","Pot Of Greed+1","Pot Of Greed+1","Pot Of Greed+1","Pot Of Greed+1","Pot Of Greed+1","Pot Of Greed+1","ReplayTheSpireMod:IOU","ReplayTheSpireMod:IOU","ReplayTheSpireMod:IOU","ReplayTheSpireMod:IOU","ReplayTheSpireMod:IOU","ReplayTheSpireMod:IOU","Pot Of Greed+1","ReplayTheSpireMod:IOU","ReplayTheSpireMod:IOU","ReplayTheSpireMod:IOU","ReplayTheSpireMod:IOU","ReplayTheSpireMod:IOU","ReplayTheSpireMod:IOU","ReplayTheSpireMod:IOU","ReplayTheSpireMod:IOU","ReplayTheSpireMod:IOU","ReplayTheSpireMod:IOU","ReplayTheSpireMod:IOU","ReplayTheSpireMod:IOU","Pot Of Greed+1","ReplayTheSpireMod:IOU","ReplayTheSpireMod:IOU","ReplayTheSpireMod:IOU","ReplayTheSpireMod:IOU","ReplayTheSpireMod:IOU","ReplayTheSpireMod:IOU","ReplayTheSpireMod:IOU","ReplayTheSpireMod:IOU","ReplayTheSpireMod:IOU","ReplayTheSpireMod:IOU","ReplayTheSpireMod:IOU","ReplayTheSpireMod:IOU","Pot Of Greed+1","ReplayTheSpireMod:IOU","ReplayTheSpireMod:IOU","ReplayTheSpireMod:IOU","ReplayTheSpireMod:IOU","ReplayTheSpireMod:IOU","ReplayTheSpireMod:IOU","ReplayTheSpireMod:IOU","ReplayTheSpireMod:IOU","ReplayTheSpireMod:IOU","ReplayTheSpireMod:IOU","ReplayTheSpireMod:IOU","Pot Of Greed+1","ReplayTheSpireMod:IOU","ReplayTheSpireMod:IOU","ReplayTheSpireMod:IOU","ReplayTheSpireMod:IOU","ReplayTheSpireMod:IOU","ReplayTheSpireMod:IOU","ReplayTheSpireMod:IOU","ReplayTheSpireMod:IOU","ReplayTheSpireMod:IOU","ReplayTheSpireMod:IOU","ReplayTheSpireMod:IOU","ReplayTheSpireMod:IOU","Pot Of Greed+1","ReplayTheSpireMod:IOU","ReplayTheSpireMod:IOU","ReplayTheSpireMod:IOU","ReplayTheSpireMod:IOU","ReplayTheSpireMod:IOU","ReplayTheSpireMod:IOU","ReplayTheSpireMod:IOU","ReplayTheSpireMod:IOU","ReplayTheSpireMod:IOU","ReplayTheSpireMod:IOU","ReplayTheSpireMod:IOU","ReplayTheSpireMod:IOU","Pot Of Greed+1","ReplayTheSpireMod:IOU","ReplayTheSpireMod:IOU","ReplayTheSpireMod:IOU","ReplayTheSpireMod:IOU","ReplayTheSpireMod:IOU","ReplayTheSpireMod:IOU","ReplayTheSpireMod:IOU","ReplayTheSpireMod:IOU","ReplayTheSpireMod:IOU","ReplayTheSpireMod:IOU","ReplayTheSpireMod:IOU","ReplayTheSpireMod:IOU","ReplayTheSpireMod:IOU","Pot Of Greed+1","ReplayTheSpireMod:IOU","ReplayTheSpireMod:IOU","ReplayTheSpireMod:IOU","ReplayTheSpireMod:IOU","ReplayTheSpireMod:IOU","ReplayTheSpireMod:IOU","ReplayTheSpireMod:IOU","ReplayTheSpireMod:IOU","ReplayTheSpireMod:IOU","ReplayTheSpireMod:IOU","ReplayTheSpireMod:IOU","Pot Of Greed+1","ReplayTheSpireMod:IOU","ReplayTheSpireMod:IOU","ReplayTheSpireMod:IOU","ReplayTheSpireMod:IOU","ReplayTheSpireMod:IOU","ReplayTheSpireMod:IOU","ReplayTheSpireMod:IOU","ReplayTheSpireMod:IOU","ReplayTheSpireMod:IOU","ReplayTheSpireMod:IOU","ReplayTheSpireMod:IOU","ReplayTheSpireMod:IOU","ReplayTheSpireMod:IOU","Pot Of Greed+1","ReplayTheSpireMod:IOU","ReplayTheSpireMod:IOU","ReplayTheSpireMod:IOU","ReplayTheSpireMod:IOU","ReplayTheSpireMod:IOU","ReplayTheSpireMod:IOU","ReplayTheSpireMod:IOU","ReplayTheSpireMod:IOU","ReplayTheSpireMod:IOU","ReplayTheSpireMod:IOU","ReplayTheSpireMod:IOU","Pot Of Greed+1","ReplayTheSpireMod:IOU","ReplayTheSpireMod:IOU","ReplayTheSpireMod:IOU","ReplayTheSpireMod:IOU","ReplayTheSpireMod:IOU","ReplayTheSpireMod:IOU","ReplayTheSpireMod:IOU","ReplayTheSpireMod:IOU","ReplayTheSpireMod:IOU","ReplayTheSpireMod:IOU","ReplayTheSpireMod:IOU","ReplayTheSpireMod:IOU","ReplayTheSpireMod:IOU","ReplayTheSpireMod:IOU","ReplayTheSpireMod:IOU","Pot Of Greed+1","ReplayTheSpireMod:IOU","ReplayTheSpireMod:IOU","ReplayTheSpireMod:IOU","ReplayTheSpireMod:IOU","ReplayTheSpireMod:IOU","Poison Darts+1","ReplayTheSpireMod:Tripwire+1","Underhanded Strike+1","Flechettes+1","Pot Of Greed+1","ReplayTheSpireMod:IOU","ReplayTheSpireMod:IOU","Violence+1","ReplayTheSpireMod:IOU","Apotheosis+1","Blind+1","ReplayTheSpireMod:IOU","ReplayTheSpireMod:IOU","Replay:Parry+1","Purity+1","Madness+1","ReplayTheSpireMod:IOU","Pot Of Greed+1","Heel Hook+1","Replay:BasicMightCard+1","ReplayTheSpireMod:IOU","ReplayTheSpireMod:IOU","Thinking Ahead+1","Purity+1","Mind Blast+1","ReplayTheSpireMod:IOU","Poisoned Stab+1","ReplayTheSpireMod:IOU","Replay:Bag of Tricks+1","Concentrate+1","Pot Of Greed+1","Distraction+1","ReplayTheSpireMod:IOU","ReplayTheSpireMod:IOU","Good Instincts+1","ReplayTheSpireMod:Private Reserves+1","ReplayTheSpireMod:Trickstab+1","ReplayTheSpireMod:IOU","ReplayTheSpireMod:IOU","ReplayUltimateDefense+1","ReplayTheSpireMod:IOU","PanicButton+1","Purity+1","Pot Of Greed+1","Bandage Up+1","ReplayTheSpireMod:IOU","Calculated Gamble+1","Hidden Blade+1","Dodge and Roll+1","ReplayTheSpireMod:IOU","ReplayTheSpireMod:Speed Training+1","ReplayTheSpireMod:Necrosis+1","ReplayTheSpireMod:IOU","Well Laid Plans+1","Fluid Movement+1","ReplayTheSpireMod:IOU","Sucker Punch+1","Pot Of Greed+1","Finisher+1","All Out Attack+1","ReplayTheSpireMod:IOU","ReplayTheSpireMod:IOU","Die Die Die+1","ReplayTheSpireMod:IOU","Unload+1","Bane+1","Flying Knee+1","Slice+1","ReplayTheSpireMod:IOU","Pot Of Greed+1","Atom Bomb+1","ReplayTheSpireMod:Splinters","Cloak And Dagger+1","Quick Slash+1","Infinite Blades+1","Replay:Poison Smokescreen+1","Skewer+1","Tools of the Trade+1","ReplayTheSpireMod:IOU","After Image+1","ReplayTheSpireMod:IOU","A Thousand Cuts+1","Pot Of Greed+1","Replay:Sssssssssshield+1","Replay:Sssssssssshield+1","ReplayTheSpireMod:IOU","Flying Knee+1","Finisher+1","Corpse Explosion+1","Draining Mist+1","Acrobatics+1","Acrobatics+1","Quick Slash+1","Calculated Gamble+1","Storm of Steel+1","Pot Of Greed+1","Reflex+1","Flechettes+1","Panache+1","ReplayTheSpireMod:IOU","Specialist+1","ReplayTheSpireMod:Private Reserves+1","ReplayTheSpireMod:Private Reserves+1","ReplayTheSpireMod:IOU","Panache+1","Deflect+1","Dagger Throw+1"],"relics":["Ring of the Snake","Mercury Hourglass","Gremlin Food","Blood Vial","Spirit Poop","Centennial Puzzle","Replay:Bronze Core","Enchiridion","TwistedFunnel","Toxic Egg 2","Replay:Wax Seal","Juzu Bracelet","Red Mask","Calling Bell","Snake Skull","The Courier","Byrd Skull","Gambling Chip","Replay:Bandana","StrikeDummy","ReplayFunnel","Replay:Rubber Ducky","Bag of Marbles","Onion Ring","Oddly Smooth Stone","Gremlin Horn","Potion Belt","Vajra","White Beast Statue","ReplayTheSpireMod:Lightbulb","MerchantsRug","Boot","Turnip","Matryoshka","TungstenRod","Pen Nib","Akabeko","Vampiric Spirits","Divine Protection","Regal Pillow","Frozen Egg 2","War Paint","Toy Ornithopter","Dream Catcher","Nunchaku","Durian","Replay:Bottled Flurry","Bronze Scales","MealTicket","Singing Bowl","Bag of Preparation","Replay:Bottled Snecko","HornCleat","Ornamental Fan","Art of War","Replay:Towering Pillar of Hats","Simple Rune","CeramicFish","Whetstone","Golden Egg","PreservedInsect","Replay:Mystery Machine","Pet Ghost","Du-Vu Doll","The Specimen","Shovel","Happy Flower","Replay:Baseball","Grinning Jar","Blue Doll","Lantern","Anchor","Orichalcum","Strawberry","Calipers","Shuriken","Kunai","Quantum Egg","Prayer Wheel","Bird Faced Urn","StoneCalendar","Chameleon Ring","Molten Egg 2","ReplayTheSpireMod:Shallot","Paper Crane","Sundial","Pear","Bottled Flame","Replay:Bottled Eggs","Garlic","Mirror","InkBottle","ReplayTheSpireMod:Ninjato","Replay:Ringing Soul","Ninja Scroll","Question Card","Replay:WaspNest","Bottled Tornado","Blue Candle","Meat on the Bone","Peace Pipe","Snack Pack","Mummified Hand","Replay:Accelerometer","Dead Branch","Darkstone Periapt","Bottled Lightning","Eternal Feather","Letter Opener","Iron Hammer","Replay:Bottled Steam","Torii","CaptainsWheel","Ice Cream","Tingsha","Ginger","Counterbalance","Incense Burner","Basket Of Snakes","Pondfish Scales","Replay:Multitool","Unceasing Top","Tough Bandages","Thread and Needle","FossilizedHelix","Replay:Kaleidoscope","Mango","Lizard Tail","Pocketwatch","Replay:Arrowhead","Circlet","WingedGreaves","Replay:PocketPolymizer","Chemical X","Medical Kit","Orrery"],"acts_visited":["Exordium","TheCity","TheBeyond","TheEnding"],"potions_floor_usage":[7,18,22,25,27,30,35,35,39],"damage_taken":[{"damage":1,"enemies":"Cultist","floor":1,"turns":4},{"damage":0,"enemies":"Jaw Worm","floor":3,"turns":7},{"damage":7,"enemies":"Small Slimes","floor":4,"turns":6},{"damage":25,"enemies":"Replay:BlueRogue","floor":7,"turns":9},{"damage":10,"enemies":"Gremlin Gang","floor":11,"turns":4},{"damage":7,"enemies":"Lagavulin","floor":15,"turns":11},{"damage":5,"enemies":"3 Louse","floor":16,"turns":4},{"damage":33,"enemies":"Fading Forest","floor":18,"turns":11},{"damage":17,"enemies":"3 Byrds","floor":20,"turns":5},{"damage":2,"enemies":"Spheric Guardian","floor":22,"turns":5},{"damage":19,"enemies":"Slavers","floor":25,"turns":5},{"damage":9,"enemies":"Shelled Parasite and Fungi","floor":27,"turns":4},{"damage":15,"enemies":"Masked Bandits","floor":30,"turns":5},{"damage":2,"enemies":"Sentry and Sphere","floor":31,"turns":6},{"damage":20,"enemies":"Pondfish","floor":35,"turns":9},{"damage":0,"enemies":"3 Shapes","floor":37,"turns":4},{"damage":7,"enemies":"Mind Bloom Boss Battle","floor":39,"turns":8},{"damage":0,"enemies":"Reptomancer","floor":44,"turns":1},{"damage":0,"enemies":"2 Orb Walkers","floor":46,"turns":1},{"damage":0,"enemies":"Giant Head","floor":48,"turns":1},{"damage":0,"enemies":"Nemesis","floor":49,"turns":1},{"damage":0,"enemies":"Orb Walker","floor":50,"turns":1},{"damage":0,"enemies":"Replay:Hell Engine","floor":52,"turns":1},{"damage":0,"enemies":"Shield and Spear","floor":56,"turns":1},{"damage":0,"enemies":"The Heart","floor":57,"turns":3}],"seed_played":"-6842668926472428351","potions_obtained":[{"floor":3,"key":"Weak Potion"},{"floor":7,"key":"LiquidMemories"},{"floor":15,"key":"LiquidMemories"},{"floor":25,"key":"LiquidBronze"},{"floor":30,"key":"Swift Potion"},{"floor":31,"key":"Poison Potion"},{"floor":35,"key":"Cursed Concoction"},{"floor":37,"key":"Block Potion"}],"is_trial":false,"path_per_floor":["M","$","M","M","?","R","E","R","T","?","M","PTL","PTL","R","E","M","R","B",null,"M","?","M","$","?","E","R","M","T","R","?","M","?","?","R","B",null,"M","?","?","$","?","R","$","E","T","?","$","E","E","M","R_BF","B",null,"R","$","E","B",null],"character_chosen":"THE_SILENT","items_purchased":["TwistedFunnel","Toxic Egg 2","BargainBundle","Well Laid Plans","PiercingWail+1","Deflect+1","Slice","Underhanded Strike","Forethought+1","After Image","Gambling Chip","Replay:Bandana","StrikeDummy","ReplayFunnel","Replay:Rubber Ducky","Bag of Marbles","Omamori","Onion Ring","Oddly Smooth Stone","Gremlin Horn","Potion Belt","Vajra","White Beast Statue","ReplayTheSpireMod:Lightbulb","SkillPotion","Block Potion","PowerPotion","Accuracy","MerchantsRug","Boot","Turnip","Matryoshka","TungstenRod","Pen Nib","Akabeko","Vampiric Spirits","Divine Protection","Regal Pillow","Frozen Egg 2","War Paint","Toy Ornithopter","Dream Catcher","Nunchaku","Durian","Replay:Bottled Flurry","Bronze Scales","MealTicket","Accuracy+1","ReplayTheSpireMod:Scrap Shanks+1","Fluid Movement+1","Well Laid Plans+1","Noxious Fumes+1","Footwork+1","Fluid Movement+1","Singing Bowl","Bag of Preparation","Replay:Bottled Snecko","HornCleat","Ornamental Fan","Art of War","Replay:Towering Pillar of Hats","Simple Rune","CeramicFish","Whetstone","Golden Egg","PreservedInsect","Replay:Mystery Machine","Pet Ghost","Du-Vu Doll","The Specimen","Acrobatics+1","Acrobatics+1","Concentrate+1","PiercingWail+1","Acrobatics+1","Blade Dance+1","Expertise+1","Terror+1","Dagger Spray","ReplayTheSpireMod:From All Sides","Master of Strategy+1","Impatience+1","Panacea+1","Dramatic Entrance","Shovel","Happy Flower","Replay:Baseball","Grinning Jar","Blue Doll","Lantern","Anchor","Orichalcum","Strawberry","Calipers","Shuriken","Kunai","Quantum Egg","Prayer Wheel","Bird Faced Urn","StoneCalendar","Chameleon Ring","Molten Egg 2","ReplayTheSpireMod:Shallot","Paper Crane","Sundial","Pear","Bottled Flame","Replay:Bottled Eggs","Garlic","Mirror","InkBottle","ReplayTheSpireMod:Ninjato","Replay:Ringing Soul","Ninja Scroll","Question Card","Replay:WaspNest","Bottled Tornado","Blue Candle","Meat on the Bone","Peace Pipe","Snack Pack","Mummified Hand","Replay:Accelerometer","Dead Branch","Darkstone Periapt","Bottled Lightning","Eternal Feather","Letter Opener","Iron Hammer","Replay:Bottled Steam","Torii","CaptainsWheel","Ice Cream","Tingsha","Ginger","Counterbalance","Incense Burner","Basket Of Snakes","Pondfish Scales","Replay:Multitool","Unceasing Top","Tough Bandages","Thread and Needle","FossilizedHelix","Replay:Kaleidoscope","Mango","Lizard Tail","Pocketwatch","Replay:Arrowhead","Circlet","WingedGreaves","Replay:PocketPolymizer","Circlet","Circlet","Circlet","Poison Darts+1","ReplayTheSpireMod:Tripwire+1","Underhanded Strike+1","Flechettes+1","Violence+1","Apotheosis+1","Blind+1","Replay:Parry+1","Purity+1","Madness+1","Heel Hook+1","Replay:BasicMightCard+1","Thinking Ahead+1","Purity+1","Mind Blast+1","Poisoned Stab+1","Replay:Bag of Tricks+1","Concentrate+1","Distraction+1","Good Instincts+1","ReplayTheSpireMod:Private Reserves+1","ReplayTheSpireMod:Trickstab+1","ReplayUltimateDefense+1","PanicButton+1","Purity+1","Bandage Up+1","Calculated Gamble+1","Hidden Blade+1","Dodge and Roll+1","ReplayTheSpireMod:Speed Training+1","ReplayTheSpireMod:Necrosis+1","Well Laid Plans+1","Fluid Movement+1","Sucker Punch+1","Finisher+1","All Out Attack+1","Die Die Die+1","Unload+1","Bane+1","Flying Knee+1","Slice+1","Atom Bomb+1","Chemical X","Tools of the Trade+1","After Image+1","A Thousand Cuts+1","Replay:Sssssssssshield+1","FairyPotion","Medical Kit","Orrery","Panache+1","Specialist+1","ReplayTheSpireMod:Private Reserves+1","Panache+1","Deflect+1"],"campfire_rested":6,"item_purchase_floors":[23,23,40,40,40,40,40,40,40,40,40,40,40,40,40,40,40,40,40,40,40,40,40,40,40,40,40,40,40,40,40,40,40,40,40,40,40,40,40,40,40,40,40,40,40,40,40,40,40,40,40,40,40,40,40,40,40,40,40,40,40,40,40,40,40,40,40,40,40,40,40,40,40,40,40,40,40,40,40,40,40,40,40,40,40,40,40,40,40,40,40,40,40,40,40,40,40,40,40,40,40,40,40,40,40,40,40,40,40,40,40,40,40,40,40,40,40,40,40,40,40,40,40,40,40,40,40,40,40,40,40,40,40,40,40,40,40,40,40,40,40,40,40,40,40,40,40,40,40,40,40,40,40,40,40,40,40,40,40,40,40,40,40,40,40,40,40,40,40,40,40,40,40,40,40,40,40,40,40,40,40,40,40,40,40,40,40,40,40,40,40,40,40,40,40,40,40,43,43,43,43,43,43,47,55,55,55,55,55,55],"current_hp_per_floor":[62,62,62,55,55,55,30,51,51,51,43,43,43,64,59,56,56,43,63,48,32,32,32,32,15,36,29,29,50,37,37,37,37,58,40,63,65,65,60,651,660,673,694,697,697,700,700,703,706,709,709,709,709,709,724,727,727],"gold":92,"neow_bonus":"THREE_RARE_CARDS","is_daily":false,"chose_seed":false,"campfire_upgraded":3,"win_rate":0.0,"timestamp":1614000182,"path_taken":["M","$","M","M","?","R","E","R","T","?","M","PTL","PTL","R","E","?","R","BOSS","M","?","?","?","?","E","R","M","T","R","?","M","?","?","R","BOSS","M","?","?","?","?","R","$","E","T","?","$","E","E","M","R_BF","BOSS","R","$","E","BOSS"],"items_purchased_type":["Relic","Relic","Relic","Card","Card","Card","Card","Card","Card","Card","Relic","Relic","Relic","Relic","Relic","Relic","Relic","Relic","Relic","Relic","Relic","Relic","Relic","Relic","Potion","Potion","Potion","Card","Relic","Relic","Relic","Relic","Relic","Relic","Relic","Relic","Relic","Relic","Relic","Relic","Relic","Relic","Relic","Relic","Relic","Relic","Relic","Card","Card","Card","Card","Card","Card","Card","Relic","Relic","Relic","Relic","Relic","Relic","Relic","Relic","Relic","Relic","Relic","Relic","Relic","Relic","Relic","Relic","Card","Card","Card","Card","Card","Card","Card","Card","Card","Card","Card","Card","Card","Card","Relic","Relic","Relic","Relic","Relic","Relic","Relic","Relic","Relic","Relic","Relic","Relic","Relic","Relic","Relic","Relic","Relic","Relic","Relic","Relic","Relic","Relic","Relic","Relic","Relic","Relic","Relic","Relic","Relic","Relic","Relic","Relic","Relic","Relic","Relic","Relic","Relic","Relic","Relic","Relic","Relic","Relic","Relic","Relic","Relic","Relic","Relic","Relic","Relic","Relic","Relic","Relic","Relic","Relic","Relic","Relic","Relic","Relic","Relic","Relic","Relic","Relic","Relic","Relic","Relic","Undefined","Relic","Relic","Undefined","Undefined","Undefined","Card","Card","Card","Card","Card","Card","Card","Card","Card","Card","Card","Card","Card","Card","Card","Card","Card","Card","Card","Card","Card","Card","Card","Card","Card","Card","Card","Card","Card","Card","Card","Card","Card","Card","Card","Card","Card","Card","Card","Card","Card","Card","Relic","Card","Card","Card","Card","Potion","Relic","Relic","Card","Card","Card","Card","Card"],"build_version":"2020-12-22","purchased_purges":3,"victory":true,"max_hp_per_floor":[70,70,70,70,70,70,70,70,70,70,70,70,70,70,70,70,70,70,70,70,70,70,70,70,70,70,70,70,70,70,70,70,70,70,70,70,70,70,70,661,670,673,694,697,697,700,700,703,706,709,709,709,709,709,724,727,727],"card_choices":[{"not_picked":["Adrenaline","Storm of Steel"],"picked":"After Image","floor":0},{"not_picked":["All Out Attack","Dodge and Roll"],"picked":"Draining Mist","floor":1},{"not_picked":["Slice","Acrobatics"],"picked":"ReplayTheSpireMod:Tripwire","floor":3},{"not_picked":["Predator","Eviscerate"],"picked":"Slice","floor":4},{"not_picked":["Setup","Hidden Blade"],"picked":"Blur","floor":7},{"not_picked":["Underhanded Strike","Acrobatics"],"picked":"ReplayTheSpireMod:Speed Training","floor":11},{"not_picked":["Hidden Blade","Predator"],"picked":"Replay:Bag of Tricks","floor":15},{"not_picked":["Poisoned Stab","Sneak Up"],"picked":"Noxious Fumes","floor":16},{"not_picked":["Storm of Steel","Die Die Die"],"picked":"Venomology","floor":18},{"not_picked":["Hidden Blade+1","Dodge and Roll"],"picked":"Crippling Poison","floor":20},{"not_picked":["Acrobatics","Expertise+1"],"picked":"Poisoned Stab+1","floor":22},{"not_picked":["Doppelganger+1","Leg Sweep+1"],"picked":"Dodge and Roll+1","floor":25},{"not_picked":["Dagger Throw","Outmaneuver+1"],"picked":"Bane+1","floor":27},{"not_picked":["Dodge and Roll+1","Deadly Poison+1"],"picked":"Sucker Punch+1","floor":30},{"not_picked":["ReplayTheSpireMod:Tripwire+1","PiercingWail+1"],"picked":"Blade Dance+1","floor":31},{"not_picked":["ReplayTheSpireMod:Trickstab","Enlightenment+1"],"picked":"Blind+1","floor":32},{"not_picked":["ReplayTheSpireMod:Uncanny Aura+1","Violence+1"],"picked":"Madness+1","floor":32},{"not_picked":["ReplayTheSpireMod:Necrosis+1","Glass Knife"],"picked":"Replay:Bag of Tricks+1","floor":35},{"not_picked":["Slice+1","All Out Attack+1"],"picked":"ReplayTheSpireMod:The Works+1","floor":37},{"not_picked":["Cloak And Dagger+1","Flying Knee+1"],"picked":"Escape Plan+1","floor":39},{"not_picked":["Bane+1","Deadly Poison+1","Backflip+1"],"picked":"Cloak And Dagger+1","floor":41},{"not_picked":["All Out Attack+1","Finisher+1","Cloak And Dagger+1"],"picked":"Quick Slash+1","floor":41},{"not_picked":["Escape Plan+1","Terror+1","Crippling Poison+1"],"picked":"Infinite Blades+1","floor":41},{"not_picked":["Dagger Throw+1","Blade Dance+1","Underhanded Strike+1"],"picked":"Replay:Poison Smokescreen+1","floor":41},{"not_picked":["Dagger Throw+1","Crippling Poison+1","Terror+1"],"picked":"Skewer+1","floor":42},{"not_picked":["Slice+1","PiercingWail+1","Outmaneuver+1"],"picked":"Flying Knee+1","floor":44},{"not_picked":["Backflip+1","Accuracy+1","Dagger Throw+1"],"picked":"Finisher+1","floor":46},{"not_picked":["Skewer+1","Prepared+1","PiercingWail+1"],"picked":"Corpse Explosion+1","floor":48},{"not_picked":["Bane+1","Sucker Punch+1","Footwork+1"],"picked":"Draining Mist+1","floor":49},{"not_picked":["All Out Attack+1","Dagger Throw+1","Cloak And Dagger+1"],"picked":"Acrobatics+1","floor":50},{"not_picked":["Poisoned Stab+1","ReplayTheSpireMod:The Works+1","Caltrops+1"],"picked":"Acrobatics+1","floor":50},{"not_picked":["Poisoned Stab+1","PiercingWail+1","Underhanded Strike+1"],"picked":"Quick Slash+1","floor":55},{"not_picked":["Backstab+1","Leg Sweep+1","Endless Agony+1"],"picked":"Calculated Gamble+1","floor":55},{"not_picked":["Acrobatics+1","Hidden Blade+1","Blade Dance+1"],"picked":"Storm of Steel+1","floor":55},{"not_picked":["Escape Plan+1","PiercingWail+1","Bane+1"],"picked":"Reflex+1","floor":55},{"not_picked":["Deadly Poison+1","Outmaneuver+1","Bane+1"],"picked":"Flechettes+1","floor":55},{"not_picked":["Sucker Punch+1","Night Terror+1","Blur+1"],"picked":"Dagger Throw+1","floor":56}],"player_experience":929845,"relics_obtained":[{"floor":7,"key":"Gremlin Food"},{"floor":9,"key":"Blood Vial"},{"floor":15,"key":"Centennial Puzzle"},{"floor":21,"key":"Enchiridion"},{"floor":25,"key":"Replay:Wax Seal"},{"floor":28,"key":"Juzu Bracelet"},{"floor":30,"key":"Red Mask"},{"floor":36,"key":"Snake Skull"},{"floor":36,"key":"The Courier"},{"floor":36,"key":"Old Coin"},{"floor":39,"key":"Byrd Skull"},{"floor":41,"key":"Circlet"},{"floor":44,"key":"Circlet"},{"floor":45,"key":"Circlet"},{"floor":46,"key":"Circlet"},{"floor":48,"key":"Circlet"},{"floor":49,"key":"Circlet"},{"floor":56,"key":"Circlet"}],"event_choices":[{"damage_healed":0,"gold_gain":0,"player_choice":"Box","damage_taken":0,"relics_obtained":["Mercury Hourglass"],"max_hp_gain":0,"max_hp_loss":0,"event_name":"Big Fish","floor":5,"gold_loss":0,"cards_obtained":["Regret"]},{"cards_removed":["Regret"],"damage_healed":0,"gold_gain":0,"player_choice":"Offered Curse","damage_taken":0,"relics_obtained":["Spirit Poop"],"max_hp_gain":0,"max_hp_loss":0,"event_name":"Bonfire Elementals","floor":10,"gold_loss":0},{"damage_healed":0,"gold_gain":0,"player_choice":"Obtained Book","damage_taken":16,"max_hp_gain":0,"max_hp_loss":0,"event_name":"Cursed Tome","floor":21,"gold_loss":0},{"damage_healed":0,"gold_gain":0,"player_choice":"Fought Bandits","damage_taken":0,"max_hp_gain":0,"max_hp_loss":0,"event_name":"Masked Bandits","floor":30,"gold_loss":0},{"damage_healed":0,"gold_gain":2,"player_choice":"1","damage_taken":0,"max_hp_gain":0,"max_hp_loss":0,"event_name":"betterStone:BetterStone","floor":32,"gold_loss":0},{"damage_healed":0,"gold_gain":99,"player_choice":"Steal","damage_taken":0,"max_hp_gain":0,"max_hp_loss":0,"event_name":"betterThird:BetterNest","floor":33,"gold_loss":0},{"cards_removed":["Poisoned Stab"],"damage_healed":0,"gold_gain":0,"player_choice":"Removed Attack","damage_taken":0,"max_hp_gain":0,"max_hp_loss":0,"event_name":"Falling","floor":38,"gold_loss":0},{"damage_healed":0,"gold_gain":0,"player_choice":"Fight","damage_taken":0,"max_hp_gain":0,"max_hp_loss":0,"event_name":"MindBloom","floor":39,"gold_loss":0},{"damage_healed":0,"gold_gain":0,"player_choice":"Fight","damage_taken":0,"max_hp_gain":0,"max_hp_loss":0,"event_name":"Mysterious Sphere","floor":46,"gold_loss":0},{"damage_healed":0,"gold_gain":222,"player_choice":"Wore Mask","damage_taken":0,"max_hp_gain":0,"max_hp_loss":0,"event_name":"Tomb of Lord Red Mask","floor":51,"gold_loss":0}],"is_beta":false,"boss_relics":[{"not_picked":["Replay:Grab Bag","Coffee Dripper"],"picked":"Replay:Bronze Core"},{"not_picked":["Ring of Chaos","HoveringKite"],"picked":"Calling Bell"}],"items_purged_floors":[40,43,55],"is_endless":false,"potions_floor_spawned":[3,7,15,25,30,31,35,37,44,46,48,49,50,56],"ascension_level":11}}