{"host":"mi0eibewekhugwl1","time":1614018624,"event":{"mods":["AchievementEnabler","BaseMod","Colored Map","Colored Powertips","DeckTracker","Keyboard Shortcuts","Minty Spire (QoL Compilation)","Quick Restart","Rare Cards Sparkle","Relic Stats","StSLib","SuperFastMode","everything is the same but u backflip on backflip"],"gold_per_floor":[119,129,140,215,215,215,249,69,69,69,89,106,6,25,25,98,98,111,161,172,47,97,97,97],"floor_reached":23,"language":"KOR","playtime":487,"items_purged":["Strike_G","Strike_G","Strike_G"],"score":382,"play_id":"f06c5d6b-04ae-4612-9015-d14bec2e8e5e","local_time":"20210223033024","is_ascension_mode":true,"campfire_choices":[{"data":"Poisoned Stab","floor":6,"key":"SMITH"},{"floor":10,"key":"REST"},{"floor":15,"key":"REST"}],"circlet_count":0,"master_deck":["AscendersBane","Strike_G","Defend_G","Defend_G","Defend_G","Defend_G","Defend_G","Survivor","Neutralize","Poisoned Stab+1","Flying Knee","Deadly Poison","Grand Finale","Well Laid Plans","Backflip","Dagger Throw+1","Leg Sweep","Malaise","Catalyst","Reflex+1"],"relics":["Ring of the Snake","Lantern","Kunai","Molten Egg 2","HoveringKite"],"acts_visited":["Exordium","TheCity"],"potions_floor_usage":[7,16,23],"damage_taken":[{"damage":9,"enemies":"Jaw Worm","floor":1,"turns":6},{"damage":0,"enemies":"2 Louse","floor":2,"turns":3},{"damage":0,"enemies":"Cultist","floor":3,"turns":3},{"damage":33,"enemies":"Lagavulin","floor":7,"turns":6},{"damage":3,"enemies":"Looter","floor":11,"turns":4},{"damage":16,"enemies":"Exordium Thugs","floor":12,"turns":6},{"damage":3,"enemies":"3 Louse","floor":14,"turns":4},{"damage":21,"enemies":"The Guardian","floor":16,"turns":10},{"damage":10,"enemies":"Spheric Guardian","floor":18,"turns":5},{"damage":12,"enemies":"Chosen","floor":20,"turns":7},{"damage":29,"enemies":"Slavers","floor":23,"turns":3}],"seed_played":"-2314528412415367226","potions_obtained":[{"floor":2,"key":"PowerPotion"},{"floor":11,"key":"Strength Potion"},{"floor":16,"key":"LiquidMemories"}],"is_trial":false,"path_per_floor":["M","M","M","?","?","R","E","$","T","R","M","M","$","M","R","B",null,"M","?","M","$","?","E"],"character_chosen":"THE_SILENT","items_purchased":["Well Laid Plans","Backflip"],"campfire_rested":2,"item_purchase_floors":[8,8],"current_hp_per_floor":[50,50,50,39,39,39,6,6,6,25,22,6,6,3,22,1,50,40,40,28,28,28,0,0],"gold":97,"neow_bonus":"RANDOM_COMMON_RELIC","is_daily":false,"chose_seed":false,"campfire_upgraded":1,"win_rate":0.0,"timestamp":1614018624,"path_taken":["M","M","M","?","?","R","E","$","T","R","?","M","$","M","R","BOSS","M","?","M","?","?","E"],"items_purchased_type":["Card","Card"],"build_version":"2020-12-22","purchased_purges":3,"victory":false,"max_hp_per_floor":[66,66,66,66,66,66,66,66,66,66,66,66,66,66,66,66,66,66,66,66,66,66,66,66],"relic_stats":{"counters":[11,57],"HoveringKite":[8],"Kunai":[7],"obtain_stats":[{"Lantern":0,"HoveringKite":17,"Molten Egg 2":9,"Kunai":7,"Ring of the Snake":0},{"Lantern":0,"HoveringKite":8,"Molten Egg 2":4,"Kunai":4,"Ring of the Snake":0},{"Lantern":0,"HoveringKite":42,"Molten Egg 2":18,"Kunai":18,"Ring of the Snake":0}],"Ring of the Snake":[22]},"card_choices":[{"not_picked":["Acrobatics","Cloak And Dagger"],"picked":"Poisoned Stab","floor":1},{"not_picked":["Calculated Gamble","PiercingWail"],"picked":"Flying Knee","floor":2},{"not_picked":["Concentrate","Accuracy"],"picked":"Deadly Poison","floor":3},{"not_picked":["Underhanded Strike","Deadly Poison","Setup"],"picked":"SKIP","floor":7},{"not_picked":["Concentrate","Backflip"],"picked":"Dagger Throw+1","floor":11},{"not_picked":["Terror","Slice+1"],"picked":"Leg Sweep","floor":12},{"not_picked":["Heel Hook+1","Eviscerate+1","Catalyst"],"picked":"SKIP","floor":14},{"not_picked":["Unload+1","Envenom"],"picked":"Malaise","floor":16},{"not_picked":["Sucker Punch+1","Dagger Spray+1"],"picked":"Catalyst","floor":18},{"not_picked":["Expertise","Distraction"],"picked":"Reflex+1","floor":20}],"player_experience":1816659,"relics_obtained":[{"floor":7,"key":"Kunai"},{"floor":9,"key":"Molten Egg 2"}],"event_choices":[{"damage_healed":0,"gold_gain":75,"player_choice":"Gather Gold","damage_taken":11,"max_hp_gain":0,"max_hp_loss":0,"event_name":"World of Goop","floor":4,"gold_loss":0},{"damage_healed":0,"gold_gain":0,"cards_transformed":["Strike_G"],"player_choice":"Transformed","damage_taken":0,"max_hp_gain":0,"max_hp_loss":0,"event_name":"Transmorgrifier","floor":5,"gold_loss":0,"cards_obtained":["Grand Finale"]},{"damage_healed":0,"gold_gain":50,"player_choice":"Pray","damage_taken":0,"max_hp_gain":0,"max_hp_loss":0,"event_name":"Golden Shrine","floor":19,"gold_loss":0},{"damage_healed":0,"gold_gain":50,"player_choice":"Stole From Cult","damage_taken":0,"max_hp_gain":0,"max_hp_loss":0,"event_name":"Nest","floor":22,"gold_loss":0}],"is_beta":false,"boss_relics":[{"not_picked":["Pandora\u0027s Box","Snecko Eye"],"picked":"HoveringKite"}],"items_purged_floors":[8,13,21],"is_endless":false,"potions_floor_spawned":[2,11,16],"killed_by":"Slavers","ascension_level":20}}