{"host":"zxd2l8an9de7z7b9","time":1614021912,"event":{"mods":["100% Spire Juice","2.2 Compatiblity","AchievementEnabler","BaseMod","CapriCore","Colored Map","Colored Powertips","Marisa£¨Ùöéë¡¡Øª×âÞÞ£©","Minty Spire (QoL Compilation)","Rare Cards Sparkle","StSLib","SuperFastMode","Td1madao Mod","everything is the same but u backflip on backflip"],"gold_per_floor":[119,119,139,64,64,64,100,121,202,202,223,254,272,290,290,290,290],"floor_reached":16,"language":"KOR","playtime":289,"items_purged":["Strike_R"],"score":137,"play_id":"ba52a9d5-cf90-4bc2-a368-429ad083066c","local_time":"20210223042512","is_ascension_mode":false,"campfire_choices":[{"data":"Bash","floor":6,"key":"SMITH"},{"data":"Strike_R","floor":10,"key":"SMITH"},{"floor":15,"key":"REST"}],"circlet_count":0,"master_deck":["Strike_R","Strike_R","Strike_R+1","Strike_R+1","Defend_R","Defend_R","Defend_R","Defend_R","Bash+1","Dual Wield+1"],"relics":["Burning Blood","NeowsBlessing","Golden Idol","PreservedInsect","Ornamental Fan","Anchor"],"acts_visited":["Exordium"],"potions_floor_usage":[12,14,16],"damage_taken":[{"damage":0,"enemies":"Small Slimes","floor":1,"turns":1},{"damage":0,"enemies":"2 Louse","floor":3,"turns":1},{"damage":0,"enemies":"Gremlin Nob","floor":7,"turns":1},{"damage":13,"enemies":"Jaw Worm","floor":8,"turns":3},{"damage":12,"enemies":"Lots of Slimes","floor":11,"turns":5},{"damage":30,"enemies":"Lagavulin","floor":12,"turns":8},{"damage":6,"enemies":"Looter","floor":13,"turns":3},{"damage":3,"enemies":"3 Louse","floor":14,"turns":5},{"damage":39,"enemies":"Slime Boss","floor":16,"turns":7}],"seed_played":"7533250920869883825","potions_obtained":[{"floor":7,"key":"AttackPotion"},{"floor":8,"key":"FearPotion"},{"floor":12,"key":"BlessingOfTheForge"},{"floor":13,"key":"Dexterity Potion"}],"is_trial":false,"path_per_floor":["M","?","M","$","?","R","E","M","T","R","M","E","M","M","R","B"],"character_chosen":"IRONCLAD","items_purchased":[],"campfire_rested":1,"item_purchase_floors":[],"current_hp_per_floor":[80,60,66,66,50,50,56,49,49,49,43,19,19,22,46,7,7],"gold":290,"neow_bonus":"THREE_ENEMY_KILL","is_daily":false,"chose_seed":false,"campfire_upgraded":2,"win_rate":0.0,"timestamp":1614021912,"path_taken":["M","?","M","$","?","R","E","M","T","R","M","E","M","M","R","BOSS"],"items_purchased_type":[],"build_version":"2020-12-22","purchased_purges":1,"victory":false,"max_hp_per_floor":[80,80,80,80,80,80,80,80,80,80,80,80,80,80,80,80,80],"card_choices":[{"not_picked":["Heavy Blade","Whirlwind","Anger"],"picked":"SKIP","floor":1},{"not_picked":["Shockwave","Heavy Blade"],"picked":"Dual Wield","floor":3},{"not_picked":["Armaments","Heavy Blade","Sever Soul"],"picked":"SKIP","floor":7},{"not_picked":["Fire Breathing","Body Slam","Perfected Strike"],"picked":"SKIP","floor":8},{"not_picked":["Flex","Clothesline","Heavy Blade"],"picked":"SKIP","floor":11},{"not_picked":["Searing Blow","Feel No Pain","Flex"],"picked":"SKIP","floor":12},{"not_picked":["Rage","Intimidate","Twin Strike"],"picked":"SKIP","floor":13},{"not_picked":["Infernal Blade","Juggernaut","Uppercut"],"picked":"SKIP","floor":14}],"player_experience":448273,"relics_obtained":[{"floor":7,"key":"PreservedInsect"},{"floor":9,"key":"Ornamental Fan"},{"floor":12,"key":"Anchor"}],"event_choices":[{"damage_healed":0,"gold_gain":0,"player_choice":"Take Damage","damage_taken":20,"relics_obtained":["Golden Idol"],"max_hp_gain":0,"max_hp_loss":0,"event_name":"Golden Idol","floor":2,"gold_loss":0},{"damage_healed":0,"gold_gain":0,"player_choice":"Entered Light","damage_taken":16,"max_hp_gain":0,"max_hp_loss":0,"event_name":"Shining Light","floor":5,"gold_loss":0,"cards_upgraded":["Dual Wield","Strike_R"]}],"is_beta":false,"boss_relics":[],"items_purged_floors":[4],"is_endless":false,"potions_floor_spawned":[7,8,12,13],"killed_by":"Slime Boss","ascension_level":0}}