{"host":"yx5rao87132cy5xq","time":1614000492,"event":{"mods":["2.2 Compatiblity","AchievementEnabler","BaseMod","Bestiary","Colored Map","Colored Powertips","Highlight Path","Minty Spire (QoL Compilation)","Quick Restart","Relic Stats","Slay-I","SuperFastMode"],"gold_per_floor":[117,192,192,208,225,237,237,270,293,293,328,328,358,377,377,377,377],"floor_reached":16,"language":"ENG","playtime":4859,"items_purged":[],"score":234,"play_id":"09c1fde2-362b-4c7c-8583-575f01cb8b52","local_time":"20210222142812","is_ascension_mode":true,"campfire_choices":[{"data":"Bludgeon","floor":7.0,"key":"SMITH"},{"floor":10,"key":"REST"},{"data":"True Grit","floor":15,"key":"SMITH"}],"circlet_count":0,"master_deck":["AscendersBane","Strike_R","Strike_R","Strike_R","Strike_R","Defend_R","Defend_R","Defend_R","Defend_R","Bash","Feel No Pain","Cleave","Twin Strike","Bludgeon+1","Iron Wave","Armaments","Double Tap","True Grit+1","Reaper"],"relics":["Burning Blood","Dream Catcher","Pen Nib","MealTicket","Bag of Preparation"],"acts_visited":["Exordium"],"potions_floor_usage":[8,13],"damage_taken":[{"damage":7.0,"enemies":"Small Slimes","floor":1.0,"turns":4.0},{"damage":5.0,"enemies":"2 Louse","floor":4.0,"turns":3.0},{"damage":11.0,"enemies":"Jaw Worm","floor":5.0,"turns":4.0},{"damage":20.0,"enemies":"Gremlin Gang","floor":6.0,"turns":4.0},{"damage":29,"enemies":"Lagavulin","floor":8,"turns":8},{"damage":20,"enemies":"3 Sentries","floor":11,"turns":6},{"damage":25,"enemies":"Lagavulin","floor":13,"turns":5},{"damage":6,"enemies":"Exordium Wildlife","floor":14,"turns":3},{"damage":48,"enemies":"Hexaghost","floor":16,"turns":7}],"seed_played":"7911723832771996393","potions_obtained":[{"floor":5.0,"key":"Swift Potion"},{"floor":6.0,"key":"Weak Potion"},{"floor":11,"key":"Energy Potion"}],"is_trial":false,"path_per_floor":["M","?","?","M","M","M","R","E","T","R","E","?","E","M","R","B"],"character_chosen":"IRONCLAD","items_purchased":[],"campfire_rested":1,"item_purchase_floors":[],"current_hp_per_floor":[74,63,63,64,59,45,45,22,22,46,32,59,40,40,40,0,0],"gold":377,"neow_bonus":"TEN_PERCENT_HP_BONUS","is_daily":false,"chose_seed":false,"campfire_upgraded":2,"win_rate":0.0,"timestamp":1614000492,"path_taken":["M","?","?","M","M","M","R","E","T","R","E","?","E","M","R","BOSS"],"items_purchased_type":[],"build_version":"2020-12-22","purchased_purges":0,"victory":false,"max_hp_per_floor":[82,82,82,82,82,82,82,82,82,82,82,82,82,82,82,82,82],"relic_stats":{"Dream Catcher":1,"counters":[9,44],"MealTicket":0,"Pen Nib":[2],"Bag of Preparation":[4],"obtain_stats":[{"Dream Catcher":8,"MealTicket":11,"Pen Nib":9,"Bag of Preparation":13,"Burning Blood":0},{"Dream Catcher":5,"MealTicket":6,"Pen Nib":5,"Bag of Preparation":7,"Burning Blood":0},{"Dream Catcher":23,"MealTicket":29,"Pen Nib":23,"Bag of Preparation":34,"Burning Blood":0}],"Burning Blood":48},"card_choices":[{"not_picked":["Havoc","Second Wind"],"picked":"Feel No Pain","floor":1.0},{"not_picked":["Warcry","Perfected Strike"],"picked":"Twin Strike","floor":4.0},{"not_picked":["Intimidate","Uppercut"],"picked":"Bludgeon","floor":5.0},{"not_picked":["Burning Pact","Entrench"],"picked":"Iron Wave","floor":6.0},{"not_picked":["Warcry","Cleave"],"picked":"Armaments","floor":8},{"not_picked":["Sword Boomerang","Sentinel"],"picked":"Double Tap","floor":10},{"not_picked":["Carnage","Thunderclap"],"picked":"True Grit","floor":11},{"not_picked":["Pommel Strike","Evolve","Heavy Blade"],"picked":"SKIP","floor":13},{"not_picked":["Evolve","Carnage"],"picked":"Reaper","floor":14}],"player_experience":1118947,"relics_obtained":[{"floor":8,"key":"Dream Catcher"},{"floor":9,"key":"Pen Nib"},{"floor":11,"key":"MealTicket"},{"floor":13,"key":"Bag of Preparation"}],"event_choices":[{"damage_healed":0.0,"max_hp_gain":0.0,"max_hp_loss":0.0,"gold_gain":75.0,"event_name":"World of Goop","player_choice":"Gather Gold","floor":2.0,"gold_loss":0.0,"damage_taken":11.0},{"damage_healed":0.0,"max_hp_gain":0.0,"max_hp_loss":0.0,"gold_gain":0.0,"cards_transformed":["Strike_R"],"event_name":"Living Wall","player_choice":"Change","floor":3.0,"gold_loss":0.0,"damage_taken":0.0,"cards_obtained":["Cleave"]},{"damage_healed":27,"gold_gain":0,"player_choice":"Banana","damage_taken":0,"max_hp_gain":0,"max_hp_loss":0,"event_name":"Big Fish","floor":12,"gold_loss":0}],"is_beta":false,"boss_relics":[],"items_purged_floors":[],"is_endless":false,"potions_floor_spawned":[5,6,11],"killed_by":"Hexaghost","ascension_level":19}}