{"host":"wd45l3ddice331wc","time":1614024388,"event":{"mods":["BaseMod","Downfall","Minty Spire (QoL Compilation)","Quick Restart","StSLib"],"gold_per_floor":[99,116,132,20,20,38,38,38,49,67,86,86,112,125,136,238,238,38,51,61,78,89,74,74,74,74,74,74,74],"floor_reached":27,"language":"ENG","playtime":2050,"items_purged":[],"score":244,"play_id":"99fc6513-2952-4212-a478-f41abd8e5936","local_time":"20210222120628","is_ascension_mode":false,"campfire_choices":[{"floor":1.0,"key":"RECALL"},{"data":"Guardian:TwinSlam","floor":8.0,"key":"SMITH"},{"floor":12.0,"key":"REST"}],"circlet_count":0,"master_deck":["Guardian:Strike_Guardian","Guardian:Strike_Guardian","Guardian:Strike_Guardian","Guardian:Strike_Guardian","Guardian:Defend_Guardian","Guardian:Defend_Guardian","Guardian:Defend_Guardian","Guardian:CurlUp","Guardian:TwinSlam+1","Guardian:PiercingHide+1","expansioncontent:AwakenDeath","Guardian:TemporalShield","Guardian:GuardianWhirl","Guardian:Reroute","Guardian:TemporalStrike","Guardian:Gem_Lightblue","Guardian:Gem_Purple","Guardian:Incinerate","Guardian:Gem_Fragmented","Guardian:Gem_White","Guardian:Harden","Guardian:Emergency","Guardian:Gem_Crimson","Guardian:Suspension","Guardian:ShieldSpikes+1","RitualDagger"],"relics":["Guardian:ModeShifter","Guardian:PickAxe","Runic Pyramid","downfall:HeartBlessingRed","downfall:HeartBlessingBlue","Darkstone Periapt"],"acts_visited":["Exordium","TheCity"],"potions_floor_usage":[20,20,21],"damage_taken":[{"damage":6.0,"enemies":"Jaw Worm","floor":2.0,"turns":4.0},{"damage":1.0,"enemies":"Cultist","floor":3.0,"turns":4.0},{"damage":3.0,"enemies":"downfall:FleeingMerchant","floor":4.0,"turns":4.0},{"damage":1.0,"enemies":"2 Louse","floor":6.0,"turns":3.0},{"damage":8.0,"enemies":"Lots of Slimes","floor":9.0,"turns":5.0},{"damage":1.0,"enemies":"Exordium Thugs","floor":10.0,"turns":6.0},{"damage":18.0,"enemies":"Large Slime","floor":11.0,"turns":6.0},{"damage":20.0,"enemies":"3 Sentries","floor":13.0,"turns":9.0},{"damage":8.0,"enemies":"Red Slaver","floor":14.0,"turns":5.0},{"damage":8.0,"enemies":"3 Louse","floor":15.0,"turns":4.0},{"damage":36.0,"enemies":"SI_SHIV_ARCHETYPE","floor":16.0,"turns":15.0},{"damage":14,"enemies":"Shell Parasite","floor":19,"turns":6},{"damage":4,"enemies":"3 Byrds","floor":20,"turns":4},{"damage":16,"enemies":"Snake Plant","floor":21,"turns":3},{"damage":35,"enemies":"Chosen and Byrds","floor":22,"turns":7},{"damage":15,"enemies":"downfall:FleeingMerchant","floor":23,"turns":4},{"damage":8,"enemies":"Book of Stabbing","floor":27,"turns":1}],"seed_played":"-4876547511198621470","potions_obtained":[{"floor":3.0,"key":"SkillPotion"},{"floor":11.0,"key":"FearPotion"},{"floor":13.0,"key":"hexamod:SoulburnPotion"},{"floor":14.0,"key":"Block Potion"},{"floor":16.0,"key":"Energy Potion"}],"is_trial":false,"path_per_floor":["R","M","M","$","?","M","T","R","M","M","M","R","E","M","M","B",null,"R","M","M","M","M","$","T","?","?","E"],"character_chosen":"GUARDIAN","items_purchased":["expansioncontent:AwakenDeath"],"campfire_rested":1,"item_purchase_floors":[4],"current_hp_per_floor":[88,82,81,78,78,77,77,77,69,68,50,76,56,48,40,4,88,98,84,80,64,29,14,14,8,8,0,0,0],"gold":74,"neow_bonus":"TEN_PERCENT_HP_BONUS","is_daily":false,"chose_seed":false,"campfire_upgraded":1,"win_rate":0.0,"timestamp":1614024388,"path_taken":["R","M","M","$","?","M","T","R","M","M","M","R","E","?","M","BOSS","R","M","M","M","M","$","T","?","?","E"],"items_purchased_type":["Card"],"build_version":"2020-12-22","purchased_purges":0,"victory":false,"max_hp_per_floor":[88,88,88,88,88,88,88,88,88,88,88,88,88,88,88,88,88,98,98,98,98,98,98,98,98,98,98,98,98],"card_choices":[{"not_picked":["Guardian:VentSteam","Guardian:BronzeOrb"],"picked":"Guardian:PiercingHide","floor":2.0},{"not_picked":["Guardian:PiercingHide","Guardian:Suspension"],"picked":"Guardian:Gem_White","floor":3.0},{"not_picked":["Guardian:ChargeCore","Guardian:Recover"],"picked":"Guardian:Gem_Red","floor":4.0},{"not_picked":["Guardian:RollAttack","Guardian:DecasProtection"],"picked":"Guardian:GuardianWhirl","floor":6.0},{"not_picked":["Guardian:Gem_Red","Guardian:FloatingOrbs"],"picked":"Guardian:Gem_Lightblue","floor":9.0},{"not_picked":["Guardian:StasisStrike","Guardian:TemporalStrike"],"picked":"Guardian:Reroute","floor":10.0},{"not_picked":["Guardian:PiercingHide","Guardian:Recover"],"picked":"Guardian:TemporalStrike","floor":11.0},{"not_picked":["Guardian:DonusPower","Guardian:Harden"],"picked":"Guardian:Gem_Lightblue","floor":13.0},{"not_picked":["Guardian:ShieldCharger","Guardian:Gem_Lightblue"],"picked":"Guardian:Gem_Purple","floor":14.0},{"not_picked":["Guardian:WalkerClaw","Guardian:Repulse"],"picked":"Guardian:Incinerate","floor":15.0},{"not_picked":["Guardian:ConstructionForm","Guardian:BaubleBeam"],"picked":"Guardian:Gem_Synthetic","floor":16.0},{"not_picked":["Guardian:CrystalBeam+1","Guardian:PiercingHide+1"],"picked":"Guardian:Harden","floor":19},{"not_picked":["Guardian:RefractedBeam","Guardian:VentSteam"],"picked":"Guardian:Emergency","floor":20},{"not_picked":["Guardian:Gem_Yellow","Guardian:ChargeCore+1"],"picked":"Guardian:Gem_Crimson","floor":21},{"not_picked":["Guardian:Emergency+1","Guardian:Incinerate"],"picked":"Guardian:Suspension","floor":22},{"not_picked":["Guardian:PiercingHide","Guardian:Planning"],"picked":"Guardian:ShieldSpikes+1","floor":23}],"player_experience":10459,"relics_obtained":[{"floor":13.0,"key":"Guardian:PickAxe"},{"floor":24,"key":"Darkstone Periapt"}],"event_choices":[],"is_beta":false,"boss_relics":[{"not_picked":["Snecko Eye","bronze:MakeshiftBattery"],"picked":"Runic Pyramid"}],"items_purged_floors":[],"is_endless":false,"potions_floor_spawned":[3,11,13,14,16,19],"killed_by":"Book of Stabbing","ascension_level":0}}