{"host":"z1zal7c5ufd23ok6","time":1614023346,"event":{"mods":["Act Like it!","Aspiration","Bard","BaseMod","Best Route Mod","Bestiary","Better Note","BetterRewards","Conspire","Downfall","Energized Spire","Gensokyo","Gremlin Mod","GungeonMod","Halation","Hallownest","Hermit","Hubris","Infinite Spire","Jorbs\u0027s Wanderer Trilogy","Lobotomy","Minty Spire (QoL Compilation)","Pale of the Ancients","Reliquary","Replay The Spire","Robot Space Explorer","Ruina","Shop Mod","Spicy Shops","Spikes Relics","Spire Arcade","StSLib","The Animator","The Bug Knight","The Clintock","The Cursed","The Disciple","The Exalted","The Forsaken","The Hierophant","The Judge","The Jungle","The Kombatant","The Poker Player","The Problem Sleuth","The Spell Scribe","Trackpad","Wandering Minibosses"],"gold_per_floor":[118,393,409,409,429,429,442,442,492,492,512,512,529,544,544,544,544],"floor_reached":16,"language":"ENG","playtime":529,"items_purged":[],"score":94,"play_id":"9ed163ac-f732-4db8-8637-ba8146686813","local_time":"20210222144906","is_ascension_mode":false,"campfire_choices":[{"data":"animator:Strike_Katanagatari","floor":6,"key":"SMITH"},{"data":"Twin Strike","floor":8,"key":"SMITH"},{"data":"Bash","floor":10,"key":"SMITH"},{"data":"infinitespire:OneForAll","floor":12,"key":"SMITH"},{"floor":15,"key":"REST"}],"circlet_count":0,"master_deck":["Strike_R","Strike_R","Strike_R","Strike_R","Strike_R","Defend_R","Defend_R","Defend_R","Defend_R","Bash+1","animator:Strike_Katanagatari+1","Gremlin:Strike","DemoMod:Invincible","Twin Strike+1","Regret","infinitespire:OneForAll+1","Perfected Strike"],"relics":["Burning Blood","Replay:Wax Seal"],"acts_visited":["Exordium"],"potions_floor_usage":[16,16],"damage_taken":[{"damage":8,"enemies":"2 Louse","floor":1,"turns":3},{"damage":10,"enemies":"conspire:RoseBush","floor":3,"turns":3},{"damage":0,"enemies":"Cultist","floor":5,"turns":3},{"damage":12,"enemies":"Red Slaver","floor":7,"turns":2},{"damage":14,"enemies":"Looter","floor":11,"turns":4},{"damage":12,"enemies":"3 Louse","floor":13,"turns":4},{"damage":16,"enemies":"Large Slime","floor":14,"turns":6},{"damage":74,"enemies":"The Guardian","floor":16,"turns":9}],"seed_played":"5763859775873529732","potions_obtained":[{"floor":5,"key":"Reflective Coating"},{"floor":11,"key":"sneckomod:MuddlingPotion"},{"floor":14,"key":"DemoMod:LeadSkinPotion"}],"is_trial":false,"path_per_floor":["M","?","M","?","M","R","M","R","T","R","M","R","M","M","R","B"],"character_chosen":"IRONCLAD","items_purchased":[],"campfire_rested":1,"item_purchase_floors":[],"current_hp_per_floor":[78,78,74,80,80,80,74,74,74,74,66,66,60,50,74,0,0],"gold":544,"neow_bonus":"RANDOM_COLORLESS_2","is_daily":false,"chose_seed":false,"campfire_upgraded":4,"win_rate":0.0,"timestamp":1614023346,"path_taken":["M","?","?","?","?","R","M","R","T","R","M","R","M","M","R","BOSS"],"items_purchased_type":[],"build_version":"2020-12-22","purchased_purges":0,"victory":false,"max_hp_per_floor":[80,80,80,80,80,80,80,80,80,80,80,80,80,80,80,80,80],"card_choices":[{"not_picked":["Panache","Replay:Dark Deal"],"picked":"DemoMod:Invincible","floor":0},{"not_picked":["BarbarianYell","Combust"],"picked":"Twin Strike","floor":1},{"not_picked":["Ghostly Armor","ReplayTheSpireMod:Strike From Hell","Bloodletting"],"picked":"SKIP","floor":3},{"not_picked":["Run Through","Demon Form","Heavy Blade"],"picked":"SKIP","floor":5},{"not_picked":["Clash","Massacre"],"picked":"infinitespire:OneForAll","floor":7},{"not_picked":["Sword Boomerang","Defy Death","Warcry"],"picked":"SKIP","floor":11},{"not_picked":["ReplayTheSpireMod:Limb From Limb","Dark Embrace"],"picked":"Perfected Strike","floor":13},{"not_picked":["Armaments","Run Through","Life Link"],"picked":"SKIP","floor":14}],"player_experience":292298,"relics_obtained":[{"floor":9,"key":"Replay:Wax Seal"}],"event_choices":[{"damage_healed":0,"gold_gain":275,"player_choice":"Desecrate","damage_taken":0,"max_hp_gain":0,"max_hp_loss":0,"event_name":"Golden Shrine","floor":2,"gold_loss":0,"cards_obtained":["Regret"]}],"is_beta":false,"boss_relics":[],"items_purged_floors":[],"is_endless":false,"potions_floor_spawned":[5,11,14],"killed_by":"The Guardian","ascension_level":0}}