{"host":"bxdue9bkfm2khp2x","time":1614001998,"event":{"mods":["ATMod(阿瑾Mod)","Aspiration","BaseMod","Better Vampires","Challenge The Spire","Colored Map","Colored Powertips","Conspire","Decade(王小明)","Dota2Spire","Downfall","Good Game Mod","Highlight Path","Minty Spire (QoL Compilation)","MostiFishMod","Reliquary","Remilia（蕾米莉亚）","Replay The Spire","RumiaBox-露米娅的神秘盒子","Ryuuou龙王","Spicy Shops","StSLib","The Alterego","The Bug Knight","The Cursed","Waifu the Spire","WarShipGirlsR/战舰少女R mod","Wide Potions","noobMod","【功能Mod】混沌之环修复补丁","残留之物","篝火指南"],"gold_per_floor":[109,124,224,238,238,238,248,258,258,258,273,286,33,46,46,144,144,154,79,91,91,105,134,134,160,160,189,189,219,233,233,27,124,124,143,68,88,88,88,88,118,129,177,177,277,33,83,93,93,93],"floor_reached":51,"language":"ZHS","playtime":5360,"items_purged":["PlaceholderMod:BaseStrike","PlaceholderMod:BaseStrike","PlaceholderMod:BaseStrike","PlaceholderMod:BaseDefend","PlaceholderMod:BaseStrike"],"score":986,"play_id":"9ce9bd17-db27-4483-b803-b48d1ab7693c","local_time":"20210222215318","is_ascension_mode":true,"campfire_choices":[{"data":"PlaceholderMod:EnergyAbsorb","floor":6.0,"key":"SMITH"},{"data":"PlaceholderMod:DirectingGroup","floor":10.0,"key":"SMITH"},{"data":"PlaceholderMod:HardStinger","floor":15.0,"key":"SMITH"},{"data":"PlaceholderMod:Crystallization","floor":24.0,"key":"SMITH"},{"data":"PlaceholderMod:SubstitutionNucleophilic1","floor":28.0,"key":"SMITH"},{"data":"PlaceholderMod:SelfCoupling","floor":40.0,"key":"SMITH"},{"data":"PlaceholderMod:PoisonAbsorb","floor":44.0,"key":"SMITH"},{"data":"PlaceholderMod:DiffusionPoison","floor":49,"key":"SMITH"}],"circlet_count":0,"master_deck":["PlaceholderMod:BaseDefend","PlaceholderMod:BaseDefend","PlaceholderMod:BaseDefend","PlaceholderMod:BaseDefend","PlaceholderMod:Crystal","TransientEternity","PlaceholderMod:ThreeBenzyolStart","PlaceholderMod:EnergyAbsorb+1","PlaceholderMod:Stratification","PlaceholderMod:DirectingGroup+1","PlaceholderMod:HardStinger+1","PlaceholderMod:ParasiteChange","PlaceholderMod:HighConcentration","PlaceholderMod:PoisonAbsorb+1","PlaceholderMod:DiffusionPoison+1","PlaceholderMod:Crystallization+1","PlaceholderMod:SubstitutionNucleophilic1+1","PlaceholderMod:PoisonBlast+1","PlaceholderMod:ThreeBenzyolStart","PlaceholderMod:Activation+1","PlaceholderMod:FinalSpray+1","PlaceholderMod:SelfCoupling+1","MostiFishMod:ForestofLight+1","PlaceholderMod:Crystallization+1","PlaceholderMod:DiffusionChemical+1","PlaceholderMod:Crystallization+1"],"relics":["PlaceholderMod:Tancle","DaveBox","ice","AT_ATBox","REME:ComplimentaryCards","ChiXiaoBlade","SynthV:TestCard","Toy Ornithopter","SacredBark","conspire:GlowingRock","AT_BladeRuinedKing","Toxic Egg 2","reliquary:TatteredRug","AT_ImmortalShieldbow","Membership Card","xbg","conspire:BottledYoYo","HollowMod:PaleOreRelic","Dota2Spire:EyeOfSkadi","BionicSphere"],"acts_visited":["Exordium","TheCity","TheBeyond"],"potions_floor_usage":[50,50],"damage_taken":[{"damage":0.0,"enemies":"2 Louse","floor":1.0,"turns":3.0},{"damage":0.0,"enemies":"conspire:RoseBush","floor":2.0,"turns":3.0},{"damage":0.0,"enemies":"Cultist","floor":4.0,"turns":3.0},{"damage":0.0,"enemies":"3 Louse","floor":7.0,"turns":5.0},{"damage":1.0,"enemies":"Exordium Wildlife","floor":8.0,"turns":4.0},{"damage":11.0,"enemies":"Large Slime","floor":11.0,"turns":7.0},{"damage":13.0,"enemies":"3 Louse","floor":12.0,"turns":5.0},{"damage":9.0,"enemies":"2 Fungi Beasts","floor":14.0,"turns":4.0},{"damage":5.0,"enemies":"Fading Forest","floor":16.0,"turns":11.0},{"damage":0.0,"enemies":"Chosen","floor":18.0,"turns":4.0},{"damage":0.0,"enemies":"3 Byrds","floor":20.0,"turns":4.0},{"damage":0.0,"enemies":"Shelled Parasite and Fungi","floor":22.0,"turns":5.0},{"damage":20.0,"enemies":"Slavers","floor":23.0,"turns":6.0},{"damage":0.0,"enemies":"HollowMod:Nosk","floor":25.0,"turns":6.0},{"damage":0.0,"enemies":"Book of Stabbing","floor":27.0,"turns":6.0},{"damage":5.0,"enemies":"HollowMod:Nosk","floor":29.0,"turns":6.0},{"damage":10.0,"enemies":"conspire:HollyBat","floor":30.0,"turns":5.0},{"damage":6.0,"enemies":"Champ","floor":33.0,"turns":7.0},{"damage":17.0,"enemies":"3 Shapes","floor":35.0,"turns":3.0},{"damage":0.0,"enemies":"Orb Walker","floor":37.0,"turns":3.0},{"damage":64.0,"enemies":"Nemesis","floor":41.0,"turns":5.0},{"damage":0.0,"enemies":"Transient","floor":42.0,"turns":3.0},{"damage":0.0,"enemies":"Mind Bloom Boss Battle","floor":47.0,"turns":3.0},{"damage":0.0,"enemies":"4 Shapes","floor":48.0,"turns":4.0},{"damage":0,"enemies":"Donu and Deca","floor":50,"turns":7}],"seed_played":"-9131972888185184181","potions_obtained":[{"floor":0.0,"key":"DuplicationPotion"},{"floor":0.0,"key":"FairyPotion"},{"floor":8.0,"key":"Regen Potion"},{"floor":16.0,"key":"AttackPotion"},{"floor":23.0,"key":"Elixir"},{"floor":25.0,"key":"Dota2Spire:Clarity"},{"floor":33.0,"key":"Dota2Spire:Clarity"},{"floor":42.0,"key":"LiquidBronze"},{"floor":47.0,"key":"Ancient Potion"}],"is_trial":false,"path_per_floor":["M","M","?","M","?","R","M","M","T","R","M","M","$","M","R","B",null,"M","?","M","$","M","E","R","E","T","E","R","E","M","?","R","B",null,"M","$","M","?","?","R","E","M","T","R","?","R","?","M","R","B",null],"character_chosen":"THE_PLACEHOLDER","items_purchased":["PlaceholderMod:HighConcentration","Membership Card","Dota2Spire:EyeOfSkadi"],"campfire_rested":0,"item_purchase_floors":[13,32,46],"current_hp_per_floor":[78,78,78,78,78,78,78,77,77,77,66,78,78,69,69,72,78,78,78,78,78,78,58,58,58,58,63,63,58,48,48,48,42,78,61,61,61,61,61,61,2,2,2,2,2,7,12,12,12,22],"gold":93,"neow_bonus":"THREE_SMALL_POTIONS","is_daily":false,"chose_seed":false,"campfire_upgraded":8,"win_rate":0.0,"timestamp":1614001998,"path_taken":["M","M","?","?","?","R","M","M","T","R","M","M","$","M","R","BOSS","M","?","M","$","M","E","R","E","T","E","R","E","M","?","R","BOSS","M","$","M","?","?","R","E","?","T","R","?","R","?","M","R","BOSS"],"items_purchased_type":["Card","Relic","Relic"],"build_version":"2020-12-22","purchased_purges":5,"victory":true,"max_hp_per_floor":[78,78,78,78,78,78,78,78,78,78,78,78,78,78,78,78,78,78,78,78,78,78,78,78,78,78,78,78,78,78,78,78,78,78,78,78,78,78,78,78,78,78,78,78,78,83,83,83,83,83],"card_choices":[{"not_picked":["PlaceholderMod:Hyperplasia","PlaceholderMod:Stratification"],"picked":"PlaceholderMod:ThreeBenzyolStart","floor":1.0},{"not_picked":["PlaceholderMod:Hard","PlaceholderMod:PoisonAbsorb","PlaceholderMod:StressReaction","PlaceholderMod:ContinueSpray"],"picked":"PlaceholderMod:EnergyAbsorb","floor":2.0},{"not_picked":["PlaceholderMod:PoisonAbsorb","PlaceholderMod:ProliferateStrike","PlaceholderMod:DissolvingSpikes","PlaceholderMod:EnergyAbsorb"],"picked":"PlaceholderMod:Stratification","floor":4.0},{"not_picked":["PlaceholderMod:ContinueSpray","PlaceholderMod:BlastSpray","PlaceholderMod:PoisonExcitation","PlaceholderMod:InnerStable","PlaceholderMod:ProliferateStrike"],"picked":"SKIP","floor":7.0},{"not_picked":["PlaceholderMod:DissolvingSpikes","PlaceholderMod:Corrosion","PlaceholderMod:Sweep","PlaceholderMod:SubstitutionNucleophilic1"],"picked":"PlaceholderMod:DirectingGroup","floor":8.0},{"not_picked":["PlaceholderMod:ContinueSpray","PlaceholderMod:HardStrike","PlaceholderMod:Sweep","PlaceholderMod:PoisonExcitation"],"picked":"PlaceholderMod:HardStinger","floor":11.0},{"not_picked":["PlaceholderMod:OHStrongAttack","PlaceholderMod:EnergyAbsorb","PlaceholderMod:ProliferateStrike","PlaceholderMod:AttackAsDefend"],"picked":"PlaceholderMod:ParasiteChange","floor":12.0},{"not_picked":["PlaceholderMod:ChainPoly","PlaceholderMod:StrongAcid","PlaceholderMod:ProliferateStrike","PlaceholderMod:InnerStable"],"picked":"PlaceholderMod:PoisonAbsorb","floor":14.0},{"not_picked":["PlaceholderMod:BlastSpray","PlaceholderMod:HornyCollision","PlaceholderMod:AbsorbTouch","PlaceholderMod:SelfCoupling"],"picked":"PlaceholderMod:DiffusionPoison","floor":16.0},{"not_picked":["PlaceholderMod:Polyp+1","PlaceholderMod:ThreeBenzyolStart","PlaceholderMod:Hard","PlaceholderMod:PoisonAbsorb"],"picked":"PlaceholderMod:Crystallization","floor":18.0},{"not_picked":["PlaceholderMod:HighConcentration","PlaceholderMod:PoisonExcitation","PlaceholderMod:SubstitutionNucleophilic1","PlaceholderMod:ChainPoly","PlaceholderMod:AttackAsDefend"],"picked":"SKIP","floor":20.0},{"not_picked":["PlaceholderMod:StrongAcid+1","PlaceholderMod:Polyp+1","PlaceholderMod:ConsolidateHit","PlaceholderMod:ProliferateStrike"],"picked":"PlaceholderMod:SubstitutionNucleophilic1","floor":22.0},{"not_picked":["PlaceholderMod:Stable+1","PlaceholderMod:SubstitutionNucleophilic1","PlaceholderMod:PoisonAbsorb","PlaceholderMod:SeverePoisonStrike","PlaceholderMod:TriggerStrike"],"picked":"SKIP","floor":23.0},{"not_picked":["PlaceholderMod:DissolvingSpikes+1","PlaceholderMod:Assimilation","PlaceholderMod:ComplexForm","PlaceholderMod:ParasiteChange+1","PlaceholderMod:StrongAcid+1"],"picked":"SKIP","floor":25.0},{"not_picked":["PlaceholderMod:Polyp+1","PlaceholderMod:ParasiteChange+1","PlaceholderMod:AngryAttack","PlaceholderMod:StressReaction+1"],"picked":"PlaceholderMod:PoisonBlast+1","floor":27.0},{"not_picked":["PlaceholderMod:EvolutionSpray","PlaceholderMod:DirectingGroup+1","PlaceholderMod:MultiReaction+1","PlaceholderMod:OHStrongAttack"],"picked":"PlaceholderMod:ThreeBenzyolStart","floor":29.0},{"not_picked":["PlaceholderMod:TriggerStrike+1","PlaceholderMod:SpinBlade","PlaceholderMod:Polyp+1","PlaceholderMod:Hard+1","PlaceholderMod:ParasiteChange+1"],"picked":"SKIP","floor":30.0},{"not_picked":["PlaceholderMod:ReactionCatalyze+1","PlaceholderMod:Inner","PlaceholderMod:BlastSpray","PlaceholderMod:HornyCollision"],"picked":"PlaceholderMod:FinalSpray+1","floor":33.0},{"not_picked":["PlaceholderMod:PoisonAbsorb+1","PlaceholderMod:ProliferateStrike","PlaceholderMod:StressReaction+1","PlaceholderMod:AngryAttack+1","PlaceholderMod:ReactionCatalyze+1"],"picked":"SKIP","floor":35.0},{"not_picked":["PlaceholderMod:Stable","PlaceholderMod:PoisonExcitation","PlaceholderMod:SprayAttack+1","PlaceholderMod:TriggerStrike+1","PlaceholderMod:SelectReaction+1"],"picked":"SKIP","floor":37.0},{"not_picked":[],"picked":"PlaceholderMod:SelfCoupling","floor":38.0},{"not_picked":["Dark Shackles+1","Mind Blast","Forethought+1","Secret Technique+1"],"picked":"MostiFishMod:ForestofLight+1","floor":39.0},{"not_picked":["PlaceholderMod:Inner","PlaceholderMod:TriggerStrike","PlaceholderMod:ContinueSpray","PlaceholderMod:Stable"],"picked":"PlaceholderMod:Crystallization+1","floor":41.0},{"not_picked":["PlaceholderMod:HornyBlast","PlaceholderMod:SpinBlade+1","PlaceholderMod:OHStrongAttack+1","PlaceholderMod:SprayAttack","PlaceholderMod:Turn+1"],"picked":"SKIP","floor":42.0},{"not_picked":["PlaceholderMod:HardStrike","PlaceholderMod:FastReaction+1","PlaceholderMod:TriggerStrike","PlaceholderMod:StrongAcid+1"],"picked":"PlaceholderMod:DiffusionChemical+1","floor":47.0},{"not_picked":["PlaceholderMod:ConsolidateHit","PlaceholderMod:ProliferateStrike+1","PlaceholderMod:FastReaction+1","PlaceholderMod:Stratification+1"],"picked":"PlaceholderMod:Crystallization+1","floor":48.0}],"player_experience":925146,"relics_obtained":[{"floor":1.0,"key":"SynthV:TestCard"},{"floor":9.0,"key":"Toy Ornithopter"},{"floor":23.0,"key":"conspire:GlowingRock"},{"floor":25.0,"key":"AT_BladeRuinedKing"},{"floor":26.0,"key":"Toxic Egg 2"},{"floor":27.0,"key":"reliquary:TatteredRug"},{"floor":29.0,"key":"AT_ImmortalShieldbow"},{"floor":41.0,"key":"conspire:BottledYoYo"},{"floor":43.0,"key":"HollowMod:PaleOreRelic"},{"floor":47.0,"key":"BionicSphere"}],"event_choices":[{"damage_healed":0.0,"max_hp_gain":0.0,"max_hp_loss":0.0,"gold_gain":100.0,"event_name":"Golden Shrine","player_choice":"Pray","floor":3.0,"gold_loss":0.0,"damage_taken":0.0},{"cards_removed":["PlaceholderMod:PoisonWhip"],"damage_healed":0.0,"max_hp_gain":0.0,"max_hp_loss":0.0,"gold_gain":0.0,"event_name":"Living Wall","player_choice":"Forget","floor":5.0,"gold_loss":0.0,"damage_taken":0.0},{"cards_removed":["PlaceholderMod:BaseStrike"],"damage_healed":0.0,"max_hp_gain":0.0,"max_hp_loss":0.0,"gold_gain":0.0,"event_name":"Beggar","player_choice":"Gave Gold","floor":19.0,"gold_loss":75.0,"damage_taken":0.0},{"damage_healed":0.0,"max_hp_gain":0.0,"max_hp_loss":0.0,"gold_gain":0.0,"event_name":"Match and Keep!","player_choice":"1 cards matched","floor":31.0,"gold_loss":0.0,"damage_taken":0.0,"cards_obtained":["PlaceholderMod:Activation"]},{"damage_healed":0.0,"max_hp_gain":0.0,"max_hp_loss":0.0,"gold_gain":0.0,"event_name":"SensoryStone","player_choice":"Memory 1","floor":39.0,"gold_loss":0.0,"damage_taken":0.0},{"damage_healed":0.0,"max_hp_gain":0.0,"max_hp_loss":0.0,"gold_gain":0.0,"event_name":"Ryuuou:Expiration","player_choice":"Ignored","floor":45.0,"gold_loss":0.0,"damage_taken":0.0},{"damage_healed":0.0,"max_hp_gain":0.0,"max_hp_loss":0.0,"gold_gain":0.0,"event_name":"MindBloom","player_choice":"Fight","floor":47.0,"gold_loss":0.0,"damage_taken":0.0}],"is_beta":false,"boss_relics":[{"not_picked":["reliquary:Ember","reliquary:RedCape"],"picked":"SacredBark"},{"not_picked":["aspiration:PoetsPen_weak","SlaversCollar"],"picked":"xbg"}],"items_purged_floors":[13,13,32,36,46],"is_endless":false,"potions_floor_spawned":[2,4,8,11,16,23,25,33,42,47],"ascension_level":4}}