{"host":"5qewjvycy34u7aeo","time":1614015058,"event":{"mods":["BaseMod","Downfall","GifTheSpireLib","Infinite Spire","Minty Spire (QoL Compilation)","Permanent Neow","Replay The Spire","StSLib","Wandering Minibosses"],"gold_per_floor":[99,113,113,263,25,57,57,84,100,118,118,135,35,60,76,76,76,76],"floor_reached":16,"language":"ENG","playtime":715,"items_purged":["downfall:Icky"],"score":126,"play_id":"acd38cdf-acc5-4505-9f0e-bba43320bc81","local_time":"20210222113058","is_ascension_mode":true,"campfire_choices":[{"data":"champ:Taunt","floor":1.0,"key":"SMITH"},{"data":"champ:FanOfKnives","floor":13.0,"key":"SMITH"}],"circlet_count":0,"master_deck":["champ:Strike","champ:Strike","champ:Strike","champ:Defend","champ:Defend+1","champ:Defend","champ:Defend+1","champ:Execute","champ:Taunt+1","champ:FanOfKnives+1","champ:PerfectedStrike","champ:FanOfKnives","champ:BerserkersShout","champ:VampiricStrike","champ:RageSigil","champ:SwordSigil","champ:PreciseThrust+1","champ:AdrenalArmor","champ:AdrenalArmor"],"relics":["SlaversCollar","champ:LiftRelic","Membership Card","Pet Ghost","Kunai","Tiny Chest","downfall:HeartBlessingGreen","War Paint"],"acts_visited":["Exordium"],"potions_floor_usage":[],"damage_taken":[{"damage":10.0,"enemies":"2 Louse","floor":2.0,"turns":2.0},{"damage":20.0,"enemies":"downfall:FleeingMerchant","floor":5.0,"turns":4.0},{"damage":18.0,"enemies":"Gremlin Nob","floor":6.0,"turns":3.0},{"damage":39.0,"enemies":"Lagavulin","floor":8.0,"turns":5.0},{"damage":27.0,"enemies":"Small Slimes","floor":9.0,"turns":3.0},{"damage":17.0,"enemies":"Jaw Worm","floor":10.0,"turns":3.0},{"damage":41.0,"enemies":"Blue Slaver","floor":12.0,"turns":3.0},{"damage":13.0,"enemies":"3 Sentries","floor":14.0,"turns":3.0},{"damage":15,"enemies":"Exordium Wildlife","floor":15,"turns":2},{"damage":69,"enemies":"DF_ARCHETYPE_STREAMLINE","floor":16,"turns":3}],"seed_played":"-5458511539201036477","potions_obtained":[{"floor":2.0,"key":"EntropicBrew"},{"floor":9.0,"key":"LiquidBronze"},{"floor":10.0,"key":"Strength Potion"}],"is_trial":false,"path_per_floor":["R","M","?","?","$","E","T","E","M","M","?","M","R","E","M","B"],"character_chosen":"THE_CHAMP","items_purchased":["Membership Card","champ:FanOfKnives","champ:BerserkersShout"],"campfire_rested":0,"item_purchase_floors":[5,5,5],"current_hp_per_floor":[90,90,90,90,90,77,77,67,60,58,58,42,42,39,39,0,0,0],"gold":76,"neow_bonus":"BOSS_RELIC","is_daily":false,"chose_seed":false,"campfire_upgraded":2,"win_rate":0.0,"timestamp":1614015058,"path_taken":["R","M","?","?","$","E","T","E","M","M","?","M","R","E","M","BOSS"],"items_purchased_type":["Relic","Card","Card"],"build_version":"2020-12-22","purchased_purges":1,"victory":false,"max_hp_per_floor":[90,90,90,90,90,90,90,90,90,90,90,90,90,90,90,90,90,90],"card_choices":[{"not_picked":["champ:EnGarde","champ:ShieldWall"],"picked":"champ:FanOfKnives","floor":2.0},{"not_picked":["champ:Endure","champ:Circumvent"],"picked":"champ:PerfectedStrike","floor":5.0},{"not_picked":["champ:FanOfKnives","champ:ShieldSigil"],"picked":"champ:VampiricStrike","floor":6.0},{"not_picked":["champ:FocusedBerserking","champ:FancyFootwork"],"picked":"champ:RageSigil","floor":8.0},{"not_picked":["champ:BringItOn","champ:Backstep","champ:GutPunch"],"picked":"SKIP","floor":9.0},{"not_picked":["champ:Lariat","champ:ShieldSlam"],"picked":"champ:SwordSigil","floor":10.0},{"not_picked":["champ:HeartStrike","champ:GutPunch","champ:FalseCounter"],"picked":"SKIP","floor":12.0},{"not_picked":["champ:TornadoPunch","champ:ShieldSlam"],"picked":"champ:AdrenalArmor","floor":14.0},{"not_picked":["champ:Lariat","champ:FanOfKnives"],"picked":"champ:AdrenalArmor","floor":15}],"player_experience":504887,"relics_obtained":[{"floor":6.0,"key":"Pet Ghost"},{"floor":7.0,"key":"Kunai"},{"floor":8.0,"key":"Tiny Chest"},{"floor":14.0,"key":"War Paint"}],"event_choices":[],"is_beta":false,"boss_relics":[],"items_purged_floors":[5],"is_endless":false,"potions_floor_spawned":[2,9,10],"killed_by":"DF_ARCHETYPE_STREAMLINE","ascension_level":1}}