{"host":"ymmeoa1x24ihslbm","time":1614011358,"event":{"mods":["AchievementEnabler","BaseMod","Colored Map","Colored Powertips","Defuse TimeMaze Blight","Highlight Path","Minty Spire (QoL Compilation)","Permanent Neow","Quick Restart","StSLib","The Senshi","Unceasing Turn Reminder"],"gold_per_floor":[118,138,158,233,249,249,249],"floor_reached":6,"language":"ENG","playtime":224,"items_purged":[],"score":53,"play_id":"816a2b3a-48fa-48b2-b88c-cb223ded71df","local_time":"20210222172918","is_ascension_mode":true,"campfire_choices":[],"circlet_count":0,"master_deck":["theSenshi:SailorKick","theSenshi:SailorKick","theSenshi:SailorKick","theSenshi:SailorKick","theSenshi:SailorBlock","theSenshi:SailorBlock","theSenshi:SailorBlock","theSenshi:SailorBlock","theSenshi:RoseThrow","theSenshi:MoonPrismPowerMakeUp","theSenshi:SailorVenusAssists","theSenshi:SailorMarsAssists","theSenshi:MoonTiaraMagic","theSenshi:MoonCrisisMakeUp"],"relics":["theSenshi:TransformationBroochRelic"],"acts_visited":["Exordium"],"potions_floor_usage":[],"damage_taken":[{"damage":0,"enemies":"Jaw Worm","floor":1,"turns":3},{"damage":2,"enemies":"2 Louse","floor":2,"turns":3},{"damage":0,"enemies":"Small Slimes","floor":3,"turns":3},{"damage":30,"enemies":"Exordium Thugs","floor":5,"turns":3},{"damage":38,"enemies":"Lagavulin","floor":6,"turns":8}],"seed_played":"1574970869143306659","potions_obtained":[],"is_trial":false,"path_per_floor":["M","M","M","?","M","E"],"character_chosen":"THE_SENSHI","items_purchased":[],"campfire_rested":0,"item_purchase_floors":[],"current_hp_per_floor":[68,66,66,55,25,0,0],"gold":249,"neow_bonus":"THREE_CARDS","is_daily":false,"chose_seed":false,"campfire_upgraded":0,"win_rate":0.0,"timestamp":1614011358,"path_taken":["M","M","M","?","M","E"],"items_purchased_type":[],"build_version":"2020-12-22","purchased_purges":0,"victory":false,"max_hp_per_floor":[75,75,75,75,75,75,75],"card_choices":[{"not_picked":["theSenshi:LunasBite","theSenshi:MoonKick"],"picked":"theSenshi:SailorVenusAssists","floor":0},{"not_picked":["theSenshi:SupersonicWaves","theSenshi:MoonCrystalPowerMakeUp"],"picked":"theSenshi:SailorMarsAssists","floor":1},{"not_picked":["theSenshi:LunasBite","theSenshi:InTheNickOfTime"],"picked":"theSenshi:MoonTiaraMagic","floor":2},{"not_picked":["theSenshi:MoonlightKnight","theSenshi:MarsPride","theSenshi:PlutosSolemnity"],"picked":"SKIP","floor":3},{"not_picked":["theSenshi:LateForSchool","theSenshi:MoonsReflection"],"picked":"theSenshi:MoonCrisisMakeUp","floor":5}],"player_experience":765692,"relics_obtained":[],"event_choices":[{"damage_healed":0,"gold_gain":75,"player_choice":"Gather Gold","damage_taken":11,"max_hp_gain":0,"max_hp_loss":0,"event_name":"World of Goop","floor":4,"gold_loss":0}],"is_beta":false,"boss_relics":[],"items_purged_floors":[],"is_endless":false,"potions_floor_spawned":[],"killed_by":"Lagavulin","ascension_level":8}}