{"host":"d6oxvn0vsgxeumax","time":1614024249,"event":{"mods":["BaseMod","Better Altar","Better Match","Better Note","Better Sensory Stone","Better Skull","Better Third Choice","BetterRewards","Bossed Relics","Colored Map","Colored Powertips","Defuse TimeMaze Blight","Downfall","Hubris","Minty Spire (QoL Compilation)","Relic Sorter","Replay The Spire","Shop Mod","Spicy Shops","Spire Arcade","StSLib","Uncapped"],"gold_per_floor":[118,193,205,205,205,235,249,278,278,278,313,313,333,26,26,124,124,144,158,158,158,158,191,206,235,258,258,184,184,37,64,64,164,164,179,229,229,229,229,254,254,268,154,189,189,189,189,189,8,40,40],"floor_reached":56,"language":"ENG","playtime":1566,"items_purged":["Adrenaline+1","Defend_R","Combust","Combust+1"],"score":1764,"play_id":"c25b8d77-9c54-42d9-9ee5-1aef5100a426","local_time":"20210222140409","is_ascension_mode":true,"campfire_choices":[{"data":"1","floor":10,"key":"LIFT"},{"data":"2","floor":15,"key":"LIFT"},{"data":"3","floor":27,"key":"LIFT"},{"data":"Whirlwind","floor":29,"key":"SMITH"},{"data":"Massacre","floor":32,"key":"SMITH"},{"floor":40,"key":"RECALL"},{"floor":49,"key":"REST"},{"data":"Demon Form","floor":52,"key":"SMITH"}],"circlet_count":0,"master_deck":["Adrenaline+1","Strike_R+1","Strike_R","Strike_R","Strike_R","Strike_R","Defend_R","Defend_R","Defend_R+1","Bash+1","Limit Break+1","Replay:Many Hands+1","Massacre+1","Demon Form+1","Hemokinesis+1","Whirlwind+1","Double Tap+1","Heavy Blade+1","Double Tap+1","Limit Break+1","Flex+1","Limit Break+1","Trip+1","Battle Trance+1","Rupture+1","ReplayTheSpireMod:Private Reserves+1","hubris:EnhanceAbility+1","ReplayTheSpireMod:IOU"],"relics":["Black Blood","Replay:Wax Seal","Blood Vial","Replay:WaspNest","Membership Card","Vajra","hubris:Towel","Bronze Scales","Girya","Toxic Egg 2","Counterbalance","ClockworkSouvenir","Anchor","MerchantsRug","MutagenicStrength","Onion Ring","hexamod:BolsterEngine","ReplayFunnel","Bottled Tornado","hubris:Teleporter","hubris:TinFlute","Replay:Baseball","hubris:Zylophone","Pondfish Scales","Slimebound:StickyStick","Replay:Towering Pillar of Hats","Durian","Guide Book","Du-Vu Doll","Red Skull","hubris:SphereOfDissonance"],"acts_visited":["Exordium","TheCity","TheBeyond","TheEnding"],"potions_floor_usage":[8,19,25,50,50,55],"damage_taken":[{"damage":0,"enemies":"2 Louse","floor":1,"turns":2},{"damage":0,"enemies":"Cultist","floor":3,"turns":2},{"damage":33,"enemies":"Lagavulin","floor":6,"turns":5},{"damage":11,"enemies":"Jaw Worm","floor":7,"turns":2},{"damage":2,"enemies":"3 Sentries","floor":8,"turns":2},{"damage":3,"enemies":"Gremlin Nob","floor":11,"turns":3},{"damage":9,"enemies":"2 Fungi Beasts","floor":13,"turns":2},{"damage":35,"enemies":"Hexaghost","floor":16,"turns":4},{"damage":13,"enemies":"2 Thieves","floor":18,"turns":2},{"damage":2,"enemies":"Shell Parasite","floor":19,"turns":3},{"damage":26,"enemies":"Book of Stabbing","floor":23,"turns":3},{"damage":0,"enemies":"Cultist and Chosen","floor":24,"turns":1},{"damage":0,"enemies":"Slavers","floor":25,"turns":2},{"damage":0,"enemies":"Book of Stabbing","floor":31,"turns":1},{"damage":14,"enemies":"Automaton","floor":33,"turns":4},{"damage":0,"enemies":"Orb Walker","floor":35,"turns":1},{"damage":0,"enemies":"Mind Bloom Boss Battle","floor":36,"turns":1},{"damage":10,"enemies":"R_Hoarder","floor":42,"turns":3},{"damage":0,"enemies":"3 Darklings","floor":45,"turns":2},{"damage":29,"enemies":"Nemesis","floor":47,"turns":3},{"damage":62,"enemies":"Time Eater","floor":50,"turns":5},{"damage":0,"enemies":"Shield and Spear","floor":54,"turns":1},{"damage":73,"enemies":"The Heart","floor":55,"turns":5}],"seed_played":"-2343253364939105297","potions_obtained":[{"floor":3,"key":"Strength Potion"},{"floor":7,"key":"GamblersBrew"},{"floor":8,"key":"PowerPotion"},{"floor":18,"key":"EssenceOfSteel"},{"floor":23,"key":"Explosive Potion"},{"floor":36,"key":"PowerPotion"}],"is_trial":false,"path_per_floor":["M","?","M","?","?","E","M","E","T","R","E","?","M","$","R","B",null,"M","M","?","?","?","E","M","E","T","R","$","R","$","E","R","B",null,"M","?","?","?","R","E","T","M","$","E","R","B",null,"R","$","E","B",null],"character_chosen":"IRONCLAD","items_purchased":["Blood Vial","Replay:WaspNest","Membership Card","Vajra","Limit Break","Hemokinesis","Combust","Combust","hubris:OldNail","ClockworkSouvenir","Anchor","MerchantsRug","BargainBundle","ReplayFunnel","Bottled Tornado","hubris:Teleporter","hubris:TinFlute","ColorlessPotion","Reflective Coating","SpeedPotion","CultistPotion","DollysMirror","Replay:Baseball","Trip+1","Battle Trance+1","hubris:64BitClover","Slimebound:StickyStick","ReplayTheSpireMod:ShopPack","Durian","Replay:Wax Seal","Guide Book","hubris:EnhanceAbility+1","Du-Vu Doll","Red Skull","DuplicationPotion"],"campfire_rested":1,"item_purchase_floors":[0,0,0,0,0,0,0,0,14,14,14,14,28,28,28,28,28,28,28,28,28,30,30,30,30,46,46,46,53,53,53,53,53,53,53],"current_hp_per_floor":[80,72,80,80,80,53,50,56,56,56,61,45,44,44,44,17,80,79,80,80,80,80,66,80,80,80,80,80,80,80,80,80,78,80,80,80,80,80,80,80,80,80,80,63,80,30,80,80,85,85,24],"gold":40,"neow_bonus":"","is_daily":false,"chose_seed":false,"campfire_upgraded":3,"win_rate":0.0,"timestamp":1614024249,"path_taken":["M","?","?","?","?","E","M","E","T","R","E","?","M","$","R","BOSS","M","M","?","?","?","E","?","E","T","R","$","R","?","E","R","BOSS","M","?","?","?","R","E","T","?","$","E","R","BOSS","R","$","E","BOSS"],"items_purchased_type":["Relic","Relic","Relic","Relic","Card","Card","Card","Card","Relic","Relic","Relic","Relic","Relic","Relic","Relic","Relic","Relic","Potion","Potion","Potion","Potion","Relic","Relic","Card","Card","Relic","Relic","Relic","Relic","Relic","Relic","Card","Relic","Relic","Potion"],"build_version":"2020-12-22","purchased_purges":4,"victory":true,"max_hp_per_floor":[80,80,80,80,80,80,80,80,80,80,80,80,80,80,80,80,80,80,80,80,80,80,80,80,80,80,80,80,80,80,80,80,80,80,80,80,80,80,80,80,80,80,80,80,80,80,80,80,85,85,85],"card_choices":[{"not_picked":["Inflame","Cleave"],"picked":"Massacre","floor":1},{"not_picked":["Headbutt","Shockwave","Clothesline"],"picked":"SKIP","floor":3},{"not_picked":["ReplayTheSpireMod:Strike From Hell","Searing Blow","Cleave"],"picked":"SKIP","floor":6},{"not_picked":["Run Through","Perfected Strike","Disarm"],"picked":"SKIP","floor":7},{"not_picked":["Run Through","Pommel Strike"],"picked":"Demon Form","floor":8},{"not_picked":["Reckless Charge","Eclipse+1"],"picked":"Hemokinesis","floor":11},{"not_picked":["Body Slam","Replay:Undeath\u0027s Touch"],"picked":"Whirlwind","floor":13},{"not_picked":["Immolate","Feed"],"picked":"Double Tap+1","floor":16},{"not_picked":["Body Slam+1","Armaments+1"],"picked":"Heavy Blade","floor":18},{"not_picked":["Headbutt","Combust"],"picked":"Double Tap+1","floor":19},{"not_picked":["Twin Strike","Hemogenesis","Eclipse+1"],"picked":"SKIP","floor":23},{"not_picked":["Rampage","Thunderclap","Carnage"],"picked":"SKIP","floor":24},{"not_picked":["Rampage+1","Wild Strike+1"],"picked":"Flex+1","floor":25},{"not_picked":["Iron Wave+1","Dark Embrace","Heavy Blade"],"picked":"SKIP","floor":31},{"not_picked":["hubris:ReadiedAction+1","Heavy Blade+1","Rampage"],"picked":"SKIP","floor":35},{"not_picked":["Twin Strike","Hemokinesis"],"picked":"Rupture+1","floor":42},{"not_picked":["Brutality+1","Armaments+1","Run Through+1"],"picked":"SKIP","floor":45},{"not_picked":["Apotheosis","Specialist"],"picked":"ReplayTheSpireMod:Private Reserves","floor":46},{"not_picked":["hubris:CleavingFinish+1","Heavy Blade+1","Power Through+1"],"picked":"SKIP","floor":47},{"not_picked":["Shockwave+1","ReplayReversal+1","Body Slam"],"picked":"SKIP","floor":54}],"player_experience":1095888,"relics_obtained":[{"floor":6,"key":"Bronze Scales"},{"floor":8,"key":"Girya"},{"floor":9,"key":"Toxic Egg 2"},{"floor":11,"key":"Counterbalance"},{"floor":23,"key":"Onion Ring"},{"floor":25,"key":"hexamod:BolsterEngine"},{"floor":26,"key":"War Paint"},{"floor":31,"key":"hubris:Zylophone"},{"floor":36,"key":"Pondfish Scales"},{"floor":42,"key":"Frozen Egg 2"},{"floor":47,"key":"Replay:Towering Pillar of Hats"},{"floor":54,"key":"hubris:SphereOfDissonance"}],"event_choices":[{"damage_healed":0,"gold_gain":75,"player_choice":"Touch","damage_taken":8,"max_hp_gain":0,"max_hp_loss":0,"event_name":"FaceTrader","floor":2,"gold_loss":0},{"damage_healed":0,"gold_gain":0,"player_choice":"Grow","damage_taken":0,"max_hp_gain":0,"max_hp_loss":0,"event_name":"Living Wall","floor":5,"gold_loss":0,"cards_upgraded":["Limit Break"]},{"damage_healed":61,"gold_gain":0,"player_choice":"Upgrade","damage_taken":16,"max_hp_gain":0,"max_hp_loss":80,"event_name":"betterThird:BetterShining","floor":12,"gold_loss":0,"cards_upgraded":["Bash","Combust"]},{"cards_removed":["Adrenaline"],"damage_healed":0,"gold_gain":0,"player_choice":"Give","damage_taken":0,"max_hp_gain":0,"max_hp_loss":0,"event_name":"betterNote:BetterNote","floor":20,"gold_loss":0,"cards_obtained":["None"]},{"damage_healed":0,"gold_gain":0,"player_choice":"Inject Mutagens","damage_taken":0,"relics_obtained":["MutagenicStrength"],"max_hp_gain":0,"max_hp_loss":0,"event_name":"Drug Dealer","floor":21,"gold_loss":0},{"damage_healed":0,"gold_gain":0,"player_choice":"Copied","damage_taken":0,"max_hp_gain":0,"max_hp_loss":0,"event_name":"Duplicator","floor":22,"gold_loss":0,"cards_obtained":["Limit Break"]},{"damage_healed":0,"gold_gain":0,"player_choice":"Fight","damage_taken":0,"max_hp_gain":0,"max_hp_loss":0,"event_name":"MindBloom","floor":36,"gold_loss":0}],"is_beta":false,"boss_relics":[{"not_picked":["hubris:TerracottaHorce","hubris:Stopwatch"],"picked":"Black Blood"},{"not_picked":["Snecko Heart","Velvet Choker"],"picked":"bronze:MakeshiftBattery"}],"items_purged_floors":[0,0,28,46],"is_endless":false,"potions_floor_spawned":[3,7,8,18,23,31,36,42,47,54],"ascension_level":1}}