{"host":"0ghi9uxs64f8c30g","time":1614026798,"event":{"mods":["BaseMod","Downfall","Minty Spire (QoL Compilation)","StSLib"],"gold_per_floor":[116,135,60,60,78,108,120,120,120,120,134,134,153,103,103,198,198,172,92,92,112,126,158,158,40,40,57,77,77,96,112,112,209,209,224,234,234,254,270,270,290,290,290,304,304,304],"floor_reached":45,"language":"ENG","playtime":1831,"items_purged":["Strike_R","Defend_R"],"score":648,"play_id":"4f42afbe-1b6f-4a75-8cbe-a51d711b53d4","local_time":"20210222214638","is_ascension_mode":true,"campfire_choices":[{"floor":8.0,"key":"REST"},{"floor":10.0,"key":"REST"},{"floor":12.0,"key":"REST"},{"data":"Armaments","floor":15.0,"key":"SMITH"},{"floor":24,"key":"REST"},{"floor":29,"key":"REST"},{"floor":32,"key":"REST"},{"floor":40,"key":"REST"}],"circlet_count":0,"master_deck":["Strike_R","Strike_R","Strike_R","Defend_R","Defend_R","Bash","Body Slam","Feed+1","Armaments+1","Flex","Rage","Feed","Body Slam+1","Dual Wield+1","Cleave+1","Twin Strike+1"],"relics":["Black Blood","Pen Nib","The Courier","FossilizedHelix","Ginger","PreservedInsect","Lizard Tail","Busted Crown","Blue Candle"],"acts_visited":["Exordium","TheCity","TheBeyond"],"potions_floor_usage":[22,22,22,33,45],"damage_taken":[{"damage":3.0,"enemies":"Jaw Worm","floor":1.0,"turns":5.0},{"damage":1.0,"enemies":"Cultist","floor":2.0,"turns":3.0},{"damage":9.0,"enemies":"2 Louse","floor":5.0,"turns":4.0},{"damage":42.0,"enemies":"3 Sentries","floor":6.0,"turns":10.0},{"damage":27.0,"enemies":"Exordium Thugs","floor":7.0,"turns":5.0},{"damage":26.0,"enemies":"Lots of Slimes","floor":11.0,"turns":6.0},{"damage":11.0,"enemies":"Blue Slaver","floor":13.0,"turns":7.0},{"damage":38.0,"enemies":"The Guardian","floor":16.0,"turns":12.0},{"damage":25.0,"enemies":"2 Thieves","floor":18.0,"turns":5.0},{"damage":27.0,"enemies":"Shell Parasite","floor":21.0,"turns":5.0},{"damage":0,"enemies":"Snecko","floor":22,"turns":4},{"damage":50,"enemies":"Slavers","floor":23,"turns":5},{"damage":38,"enemies":"3 Cultists","floor":27,"turns":6},{"damage":68,"enemies":"Sentry and Sphere","floor":28,"turns":8},{"damage":34,"enemies":"Cultist and Chosen","floor":30,"turns":6},{"damage":27,"enemies":"Shelled Parasite and Fungi","floor":31,"turns":4},{"damage":59,"enemies":"Champ","floor":33,"turns":10},{"damage":0,"enemies":"3 Shapes","floor":35,"turns":3},{"damage":21,"enemies":"Orb Walker","floor":36,"turns":4},{"damage":43,"enemies":"Transient","floor":38,"turns":5},{"damage":59,"enemies":"4 Shapes","floor":39,"turns":5},{"damage":13,"enemies":"Sphere and 2 Shapes","floor":41,"turns":4},{"damage":58,"enemies":"Spire Growth","floor":44,"turns":5},{"damage":24,"enemies":"4 Shapes","floor":45,"turns":3}],"seed_played":"-2238126031967506075","potions_obtained":[{"floor":5.0,"key":"BlessingOfTheForge"},{"floor":13.0,"key":"ElixirPotion"},{"floor":16.0,"key":"SneckoOil"},{"floor":18.0,"key":"Dexterity Potion"},{"floor":21.0,"key":"LiquidMemories"},{"floor":28,"key":"Ancient Potion"},{"floor":35,"key":"CultistPotion"},{"floor":36,"key":"BlessingOfTheForge"},{"floor":38,"key":"Dexterity Potion"},{"floor":41,"key":"PowerPotion"}],"is_trial":false,"path_per_floor":["M","M","$","?","M","E","M","R","T","R","M","R","M","?","R","B",null,"M","$","?","M","M","E","R","$","T","M","M","R","M","M","R","B",null,"M","M","?","M","M","R","M","?","T","M","M"],"character_chosen":"IRONCLAD","items_purchased":["PreservedInsect"],"campfire_rested":7,"item_purchase_floors":[25],"current_hp_per_floor":[75,80,80,80,77,41,23,47,47,71,54,79,78,78,78,46,79,66,66,66,55,71,37,67,67,67,48,55,87,69,54,87,40,95,110,101,101,70,30,65,64,64,64,18,0,0],"gold":304,"neow_bonus":"RANDOM_COMMON_RELIC","is_daily":false,"chose_seed":false,"campfire_upgraded":1,"win_rate":0.0,"timestamp":1614026798,"path_taken":["M","M","$","?","M","E","?","R","T","R","M","R","M","?","R","BOSS","M","$","?","M","?","E","R","$","T","M","M","R","M","M","R","BOSS","M","M","?","M","M","R","M","?","T","?","M"],"items_purchased_type":["Relic"],"build_version":"2020-12-22","purchased_purges":2,"victory":false,"max_hp_per_floor":[80,80,80,80,80,80,83,83,83,83,86,86,90,90,90,90,90,90,90,90,94,98,102,102,102,102,109,109,109,113,113,113,113,113,116,116,110,110,117,117,117,117,117,117,121,121],"card_choices":[{"not_picked":["Clothesline","Perfected Strike","Havoc"],"picked":"SKIP","floor":1.0},{"not_picked":["Flame Barrier","Havoc"],"picked":"Intimidate","floor":2.0},{"not_picked":["Heavy Blade","Cleave"],"picked":"Body Slam","floor":5.0},{"not_picked":["Fire Breathing","Shockwave"],"picked":"Feed","floor":6.0},{"not_picked":["True Grit","Havoc"],"picked":"Armaments","floor":7.0},{"not_picked":["Havoc","Hemokinesis"],"picked":"Flex","floor":11.0},{"not_picked":["Warcry","Perfected Strike"],"picked":"Rage","floor":13.0},{"not_picked":["Corruption","Limit Break"],"picked":"Feed","floor":16.0},{"not_picked":["Flame Barrier","Ghostly Armor"],"picked":"Body Slam+1","floor":18.0},{"not_picked":["Warcry","Clash"],"picked":"Dual Wield+1","floor":21.0},{"not_picked":["Perfected Strike","Headbutt"],"picked":"Cleave+1","floor":22},{"not_picked":["Havoc+1","Armaments+1","Perfected Strike"],"picked":"SKIP","floor":23},{"not_picked":["Exhume","Heavy Blade"],"picked":"Twin Strike+1","floor":27},{"not_picked":["Cleave","Dual Wield","Havoc"],"picked":"SKIP","floor":28},{"not_picked":["Body Slam+1","Carnage","Flex"],"picked":"SKIP","floor":30},{"not_picked":["Dark Embrace","Clothesline+1","Perfected Strike"],"picked":"SKIP","floor":31},{"not_picked":["Bloodletting"],"picked":"SKIP","floor":35},{"not_picked":["True Grit"],"picked":"SKIP","floor":36},{"not_picked":["Twin Strike"],"picked":"SKIP","floor":38},{"not_picked":["Sword Boomerang+1"],"picked":"SKIP","floor":39},{"not_picked":["Combust"],"picked":"SKIP","floor":41},{"not_picked":["Wild Strike"],"picked":"SKIP","floor":44}],"player_experience":218729,"relics_obtained":[{"floor":6.0,"key":"The Courier"},{"floor":9.0,"key":"FossilizedHelix"},{"floor":23,"key":"Ginger"},{"floor":26,"key":"Lizard Tail"},{"floor":43,"key":"Blue Candle"}],"event_choices":[{"cards_removed":["Intimidate"],"damage_healed":0.0,"max_hp_gain":0.0,"max_hp_loss":0.0,"gold_gain":0.0,"event_name":"Bonfire Elementals","player_choice":"Offered Uncommon","floor":4.0,"gold_loss":0.0,"damage_taken":0.0},{"cards_removed":["Strike_R"],"damage_healed":0.0,"max_hp_gain":0.0,"max_hp_loss":0.0,"gold_gain":0.0,"event_name":"The Cleric","player_choice":"Card Removal","floor":14.0,"gold_loss":50.0,"damage_taken":0.0},{"damage_healed":0.0,"max_hp_gain":0.0,"max_hp_loss":0.0,"gold_gain":0.0,"event_name":"Upgrade Shrine","player_choice":"Upgraded","floor":20.0,"gold_loss":0.0,"damage_taken":0.0,"cards_upgraded":["Feed"]},{"damage_healed":0,"gold_gain":0,"player_choice":"Max HP","damage_taken":0,"max_hp_gain":0,"max_hp_loss":6,"event_name":"Winding Halls","floor":37,"gold_loss":0},{"cards_removed":["Defend_R"],"damage_healed":0,"gold_gain":0,"player_choice":"Removed Skill","damage_taken":0,"max_hp_gain":0,"max_hp_loss":0,"event_name":"Falling","floor":42,"gold_loss":0}],"is_beta":false,"boss_relics":[{"not_picked":["Astrolabe","Coffee Dripper"],"picked":"Black Blood"},{"not_picked":["Runic Cube","Runic Dome"],"picked":"Busted Crown"}],"items_purged_floors":[3,19],"is_endless":false,"potions_floor_spawned":[5,13,16,18,21,28,35,36,38,41],"killed_by":"4 Shapes","ascension_level":7}}