{"host":"luxqpzmfgmumo25y","time":1614008653,"event":{"mods":["BaseMod","Colored Map","Colored Powertips","DeckTracker","Downfall","Googly Eyes","Minty Spire (QoL Compilation)","StSLib"],"gold_per_floor":[99,110,126,126,35,35,84,94,120,30,15,15,34,34,47,47,47,47],"floor_reached":16,"language":"ENG","playtime":1179,"items_purged":["hexamod:Strike"],"score":100,"play_id":"d8a89739-3cf0-41cc-b9f2-a106b4932e22","local_time":"20210222164413","is_ascension_mode":false,"campfire_choices":[{"data":"hexamod:Float","floor":1,"key":"SMITH"},{"data":"hexamod:CatchUp","floor":6,"key":"SMITH"}],"circlet_count":0,"master_deck":["hexamod:Strike","hexamod:Strike","hexamod:Defend","hexamod:Defend","hexamod:Defend","hexamod:Defend","hexamod:Sear","hexamod:Float+1","hexamod:AdvancingGuard","hexamod:BurningTouch","hexamod:CatchUp+1","hexamod:ThirdSeal","hexamod:GhostOfSpirePast+1","hexamod:InspiringFlames","hexamod:Firestarter","hexamod:Firestarter","hexamod:HauntingEcho","hexamod:ThermalTransfer","hexamod:FastForward","hexamod:TimeOfNeed","hexamod:Hexaguard"],"relics":["hexamod:SpiritBrand","Girya"],"acts_visited":["Exordium"],"potions_floor_usage":[16,16,16],"damage_taken":[{"damage":1,"enemies":"Jaw Worm","floor":2,"turns":3},{"damage":0,"enemies":"Cultist","floor":3,"turns":4},{"damage":0,"enemies":"downfall:FleeingMerchant","floor":5,"turns":4},{"damage":0,"enemies":"Small Slimes","floor":8,"turns":3},{"damage":29,"enemies":"3 Sentries","floor":9,"turns":12},{"damage":10,"enemies":"downfall:FleeingMerchant","floor":10,"turns":4},{"damage":15,"enemies":"downfall:FleeingMerchant","floor":11,"turns":4},{"damage":3,"enemies":"Red Slaver","floor":13,"turns":3},{"damage":9,"enemies":"Blue Slaver","floor":15,"turns":4},{"damage":5,"enemies":"IC_STATUS_ARCHETYPE","floor":16,"turns":4}],"seed_played":"6248629113137305941","potions_obtained":[{"floor":9,"key":"Strength Potion"},{"floor":13,"key":"DistilledChaos"},{"floor":15,"key":"Strength Potion"}],"is_trial":false,"path_per_floor":["R","M","M","?","$","R","T","M","E","$","$","?","M","?","M","B"],"character_chosen":"THE_SPIRIT","items_purchased":["hexamod:ThirdSeal"],"campfire_rested":0,"item_purchase_floors":[5],"current_hp_per_floor":[77,76,76,76,76,76,76,76,47,37,22,22,19,19,10,5,5,5],"gold":47,"neow_bonus":"TEN_PERCENT_HP_BONUS","is_daily":false,"chose_seed":false,"campfire_upgraded":2,"win_rate":0.0,"timestamp":1614008653,"path_taken":["R","M","M","?","$","R","T","M","E","?","$","?","?","?","M","BOSS"],"items_purchased_type":["Card"],"build_version":"2020-12-22","purchased_purges":1,"victory":false,"max_hp_per_floor":[77,77,77,77,77,77,77,77,77,77,77,77,77,77,77,77,77,77],"card_choices":[{"not_picked":["hexamod:GhostLash","hexamod:NightmareGuise"],"picked":"hexamod:AdvancingGuard","floor":2},{"not_picked":["hexamod:NightmareGuise","hexamod:Hexaguard"],"picked":"hexamod:BurningTouch","floor":3},{"not_picked":["hexamod:SwordOfDarkness","hexamod:ShieldOfDarkness"],"picked":"hexamod:CatchUp","floor":5},{"not_picked":["hexamod:GhostOfSpireFuture","hexamod:HeatMetal"],"picked":"hexamod:GhostOfSpirePast","floor":8},{"not_picked":["hexamod:PhantomFireball","hexamod:Rewind"],"picked":"hexamod:InspiringFlames","floor":8},{"not_picked":["hexamod:GhostLash","hexamod:SwordOfDarkness"],"picked":"hexamod:Firestarter","floor":9},{"not_picked":["hexamod:UnlimitedPower","hexamod:PhantomFireball","hexamod:RetreatToShadows"],"picked":"SKIP","floor":9},{"not_picked":["hexamod:GhostShield","hexamod:HeatMetal"],"picked":"hexamod:Firestarter","floor":10},{"not_picked":["hexamod:CatchUp","hexamod:SpectersWail"],"picked":"hexamod:HauntingEcho","floor":10},{"not_picked":["hexamod:SpectersWail","hexamod:PhantomCloak"],"picked":"hexamod:ThermalTransfer","floor":11},{"not_picked":["hexamod:SwordOfDarkness","hexamod:SpectersWail","hexamod:HauntingEcho"],"picked":"SKIP","floor":11},{"not_picked":["hexamod:ChargedBarrage","hexamod:RecurringNightmare"],"picked":"hexamod:FastForward","floor":13},{"not_picked":["hexamod:ShieldOfDarkness","hexamod:FastForward"],"picked":"hexamod:TimeOfNeed","floor":13},{"not_picked":["hexamod:EtherealExpedition","hexamod:AdvancingGuard"],"picked":"hexamod:Hexaguard","floor":15}],"player_experience":206352,"relics_obtained":[{"floor":9,"key":"Girya"}],"event_choices":[{"damage_healed":0,"gold_gain":0,"player_choice":"Ignored","damage_taken":0,"max_hp_gain":0,"max_hp_loss":0,"event_name":"NoteForYourself","floor":4,"gold_loss":0}],"is_beta":false,"boss_relics":[],"items_purged_floors":[10],"is_endless":false,"potions_floor_spawned":[9,13,15],"killed_by":"IC_STATUS_ARCHETYPE","ascension_level":0}}