{"host":"pqs17sqrgflf4eqa","time":1614036794,"event":{"mods":["AchievementEnabler","BaseMod","Bestiary","Better Altar","Better Match","Better Sensory Stone","Better Skull","Better Third Choice","Block Reminder","Bossed Relics","Colored Map","Colored Powertips","Curses Come First","Dark Map","DeckTracker","Defective Defect","Displayed Cursed Tome","Emptier Cage","Googly Eyes","Highlight Path","Minty Spire (QoL Compilation)","Permanent Neow","Poor People Problems","Quick Restart","Slay-I","StSLib","SuperFastMode","Synergy Search","Thieving Mod","Transform Curses","everything is the same but u backflip on backflip","slay the spire mod where everything is the same but ironclad has a cowboy hat"],"gold_per_floor":[118,118,193,14,34,51,78,89,89,115,115,115,115,131,131,232,232,244,244,214,227,25,54,54,68,68,99,117,117,137,137,137,240,240,253,253,253,13,31,60,60,60],"floor_reached":41,"language":"ENG","playtime":1010,"items_purged":[],"score":594,"play_id":"6852e1db-907b-41e1-bda6-4b6e10c57fc2","local_time":"20210222183314","is_ascension_mode":false,"campfire_choices":[{"data":"Vengeance","floor":11.0,"key":"SMITH"},{"floor":15.0,"key":"REST"},{"data":"RitualDagger","floor":24.0,"key":"SMITH"},{"data":"Consecrate","floor":29.0,"key":"SMITH"},{"data":"SandsOfTime","floor":32.0,"key":"SMITH"}],"circlet_count":0,"master_deck":["Strike_P","Strike_P","Strike_P","Strike_P","Defend_P","Defend_P","Defend_P","Eruption+1","Vigilance","FearNoEvil","CutThroughFate","WindmillStrike","FollowUp","ClearTheMind","CarveReality","Vengeance+1","BowlingBash","Fiend Fire+1","BowlingBash","DeusExMachina","Perseverance+1","RitualDagger+1","FearNoEvil+1","DeusExMachina","Consecrate+1","SandsOfTime+1","FlurryOfBlows+1","Master of Strategy","Finesse","BowlingBash","Swivel"],"relics":["PureWater","Art of War","Eternal Feather","Sundial","Happy Flower","The Courier","Snecko Eye","Vajra","Boot","Damaru","Ancient Tea Set","Pandora\u0027s Box","Bottled Flame","WingedGreaves"],"acts_visited":["Exordium","TheCity","TheBeyond"],"potions_floor_usage":[33,33,39],"damage_taken":[{"damage":0.0,"enemies":"2 Louse","floor":1.0,"turns":2.0},{"damage":0.0,"enemies":"Cultist","floor":5.0,"turns":2.0},{"damage":0.0,"enemies":"Small Slimes","floor":6.0,"turns":1.0},{"damage":14.0,"enemies":"Gremlin Nob","floor":7.0,"turns":3.0},{"damage":0.0,"enemies":"Exordium Wildlife","floor":8.0,"turns":3.0},{"damage":0.0,"enemies":"Lagavulin","floor":10.0,"turns":4.0},{"damage":4.0,"enemies":"Gremlin Gang","floor":14.0,"turns":3.0},{"damage":0.0,"enemies":"Slime Boss","floor":16.0,"turns":3.0},{"damage":10.0,"enemies":"2 Thieves","floor":18.0,"turns":2.0},{"damage":12.0,"enemies":"Shell Parasite","floor":21.0,"turns":3.0},{"damage":0.0,"enemies":"Book of Stabbing","floor":23.0,"turns":2.0},{"damage":0.0,"enemies":"Snake Plant","floor":25.0,"turns":2.0},{"damage":0.0,"enemies":"Gremlin Leader","floor":27.0,"turns":3.0},{"damage":0.0,"enemies":"Sentry and Sphere","floor":28.0,"turns":3.0},{"damage":1.0,"enemies":"3 Cultists","floor":30.0,"turns":3.0},{"damage":21,"enemies":"Collector","floor":33,"turns":3},{"damage":0,"enemies":"Orb Walker","floor":35,"turns":1},{"damage":2,"enemies":"3 Darklings","floor":39,"turns":3},{"damage":23,"enemies":"Reptomancer","floor":40,"turns":4},{"damage":66,"enemies":"Giant Head","floor":41,"turns":6}],"seed_played":"-3765854076696320968","potions_obtained":[{"floor":1.0,"key":"FearPotion"},{"floor":5.0,"key":"Explosive Potion"},{"floor":7.0,"key":"SpeedPotion"},{"floor":16.0,"key":"AttackPotion"},{"floor":20.0,"key":"ColorlessPotion"},{"floor":20.0,"key":"SneckoOil"},{"floor":21.0,"key":"ColorlessPotion"},{"floor":28.0,"key":"Ambrosia"},{"floor":30.0,"key":"Explosive Potion"},{"floor":35,"key":"DuplicationPotion"}],"is_trial":false,"path_per_floor":["M","?","?","$","M","M","E","M","T","E","R","?","?","M","R","B",null,"M","?","?","M","$","E","R","M","T","E","M","R","M","?","R","B",null,"M","?","?","$","M","E","E"],"character_chosen":"WATCHER","items_purchased":["CutThroughFate","WindmillStrike","Fire Potion","Vajra","Strength Potion","FearPotion","Bottled Flame","BowlingBash"],"campfire_rested":1,"item_purchase_floors":[4,4,4,22,22,22,38,38],"current_hp_per_floor":[72,72,61,61,61,61,47,47,47,47,56,47,47,43,72,72,72,62,56,56,44,44,44,56,56,56,56,56,71,70,70,72,51,72,72,72,72,72,70,47,0,0],"gold":60,"neow_bonus":"RANDOM_COMMON_RELIC","is_daily":false,"chose_seed":false,"campfire_upgraded":4,"win_rate":0.0,"timestamp":1614036794,"path_taken":["M","?","?","$","M","M","E","M","T","E","R","?","?","?","R","BOSS","M","?","?","?","$","E","R","M","T","E","M","R","M","?","R","BOSS","M","?","?","$","M","E","E"],"items_purchased_type":["Card","Card","Potion","Relic","Potion","Potion","Relic","Card"],"build_version":"2020-12-22","purchased_purges":0,"victory":false,"max_hp_per_floor":[72,72,72,72,72,72,72,72,72,72,72,72,72,72,72,72,72,72,72,72,72,72,72,72,72,72,72,72,72,72,72,72,72,72,72,72,72,72,72,72,72,72],"card_choices":[{"not_picked":["EmptyMind","EmptyBody"],"picked":"FearNoEvil","floor":1.0},{"not_picked":["EmptyBody","Wallop"],"picked":"FollowUp","floor":5.0},{"not_picked":["InnerPeace","FlyingSleeves"],"picked":"ClearTheMind","floor":6.0},{"not_picked":["Fasting2","FlurryOfBlows"],"picked":"CarveReality","floor":7.0},{"not_picked":["MentalFortress","Crescendo"],"picked":"Vengeance","floor":8.0},{"not_picked":["MentalFortress","Crescendo"],"picked":"BowlingBash","floor":10.0},{"not_picked":["WreathOfFlame","InnerPeace"],"picked":"BowlingBash","floor":14.0},{"not_picked":["Devotion","MasterReality"],"picked":"DeusExMachina","floor":16.0},{"not_picked":["SashWhip","Crescendo"],"picked":"Perseverance+1","floor":18.0},{"not_picked":["Consecrate","PathToVictory+1"],"picked":"FearNoEvil+1","floor":21.0},{"not_picked":["Nirvana+1","FollowUp"],"picked":"DeusExMachina","floor":23.0},{"not_picked":["Indignation+1","FlurryOfBlows","WaveOfTheHand"],"picked":"SKIP","floor":25.0},{"not_picked":["FearNoEvil","PathToVictory"],"picked":"Consecrate","floor":27.0},{"not_picked":["FollowUp","ThirdEye"],"picked":"SandsOfTime","floor":28.0},{"not_picked":["Indignation","InnerPeace","Wireheading+1"],"picked":"SKIP","floor":30.0},{"not_picked":["WaveOfTheHand+1","Wallop"],"picked":"FlurryOfBlows+1","floor":35},{"not_picked":["Forethought","Swift Strike"],"picked":"Master of Strategy","floor":37},{"not_picked":["Purity","Swift Strike"],"picked":"Finesse","floor":37},{"not_picked":["Study","CarveReality","Crescendo"],"picked":"SKIP","floor":39},{"not_picked":["Pray","InnerPeace"],"picked":"Swivel","floor":40}],"player_experience":148124,"relics_obtained":[{"floor":7.0,"key":"Eternal Feather"},{"floor":9.0,"key":"Sundial"},{"floor":10.0,"key":"Happy Flower"},{"floor":23.0,"key":"Boot"},{"floor":26.0,"key":"Damaru"},{"floor":27.0,"key":"Ancient Tea Set"},{"floor":40,"key":"WingedGreaves"}],"event_choices":[{"damage_healed":0.0,"max_hp_gain":0.0,"max_hp_loss":0.0,"gold_gain":0.0,"event_name":"Living Wall","player_choice":"Grow","floor":2.0,"gold_loss":0.0,"damage_taken":0.0,"cards_upgraded":["Eruption"]},{"damage_healed":0.0,"max_hp_gain":0.0,"max_hp_loss":0.0,"gold_gain":75.0,"event_name":"betterThird:BetterGoop","player_choice":"Gold","floor":3.0,"gold_loss":0.0,"damage_taken":11.0},{"cards_removed":["Defend_P"],"damage_healed":0.0,"max_hp_gain":0.0,"max_hp_loss":0.0,"gold_gain":0.0,"event_name":"Purifier","player_choice":"Purged","floor":13.0,"gold_loss":0.0,"damage_taken":0.0},{"damage_healed":0.0,"max_hp_gain":0.0,"max_hp_loss":0.0,"gold_gain":0.0,"event_name":"betterThird:BetterNest","player_choice":"Dagger","floor":19.0,"gold_loss":0.0,"damage_taken":6.0,"cards_obtained":["RitualDagger"]},{"damage_healed":0.0,"max_hp_gain":0.0,"max_hp_loss":0.0,"gold_gain":0.0,"event_name":"The Woman in Blue","player_choice":"Bought 2 Potions","floor":20.0,"gold_loss":0.0,"damage_taken":0.0},{"damage_healed":0.0,"max_hp_gain":0.0,"max_hp_loss":0.0,"gold_gain":0.0,"event_name":"Ghosts","player_choice":"Ignored","floor":31.0,"gold_loss":0.0,"damage_taken":0.0},{"damage_healed":0,"gold_gain":0,"player_choice":"Ignored","damage_taken":0,"max_hp_gain":0,"max_hp_loss":0,"event_name":"Tomb of Lord Red Mask","floor":36,"gold_loss":0},{"damage_healed":0,"gold_gain":3,"player_choice":"1","damage_taken":0,"max_hp_gain":0,"max_hp_loss":0,"event_name":"betterStone:BetterStone","floor":37,"gold_loss":0}],"is_beta":false,"boss_relics":[{"not_picked":["SacredBark","Cursed Key"],"picked":"Snecko Eye"},{"not_picked":["Busted Crown","Astrolabe"],"picked":"Pandora\u0027s Box"}],"items_purged_floors":[],"is_endless":false,"potions_floor_spawned":[1,5,7,16,21,23,28,30,35],"killed_by":"Giant Head","ascension_level":0}}