{"host":"1ftto2vaskemldx8","time":1614018100,"event":{"mods":["BaseMod","Minty Spire (QoL Compilation)","Replay The Spire","StSLib","Together in Spire","[功能]功能增强和修复MOD"],"gold_per_floor":[109,122,7,7,82,47,65,65,90,90,104,104,13,33,33,136,136,153,172,141,141,100,100,100,100,124,124,154,171,171,183,183,285,285,300,315,231,309,309,309,309,309,309,339,349,319,331,346,346,346],"floor_reached":51,"language":"ZHS","playtime":1119,"items_purged":["Strike_R","Defend_R","Strike_R","Defend_R","Strike_R+1","Defend_R","Spreading Infection","Madness","Madness","Inflame+1","Flex+1"],"score":808,"play_id":"bcbc9342-9537-4f7e-865d-504e643aad3c","local_time":"20210223022140","is_ascension_mode":false,"campfire_choices":[{"data":"Flex","floor":10,"key":"SMITH"},{"data":"Double Tap","floor":12,"key":"SMITH"},{"data":"Inflame","floor":15,"key":"SMITH"},{"data":"Pommel Strike","floor":23,"key":"SMITH"},{"data":"Bash","floor":25,"key":"SMITH"},{"floor":27,"key":"REST"},{"data":"Searing Blow","floor":32,"key":"SMITH"},{"data":"Searing Blow+1","floor":40,"key":"SMITH"},{"data":"Searing Blow+2","floor":42,"key":"SMITH"},{"floor":49,"key":"REST"}],"circlet_count":0,"master_deck":["Bash+1","Double Tap+1","Pommel Strike+1","Searing Blow+4","Flex+1"],"relics":["Burning Blood","Oddly Smooth Stone","PreservedInsect","Calipers","Bronze Scales","Replay:Rubber Ducky","Gremlin Food","Brimstone","Philosopher\u0027s Stone","Red Skull","MutagenicStrength","Anchor","Pet Ghost","Pantograph","ReplayTheSpireMod:DimensionalGlitch","Onion Ring","Regal Pillow","ReplayTheSpireMod:TigerMarble","Potion Belt"],"acts_visited":["Exordium","TheCity","TheBeyond"],"potions_floor_usage":[14,16,16,19,28,33,44,45,47,48,50,50,50],"damage_taken":[{"damage":0,"enemies":"2 Louse","floor":1,"turns":3},{"damage":3,"enemies":"Cultist","floor":2,"turns":4},{"damage":0,"enemies":"Small Slimes","floor":7,"turns":3},{"damage":13,"enemies":"Blue Slaver","floor":11,"turns":3},{"damage":2,"enemies":"3 Louse","floor":14,"turns":2},{"damage":39,"enemies":"The Guardian","floor":16,"turns":5},{"damage":11,"enemies":"Chosen","floor":18,"turns":2},{"damage":9,"enemies":"Shell Parasite","floor":19,"turns":2},{"damage":11,"enemies":"Gremlin Leader","floor":28,"turns":3},{"damage":0,"enemies":"Snake Plant","floor":29,"turns":2},{"damage":12,"enemies":"Centurion and Healer","floor":31,"turns":3},{"damage":22,"enemies":"Automaton","floor":33,"turns":4},{"damage":0,"enemies":"Orb Walker","floor":35,"turns":1},{"damage":0,"enemies":"3 Darklings","floor":36,"turns":2},{"damage":24,"enemies":"R_Hoarder","floor":44,"turns":3},{"damage":0,"enemies":"Jaw Worm Horde","floor":45,"turns":2},{"damage":0,"enemies":"Maw","floor":47,"turns":3},{"damage":7,"enemies":"Writhing Mass","floor":48,"turns":1},{"damage":40,"enemies":"Donu and Deca","floor":50,"turns":3}],"seed_played":"-1709938902588485767","potions_obtained":[{"floor":2,"key":"ColorlessPotion"},{"floor":7,"key":"AttackPotion"},{"floor":14,"key":"Weak Potion"},{"floor":14,"key":"PowerPotion"},{"floor":16,"key":"Strength Potion"},{"floor":18,"key":"GamblersBrew"},{"floor":19,"key":"Elixir"},{"floor":29,"key":"ElixirPotion"},{"floor":31,"key":"SteroidPotion"},{"floor":36,"key":"SteroidPotion"},{"floor":38,"key":"Fire Potion"},{"floor":44,"key":"EssenceOfSteel"},{"floor":44,"key":"SpeedPotion"},{"floor":45,"key":"BlessingOfTheForge"},{"floor":45,"key":"Block Potion"},{"floor":47,"key":"Venom Potion"},{"floor":48,"key":"Swift Potion"}],"is_trial":false,"path_per_floor":["M","M","$","?","?","?","M","?","T","R","M","R","$","M","R","B",null,"M","M","$","?","$","R","?","R","T","R","E","M","?","M","R","B",null,"M","M","$","?","?","R","?","R","T","E","M","$","M","M","R","B",null],"character_chosen":"IRONCLAD","items_purchased":["PreservedInsect","Flex","Calipers","Replay:Rubber Ducky","Gremlin Food","Brimstone","Red Skull","Anchor","Pommel Strike","Onion Ring","Regal Pillow"],"campfire_rested":2,"item_purchase_floors":[3,3,3,13,13,13,20,22,22,37,37],"current_hp_per_floor":[80,80,80,73,62,80,80,80,80,80,73,73,73,77,77,44,80,75,72,72,72,72,72,72,72,72,80,75,80,80,74,74,64,80,80,80,80,80,80,80,70,70,70,49,52,52,55,51,80,43],"gold":346,"neow_bonus":"RANDOM_COMMON_RELIC","is_daily":false,"chose_seed":false,"campfire_upgraded":8,"win_rate":0.0,"timestamp":1614018100,"path_taken":["M","M","$","?","?","?","M","?","T","R","M","R","$","M","R","BOSS","M","M","$","?","$","R","?","R","T","R","E","?","?","M","R","BOSS","M","M","$","?","?","R","?","R","T","E","?","$","M","M","R","BOSS"],"items_purchased_type":["Relic","Card","Relic","Relic","Relic","Relic","Relic","Relic","Card","Relic","Relic"],"build_version":"2020-12-22","purchased_purges":11,"victory":true,"max_hp_per_floor":[80,80,80,80,80,80,80,80,80,80,80,80,80,80,80,80,80,80,80,80,80,80,80,80,80,80,80,80,80,80,80,80,80,80,80,80,80,80,80,80,80,80,80,80,80,80,80,80,80,80],"card_choices":[{"not_picked":["Sword Boomerang","Anger","Perfected Strike"],"picked":"SKIP","floor":1},{"not_picked":["True Grit","Iron Wave","Clash"],"picked":"SKIP","floor":2},{"not_picked":["Replay:Undeath\u0027s Touch","Run Through"],"picked":"Inflame","floor":7},{"not_picked":["Twin Strike","Sword Boomerang"],"picked":"Double Tap","floor":11},{"not_picked":["Anger","Bloodletting","Evolve"],"picked":"SKIP","floor":14},{"not_picked":["Rampage","Abandon+1","Anger"],"picked":"SKIP","floor":18},{"not_picked":["Wild Strike+1","Armaments","Bloodletting"],"picked":"SKIP","floor":19},{"not_picked":["Warcry","Shrug It Off+1"],"picked":"Searing Blow","floor":28},{"not_picked":["Searing Blow","Pommel Strike"],"picked":"Flex+1","floor":29},{"not_picked":["Shrug It Off","Bloodletting","Twin Strike"],"picked":"SKIP","floor":31},{"not_picked":["Seeing Red","Iron Wave","Carnage"],"picked":"SKIP","floor":35},{"not_picked":["Burning Pact+1","ReplayTheSpireMod:Strike From Hell+1","Run Through"],"picked":"SKIP","floor":36},{"not_picked":["Twin Strike+1","Pummel+1","Eclipse"],"picked":"SKIP","floor":44},{"not_picked":["True Grit+1","Twin Strike","Heavy Blade"],"picked":"SKIP","floor":45},{"not_picked":["Anger+1","Body Slam+1","Searing Blow+1"],"picked":"SKIP","floor":47},{"not_picked":["Whirlwind+1","Sword Boomerang","ReplayTheSpireMod:Strike From Hell+1"],"picked":"SKIP","floor":48}],"player_experience":204649,"relics_obtained":[{"floor":9,"key":"Bronze Scales"},{"floor":26,"key":"Pet Ghost"},{"floor":28,"key":"Pantograph"},{"floor":38,"key":"ReplayTheSpireMod:TigerMarble"},{"floor":43,"key":"Potion Belt"}],"event_choices":[{"cards_removed":["Strike_R"],"damage_healed":0,"gold_gain":0,"player_choice":"Card Removal","damage_taken":7,"max_hp_gain":0,"max_hp_loss":0,"event_name":"Golden Wing","floor":4,"gold_loss":0},{"damage_healed":0,"gold_gain":75,"player_choice":"Gather Gold","damage_taken":11,"max_hp_gain":0,"max_hp_loss":0,"event_name":"World of Goop","floor":5,"gold_loss":0},{"damage_healed":20,"gold_gain":0,"player_choice":"Healed","damage_taken":0,"max_hp_gain":0,"max_hp_loss":0,"event_name":"The Cleric","floor":6,"gold_loss":35},{"cards_removed":["Defend_R"],"damage_healed":0,"gold_gain":0,"player_choice":"Offered Basic","damage_taken":0,"max_hp_gain":0,"max_hp_loss":0,"event_name":"Bonfire Elementals","floor":8,"gold_loss":0},{"damage_healed":0,"gold_gain":0,"player_choice":"Inject Mutagens","damage_taken":0,"relics_obtained":["MutagenicStrength"],"max_hp_gain":0,"max_hp_loss":0,"event_name":"Drug Dealer","floor":21,"gold_loss":0},{"damage_healed":0,"gold_gain":0,"player_choice":"Bought 0 Potions","damage_taken":0,"max_hp_gain":0,"max_hp_loss":0,"event_name":"The Woman in Blue","floor":24,"gold_loss":0},{"cards_removed":["Strike_R"],"damage_healed":0,"gold_gain":0,"player_choice":"Elegance","damage_taken":0,"max_hp_gain":0,"max_hp_loss":0,"event_name":"Back to Basics","floor":30,"gold_loss":0},{"damage_healed":0,"gold_gain":0,"player_choice":"Embrace Madness","damage_taken":10,"max_hp_gain":0,"max_hp_loss":0,"event_name":"Winding Halls","floor":41,"gold_loss":0,"cards_obtained":["Madness","Madness"]}],"is_beta":false,"boss_relics":[{"not_picked":["Fusion Hammer","Busted Crown"],"picked":"Philosopher\u0027s Stone"},{"not_picked":["Runic Pyramid","Coffee Dripper"],"picked":"ReplayTheSpireMod:DimensionalGlitch"}],"items_purged_floors":[3,3,3,3,37,46,46,46,46,46,46],"is_endless":false,"potions_floor_spawned":[2,7,14,14,14,16,18,19,29,31,36,44,44,45,45,47,48,48],"ascension_level":0}}