{"host":"lofekbk9st7qup1x","time":1614015508,"event":{"mods":["Ascension Reborn","BaseMod","BetterRewards","Minty Spire (QoL Compilation)","UnlockEverythingMod"],"gold_per_floor":[217,292,292,51,66,66,96,108,108,136,211,228,259,272,272,376,376,390,55,55,154,172,204,204,223,223,223,223,23,23,40,40,143,143,162,175,192,162,182,182,182,182],"floor_reached":41,"language":"ENG","playtime":2681,"items_purged":["Strike_B+1","Strike_B+1"],"score":431,"play_id":"26a132cb-4a3c-4635-b017-881f6d47ed39","local_time":"20210223013828","is_ascension_mode":true,"campfire_choices":[{"floor":6,"key":"RECALL"},{"floor":15,"key":"REST"},{"data":"Echo Form","floor":24,"key":"SMITH"},{"data":"Loop","floor":27,"key":"SMITH"},{"data":"Sunder","floor":32,"key":"SMITH"},{"floor":40,"key":"REST"}],"circlet_count":0,"master_deck":["Strike_B+1","Strike_B+1","Defend_B+1","Defend_B+1","Defend_B+1","Defend_B+1","Zap+1","Dualcast+1","Sweeping Beam","Doom and Gloom+1","Loop+1","Beam Cell+1","Compile Driver","Aggregate","Redo","Stack","Echo Form+1","Ball Lightning+1","Coolheaded","Darkness","Sunder+1","Electrodynamics","Sunder+1","Rebound+1","Parasite","FTL+1","Rebound+1","Beam Cell+1"],"relics":["Cracked Core","Symbiotic Virus","White Beast Statue","Juzu Bracelet","Orichalcum","Happy Flower","Inserter","Membership Card","Bag of Preparation","Dream Catcher","Gremlin Horn","Matryoshka","Lee\u0027s Waffle","Whetstone","MutagenicStrength","SlaversCollar"],"acts_visited":["Exordium","TheCity","TheBeyond"],"potions_floor_usage":[13,13,13,14,14,16,16,22,23,23,25,31,33,33,37,37,37,39,41],"damage_taken":[{"damage":3,"enemies":"Jaw Worm","floor":1,"turns":2},{"damage":0,"enemies":"2 Louse","floor":5,"turns":1},{"damage":19,"enemies":"3 Sentries","floor":7,"turns":3},{"damage":0,"enemies":"Cultist","floor":8,"turns":2},{"damage":27,"enemies":"Gremlin Nob","floor":10,"turns":4},{"damage":2,"enemies":"Gremlin Gang","floor":12,"turns":2},{"damage":16,"enemies":"Lagavulin","floor":13,"turns":4},{"damage":0,"enemies":"Exordium Wildlife","floor":14,"turns":2},{"damage":14,"enemies":"Slime Boss","floor":16,"turns":6},{"damage":10,"enemies":"Shell Parasite","floor":18,"turns":5},{"damage":0,"enemies":"Spheric Guardian","floor":22,"turns":3},{"damage":31,"enemies":"Slavers","floor":23,"turns":5},{"damage":3,"enemies":"Snake Plant","floor":25,"turns":4},{"damage":3,"enemies":"Sentry and Sphere","floor":31,"turns":5},{"damage":48,"enemies":"Automaton","floor":33,"turns":7},{"damage":17,"enemies":"3 Darklings","floor":35,"turns":2},{"damage":20,"enemies":"3 Shapes","floor":36,"turns":2},{"damage":13,"enemies":"Writhing Mass","floor":37,"turns":4},{"damage":22,"enemies":"Maw","floor":39,"turns":6},{"damage":47,"enemies":"Giant Head","floor":41,"turns":6}],"seed_played":"3957462287785344796","potions_obtained":[{"floor":5,"key":"PowerPotion"},{"floor":8,"key":"Regen Potion"},{"floor":10,"key":"SneckoOil"},{"floor":12,"key":"Fire Potion"},{"floor":13,"key":"Regen Potion"},{"floor":14,"key":"EntropicBrew"},{"floor":16,"key":"Block Potion"},{"floor":18,"key":"Ancient Potion"},{"floor":22,"key":"LiquidBronze"},{"floor":23,"key":"Explosive Potion"},{"floor":25,"key":"SkillPotion"},{"floor":31,"key":"Swift Potion"},{"floor":33,"key":"EssenceOfDarkness"},{"floor":35,"key":"Swift Potion"},{"floor":36,"key":"LiquidBronze"},{"floor":37,"key":"Fruit Juice"},{"floor":39,"key":"SteroidPotion"}],"is_trial":false,"path_per_floor":["M","?","?","$","M","R","E","M","T","E","?","M","E","M","R","B",null,"M","$","T","?","M","E","R","M","T","R","?","$","?","M","R","B",null,"M","M","M","?","M","R","E"],"character_chosen":"DEFECT","items_purchased":["Symbiotic Virus","Membership Card","Bag of Preparation","Dream Catcher","Lee\u0027s Waffle","Whetstone"],"campfire_rested":2,"item_purchase_floors":[4,19,19,19,29,29],"current_hp_per_floor":[72,61,61,61,61,61,42,42,42,15,8,6,2,7,29,15,75,65,65,65,65,65,34,34,31,31,31,31,82,82,79,79,31,82,65,45,37,37,15,41,0,0],"gold":182,"neow_bonus":"HUNDRED_GOLD","is_daily":false,"chose_seed":false,"campfire_upgraded":3,"win_rate":0.0,"timestamp":1614015508,"path_taken":["M","?","?","?","M","R","E","M","T","E","?","M","E","M","R","BOSS","M","$","?","?","M","E","R","M","T","R","?","$","?","M","R","BOSS","M","M","M","?","M","R","E"],"items_purchased_type":["Relic","Relic","Relic","Relic","Relic","Relic"],"build_version":"2020-12-22","purchased_purges":2,"victory":false,"max_hp_per_floor":[75,75,75,75,75,75,75,75,75,75,75,75,75,75,75,75,75,75,75,75,75,75,75,75,75,75,75,75,82,82,82,82,82,82,82,82,87,87,87,87,87,87],"card_choices":[{"not_picked":["Reprogram","Stack"],"picked":"Sweeping Beam","floor":1},{"not_picked":["Conserve Battery","Scrape"],"picked":"Doom and Gloom","floor":5},{"not_picked":["Self Repair","Leap"],"picked":"Loop","floor":7},{"not_picked":["Stack","Loop"],"picked":"Beam Cell","floor":8},{"not_picked":["Fusion","Rebound"],"picked":"Compile Driver","floor":10},{"not_picked":["Streamline","Thunder Strike"],"picked":"Aggregate","floor":12},{"not_picked":["Ball Lightning","Reboot"],"picked":"Redo","floor":13},{"not_picked":["Sweeping Beam","Loop"],"picked":"Stack","floor":14},{"not_picked":["Machine Learning","All For One"],"picked":"Echo Form","floor":16},{"not_picked":["Coolheaded+1","Defragment"],"picked":"Ball Lightning+1","floor":18},{"not_picked":["Undo","Rip and Tear","Go for the Eyes"],"picked":"SKIP","floor":22},{"not_picked":["Streamline","Blizzard+1"],"picked":"Coolheaded","floor":23},{"not_picked":["Skim","Stack"],"picked":"Darkness","floor":25},{"not_picked":["Doom and Gloom","Defragment"],"picked":"Sunder","floor":31},{"not_picked":["Multi-Cast","Echo Form"],"picked":"Electrodynamics","floor":33},{"not_picked":["Streamline","Chill"],"picked":"Sunder+1","floor":35},{"not_picked":["Ball Lightning+1","Stack+1"],"picked":"Rebound+1","floor":36},{"not_picked":["Biased Cognition","Streamline+1"],"picked":"FTL+1","floor":37},{"not_picked":["Gash+1","Hologram+1"],"picked":"Rebound+1","floor":39},{"not_picked":["Force Field","Barrage+1"],"picked":"Beam Cell+1","floor":40}],"player_experience":12713,"relics_obtained":[{"floor":7,"key":"White Beast Statue"},{"floor":9,"key":"Juzu Bracelet"},{"floor":10,"key":"Orichalcum"},{"floor":13,"key":"Happy Flower"},{"floor":23,"key":"Gremlin Horn"},{"floor":26,"key":"Matryoshka"}],"event_choices":[{"damage_healed":0,"gold_gain":75,"player_choice":"Gather Gold","damage_taken":11,"max_hp_gain":0,"max_hp_loss":0,"event_name":"World of Goop","floor":2,"gold_loss":0},{"damage_healed":0,"gold_gain":0,"player_choice":"Ignored","damage_taken":0,"max_hp_gain":0,"max_hp_loss":0,"event_name":"Shining Light","floor":3,"gold_loss":0},{"damage_healed":0,"gold_gain":75,"player_choice":"Touch","damage_taken":7,"max_hp_gain":0,"max_hp_loss":0,"event_name":"FaceTrader","floor":11,"gold_loss":0},{"damage_healed":0,"gold_gain":99,"player_choice":"Stole From Cult","damage_taken":0,"max_hp_gain":0,"max_hp_loss":0,"event_name":"Nest","floor":21,"gold_loss":0},{"damage_healed":0,"gold_gain":0,"player_choice":"Ignored","damage_taken":0,"max_hp_gain":0,"max_hp_loss":0,"event_name":"Ghosts","floor":28,"gold_loss":0},{"damage_healed":0,"gold_gain":0,"player_choice":"Inject Mutagens","damage_taken":0,"relics_obtained":["MutagenicStrength"],"max_hp_gain":0,"max_hp_loss":0,"event_name":"Drug Dealer","floor":30,"gold_loss":0},{"damage_healed":0,"gold_gain":0,"player_choice":"Bought 2 Potions","damage_taken":0,"max_hp_gain":0,"max_hp_loss":0,"event_name":"The Woman in Blue","floor":38,"gold_loss":0}],"is_beta":false,"boss_relics":[{"not_picked":["Philosopher\u0027s Stone","Busted Crown"],"picked":"Inserter"},{"not_picked":["Runic Dome","Pandora\u0027s Box"],"picked":"SlaversCollar"}],"items_purged_floors":[19,29],"is_endless":false,"potions_floor_spawned":[5,8,10,12,13,14,16,18,22,23,25,31,33,35,36,37,39],"killed_by":"Giant Head","ascension_level":0}}