{"host":"i1peby39mt3us2ef","time":1614031543,"event":{"mods":["BaseMod","Downfall","Minty Spire (QoL Compilation)","Replay The Spire","StSLib","The Cursed"],"gold_per_floor":[219,219,229,241,241,266,266,266,266,266,317,317,332,348,191,223,223,344,344,374,410,410,446,493,493,521,553,553,255,255,255,255,292,292,318,318],"floor_reached":35,"language":"ENG","playtime":2968,"items_purged":[],"score":261,"play_id":"7430a77d-0dcf-441b-92d7-702a4cc953de","local_time":"20210222150543","is_ascension_mode":false,"campfire_choices":[{"floor":7,"key":"RECALL"},{"floor":10,"key":"REST"},{"floor":12,"key":"REST"},{"floor":17,"key":"REST"},{"floor":25,"key":"REST"},{"floor":32,"key":"REST"},{"floor":34,"key":"REST"}],"circlet_count":0,"master_deck":["Strike_R","Strike_R","Strike_R","Strike_R","Strike_R","Defend_R","Defend_R","Defend_R","Defend_R","Bash","Cleave","Inflame","Inflame","Sword Boomerang","Fiend Fire","Flex","Shrug It Off","Reaper","Iron Wave+1","ReplayTheSpireMod:Stacked+1","downfall:Bewildered","Thunderclap","Iron Wave+1","Rage","Anger","Pot Of Greed","Pot Of Greed","Pot Of Greed","Slimebound:CheckThePlaybook","downfall:Icky","Inflame+1"],"relics":["Replay:Wanted Poster","FaceOfCleric","Lantern","Replay:Bandana","SlaversCollar","sneckomod:BabySnecko","Grinning Jar","Matryoshka","Blue Candle"],"acts_visited":["Exordium","TheCity"],"potions_floor_usage":[18,18,18,24,24,27,29],"damage_taken":[{"damage":2,"enemies":"Small Slimes","floor":1,"turns":6},{"damage":9,"enemies":"Cultist","floor":3,"turns":3},{"damage":15,"enemies":"Jaw Worm","floor":4,"turns":4},{"damage":36,"enemies":"3 Sentries","floor":6,"turns":6},{"damage":5,"enemies":"Looter","floor":13,"turns":2},{"damage":10,"enemies":"3 Louse","floor":14,"turns":2},{"damage":21,"enemies":"Lots of Slimes","floor":16,"turns":3},{"damage":53,"enemies":"The Guardian","floor":18,"turns":10},{"damage":15,"enemies":"Chosen","floor":20,"turns":3},{"damage":25,"enemies":"Spheric Guardian","floor":21,"turns":5},{"damage":32,"enemies":"3 Cultists","floor":23,"turns":6},{"damage":31,"enemies":"Centurion and Healer","floor":24,"turns":4},{"damage":21,"enemies":"Snake Plant","floor":26,"turns":5},{"damage":36,"enemies":"Cultist and Chosen","floor":27,"turns":7},{"damage":21,"enemies":"Centurion and Healer","floor":33,"turns":6},{"damage":67,"enemies":"Pondfish","floor":35,"turns":6}],"seed_played":"9098120793071183187","potions_obtained":[{"floor":3,"key":"Adrenaline Potion"},{"floor":13,"key":"Adrenaline Potion"},{"floor":14,"key":"LifebloodPotion"},{"floor":18,"key":"ElixirPotion"},{"floor":20,"key":"ElixirPotion"},{"floor":21,"key":"Energy Potion"}],"is_trial":false,"path_per_floor":["M","?","M","M","$","E","R","PTL","PTL","R","T","R","M","M","$","M","R","B",null,"M","M","?","M","M","R","M","M","T","$","?","?","R","M","R","B"],"character_chosen":"IRONCLAD","items_purchased":["Replay:Bandana","Matryoshka","BloodPotion"],"campfire_rested":6,"item_purchase_floors":[15,29,29],"current_hp_per_floor":[78,78,70,56,56,21,21,21,21,45,45,69,65,56,56,36,61,9,87,73,50,50,35,23,50,30,7,7,25,20,20,47,37,65,0,0],"gold":318,"neow_bonus":"BOSS_RELIC","is_daily":false,"chose_seed":false,"campfire_upgraded":0,"win_rate":0.0,"timestamp":1614031543,"path_taken":["M","?","?","M","?","E","R","PTL","PTL","R","T","R","M","M","$","M","R","BOSS","M","?","?","M","M","R","M","M","T","$","?","?","R","M","R","BOSS"],"items_purchased_type":["Relic","Relic","Potion"],"build_version":"2020-12-22","purchased_purges":0,"victory":false,"max_hp_per_floor":[80,80,81,82,82,83,83,83,83,83,83,83,84,85,85,86,86,87,87,88,89,89,90,91,91,92,93,93,93,93,93,93,94,94,94,94],"card_choices":[{"not_picked":["Spot Weakness","Body Slam"],"picked":"Cleave","floor":1},{"not_picked":["Blood for Blood","ReplayTheSpireMod:Stacked"],"picked":"Inflame","floor":3},{"not_picked":["Flex","Pommel Strike"],"picked":"Inflame","floor":4},{"not_picked":["Heavy Blade","Warcry"],"picked":"Sword Boomerang","floor":6},{"not_picked":["Warcry","Heavy Blade"],"picked":"Fiend Fire","floor":13},{"not_picked":["Sever Soul","Warcry"],"picked":"Flex","floor":14},{"not_picked":["Heavy Blade","Rampage"],"picked":"Shrug It Off","floor":16},{"not_picked":["Corruption","Impervious"],"picked":"Reaper","floor":18},{"not_picked":["Pummel","Power Through"],"picked":"Iron Wave+1","floor":20},{"not_picked":["Twin Strike","ReplayTheSpireMod:Strike From Hell+1"],"picked":"ReplayTheSpireMod:Stacked+1","floor":21},{"not_picked":["Iron Wave","Pommel Strike"],"picked":"Thunderclap","floor":23},{"not_picked":["Disarm","Twin Strike+1"],"picked":"Iron Wave+1","floor":24},{"not_picked":["Sever Soul+1","Iron Wave+1"],"picked":"Rage","floor":26},{"not_picked":["Rupture","Headbutt"],"picked":"Anger","floor":27},{"not_picked":["Clash","ReplayTheSpireMod:LeadingStrike"],"picked":"Inflame+1","floor":33}],"player_experience":71502,"relics_obtained":[{"floor":6,"key":"Lantern"},{"floor":28,"key":"Grinning Jar"}],"event_choices":[{"damage_healed":0,"gold_gain":0,"player_choice":"Trade","damage_taken":0,"relics_obtained":["FaceOfCleric"],"max_hp_gain":0,"max_hp_loss":0,"event_name":"FaceTrader","floor":2,"gold_loss":0}],"is_beta":false,"boss_relics":[{"not_picked":["Electric Blood","Replay:Drink Me"],"picked":"SlaversCollar"}],"items_purged_floors":[],"is_endless":false,"potions_floor_spawned":[3,13,14,18,20,21],"killed_by":"Pondfish","ascension_level":0}}