{"host":"005oipbkxhicanek","time":1614035331,"event":{"mods":["AchievementEnabler","BaseMod","Colored Map","Colored Powertips","Minty Spire (QoL Compilation)"],"gold_per_floor":[118,137,137,69,244,244,269,288,288,313,324,324,324,370,382,496,508,531,563,314,332,332,332,164,174,198,218,218,93,105,117,117,212,212,227,240,257,107,120,120,150,150,150,179,33,63,63,83,83,83,83],"floor_reached":50,"language":"ENG","playtime":2023,"items_purged":["Doubt","Strike_R","Defend_R","Defend_R"],"score":689,"play_id":"fe107800-37b7-47ef-bb0b-af961552e26e","local_time":"20210223000851","is_ascension_mode":true,"campfire_choices":[{"data":"Fiend Fire","floor":6,"key":"SMITH"},{"data":"Master of Strategy","floor":12,"key":"SMITH"},{"data":"Clothesline","floor":15,"key":"SMITH"},{"data":"Battle Trance","floor":23,"key":"SMITH"},{"data":"Burning Pact","floor":32,"key":"SMITH"},{"data":"Brutality","floor":40,"key":"SMITH"},{"data":"Inflame","floor":42,"key":"SMITH"},{"floor":49,"key":"RECALL"}],"circlet_count":0,"master_deck":["Defend_R+1","Defend_R+1","Bash+1","Master of Strategy+1","Hemokinesis","Shrug It Off+1","Fiend Fire+1","Reaper","Clothesline+1","Iron Wave","Immolate+1","Battle Trance+1","Burning Pact+1","Inflame+1","Bite","Bite","Bite","Bite","Bite","Brutality+1","Inflame+1"],"relics":["Burning Blood","HornCleat","Gremlin Horn","Akabeko","MawBank","Nunchaku","Velvet Choker","Bag of Marbles","Potion Belt","Philosopher\u0027s Stone","Oddly Smooth Stone","Frozen Egg 2","War Paint","Paper Frog"],"acts_visited":["Exordium","TheCity","TheBeyond"],"potions_floor_usage":[14,16,50,50,50,50],"damage_taken":[{"damage":6,"enemies":"Cultist","floor":1,"turns":3},{"damage":2,"enemies":"Small Slimes","floor":2,"turns":2},{"damage":16,"enemies":"Gremlin Nob","floor":7,"turns":3},{"damage":0,"enemies":"2 Louse","floor":8,"turns":2},{"damage":12,"enemies":"Lagavulin","floor":10,"turns":4},{"damage":5,"enemies":"Blue Slaver","floor":11,"turns":2},{"damage":12,"enemies":"3 Sentries","floor":14,"turns":4},{"damage":48,"enemies":"Slime Boss","floor":16,"turns":9},{"damage":12,"enemies":"Chosen","floor":18,"turns":3},{"damage":13,"enemies":"2 Thieves","floor":19,"turns":2},{"damage":0,"enemies":"Sentry and Sphere","floor":21,"turns":2},{"damage":0,"enemies":"Snecko","floor":25,"turns":1},{"damage":2,"enemies":"Chosen and Byrds","floor":27,"turns":3},{"damage":0,"enemies":"Cultist and Chosen","floor":30,"turns":1},{"damage":0,"enemies":"Shelled Parasite and Fungi","floor":31,"turns":1},{"damage":24,"enemies":"Collector","floor":33,"turns":7},{"damage":13,"enemies":"Orb Walker","floor":35,"turns":2},{"damage":11,"enemies":"3 Shapes","floor":36,"turns":2},{"damage":12,"enemies":"Transient","floor":37,"turns":5},{"damage":16,"enemies":"4 Shapes","floor":39,"turns":1},{"damage":5,"enemies":"Nemesis","floor":41,"turns":4},{"damage":4,"enemies":"Giant Head","floor":44,"turns":3},{"damage":31,"enemies":"Nemesis","floor":46,"turns":3},{"damage":1,"enemies":"Sphere and 2 Shapes","floor":48,"turns":2},{"damage":129,"enemies":"Awakened One","floor":50,"turns":9}],"seed_played":"-8365233203045557594","potions_obtained":[{"floor":2,"key":"BloodPotion"},{"floor":7,"key":"ColorlessPotion"},{"floor":11,"key":"Energy Potion"},{"floor":18,"key":"Ancient Potion"},{"floor":21,"key":"SkillPotion"},{"floor":30,"key":"DuplicationPotion"},{"floor":31,"key":"Energy Potion"},{"floor":46,"key":"PowerPotion"}],"is_trial":false,"path_per_floor":["M","M","?","$","?","R","E","M","T","E","M","R","T","E","R","B",null,"M","M","$","M","?","R","$","M","T","M","?","$","M","M","R","B",null,"M","M","M","$","M","R","E","R","T","E","$","E","?","M","R","B"],"character_chosen":"IRONCLAD","items_purchased":["Fiend Fire","Bag of Marbles","Battle Trance","Burning Pact","War Paint"],"campfire_rested":0,"item_purchase_floors":[4,20,20,24,45],"current_hp_per_floor":[56,60,44,44,44,44,34,46,46,40,41,41,41,71,71,37,80,80,73,73,79,79,79,79,80,80,80,56,56,56,56,56,50,56,49,50,52,52,54,54,56,56,56,56,56,35,35,56,56,0,0],"gold":83,"neow_bonus":"RANDOM_COLORLESS_2","is_daily":false,"chose_seed":false,"campfire_upgraded":7,"win_rate":0.0,"timestamp":1614035331,"path_taken":["M","?","?","$","?","R","E","M","T","E","M","R","?","E","R","BOSS","M","?","?","M","?","R","$","M","T","?","?","?","M","M","R","BOSS","M","M","M","$","M","R","E","R","T","E","$","E","?","M","R","BOSS"],"items_purchased_type":["Card","Relic","Card","Card","Relic"],"build_version":"2020-12-22","purchased_purges":4,"victory":false,"max_hp_per_floor":[80,80,80,80,80,80,80,80,80,80,80,80,80,80,80,80,80,80,80,80,80,80,80,80,80,80,80,56,56,56,56,56,56,56,56,56,56,56,56,56,56,56,56,56,56,56,56,56,56,56,56],"card_choices":[{"not_picked":["Magnetism","Secret Weapon"],"picked":"Master of Strategy","floor":0},{"not_picked":["Cleave","Wild Strike"],"picked":"Hemokinesis","floor":1},{"not_picked":["Dropkick","Warcry"],"picked":"Shrug It Off","floor":2},{"not_picked":["Pommel Strike","Berserk"],"picked":"Reaper","floor":7},{"not_picked":["Sword Boomerang","Body Slam"],"picked":"Clothesline","floor":8},{"not_picked":["Rampage","Fiend Fire"],"picked":"Iron Wave","floor":10},{"not_picked":["Iron Wave","Flex","Second Wind"],"picked":"SKIP","floor":11},{"not_picked":["Sword Boomerang","Flex","Warcry"],"picked":"SKIP","floor":14},{"not_picked":["Double Tap","Juggernaut"],"picked":"Immolate","floor":16},{"not_picked":["Heavy Blade","Fire Breathing","Cleave+1"],"picked":"SKIP","floor":18},{"not_picked":["Shockwave","Dropkick","Combust+1"],"picked":"SKIP","floor":19},{"not_picked":["Body Slam","Thunderclap","Clash+1"],"picked":"SKIP","floor":21},{"not_picked":["Body Slam+1","Berserk","Heavy Blade"],"picked":"SKIP","floor":25},{"not_picked":["Pommel Strike+1","Dual Wield+1"],"picked":"Inflame","floor":27},{"not_picked":["Warcry","Sentinel","Wild Strike"],"picked":"SKIP","floor":30},{"not_picked":["Clash","Rampage+1","Iron Wave"],"picked":"SKIP","floor":31},{"not_picked":["Fiend Fire","Offering"],"picked":"Brutality","floor":33},{"not_picked":["Cleave","Sword Boomerang+1","Iron Wave+1"],"picked":"SKIP","floor":35},{"not_picked":["Sword Boomerang+1","Fire Breathing+1","Shrug It Off"],"picked":"SKIP","floor":36},{"not_picked":["Demon Form","Cleave"],"picked":"Inflame+1","floor":37},{"not_picked":["Clothesline","Shrug It Off","Twin Strike+1"],"picked":"SKIP","floor":39},{"not_picked":["Armaments+1","Iron Wave+1","Pommel Strike"],"picked":"SKIP","floor":41},{"not_picked":["Armaments+1","Iron Wave+1","Pommel Strike"],"picked":"SKIP","floor":41},{"not_picked":["Perfected Strike","Flex+1","Whirlwind"],"picked":"SKIP","floor":44},{"not_picked":["Sword Boomerang","Power Through+1","Inflame+1"],"picked":"SKIP","floor":46},{"not_picked":["Armaments+1","Ghostly Armor+1","Sword Boomerang+1"],"picked":"SKIP","floor":48}],"player_experience":132264,"relics_obtained":[{"floor":7,"key":"HornCleat"},{"floor":9,"key":"Gremlin Horn"},{"floor":10,"key":"Akabeko"},{"floor":13,"key":"MawBank"},{"floor":14,"key":"Nunchaku"},{"floor":26,"key":"Potion Belt"},{"floor":41,"key":"Oddly Smooth Stone"},{"floor":44,"key":"Frozen Egg 2"},{"floor":46,"key":"Paper Frog"}],"event_choices":[{"damage_healed":0,"gold_gain":0,"player_choice":"Entered Light","damage_taken":16,"max_hp_gain":0,"max_hp_loss":0,"event_name":"Shining Light","floor":3,"gold_loss":0,"cards_upgraded":["Defend_R","Bash"]},{"damage_healed":0,"gold_gain":175,"player_choice":"AGREE","damage_taken":0,"max_hp_gain":0,"max_hp_loss":0,"event_name":"Liars Game","floor":5,"gold_loss":0,"cards_obtained":["Doubt"]},{"damage_healed":0,"gold_gain":0,"player_choice":"Upgraded","damage_taken":0,"max_hp_gain":0,"max_hp_loss":0,"event_name":"Upgrade Shrine","floor":22,"gold_loss":0,"cards_upgraded":["Immolate"]},{"damage_healed":0,"gold_gain":0,"player_choice":"Became a vampire","damage_taken":0,"max_hp_gain":0,"max_hp_loss":24,"event_name":"Vampires","floor":28,"gold_loss":0,"cards_obtained":["Bite","Bite","Bite","Bite","Bite"]},{"damage_healed":0,"gold_gain":0,"player_choice":"Ignored","damage_taken":0,"max_hp_gain":0,"max_hp_loss":0,"event_name":"Mysterious Sphere","floor":47,"gold_loss":0}],"is_beta":false,"boss_relics":[{"not_picked":["Runic Pyramid","Astrolabe"],"picked":"Velvet Choker"},{"not_picked":["Calling Bell","Black Star"],"picked":"Philosopher\u0027s Stone"}],"items_purged_floors":[20,24,29,38],"is_endless":false,"potions_floor_spawned":[2,7,11,18,21,30,31,35,41,46],"killed_by":"Awakened One","ascension_level":3}}