{"host":"0kk91h4bq4kgfj0u","time":1614012916,"event":{"mods":["BaseMod","Bestiary","Block Reminder","Colored Map","Colored Powertips","Curses Come First","Highlight Path","Minty Spire (QoL Compilation)","Relic Stats","StSLib"],"gold_per_floor":[109,124,124,124,141,166,166,181,181,181,181],"floor_reached":10,"language":"ENG","playtime":594,"items_purged":[],"score":99,"play_id":"00c39f8a-c939-40a8-b36d-35377f47db8a","local_time":"20210222115516","is_ascension_mode":true,"campfire_choices":[],"circlet_count":0,"master_deck":["Strike_R","Strike_R","Strike_R","Strike_R+1","Strike_R","Defend_R+1","Defend_R","Defend_R","Defend_R","Bash","Flash of Steel","Uppercut","Dark Embrace","Bloodletting+1","Pommel Strike","Cleave"],"relics":["Burning Blood","InkBottle","Charon\u0027s Ashes"],"acts_visited":["Exordium"],"potions_floor_usage":[6,10],"damage_taken":[{"damage":14,"enemies":"Small Slimes","floor":1,"turns":4},{"damage":4,"enemies":"2 Louse","floor":2,"turns":2},{"damage":11,"enemies":"Jaw Worm","floor":5,"turns":4},{"damage":20,"enemies":"Gremlin Nob","floor":6,"turns":4},{"damage":20,"enemies":"Large Slime","floor":8,"turns":6},{"damage":30,"enemies":"Lagavulin","floor":10,"turns":6}],"seed_played":"-4138954085387619076","potions_obtained":[{"floor":1,"key":"AttackPotion"},{"floor":6,"key":"Dexterity Potion"}],"is_trial":false,"path_per_floor":["M","M","?","?","M","E","?","M","T","E"],"character_chosen":"IRONCLAD","items_purchased":[],"campfire_rested":0,"item_purchase_floors":[],"current_hp_per_floor":[64,66,50,55,50,36,36,22,22,0,0],"gold":181,"neow_bonus":"RANDOM_COLORLESS","is_daily":false,"chose_seed":false,"campfire_upgraded":0,"win_rate":0.0,"timestamp":1614012916,"path_taken":["M","M","?","?","M","E","?","M","T","E"],"items_purchased_type":[],"build_version":"2020-12-22","purchased_purges":0,"victory":false,"max_hp_per_floor":[80,80,80,85,85,85,85,85,85,85,85],"relic_stats":{"counters":[6,26],"Charon\u0027s Ashes":[0],"obtain_stats":[{"Charon\u0027s Ashes":9,"Burning Blood":0,"InkBottle":6},{"Charon\u0027s Ashes":5,"Burning Blood":0,"InkBottle":4},{"Charon\u0027s Ashes":20,"Burning Blood":0,"InkBottle":14}],"Burning Blood":30,"InkBottle":[3]},"card_choices":[{"not_picked":["Impatience","Madness"],"picked":"Flash of Steel","floor":0},{"not_picked":["Ghostly Armor","Sword Boomerang"],"picked":"Uppercut","floor":1},{"not_picked":["Clash","Havoc"],"picked":"Dark Embrace","floor":2},{"not_picked":["True Grit","Clash"],"picked":"Bloodletting","floor":5},{"not_picked":["Clash","Sever Soul"],"picked":"Pommel Strike","floor":6},{"not_picked":["Burning Pact","Rampage"],"picked":"Cleave","floor":8}],"player_experience":907117,"relics_obtained":[{"floor":6,"key":"InkBottle"},{"floor":9,"key":"Charon\u0027s Ashes"}],"event_choices":[{"damage_healed":0,"gold_gain":0,"player_choice":"Entered Light","damage_taken":16,"max_hp_gain":0,"max_hp_loss":0,"event_name":"Shining Light","floor":3,"gold_loss":0,"cards_upgraded":["Defend_R","Strike_R"]},{"damage_healed":0,"gold_gain":0,"player_choice":"Donut","damage_taken":0,"max_hp_gain":5,"max_hp_loss":0,"event_name":"Big Fish","floor":4,"gold_loss":0},{"damage_healed":0,"gold_gain":0,"player_choice":"Grow","damage_taken":0,"max_hp_gain":0,"max_hp_loss":0,"event_name":"Living Wall","floor":7,"gold_loss":0,"cards_upgraded":["Bloodletting"]}],"is_beta":false,"boss_relics":[],"items_purged_floors":[],"is_endless":false,"potions_floor_spawned":[1,6],"killed_by":"Lagavulin","ascension_level":9}}