{"host":"e8rlfedn69rz2s07","time":1614021228,"event":{"mods":["AchievementEnabler","BaseMod","Minty Spire (QoL Compilation)","Permanent Neow","Relic Stats"],"gold_per_floor":[109,57,71,86,102,143,327,327,354,354,304,328,371,371,371,475,475,466,6,33,56,69,69,69,69,69],"floor_reached":25,"language":"ENG","playtime":1367,"items_purged":["Strike_G"],"score":259,"play_id":"7c5eedcb-534e-45f9-aaa5-3b94fdb3cd1a","local_time":"20210222211348","is_ascension_mode":true,"campfire_choices":[{"floor":10.0,"key":"REST"},{"floor":15.0,"key":"REST"},{"floor":24.0,"key":"REST"}],"circlet_count":0,"master_deck":["Strike_G","Strike_G","Strike_G","Strike_G","Defend_G+1","Defend_G","Defend_G","Defend_G","Defend_G","Survivor+1","Neutralize","Bullet Time","Acrobatics","Deadly Poison","Dagger Spray","Backflip","All Out Attack","After Image","Cloak And Dagger","Infinite Blades","Envenom","Blade Dance","After Image","Infinite Blades+1","Doppelganger"],"relics":["Ring of the Snake","CeramicFish","Strawberry","Omamori","Black Star","Kunai"],"acts_visited":["Exordium","TheCity"],"potions_floor_usage":[25],"damage_taken":[{"damage":0.0,"enemies":"Cultist","floor":1.0,"turns":3.0},{"damage":2.0,"enemies":"Jaw Worm","floor":3.0,"turns":4.0},{"damage":0.0,"enemies":"2 Louse","floor":4.0,"turns":1.0},{"damage":11.0,"enemies":"Large Slime","floor":5.0,"turns":7.0},{"damage":28.0,"enemies":"Lagavulin","floor":6.0,"turns":11.0},{"damage":5.0,"enemies":"Exordium Wildlife","floor":12.0,"turns":8.0},{"damage":13.0,"enemies":"Gremlin Nob","floor":13.0,"turns":5.0},{"damage":0.0,"enemies":"3 Louse","floor":14.0,"turns":1.0},{"damage":46.0,"enemies":"Slime Boss","floor":16.0,"turns":15.0},{"damage":23.0,"enemies":"2 Thieves","floor":18.0,"turns":4.0},{"damage":9.0,"enemies":"Chosen","floor":20.0,"turns":8.0},{"damage":8.0,"enemies":"Centurion and Healer","floor":21.0,"turns":6.0},{"damage":5.0,"enemies":"Shelled Parasite and Fungi","floor":22.0,"turns":12.0},{"damage":18.0,"enemies":"Book of Stabbing","floor":23.0,"turns":6.0},{"damage":37,"enemies":"Gremlin Leader","floor":25,"turns":4}],"seed_played":"2469909163449890779","potions_obtained":[{"floor":5.0,"key":"SpeedPotion"},{"floor":12.0,"key":"SmokeBomb"},{"floor":18.0,"key":"SmokeBomb"},{"floor":20.0,"key":"Dexterity Potion"}],"is_trial":false,"path_per_floor":["M","$","M","M","M","E","?","?","T","R","?","M","E","M","R","B",null,"M","$","M","M","M","E","R","E"],"character_chosen":"THE_SILENT","items_purchased":["Deadly Poison","Kunai","After Image"],"campfire_rested":3,"item_purchase_floors":[2,19,19],"current_hp_per_floor":[70,70,68,68,57,29,29,15,22,45,45,40,27,27,50,4,77,54,54,45,37,32,14,37,0,0],"gold":69,"neow_bonus":"ONE_RANDOM_RARE_CARD","is_daily":false,"chose_seed":false,"campfire_upgraded":0,"win_rate":0.0,"timestamp":1614021228,"path_taken":["M","?","M","M","M","E","?","?","T","R","?","M","E","?","R","BOSS","M","$","M","M","M","E","R","E"],"items_purchased_type":["Card","Relic","Card"],"build_version":"2020-12-22","purchased_purges":1,"victory":false,"max_hp_per_floor":[70,70,70,70,70,70,70,70,77,77,77,77,77,77,77,77,77,77,77,77,77,77,77,77,77,77],"relic_stats":{"counters":[15,95],"CeramicFish":81,"Black Star":1,"Kunai":[29],"obtain_stats":[{"CeramicFish":6,"Strawberry":9,"Omamori":13,"Black Star":17,"Kunai":19,"Ring of the Snake":0},{"CeramicFish":5,"Strawberry":5,"Omamori":7,"Black Star":9,"Kunai":10,"Ring of the Snake":0},{"CeramicFish":26,"Strawberry":26,"Omamori":39,"Black Star":55,"Kunai":59,"Ring of the Snake":0}],"Ring of the Snake":[30]},"card_choices":[{"not_picked":["Blade Dance","Bane"],"picked":"Acrobatics","floor":1.0},{"not_picked":["Prepared","Sucker Punch"],"picked":"Dagger Spray","floor":3.0},{"not_picked":["Dodge and Roll","Infinite Blades"],"picked":"Backflip","floor":4.0},{"not_picked":["Underhanded Strike","Masterful Stab"],"picked":"All Out Attack","floor":5.0},{"not_picked":["Deflect","PiercingWail"],"picked":"After Image","floor":6.0},{"not_picked":["Distraction","Sucker Punch"],"picked":"Cloak And Dagger","floor":12.0},{"not_picked":["Slice","Backstab"],"picked":"Infinite Blades","floor":13.0},{"not_picked":["Malaise","Storm of Steel"],"picked":"Envenom","floor":16.0},{"not_picked":["Quick Slash","Dodge and Roll"],"picked":"Blade Dance","floor":18.0},{"not_picked":["Acrobatics","PiercingWail"],"picked":"Infinite Blades+1","floor":20.0},{"not_picked":["Catalyst","Skewer+1"],"picked":"Doppelganger","floor":21.0},{"not_picked":["Catalyst","Prepared","Masterful Stab"],"picked":"SKIP","floor":22.0}],"player_experience":1109624,"relics_obtained":[{"floor":6.0,"key":"CeramicFish"},{"floor":9.0,"key":"Strawberry"},{"floor":13.0,"key":"Omamori"}],"event_choices":[{"damage_healed":0.0,"max_hp_gain":0.0,"max_hp_loss":0.0,"gold_gain":175.0,"event_name":"Liars Game","player_choice":"AGREE","floor":7.0,"gold_loss":0.0,"damage_taken":0.0,"cards_obtained":["Doubt"]},{"damage_healed":0.0,"max_hp_gain":0.0,"max_hp_loss":0.0,"gold_gain":0.0,"event_name":"Shining Light","player_choice":"Entered Light","floor":8.0,"gold_loss":0.0,"damage_taken":14.0,"cards_upgraded":["Defend_G","Survivor"]},{"cards_removed":["Doubt"],"damage_healed":0.0,"max_hp_gain":0.0,"max_hp_loss":0.0,"gold_gain":0.0,"event_name":"The Cleric","player_choice":"Card Removal","floor":11.0,"gold_loss":50.0,"damage_taken":0.0}],"is_beta":false,"boss_relics":[{"not_picked":["WristBlade","Calling Bell"],"picked":"Black Star"}],"items_purged_floors":[19],"is_endless":false,"potions_floor_spawned":[5,12,14,18,20],"killed_by":"Gremlin Leader","ascension_level":2}}