{"host":"f0gpob8hq9vgebej","time":1614000472,"event":{"mods":["AchievementEnabler","BaseMod","Minty Spire (QoL Compilation)","Quick Restart","SuperFastMode"],"gold_per_floor":[113,38,113,93,106,134,150,169,223,243,257,257,284,295,295,373,373,390,14,29,29,29],"floor_reached":21,"language":"KOR","playtime":542,"items_purged":["Strike_G","Strike_G"],"score":403,"play_id":"3f16c062-d243-48a8-bb90-a52da228c3fb","local_time":"20210222222752","is_ascension_mode":true,"campfire_choices":[{"data":"Envenom","floor":12,"key":"SMITH"},{"floor":15,"key":"REST"}],"circlet_count":0,"master_deck":["AscendersBane","Strike_G","Strike_G","Strike_G","Defend_G","Defend_G","Defend_G","Defend_G","Defend_G","Survivor","Neutralize","Poisoned Stab","Blade Dance","Dagger Throw","Backflip","Envenom+1","Deadly Poison","Blade Dance","Die Die Die","A Thousand Cuts","Cloak And Dagger"],"relics":["Ring of the Snake","NeowsBlessing","Mercury Hourglass","Vajra","Snake Skull","HoveringKite","White Beast Statue"],"acts_visited":["Exordium","TheCity"],"potions_floor_usage":[13,14,16,21],"damage_taken":[{"damage":0.0,"enemies":"Jaw Worm","floor":1.0,"turns":1.0},{"damage":0.0,"enemies":"Cultist","floor":5.0,"turns":1.0},{"damage":0.0,"enemies":"3 Sentries","floor":6.0,"turns":1.0},{"damage":0,"enemies":"Small Slimes","floor":7,"turns":3},{"damage":12,"enemies":"3 Louse","floor":8,"turns":3},{"damage":8,"enemies":"Exordium Thugs","floor":10,"turns":4},{"damage":1,"enemies":"Exordium Wildlife","floor":11,"turns":2},{"damage":17,"enemies":"Lagavulin","floor":13,"turns":4},{"damage":4,"enemies":"Gremlin Gang","floor":14,"turns":4},{"damage":4,"enemies":"Hexaghost","floor":16,"turns":7},{"damage":24,"enemies":"Chosen","floor":18,"turns":4},{"damage":25,"enemies":"Spheric Guardian","floor":20,"turns":4},{"damage":9,"enemies":"Shelled Parasite and Fungi","floor":21,"turns":2}],"seed_played":"-4840370201223573343","potions_obtained":[{"floor":4.0,"key":"DistilledChaos"},{"floor":7,"key":"Dexterity Potion"},{"floor":13,"key":"SpeedPotion"},{"floor":20,"key":"Swift Potion"}],"is_trial":false,"path_per_floor":["M","$","?","?","M","E","M","M","T","M","M","R","E","M","R","B",null,"M","$","M","M"],"character_chosen":"THE_SILENT","items_purchased":["White Beast Statue"],"campfire_rested":1,"item_purchase_floors":[19],"current_hp_per_floor":[59,59,48,48,48,48,48,36,36,28,27,27,10,6,25,21,55,31,31,6,0,0],"gold":29,"neow_bonus":"THREE_ENEMY_KILL","is_daily":false,"chose_seed":false,"campfire_upgraded":1,"win_rate":0.0,"timestamp":1614000472,"path_taken":["M","$","?","?","M","E","M","M","T","M","M","R","E","M","R","BOSS","M","$","M","M"],"items_purchased_type":["Relic"],"build_version":"2020-12-22","purchased_purges":2,"victory":false,"max_hp_per_floor":[66,66,66,66,66,66,66,66,66,66,66,66,66,66,66,66,66,66,66,66,66,66],"card_choices":[{"not_picked":["Deflect","Tactician"],"picked":"Poisoned Stab","floor":1.0},{"not_picked":["Cloak And Dagger","Dagger Throw"],"picked":"Blade Dance","floor":5.0},{"not_picked":["Flechettes","Bouncing Flask","Heel Hook"],"picked":"SKIP","floor":6.0},{"not_picked":["Quick Slash","Poisoned Stab"],"picked":"Dagger Throw","floor":7},{"not_picked":["Endless Agony","Deflect"],"picked":"Backflip","floor":8},{"not_picked":["Infinite Blades","Deadly Poison"],"picked":"Envenom","floor":10},{"not_picked":["Setup","Deadly Poison","Outmaneuver"],"picked":"SKIP","floor":11},{"not_picked":["Setup","Outmaneuver"],"picked":"Deadly Poison","floor":11},{"not_picked":["Terror","Finisher"],"picked":"Blade Dance","floor":13},{"not_picked":["Prepared","Poisoned Stab"],"picked":"Die Die Die","floor":14},{"not_picked":["Unload","Tools of the Trade"],"picked":"A Thousand Cuts","floor":16},{"not_picked":["Underhanded Strike","Slice","Bane"],"picked":"SKIP","floor":18},{"not_picked":["Concentrate","Poisoned Stab"],"picked":"Cloak And Dagger","floor":20}],"player_experience":394409,"relics_obtained":[{"floor":6.0,"key":"Mercury Hourglass"},{"floor":9,"key":"Vajra"},{"floor":13,"key":"Snake Skull"}],"event_choices":[{"damage_healed":0.0,"max_hp_gain":0.0,"max_hp_loss":0.0,"gold_gain":75.0,"event_name":"World of Goop","player_choice":"Gather Gold","floor":3.0,"gold_loss":0.0,"damage_taken":11.0},{"damage_healed":0.0,"max_hp_gain":0.0,"max_hp_loss":0.0,"gold_gain":0.0,"event_name":"The Woman in Blue","player_choice":"Bought 1 Potion","floor":4.0,"gold_loss":0.0,"damage_taken":0.0}],"is_beta":false,"boss_relics":[{"not_picked":["SlaversCollar","Black Star"],"picked":"HoveringKite"}],"items_purged_floors":[2,19],"is_endless":false,"potions_floor_spawned":[7,11,13,20],"killed_by":"Shelled Parasite and Fungi","ascension_level":17}}