{"host":"9poy283te0bas84o","time":1614014711,"event":{"mods":["BaseMod","Downfall","GifTheSpireLib","HexUI Lib","Hubris","Infinite Spire","Minty Spire (QoL Compilation)","Replay The Spire","StSLib","The Disciple"],"gold_per_floor":[110,122,134,134,151,179,179,213,213,240,252,262,262,262],"floor_reached":13,"language":"ENG","playtime":1214,"items_purged":[],"score":118,"play_id":"31b4766a-ad32-480b-9a5a-cf354f3b8854","local_time":"20210222122511","is_ascension_mode":true,"campfire_choices":[{"floor":7,"key":"REST"}],"circlet_count":0,"master_deck":["Strike_Br","Strike_Br","Strike_Br","Strike_Br","Defend_Br","Defend_Br","Defend_Br","Defend_Br","SecondHand","PatternShift","Keepsakes","LockedScales","Backlash","Goo","OracleForm","HandsUpC","LockedScales","LockedScales","Parity"],"relics":["Chronometer","NeowsBlessing","IceCream?","Orichalcum","Omamori","infinitespire:EmpoweringShard","Pet Ghost"],"acts_visited":["Exordium"],"potions_floor_usage":[8,11,13],"damage_taken":[{"damage":0,"enemies":"2 Louse","floor":1,"turns":1},{"damage":0,"enemies":"Jaw Worm","floor":2,"turns":1},{"damage":0,"enemies":"infinitespire:Voidling","floor":3,"turns":1},{"damage":36,"enemies":"Large Slime","floor":5,"turns":9},{"damage":6,"enemies":"Lagavulin","floor":6,"turns":7},{"damage":5,"enemies":"Replay:BlueRogue","floor":8,"turns":5},{"damage":10,"enemies":"Lagavulin","floor":10,"turns":6},{"damage":8,"enemies":"Lots of Slimes","floor":11,"turns":3},{"damage":1,"enemies":"Looter","floor":12,"turns":4},{"damage":17,"enemies":"3 Sentries","floor":13,"turns":7}],"seed_played":"2966092601825166233","potions_obtained":[{"floor":2,"key":"BlessingOfTheForge"},{"floor":6,"key":"LiquidBronze"},{"floor":8,"key":"SteroidPotion"},{"floor":10,"key":"FearPotion"}],"is_trial":false,"path_per_floor":["M","M","M","?","M","E","R","E","T","E","M","M","E"],"character_chosen":"CHRONO_CLASS","items_purchased":[],"campfire_rested":1,"item_purchase_floors":[],"current_hp_per_floor":[65,65,65,65,29,23,42,37,37,27,19,18,1,1],"gold":262,"neow_bonus":"THREE_ENEMY_KILL","is_daily":false,"chose_seed":false,"campfire_upgraded":0,"win_rate":0.0,"timestamp":1614014711,"path_taken":["M","M","M","?","M","E","R","E","T","E","M","M","E"],"items_purchased_type":[],"build_version":"2020-12-22","purchased_purges":0,"victory":false,"max_hp_per_floor":[65,65,65,65,65,65,65,65,65,65,65,65,65,65],"card_choices":[{"not_picked":["BiteCommand","LockedThread"],"picked":"Keepsakes","floor":1},{"not_picked":["PrimeTime","LockedBlood"],"picked":"LockedScales","floor":2},{"not_picked":["ExoVibe","FormalWear"],"picked":"Backlash","floor":3},{"not_picked":["ExoVibe","Recurrance"],"picked":"Goo","floor":5},{"not_picked":["WindUp","CrunchTime"],"picked":"OracleForm","floor":6},{"not_picked":["FormalWear","Flay"],"picked":"HandsUpC","floor":8},{"not_picked":["ExoVibe","PrimeTime"],"picked":"LockedScales","floor":10},{"not_picked":["Tempo","WatchCommand"],"picked":"LockedScales","floor":11},{"not_picked":["LockedWarPaint","HandsUpB"],"picked":"Parity","floor":12}],"player_experience":873657,"relics_obtained":[{"floor":6,"key":"Orichalcum"},{"floor":8,"key":"Omamori"},{"floor":9,"key":"infinitespire:EmpoweringShard"},{"floor":10,"key":"Pet Ghost"}],"event_choices":[],"is_beta":false,"boss_relics":[],"items_purged_floors":[],"is_endless":false,"potions_floor_spawned":[2,6,8,10],"killed_by":"3 Sentries","ascension_level":2}}