{"host":"x8s7139x96bc3le0","time":1614033777,"event":{"mods":["AchievementEnabler","BaseMod","Bestiary","Minty Spire (QoL Compilation)","Relic Stats","ojb\u0027s Better Paths Mod","ojb\u0027s Info Mod"],"gold_per_floor":[119,119,119,40,115,140,150,181,232,243,258,268,298,298,298,396,396,420,45,68,93,131,131,164,164,217,252,6,6,41,51,51,126,126,146,159,159,179,231,261,261,277,277,309,331,343,388,426,438,450,462,474,24,53,53,53],"floor_reached":55,"language":"ENG","playtime":5675,"items_purged":["Strike_G","Strike_G","Strike_G"],"score":1445,"play_id":"22570b28-64ea-4127-a403-37f658610050","local_time":"20210222234257","is_ascension_mode":true,"campfire_choices":[{"data":"Terror","floor":15.0,"key":"SMITH"},{"floor":23.0,"key":"REST"},{"floor":25.0,"key":"RECALL"},{"floor":32.0,"key":"REST"},{"floor":41.0,"key":"REST"},{"floor":46.0,"key":"REST"},{"floor":49.0,"key":"REST"},{"floor":52.0,"key":"REST"}],"circlet_count":0,"master_deck":["AscendersBane","Strike_G","Defend_G","Defend_G","Defend_G","Defend_G","Defend_G","Survivor","Neutralize","Dagger Spray","Backflip","Predator","Endless Agony","Quick Slash","Terror+1","Dagger Throw","Venomology","Escape Plan+1","Leg Sweep","Doppelganger","PiercingWail","After Image","Quick Slash+1","Blade Dance","Well Laid Plans+1","Caltrops+1","Phantasmal Killer","After Image","Accuracy","Escape Plan"],"relics":["Ring of the Snake","NeowsBlessing","Happy Flower","Blood Vial","Dead Branch","Centennial Puzzle","Omamori","Bloody Idol","Fusion Hammer","PreservedInsect","Regal Pillow","Red Mask","Nunchaku","Smiling Mask","Bronze Scales","Bag of Preparation","SlaversCollar","Incense Burner","The Courier","MawBank","TungstenRod","Oddly Smooth Stone","Tough Bandages","DollysMirror","Bottled Flame"],"acts_visited":["Exordium","TheCity","TheBeyond","TheEnding"],"potions_floor_usage":[54,55,55,55],"damage_taken":[{"damage":0.0,"enemies":"Small Slimes","floor":1.0,"turns":1.0},{"damage":0.0,"enemies":"Lagavulin","floor":6.0,"turns":1.0},{"damage":0.0,"enemies":"Jaw Worm","floor":7.0,"turns":1.0},{"damage":15.0,"enemies":"Gremlin Nob","floor":8.0,"turns":4.0},{"damage":0.0,"enemies":"2 Louse","floor":10.0,"turns":1.0},{"damage":0.0,"enemies":"Exordium Wildlife","floor":11.0,"turns":2.0},{"damage":1.0,"enemies":"Looter","floor":12.0,"turns":2.0},{"damage":10.0,"enemies":"Lagavulin","floor":13.0,"turns":5.0},{"damage":37.0,"enemies":"The Guardian","floor":16.0,"turns":14.0},{"damage":0.0,"enemies":"3 Byrds","floor":18.0,"turns":3.0},{"damage":0.0,"enemies":"Spheric Guardian","floor":20.0,"turns":2.0},{"damage":4.0,"enemies":"Centurion and Healer","floor":21.0,"turns":5.0},{"damage":7.0,"enemies":"Masked Bandits","floor":22.0,"turns":3.0},{"damage":5.0,"enemies":"Slavers","floor":24.0,"turns":4.0},{"damage":0.0,"enemies":"Book of Stabbing","floor":27.0,"turns":5.0},{"damage":3.0,"enemies":"Slavers","floor":30.0,"turns":4.0},{"damage":2.0,"enemies":"Sentry and Sphere","floor":31.0,"turns":3.0},{"damage":16.0,"enemies":"Collector","floor":33.0,"turns":9.0},{"damage":1.0,"enemies":"3 Shapes","floor":35.0,"turns":5.0},{"damage":0.0,"enemies":"Orb Walker","floor":36.0,"turns":2.0},{"damage":0.0,"enemies":"Spire Growth","floor":38.0,"turns":5.0},{"damage":41.0,"enemies":"2 Orb Walkers","floor":39.0,"turns":6.0},{"damage":21.0,"enemies":"Reptomancer","floor":40.0,"turns":6.0},{"damage":5.0,"enemies":"Maw","floor":42.0,"turns":8.0},{"damage":2.0,"enemies":"4 Shapes","floor":44.0,"turns":8.0},{"damage":11.0,"enemies":"Transient","floor":45.0,"turns":5.0},{"damage":0.0,"enemies":"Giant Head","floor":47.0,"turns":4.0},{"damage":16.0,"enemies":"Time Eater","floor":50.0,"turns":8.0},{"damage":6,"enemies":"Shield and Spear","floor":54,"turns":8},{"damage":96,"enemies":"The Heart","floor":55,"turns":9}],"seed_played":"4508452678316882297","potions_obtained":[{"floor":7.0,"key":"Regen Potion"},{"floor":8.0,"key":"Explosive Potion"},{"floor":16.0,"key":"CunningPotion"},{"floor":30.0,"key":"SteroidPotion"},{"floor":33.0,"key":"Block Potion"},{"floor":42.0,"key":"Energy Potion"},{"floor":45.0,"key":"Regen Potion"},{"floor":54,"key":"ColorlessPotion"}],"is_trial":false,"path_per_floor":["M","?","?","$","?","E","M","E","T","M","M","M","E","?","R","B",null,"M","$","M","M","?","R","E","R","T","E","$","?","E","M","R","B",null,"M","M","?","M","?","E","R","M","T","M","M","R","E","T","R","B",null,"R","$","E","B"],"character_chosen":"THE_SILENT","items_purchased":["Predator","PreservedInsect","Regal Pillow","Bronze Scales","PiercingWail","Tough Bandages","DollysMirror","Accuracy"],"campfire_rested":6,"item_purchase_floors":[4,19,19,28,28,53,53,53],"current_hp_per_floor":[63,60,60,60,49,49,51,38,38,40,42,43,49,49,49,14,52,54,54,56,54,49,65,60,60,60,62,62,62,65,65,65,54,62,65,65,65,65,29,15,49,51,51,61,59,65,65,65,65,61,65,65,65,64,0,0],"gold":53,"neow_bonus":"THREE_ENEMY_KILL","is_daily":false,"chose_seed":false,"campfire_upgraded":1,"win_rate":0.0,"timestamp":1614033777,"path_taken":["M","?","?","?","?","E","M","E","T","M","M","M","E","?","R","BOSS","M","$","M","M","?","R","E","R","T","E","$","?","E","M","R","BOSS","M","M","?","M","?","E","R","M","T","M","M","R","E","?","R","BOSS","R","$","E","BOSS"],"items_purchased_type":["Card","Relic","Relic","Relic","Card","Relic","Relic","Card"],"build_version":"2020-12-22","purchased_purges":3,"victory":false,"max_hp_per_floor":[70,70,70,70,70,70,70,70,70,70,70,70,70,65,65,65,65,65,65,65,65,65,65,65,65,65,65,65,65,65,65,65,65,65,65,65,65,65,65,65,65,65,65,65,65,65,65,65,65,65,65,65,65,65,65,65],"relic_stats":{"Regal Pillow":15,"Happy Flower":[47],"counters":[30,143],"Dead Branch":[234],"PreservedInsect":395,"Bag of Preparation":[30],"Smiling Mask":100,"MawBank":120,"Blood Vial":35,"Centennial Puzzle":[56],"Nunchaku":[30],"Tough Bandages":[36],"Bloody Idol":61,"Bronze Scales":[376],"obtain_stats":[{"Regal Pillow":19,"Bag of Preparation":30,"Incense Burner":39,"Smiling Mask":27,"Blood Vial":6,"Centennial Puzzle":9,"Nunchaku":24,"Tough Bandages":53,"DollysMirror":53,"Fusion Hammer":17,"Red Mask":22,"Ring of the Snake":0,"NeowsBlessing":0,"Happy Flower":2,"Golden Idol":14,"Dead Branch":8,"Oddly Smooth Stone":48,"PreservedInsect":19,"The Courier":40,"Omamori":13,"MawBank":43,"SlaversCollar":34,"Bottled Flame":54,"Bronze Scales":28,"Bloody Idol":29,"TungstenRod":47},{"Regal Pillow":10,"Bag of Preparation":16,"Incense Burner":22,"Smiling Mask":15,"Blood Vial":2,"Centennial Puzzle":4,"Nunchaku":14,"Tough Bandages":28,"DollysMirror":28,"Fusion Hammer":9,"Red Mask":13,"Ring of the Snake":0,"NeowsBlessing":0,"Happy Flower":1,"Golden Idol":8,"Dead Branch":4,"Oddly Smooth Stone":27,"PreservedInsect":10,"The Courier":23,"Omamori":8,"MawBank":24,"SlaversCollar":18,"Bottled Flame":29,"Bronze Scales":15,"Bloody Idol":15,"TungstenRod":27},{"Regal Pillow":34,"Bag of Preparation":57,"Incense Burner":87,"Smiling Mask":53,"Blood Vial":2,"Centennial Puzzle":7,"Nunchaku":48,"Tough Bandages":126,"DollysMirror":126,"Fusion Hammer":31,"Red Mask":44,"Ring of the Snake":0,"NeowsBlessing":0,"Happy Flower":1,"Golden Idol":17,"Dead Branch":7,"Oddly Smooth Stone":118,"PreservedInsect":34,"The Courier":93,"Omamori":17,"MawBank":101,"SlaversCollar":69,"Bottled Flame":134,"Bronze Scales":53,"Bloody Idol":53,"TungstenRod":118}],"TungstenRod":30,"Ring of the Snake":[60]},"card_choices":[{"not_picked":["Prepared","Dagger Throw"],"picked":"Dagger Spray","floor":1.0},{"not_picked":["Slice","Deadly Poison"],"picked":"Endless Agony","floor":6.0},{"not_picked":["PiercingWail","Outmaneuver"],"picked":"Quick Slash","floor":7.0},{"not_picked":["Outmaneuver","Caltrops"],"picked":"Terror","floor":8.0},{"not_picked":["Flying Knee","Outmaneuver"],"picked":"Dagger Throw","floor":10.0},{"not_picked":["Acrobatics","Well Laid Plans","Predator"],"picked":"SKIP","floor":11.0},{"not_picked":["Terror","Noxious Fumes","Dagger Spray"],"picked":"SKIP","floor":12.0},{"not_picked":["Setup","Bane","Deflect"],"picked":"SKIP","floor":13.0},{"not_picked":["Phantasmal Killer","Malaise"],"picked":"Venomology","floor":16.0},{"not_picked":["Bane","Dodge and Roll"],"picked":"Escape Plan+1","floor":18.0},{"not_picked":["Dodge and Roll","Slice","Dagger Throw"],"picked":"SKIP","floor":20.0},{"not_picked":["Escape Plan","Slice","Deadly Poison"],"picked":"SKIP","floor":21.0},{"not_picked":["Skewer","Slice"],"picked":"Leg Sweep","floor":22.0},{"not_picked":["PiercingWail","Eviscerate","Setup+1"],"picked":"SKIP","floor":24.0},{"not_picked":["Glass Knife","Dodge and Roll"],"picked":"Doppelganger","floor":27.0},{"not_picked":["Heel Hook","Dagger Throw","Terror"],"picked":"SKIP","floor":30.0},{"not_picked":["Blur","Prepared","PiercingWail"],"picked":"SKIP","floor":31.0},{"not_picked":["Corpse Explosion","Burst"],"picked":"After Image","floor":33.0},{"not_picked":["Setup","Poisoned Stab"],"picked":"Quick Slash+1","floor":35.0},{"not_picked":["Predator","Bane+1"],"picked":"Cloak And Dagger+1","floor":36.0},{"not_picked":["Setup","Dagger Spray"],"picked":"Blade Dance","floor":38.0},{"not_picked":["Blade Dance","Backflip+1"],"picked":"Well Laid Plans+1","floor":40.0},{"not_picked":["Bane","Deflect","Unload"],"picked":"SKIP","floor":42.0},{"not_picked":["Backflip","Well Laid Plans"],"picked":"Caltrops+1","floor":44.0},{"not_picked":["Dagger Throw","Poisoned Stab","Sucker Punch"],"picked":"SKIP","floor":45.0},{"not_picked":["Backstab","Eviscerate"],"picked":"Phantasmal Killer","floor":47.0},{"not_picked":["Blur","Setup"],"picked":"Escape Plan","floor":54}],"player_experience":878259,"relics_obtained":[{"floor":6.0,"key":"Blood Vial"},{"floor":8.0,"key":"Dead Branch"},{"floor":9.0,"key":"Centennial Puzzle"},{"floor":13.0,"key":"Omamori"},{"floor":22.0,"key":"Red Mask"},{"floor":24.0,"key":"Nunchaku"},{"floor":27.0,"key":"Smiling Mask"},{"floor":30.0,"key":"Bag of Preparation"},{"floor":39.0,"key":"Incense Burner"},{"floor":40.0,"key":"The Courier"},{"floor":43.0,"key":"MawBank"},{"floor":47.0,"key":"TungstenRod"},{"floor":48.0,"key":"Oddly Smooth Stone"},{"floor":54,"key":"Bottled Flame"}],"event_choices":[{"damage_healed":0.0,"max_hp_gain":0.0,"max_hp_loss":0.0,"gold_gain":0.0,"event_name":"Scrap Ooze","player_choice":"Success","floor":2.0,"gold_loss":0.0,"damage_taken":3.0,"relics_obtained":["Happy Flower"]},{"damage_healed":0.0,"max_hp_gain":0.0,"max_hp_loss":0.0,"gold_gain":0.0,"cards_transformed":["Strike_G"],"event_name":"Living Wall","player_choice":"Change","floor":3.0,"gold_loss":0.0,"damage_taken":0.0,"cards_obtained":["Backflip"]},{"damage_healed":0.0,"max_hp_gain":0.0,"max_hp_loss":0.0,"gold_gain":75.0,"event_name":"World of Goop","player_choice":"Gather Gold","floor":5.0,"gold_loss":0.0,"damage_taken":11.0},{"damage_healed":0.0,"max_hp_gain":0.0,"max_hp_loss":5.0,"gold_gain":0.0,"event_name":"Golden Idol","player_choice":"Lose Max HP","floor":14.0,"gold_loss":0.0,"damage_taken":0.0,"relics_obtained":["Golden Idol"]},{"damage_healed":0.0,"max_hp_gain":0.0,"max_hp_loss":0.0,"gold_gain":0.0,"event_name":"Masked Bandits","player_choice":"Fought Bandits","floor":22.0,"gold_loss":0.0,"damage_taken":0.0},{"damage_healed":0.0,"max_hp_gain":0.0,"max_hp_loss":0.0,"gold_gain":0.0,"event_name":"Forgotten Altar","player_choice":"Gave Idol","floor":29.0,"relics_lost":["Golden Idol"],"gold_loss":0.0,"damage_taken":0.0,"relics_obtained":["Bloody Idol"]},{"cards_removed":["Cloak And Dagger"],"damage_healed":0.0,"max_hp_gain":0.0,"max_hp_loss":0.0,"gold_gain":0.0,"event_name":"Falling","player_choice":"Removed Skill","floor":37.0,"gold_loss":0.0,"damage_taken":0.0},{"damage_healed":0.0,"max_hp_gain":0.0,"max_hp_loss":0.0,"gold_gain":0.0,"event_name":"Mysterious Sphere","player_choice":"Fight","floor":39.0,"gold_loss":0.0,"damage_taken":0.0}],"is_beta":false,"boss_relics":[{"not_picked":["Tiny House","Sozu"],"picked":"Fusion Hammer"},{"not_picked":["Philosopher\u0027s Stone","Pandora\u0027s Box"],"picked":"SlaversCollar"}],"items_purged_floors":[19,28,53],"is_endless":false,"potions_floor_spawned":[7,8,11,12,16,18,22,30,33,35,36,42,44,45,47,54],"killed_by":"The Heart","ascension_level":13}}