{"host":"f8toxsj3bk02pkeu","time":1614011250,"event":{"mods":["BaseMod","Minty Spire (QoL Compilation)","Permanent Neow","Quick Restart","StSLib","SuperFastMode"],"gold_per_floor":[14,29,48,62,79,111,111,123,123,143,143,159,1,17,17,92,92,103,122,137,137,162,162,188,188,188,188,188],"floor_reached":27,"language":"ENG","playtime":1054,"items_purged":[],"score":478,"play_id":"10657019-cfd4-4e2a-b1d9-6c7ebccffced","local_time":"20210222092730","is_ascension_mode":true,"campfire_choices":[{"data":"Footwork","floor":7,"key":"SMITH"},{"floor":11,"key":"REST"},{"data":"Noxious Fumes","floor":15,"key":"SMITH"},{"floor":23,"key":"REST"}],"circlet_count":0,"master_deck":["AscendersBane","Strike_G","Strike_G","Strike_G","Strike_G","Strike_G","Defend_G","Defend_G","Defend_G","Defend_G","Defend_G","Survivor","Neutralize","Footwork+1","Backflip","Cloak And Dagger","Blur","Escape Plan","Poisoned Stab","Deflect","Noxious Fumes+1","Adrenaline","Cloak And Dagger","Deadly Poison","Prepared+1","Blur","Necronomicurse"],"relics":["Ring of the Snake","Snake Skull","Letter Opener","Bag of Marbles","Sozu","Red Mask","Bird Faced Urn","Necronomicon","Singing Bowl"],"acts_visited":["Exordium","TheCity"],"potions_floor_usage":[6,10,22],"damage_taken":[{"damage":1,"enemies":"Cultist","floor":1,"turns":4},{"damage":0,"enemies":"Small Slimes","floor":2,"turns":6},{"damage":0,"enemies":"2 Louse","floor":3,"turns":4},{"damage":7,"enemies":"Looter","floor":4,"turns":5},{"damage":0,"enemies":"2 Fungi Beasts","floor":5,"turns":5},{"damage":28,"enemies":"3 Sentries","floor":6,"turns":18},{"damage":26,"enemies":"Exordium Thugs","floor":8,"turns":10},{"damage":0,"enemies":"Lots of Slimes","floor":10,"turns":2},{"damage":0,"enemies":"Blue Slaver","floor":12,"turns":5},{"damage":0,"enemies":"3 Louse","floor":14,"turns":3},{"damage":15,"enemies":"The Guardian","floor":16,"turns":10},{"damage":2,"enemies":"Shell Parasite","floor":18,"turns":6},{"damage":10,"enemies":"Spheric Guardian","floor":19,"turns":5},{"damage":15,"enemies":"3 Cultists","floor":20,"turns":6},{"damage":20,"enemies":"Masked Bandits","floor":22,"turns":5},{"damage":12,"enemies":"Gremlin Leader","floor":24,"turns":9},{"damage":10,"enemies":"Shelled Parasite and Fungi","floor":27,"turns":3}],"seed_played":"3106804142082256660","potions_obtained":[{"floor":4,"key":"Swift Potion"},{"floor":6,"key":"GhostInAJar"},{"floor":8,"key":"PowerPotion"},{"floor":12,"key":"Ancient Potion"},{"floor":16,"key":"Dexterity Potion"}],"is_trial":false,"path_per_floor":["M","M","M","M","M","E","R","M","T","M","R","M","$","M","R","B",null,"M","M","M","?","?","R","E","?","T","M"],"character_chosen":"THE_SILENT","items_purchased":["Bag of Marbles"],"campfire_rested":2,"item_purchase_floors":[13],"current_hp_per_floor":[70,70,70,63,63,35,35,9,9,9,32,32,32,32,32,17,63,61,51,36,36,16,39,27,6,6,0,0],"gold":188,"neow_bonus":"TWENTY_PERCENT_HP_BONUS","is_daily":false,"chose_seed":false,"campfire_upgraded":2,"win_rate":0.0,"timestamp":1614011250,"path_taken":["M","M","M","?","M","E","R","M","T","M","R","M","$","M","R","BOSS","M","M","M","?","?","R","E","?","T","M"],"items_purchased_type":["Relic"],"build_version":"2020-12-22","purchased_purges":0,"victory":false,"max_hp_per_floor":[78,78,78,78,78,78,78,78,78,78,78,78,78,78,78,78,78,78,78,78,78,78,78,78,78,78,78,78],"card_choices":[{"not_picked":["Prepared","Deflect"],"picked":"Footwork","floor":1},{"not_picked":["Accuracy","Dagger Throw"],"picked":"Backflip","floor":2},{"not_picked":["Blade Dance","Acrobatics"],"picked":"Cloak And Dagger","floor":3},{"not_picked":["Prepared","Wraith Form v2","Poisoned Stab"],"picked":"SKIP","floor":4},{"not_picked":["Choke","Distraction"],"picked":"Blur","floor":5},{"not_picked":["Dagger Spray","Endless Agony"],"picked":"Escape Plan","floor":6},{"not_picked":["Quick Slash","Prepared"],"picked":"Poisoned Stab","floor":8},{"not_picked":["Dodge and Roll","A Thousand Cuts"],"picked":"Deflect","floor":10},{"not_picked":["Sucker Punch","Cloak And Dagger"],"picked":"Noxious Fumes","floor":12},{"not_picked":["Riddle With Holes","PiercingWail","Distraction"],"picked":"SKIP","floor":14},{"not_picked":["Unload","Corpse Explosion"],"picked":"Adrenaline","floor":16},{"not_picked":["Caltrops","Concentrate"],"picked":"Cloak And Dagger","floor":18},{"not_picked":["Blade Dance","Riddle With Holes"],"picked":"Deadly Poison","floor":19},{"not_picked":["Quick Slash","Dodge and Roll"],"picked":"Prepared+1","floor":20},{"not_picked":["Poisoned Stab","Dash"],"picked":"Blur","floor":22},{"not_picked":["All Out Attack","Deflect","Finisher"],"picked":"SKIP","floor":24}],"player_experience":694769,"relics_obtained":[{"floor":6,"key":"Snake Skull"},{"floor":9,"key":"Letter Opener"},{"floor":22,"key":"Red Mask"},{"floor":24,"key":"Bird Faced Urn"},{"floor":25,"key":"Necronomicon"},{"floor":26,"key":"Singing Bowl"}],"event_choices":[{"damage_healed":0,"gold_gain":0,"player_choice":"Ignored","damage_taken":0,"max_hp_gain":0,"max_hp_loss":0,"event_name":"Vampires","floor":21,"gold_loss":0},{"damage_healed":0,"gold_gain":0,"player_choice":"Fought Bandits","damage_taken":0,"max_hp_gain":0,"max_hp_loss":0,"event_name":"Masked Bandits","floor":22,"gold_loss":0},{"damage_healed":0,"gold_gain":0,"player_choice":"Obtained Book","damage_taken":21,"max_hp_gain":0,"max_hp_loss":0,"event_name":"Cursed Tome","floor":25,"gold_loss":0}],"is_beta":false,"boss_relics":[{"not_picked":["HoveringKite","Pandora\u0027s Box"],"picked":"Sozu"}],"items_purged_floors":[],"is_endless":false,"potions_floor_spawned":[4,6,8,12,16,20,22,24],"killed_by":"Shelled Parasite and Fungi","ascension_level":20}}