{"host":"gzz35fplm60aw28t","time":1614017499,"event":{"mods":["AchievementEnabler","BaseMod","Colored Powertips","DeckTracker","Minty Spire (QoL Compilation)","SuperFastMode"],"gold_per_floor":[119,137,137,153,171,171,181,181,181,193,228,240,265,277,277],"floor_reached":14,"language":"ENG","playtime":519,"items_purged":[],"score":94,"play_id":"f9787e44-2375-4fb7-b919-a6c253049089","local_time":"20210222191139","is_ascension_mode":false,"campfire_choices":[{"data":"Genetic Algorithm","floor":6.0,"key":"SMITH"},{"data":"Zap","floor":8.0,"key":"SMITH"}],"circlet_count":0,"master_deck":["Strike_B","Strike_B","Strike_B","Strike_B","Defend_B","Defend_B","Defend_B","Defend_B","Zap+1","Dualcast","FTL","Sweeping Beam","Double Energy","Genetic Algorithm+1","Auto Shields","Creative AI","Aggregate"],"relics":["Cracked Core","NeowsBlessing","Dream Catcher","MawBank"],"acts_visited":["Exordium"],"potions_floor_usage":[14],"damage_taken":[{"damage":0.0,"enemies":"Small Slimes","floor":1.0,"turns":1.0},{"damage":0.0,"enemies":"Cultist","floor":2.0,"turns":1.0},{"damage":0.0,"enemies":"Jaw Worm","floor":4.0,"turns":1.0},{"damage":12.0,"enemies":"Exordium Wildlife","floor":5.0,"turns":4.0},{"damage":5.0,"enemies":"3 Louse","floor":7.0,"turns":3.0},{"damage":2.0,"enemies":"2 Fungi Beasts","floor":10.0,"turns":3.0},{"damage":27.0,"enemies":"3 Sentries","floor":11.0,"turns":5.0},{"damage":0.0,"enemies":"Looter","floor":13.0,"turns":4.0},{"damage":61,"enemies":"Gremlin Nob","floor":14,"turns":4}],"seed_played":"2293773904306667069","potions_obtained":[{"floor":1.0,"key":"SpeedPotion"},{"floor":2.0,"key":"SmokeBomb"},{"floor":5.0,"key":"SpeedPotion"}],"is_trial":false,"path_per_floor":["M","M","?","M","M","R","M","R","T","M","E","$","M","E"],"character_chosen":"DEFECT","items_purchased":[],"campfire_rested":0,"item_purchase_floors":[],"current_hp_per_floor":[75,75,75,75,63,63,58,58,58,56,29,29,29,0,0],"gold":277,"neow_bonus":"THREE_ENEMY_KILL","is_daily":false,"chose_seed":false,"campfire_upgraded":2,"win_rate":0.0,"timestamp":1614017499,"path_taken":["M","M","?","M","M","R","?","R","T","M","E","$","M","E"],"items_purchased_type":[],"build_version":"2020-12-22","purchased_purges":0,"victory":false,"max_hp_per_floor":[75,75,75,75,75,75,75,75,75,75,75,75,75,75,75],"card_choices":[{"not_picked":["Blizzard","Go for the Eyes"],"picked":"FTL","floor":1.0},{"not_picked":["Beam Cell","Gash"],"picked":"Sweeping Beam","floor":2.0},{"not_picked":["Compile Driver","Static Discharge"],"picked":"Double Energy","floor":4.0},{"not_picked":["Beam Cell","Streamline"],"picked":"Genetic Algorithm","floor":5.0},{"not_picked":["FTL","Sweeping Beam"],"picked":"Auto Shields","floor":7.0},{"not_picked":["Cold Snap","Hologram"],"picked":"Creative AI","floor":10.0},{"not_picked":["Redo","Stack"],"picked":"Aggregate","floor":11.0},{"not_picked":["Reprogram","Redo","Auto Shields"],"picked":"SKIP","floor":13.0}],"player_experience":48608,"relics_obtained":[{"floor":9.0,"key":"Dream Catcher"},{"floor":11.0,"key":"MawBank"}],"event_choices":[{"damage_healed":0.0,"max_hp_gain":0.0,"max_hp_loss":0.0,"gold_gain":0.0,"event_name":"NoteForYourself","player_choice":"Ignored","floor":3.0,"gold_loss":0.0,"damage_taken":0.0}],"is_beta":false,"boss_relics":[],"items_purged_floors":[],"is_endless":false,"potions_floor_spawned":[1,2,5],"killed_by":"Gremlin Nob","ascension_level":0}}