{"host":"x3tdtn2vw0frar62","time":1614023150,"event":{"mods":["100% Spire Juice","Aspiration","BaseMod","Better Note","Better Sensory Stone","Better Third Choice","BetterRewards","CatGirl Mod","Hermit","Hubris","LagranYue(???·?)","Marisa????????","Minty Spire (QoL Compilation)","Morshu Shopkeeper","Morshu Shopkeeper - ENHANCED","Practice Mode","Railgun Mod","Relic Stats","Reliquary","Remilia??????","Replay The Spire","Robot Space Explorer","Shade Mod","Shop Mod","Spicy Shops","Spire Arcade","StSLib","The Cursed","The Dragon Tamer","The Marked","The Runesmith","The Sage","The Senshi","The Servant 0.9.4"],"gold_per_floor":[113,113,130,130,61,86,105,105,105,105,121,121,141,156,156,254,254,266,67,67,81,81,81,107,107,131,131,131,148,160,180,180,277,277,296,69,122,122,14,14,30,30,30,30,30,30,42,52,52,52,52,52,11,40,40],"floor_reached":56,"language":"ENG","playtime":5719,"items_purged":["DTMod:TargetDefense+1"],"score":1289,"play_id":"2c7e45e7-1db6-4041-9682-a42ee85a3108","local_time":"20210222144549","is_ascension_mode":false,"metric_token":2195,"campfire_choices":[{"data":"DTMod:CrossStep","floor":10,"key":"SMITH"},{"data":"DTMod:DoubleHit","floor":15,"key":"SMITH"},{"data":"DTMod:RunningTactic","floor":23,"key":"SMITH"},{"data":"Impatience","floor":25,"key":"SMITH"},{"floor":28,"key":"REST"},{"data":"DTMod:StarRain","floor":32,"key":"SMITH"},{"data":"DTMod:QuickFly","floor":40,"key":"SMITH"},{"floor":42,"key":"REST"},{"floor":46,"key":"RECALL"},{"floor":49,"key":"REST"},{"data":"DTMod:ExcessFootwork","floor":52,"key":"SMITH"}],"dtmod_dragon_data":[30,64,0,0,0,0],"circlet_count":0,"master_deck":["DTMod:Strike","DTMod:Strike","DTMod:DoubleHit+1","DTMod:TargetDefense+1","DTMod:TargetDefense+1","DTMod:SwitchingTactic+1","DTMod:Training+1","DTMod:CrossStep+1","DTMod:Training+1","DTMod:EchoTactic+1","DTMod:ExcessFootwork+1","Impatience+1","DTMod:RunningTactic+1","DTMod:QuickFly+1","DTMod:StarRain+1","DTMod:Conduct+1","DTMod:HeadStart"],"relics":["DTMod:PactStone","NeowsBlessing","ReplayTheSpireMod:TigerMarble","reliquary:IridiumChain","Spirit Poop","Replay:Drink Me","aspiration:AnachronicSnailShell","Replay:Baseball","Nloth\u0027s Gift","sagemod:Falmels_Amulet","Blood Vial","DTMod:SwitchButton","CatCart","aspiration:HiddenCompartment","War Paint","HandDrill","Replay:Towering Pillar of Hats"],"acts_visited":["Exordium","TheCity","TheBeyond","TheEnding"],"potions_floor_usage":[16,16,37,37,48,53,54,54,55],"damage_taken":[{"damage":0,"enemies":"2 Louse","floor":1,"turns":1},{"damage":0,"enemies":"Small Slimes","floor":3,"turns":1},{"damage":0,"enemies":"Gremlin Nob","floor":6,"turns":1},{"damage":0,"enemies":"Cultist","floor":7,"turns":3},{"damage":1,"enemies":"3 Louse","floor":11,"turns":5},{"damage":0,"enemies":"Large Slime","floor":13,"turns":8},{"damage":0,"enemies":"2 Fungi Beasts","floor":14,"turns":4},{"damage":18,"enemies":"Slime Boss","floor":16,"turns":9},{"damage":0,"enemies":"Spheric Guardian","floor":18,"turns":3},{"damage":15,"enemies":"2 Thieves","floor":21,"turns":4},{"damage":0,"enemies":"Gremlin Leader","floor":24,"turns":4},{"damage":0,"enemies":"Centurion and Healer","floor":29,"turns":3},{"damage":0,"enemies":"3 Cultists","floor":30,"turns":3},{"damage":0,"enemies":"Snake Plant","floor":31,"turns":3},{"damage":3,"enemies":"hubris:MusketHawk","floor":33,"turns":4},{"damage":0,"enemies":"Orb Walker","floor":35,"turns":2},{"damage":0,"enemies":"Orin","floor":37,"turns":4},{"damage":9,"enemies":"3 Shapes","floor":41,"turns":4},{"damage":12,"enemies":"Sphere and 2 Shapes","floor":47,"turns":4},{"damage":0,"enemies":"Transient","floor":48,"turns":5},{"damage":0,"enemies":"hubris:GrandSnecko","floor":50,"turns":4},{"damage":0,"enemies":"Shield and Spear","floor":54,"turns":3},{"damage":18,"enemies":"The Heart","floor":55,"turns":8}],"seed_played":"2682044362757792024","potions_obtained":[{"floor":1,"key":"LiquidBronze"},{"floor":3,"key":"Block Potion"},{"floor":14,"key":"Reflective Coating"},{"floor":18,"key":"Weak Potion"},{"floor":21,"key":"ColorlessPotion"},{"floor":47,"key":"sagemod:Wine"},{"floor":48,"key":"SkillPotion"},{"floor":54,"key":"LifebloodPotion"}],"is_trial":false,"path_per_floor":["M","?","M","?","$","E","M","?","T","R","M","?","M","M","R","B",null,"M","$","?","M","$","R","E","R","T","?","R","M","M","M","R","B",null,"M","$","?","T","$","R","M","R","T","$","?","R","M","M","R","B",null,"R","$","E","B",null],"character_chosen":"THE_DT","items_purchased":["DTMod:CrossStep","White Beast Statue","Blood Vial","DTMod:SwitchButton","DistilledChaos","HandDrill"],"campfire_rested":3,"item_purchase_floors":[5,19,36,36,39,53],"current_hp_per_floor":[45,45,45,45,45,45,45,45,45,45,44,44,44,44,44,27,34,34,34,34,19,19,19,19,19,19,19,29,29,29,29,29,26,34,34,34,34,34,34,34,25,34,34,34,34,34,22,24,34,34,34,34,34,34,16],"gold":40,"neow_bonus":"THREE_ENEMY_KILL","is_daily":false,"chose_seed":false,"campfire_upgraded":7,"win_rate":0.0,"timestamp":1614023149,"path_taken":["M","?","M","?","$","E","M","?","T","R","M","?","M","M","R","BOSS","M","?","?","?","$","R","E","R","T","?","R","M","M","M","R","BOSS","M","$","?","?","$","R","M","R","T","?","?","R","M","M","R","BOSS","R","$","E","BOSS"],"items_purchased_type":["Card","Relic","Relic","Relic","Potion","Relic"],"build_version":"2020-12-22","purchased_purges":1,"victory":true,"max_hp_per_floor":[45,45,45,45,45,45,45,45,45,45,45,45,45,45,45,45,34,34,34,34,34,34,34,34,34,34,34,34,34,34,34,34,34,34,34,34,34,34,34,34,34,34,34,34,34,34,34,34,34,34,34,34,34,34,34],"relic_stats":{"Blood Vial":2,"counters":[23,90],"Nloth\u0027s Gift":1,"HandDrill":[2],"War Paint":["DTMod:EchoTactic"],"obtain_stats":[{"Regal Pillow":4,"NeowsBlessing":0,"Replay:Towering Pillar of Hats":54,"sagemod:Falmels_Amulet":34,"Spirit Poop":12,"War Paint":45,"aspiration:HiddenCompartment":38,"reliquary:IridiumChain":9,"White Beast Statue":19,"Blood Vial":36,"DTMod:SwitchButton":36,"Replay:Baseball":26,"DTMod:PactStone":0,"aspiration:AnachronicSnailShell":24,"ReplayTheSpireMod:TigerMarble":6,"Nloth\u0027s Gift":27,"HandDrill":53,"CatCart":37,"Replay:Drink Me":17},{"Regal Pillow":2,"NeowsBlessing":0,"Replay:Towering Pillar of Hats":22,"sagemod:Falmels_Amulet":15,"Spirit Poop":5,"War Paint":18,"aspiration:HiddenCompartment":17,"reliquary:IridiumChain":4,"White Beast Statue":9,"Blood Vial":16,"DTMod:SwitchButton":16,"Replay:Baseball":11,"DTMod:PactStone":0,"aspiration:AnachronicSnailShell":11,"ReplayTheSpireMod:TigerMarble":3,"Nloth\u0027s Gift":11,"HandDrill":21,"CatCart":17,"Replay:Drink Me":8},{"Regal Pillow":2,"NeowsBlessing":0,"Replay:Towering Pillar of Hats":82,"sagemod:Falmels_Amulet":56,"Spirit Poop":11,"War Paint":66,"aspiration:HiddenCompartment":62,"reliquary:IridiumChain":6,"White Beast Statue":35,"Blood Vial":58,"DTMod:SwitchButton":58,"Replay:Baseball":43,"DTMod:PactStone":0,"aspiration:AnachronicSnailShell":43,"ReplayTheSpireMod:TigerMarble":3,"Nloth\u0027s Gift":43,"HandDrill":79,"CatCart":62,"Replay:Drink Me":32}]},"card_choices":[{"not_picked":["DTMod:BreakAttack","DTMod:Punisher"],"picked":"DTMod:Training","floor":1},{"not_picked":["DTMod:BreakAttack","DTMod:Punisher","DTMod:Adaptation"],"picked":"SKIP","floor":3},{"not_picked":["DTMod:CleansingStrike","DTMod:ForkedFire","DTMod:MasterPlan"],"picked":"SKIP","floor":6},{"not_picked":["DTMod:Dissolve","DTMod:HeadStart"],"picked":"DTMod:Training","floor":7},{"not_picked":["DTMod:TauntingStrike","DTMod:RecklessFlurry","DTMod:Hide"],"picked":"SKIP","floor":11},{"not_picked":["DTMod:BurningEnergy","DTMod:BlazingStrike","DTMod:EchoTactic"],"picked":"SKIP","floor":13},{"not_picked":["DTMod:BurningEnergy","DTMod:DeepFocus","DTMod:HeatWave"],"picked":"SKIP","floor":14},{"not_picked":["DTMod:Safeguard","DTMod:SealedStrike"],"picked":"DTMod:EchoTactic","floor":16},{"not_picked":["DTMod:BreakAttack","DTMod:BurningEnergy+1"],"picked":"DTMod:QuickFly","floor":18},{"not_picked":["DTMod:HeatWave+1","DTMod:Hide"],"picked":"DTMod:RunningTactic","floor":21},{"not_picked":["DTMod:BurningForce","DTMod:ComboAttack+1","DTMod:DeepFocus"],"picked":"SKIP","floor":24},{"not_picked":["DTMod:Observe","DTMod:BreakAttack+1"],"picked":"DTMod:QuickFly+1","floor":29},{"not_picked":["DTMod:CalculatedDefense","DTMod:FlameSlash","DTMod:Weaken"],"picked":"SKIP","floor":30},{"not_picked":["DTMod:Observe","DTMod:BurningForce"],"picked":"DTMod:StarRain","floor":31},{"not_picked":["DTMod:CalculatedDefense+1","DTMod:Punisher"],"picked":"DTMod:Conduct+1","floor":35},{"not_picked":["DTMod:Overwhelm","DTMod:Training","DTMod:PurifyingFlame"],"picked":"SKIP","floor":41},{"not_picked":["DTMod:Punisher","DTMod:BurningEnergy","DTMod:RecklessFlurry+1"],"picked":"SKIP","floor":47},{"not_picked":["DTMod:Punisher+1","DTMod:DeepFocus","DTMod:BuildUp"],"picked":"SKIP","floor":48},{"not_picked":["DTMod:BlazingStrike","DTMod:MagicField+1"],"picked":"DTMod:HeadStart","floor":54}],"player_experience":204441,"relics_obtained":[{"floor":6,"key":"ReplayTheSpireMod:TigerMarble"},{"floor":9,"key":"reliquary:IridiumChain"},{"floor":24,"key":"aspiration:AnachronicSnailShell"},{"floor":26,"key":"Replay:Baseball"},{"floor":37,"key":"CatCart"},{"floor":38,"key":"aspiration:HiddenCompartment"},{"floor":54,"key":"Replay:Towering Pillar of Hats"}],"event_choices":[{"damage_healed":0,"gold_gain":0,"player_choice":"Box","damage_taken":0,"relics_obtained":["Regal Pillow"],"max_hp_gain":0,"max_hp_loss":0,"event_name":"Big Fish","floor":4,"gold_loss":0,"cards_obtained":["Regret"]},{"cards_removed":["Regret"],"damage_healed":0,"gold_gain":0,"player_choice":"Offered Curse","damage_taken":0,"relics_obtained":["Spirit Poop"],"max_hp_gain":0,"max_hp_loss":0,"event_name":"Bonfire Elementals","floor":12,"gold_loss":0},{"damage_healed":0,"gold_gain":0,"player_choice":"2 cards matched","damage_taken":0,"max_hp_gain":0,"max_hp_loss":0,"event_name":"Match and Keep!","floor":20,"gold_loss":0,"cards_obtained":["DTMod:ExcessFootwork","Impatience"]},{"damage_healed":0,"gold_gain":0,"player_choice":"Traded Relic","damage_taken":0,"relics_obtained":["Nloth\u0027s Gift"],"max_hp_gain":0,"max_hp_loss":0,"event_name":"N\u0027loth","floor":27,"relics_lost":["White Beast Statue"],"gold_loss":0},{"damage_healed":0,"gold_gain":0,"player_choice":"Fight","damage_taken":0,"max_hp_gain":0,"max_hp_loss":0,"event_name":"OrinTheCat","floor":37,"gold_loss":0},{"cards_removed":["DTMod:QuickFly"],"damage_healed":0,"gold_gain":0,"player_choice":"Gave Card","damage_taken":0,"relics_obtained":["War Paint"],"max_hp_gain":0,"max_hp_loss":0,"event_name":"WeMeetAgain","floor":45,"gold_loss":0}],"is_beta":false,"boss_relics":[{"not_picked":["Honey Jar","hubris:RunicObelisk"],"picked":"Replay:Drink Me"},{"not_picked":["hubris:Stopwatch","aspiration:RunicSpoon"],"picked":"sagemod:Falmels_Amulet"}],"items_purged_floors":[19],"is_endless":false,"potions_floor_spawned":[1,3,14,18,21,24,30,47,48,54],"ascension_level":0}}