{"host":"yx5rao87132cy5xq","time":1614005950,"event":{"mods":["2.2 Compatiblity","AchievementEnabler","BaseMod","Bestiary","Colored Map","Colored Powertips","Highlight Path","Minty Spire (QoL Compilation)","Quick Restart","Relic Stats","Slay-I","SuperFastMode"],"gold_per_floor":[13,29,29,39,39,71,84,115,142,142,172,191,225,44,44,123,123,103,103,119,34,34,34,34,49,49,49,49],"floor_reached":27,"language":"ENG","playtime":2912,"items_purged":["Strike_R"],"score":470,"play_id":"4a441036-1c2e-4753-96a2-fc3e71c01a55","local_time":"20210222155910","is_ascension_mode":true,"campfire_choices":[{"floor":10,"key":"REST"},{"data":"True Grit","floor":15,"key":"SMITH"},{"floor":23,"key":"REST"}],"circlet_count":0,"master_deck":["AscendersBane","Strike_R","Strike_R","Strike_R","Defend_R","Defend_R","Defend_R","Defend_R","Bash","Uppercut+1","Burning Pact","Anger","Twin Strike","Inflame","Wild Strike","Shrug It Off","Flex","Iron Wave","True Grit+1","Iron Wave","Headbutt","Rage","Dark Shackles","Barricade","CurseOfTheBell","True Grit+1","RitualDagger","Entrench+1","Inflame+1","True Grit+1"],"relics":["Burning Blood","Prayer Wheel","White Beast Statue","Regal Pillow","Art of War","Strawberry","CaptainsWheel","Calling Bell","Toxic Egg 2","Bag of Marbles","Ice Cream","Ancient Tea Set","HornCleat"],"acts_visited":["Exordium","TheCity"],"potions_floor_usage":[8,11,11,13,16,16,20,27],"damage_taken":[{"damage":10.0,"enemies":"2 Louse","floor":1.0,"turns":2.0},{"damage":4.0,"enemies":"Jaw Worm","floor":2.0,"turns":3.0},{"damage":1.0,"enemies":"Cultist","floor":4.0,"turns":3.0},{"damage":45.0,"enemies":"3 Sentries","floor":6.0,"turns":8.0},{"damage":8.0,"enemies":"Red Slaver","floor":7.0,"turns":3.0},{"damage":29,"enemies":"Gremlin Nob","floor":8,"turns":4},{"damage":12,"enemies":"Lagavulin","floor":11,"turns":7},{"damage":9,"enemies":"3 Louse","floor":12,"turns":4},{"damage":6,"enemies":"Gremlin Nob","floor":13,"turns":3},{"damage":30,"enemies":"Hexaghost","floor":16,"turns":12},{"damage":21,"enemies":"2 Thieves","floor":18,"turns":4},{"damage":42,"enemies":"Shell Parasite","floor":20,"turns":10},{"damage":6,"enemies":"Snake Plant","floor":25,"turns":7},{"damage":31,"enemies":"Gremlin Leader","floor":27,"turns":10}],"seed_played":"1647727019641974892","potions_obtained":[{"floor":2.0,"key":"Ancient Potion"},{"floor":4.0,"key":"EssenceOfSteel"},{"floor":6.0,"key":"ColorlessPotion"},{"floor":7.0,"key":"Dexterity Potion"},{"floor":8,"key":"ColorlessPotion"},{"floor":11,"key":"BlessingOfTheForge"},{"floor":12,"key":"AttackPotion"},{"floor":13,"key":"LiquidMemories"},{"floor":16,"key":"SmokeBomb"},{"floor":18,"key":"Block Potion"},{"floor":20,"key":"Strength Potion"},{"floor":25,"key":"BloodPotion"}],"is_trial":false,"path_per_floor":["M","M","?","M","?","E","M","E","T","R","E","M","E","$","R","B",null,"M","?","M","?","$","R","$","M","T","E"],"character_chosen":"IRONCLAD","items_purchased":["Dark Shackles"],"campfire_rested":2,"item_purchase_floors":[14],"current_hp_per_floor":[64,66,66,71,71,32,30,7,7,44,45,42,42,42,42,18,66,51,45,9,9,9,48,48,48,48,17,17],"gold":49,"neow_bonus":"ONE_RARE_RELIC","is_daily":false,"chose_seed":false,"campfire_upgraded":1,"win_rate":0.0,"timestamp":1614005950,"path_taken":["M","M","?","M","?","E","?","E","T","R","E","M","E","?","R","BOSS","M","?","M","?","$","R","?","M","T","E"],"items_purchased_type":["Card"],"build_version":"2020-12-22","purchased_purges":1,"victory":false,"max_hp_per_floor":[75,75,75,75,75,75,75,75,75,75,82,82,82,82,82,82,82,82,82,82,82,82,82,82,82,82,82,82],"relic_stats":{"Regal Pillow":30,"counters":[14,80],"Prayer Wheel":8,"Art of War":[3],"obtain_stats":[{"Ice Cream":17,"Regal Pillow":8,"Ancient Tea Set":21,"Burning Blood":0,"White Beast Statue":6,"Calling Bell":17,"CaptainsWheel":13,"HornCleat":26,"Strawberry":11,"Prayer Wheel":0,"Art of War":9,"Bag of Marbles":17,"Toxic Egg 2":17},{"Ice Cream":10,"Regal Pillow":6,"Ancient Tea Set":12,"Burning Blood":0,"White Beast Statue":4,"Calling Bell":10,"CaptainsWheel":9,"HornCleat":13,"Strawberry":7,"Prayer Wheel":0,"Art of War":6,"Bag of Marbles":10,"Toxic Egg 2":10},{"Ice Cream":49,"Regal Pillow":23,"Ancient Tea Set":63,"Burning Blood":0,"White Beast Statue":16,"Calling Bell":49,"CaptainsWheel":37,"HornCleat":70,"Strawberry":30,"Prayer Wheel":0,"Art of War":23,"Bag of Marbles":49,"Toxic Egg 2":49}],"Burning Blood":78},"card_choices":[{"not_picked":["Thunderclap","Clash"],"picked":"Uppercut","floor":1.0},{"not_picked":["Entrench","Warcry"],"picked":"Burning Pact","floor":1.0},{"not_picked":["Sword Boomerang","Rupture"],"picked":"Anger","floor":2.0},{"not_picked":["Pummel","Second Wind"],"picked":"Twin Strike","floor":2.0},{"not_picked":["Twin Strike","Anger"],"picked":"Inflame","floor":4.0},{"not_picked":["Dual Wield","Sentinel"],"picked":"Wild Strike","floor":4.0},{"not_picked":["Heavy Blade","Rampage"],"picked":"Shrug It Off","floor":6.0},{"not_picked":["Havoc","Combust"],"picked":"Flex","floor":7.0},{"not_picked":["Warcry","Rupture","Burning Pact"],"picked":"SKIP","floor":7.0},{"not_picked":["Juggernaut","Intimidate"],"picked":"Iron Wave","floor":8},{"not_picked":["Blood for Blood","Perfected Strike"],"picked":"True Grit","floor":11},{"not_picked":["Heavy Blade","Pommel Strike"],"picked":"Iron Wave","floor":12},{"not_picked":["Shrug It Off","Havoc"],"picked":"Headbutt","floor":12},{"not_picked":["Juggernaut","Cleave"],"picked":"Rage","floor":13},{"not_picked":["Juggernaut","Bludgeon"],"picked":"Barricade","floor":16},{"not_picked":["Anger","Armaments+1"],"picked":"True Grit+1","floor":18},{"not_picked":["Perfected Strike","Body Slam","Rupture"],"picked":"SKIP","floor":18},{"not_picked":["Headbutt","Pommel Strike"],"picked":"Entrench+1","floor":20},{"not_picked":["Anger","Brutality","Twin Strike"],"picked":"SKIP","floor":20},{"not_picked":["Anger","Hemokinesis"],"picked":"Inflame+1","floor":25},{"not_picked":["Heavy Blade","Infernal Blade+1"],"picked":"True Grit+1","floor":25}],"player_experience":1118947,"relics_obtained":[{"floor":6.0,"key":"White Beast Statue"},{"floor":8,"key":"Regal Pillow"},{"floor":9,"key":"Art of War"},{"floor":11,"key":"Strawberry"},{"floor":13,"key":"CaptainsWheel"},{"floor":17,"key":"Toxic Egg 2"},{"floor":17,"key":"Bag of Marbles"},{"floor":17,"key":"Ice Cream"},{"floor":26,"key":"HornCleat"}],"event_choices":[{"damage_healed":0.0,"max_hp_gain":0.0,"max_hp_loss":0.0,"gold_gain":0.0,"event_name":"Living Wall","player_choice":"Grow","floor":3.0,"gold_loss":0.0,"damage_taken":0.0,"cards_upgraded":["Uppercut"]},{"cards_removed":["Strike_R"],"damage_healed":0.0,"max_hp_gain":0.0,"max_hp_loss":0.0,"gold_gain":0.0,"event_name":"Bonfire Elementals","player_choice":"Offered Basic","floor":5.0,"gold_loss":0.0,"damage_taken":0.0},{"damage_healed":0,"gold_gain":0,"player_choice":"Joined the Cult","damage_taken":6,"max_hp_gain":0,"max_hp_loss":0,"event_name":"Nest","floor":19,"gold_loss":0,"cards_obtained":["RitualDagger"]},{"damage_healed":0,"gold_gain":0,"player_choice":"Obtained Relic","damage_taken":0,"relics_obtained":["Ancient Tea Set"],"max_hp_gain":0,"max_hp_loss":0,"event_name":"Addict","floor":21,"gold_loss":85}],"is_beta":false,"boss_relics":[{"not_picked":["Black Star","Black Blood"],"picked":"Calling Bell"}],"items_purged_floors":[14],"is_endless":false,"potions_floor_spawned":[2,4,6,7,8,11,12,13,16,18,20,25],"killed_by":"Gremlin Leader","ascension_level":19}}