{"host":"xumidyqji6pg2yy3","time":1614006914,"event":{"mods":["ATMod(°¢èªMod)","BaseMod","Colored Map","GungeonMod","Minty Spire (QoL Compilation)","MostiFishMod","Quick Restart","StSLib","[IsaacMod]ÒÔÈö¼âËþ"],"gold_per_floor":[210,229,304,319,330,330,364,364,364,393,411,430,48,75,75,180,180,180,180],"floor_reached":18,"language":"ZHS","playtime":1069,"items_purged":["DemoMod:Strike_Huntress","DemoMod:Strike_Huntress"],"score":296,"play_id":"65cde274-ba30-4aee-9185-782160e0f99b","local_time":"20210222231514","is_ascension_mode":true,"campfire_choices":[{"data":"DemoMod:PotionOfGunFriendShip","floor":6,"key":"SMITH"},{"data":"DemoMod:TableSutra","floor":8,"key":"SMITH"},{"data":"DemoMod:ManualReload","floor":15,"key":"SMITH"}],"circlet_count":0,"master_deck":["DemoMod:Strike_Huntress","DemoMod:Defend_Huntress","DemoMod:Defend_Huntress","DemoMod:Defend_Huntress","DemoMod:Defend_Huntress","DemoMod:Roll","DemoMod:ManualReload+1","DemoMod:RustySidearm","DemoMod:CrossBow","AT_FamilyPortrait","DemoMod:DirectionalPad","DemoMod:PotionOfGunFriendShip+1","DemoMod:HardPowerCard","DemoMod:FastSwitch","DemoMod:TableSutra+1","DemoMod:SAA","DemoMod:ProbeStrike","DemoMod:ZorGun","DemoMod:FullFirepower"],"relics":["DemoMod:Dog","HushsDoor","AT_ATBox","DaveBox","BookofShadows","ArrowTower","SynthV:TestCard","Pocketwatch","Boot","MostiFishMod:AdaptiveDefenses","AT_SunfireAegis","DemoMod:GlassGuonStoneRelic","Kunai","FeatherPendant"],"acts_visited":["Exordium","TheCity"],"potions_floor_usage":[7],"damage_taken":[{"damage":0.0,"enemies":"Small Slimes","floor":1.0,"turns":2.0},{"damage":2.0,"enemies":"Jaw Worm","floor":2.0,"turns":3.0},{"damage":4.0,"enemies":"Cultist","floor":4.0,"turns":4.0},{"damage":0,"enemies":"2 Fungi Beasts","floor":5,"turns":3},{"damage":18,"enemies":"Gremlin Nob","floor":7,"turns":4},{"damage":0,"enemies":"Lagavulin","floor":10,"turns":4},{"damage":0,"enemies":"3 Louse","floor":11,"turns":3},{"damage":6,"enemies":"Large Slime","floor":12,"turns":3},{"damage":0,"enemies":"Gremlin Nob","floor":14,"turns":3},{"damage":0,"enemies":"The Guardian","floor":16,"turns":5},{"damage":199999998,"enemies":"Chosen","floor":18,"turns":2}],"seed_played":"-2160704446204022858","potions_obtained":[{"floor":2.0,"key":"LiquidMemories"},{"floor":4.0,"key":"Fire Potion"},{"floor":5,"key":"SpeedPotion"},{"floor":14,"key":"Energy Potion"}],"is_trial":false,"path_per_floor":["M","M","?","M","M","R","E","R","T","E","M","M","$","E","R","B",null,"M"],"character_chosen":"HUNTRESS","items_purchased":["MostiFishMod:AdaptiveDefenses","AT_SunfireAegis","FairyPotion"],"campfire_rested":0,"item_purchase_floors":[13,13,17],"current_hp_per_floor":[70,68,57,53,53,53,35,35,35,35,35,29,29,29,29,29,61,0,0],"gold":180,"neow_bonus":"HUNDRED_GOLD","is_daily":false,"chose_seed":false,"campfire_upgraded":3,"win_rate":0.0,"timestamp":1614006914,"path_taken":["M","M","?","?","M","R","E","R","T","E","M","M","$","E","R","BOSS","M"],"items_purchased_type":["Relic","Relic","Potion"],"build_version":"2020-12-22","purchased_purges":2,"victory":false,"max_hp_per_floor":[70,70,70,70,70,70,70,70,70,70,70,70,70,70,70,70,61,61,61],"card_choices":[{"not_picked":[],"picked":"SuicideKing","floor":0.0},{"not_picked":["DemoMod:AWP","DemoMod:HighKaliber"],"picked":"DemoMod:DirectionalPad","floor":1.0},{"not_picked":["DemoMod:ShadowBullets","DemoMod:CursedBullets","DemoMod:AWP","DemoMod:MegaHand"],"picked":"DemoMod:PotionOfGunFriendShip","floor":2.0},{"not_picked":["DemoMod:SniperShot","DemoMod:ConditionalReflex","DemoMod:FinishedGun","DemoMod:TeaPot"],"picked":"DemoMod:HardPowerCard","floor":4.0},{"not_picked":["DemoMod:PotionOfGunFriendShip","DemoMod:BoxingGlove","DemoMod:MachoBrace","DemoMod:SniperShot"],"picked":"DemoMod:FastSwitch","floor":5},{"not_picked":["DemoMod:Camera","DemoMod:CombinedRifle","DemoMod:Rummage","DemoMod:HardPowerCard"],"picked":"DemoMod:TableSutra","floor":7},{"not_picked":["DemoMod:BoxingGlove","DemoMod:ShadowBullets","DemoMod:DirectionalPad","DemoMod:Unmoved","DemoMod:CombinedRifle"],"picked":"SKIP","floor":10},{"not_picked":["DemoMod:SpreadAmmo","DemoMod:GunstockTap","DemoMod:HungryBullets","DemoMod:HardPowerCard"],"picked":"DemoMod:SAA","floor":11},{"not_picked":["DemoMod:SAA","DemoMod:TripleGun","DemoMod:FinishedGun","DemoMod:Unmoved"],"picked":"DemoMod:ProbeStrike","floor":12},{"not_picked":["DemoMod:Eureka","DemoMod:RadGun","DemoMod:GunstockTap","DemoMod:DirectionalPad"],"picked":"DemoMod:ZorGun","floor":14},{"not_picked":["DemoMod:BlankBullets","DemoMod:FightSabre","DemoMod:Desperate","DemoMod:BSG"],"picked":"DemoMod:FullFirepower","floor":16}],"player_experience":102698,"relics_obtained":[{"floor":1.0,"key":"SynthV:TestCard"},{"floor":7,"key":"Pocketwatch"},{"floor":10,"key":"Boot"},{"floor":14,"key":"Kunai"}],"event_choices":[{"damage_healed":0.0,"max_hp_gain":0.0,"max_hp_loss":0.0,"gold_gain":75.0,"event_name":"World of Goop","player_choice":"Gather Gold","floor":3.0,"gold_loss":0.0,"damage_taken":11.0}],"is_beta":false,"boss_relics":[{"not_picked":["Transparent","Velvet Choker"],"picked":"FeatherPendant"},{"not_picked":[]}],"items_purged_floors":[13,17],"is_endless":false,"potions_floor_spawned":[2,4,5,14],"killed_by":"Chosen","ascension_level":1}}