{"host":"ptk1shuto3uimndw","time":1614012031,"event":{"mods":["AchievementEnabler","BaseMod","Bestiary","Colored Map","Colored Powertips","Curses Come First","Minty Spire (QoL Compilation)","Quick Restart","Rare Cards Sparkle","Relic Stats","StSLib","Uncapped"],"gold_per_floor":[117,128,148,163,7,41,41,41,114,114,145,145,161,161,161,249,249,261,39,39,48,48,48,90,107,160,160,193,205,244,24,24,107,161,181,193,42,42,62,97,97,125,125,125,160,175,207,227,227,227],"floor_reached":51,"language":"ENG","playtime":1135,"items_purged":["Strike_P","Strike_P"],"score":1748,"play_id":"1e85a45a-fe56-4ac4-a61c-3e6e73039ea0","local_time":"20210222174031","is_ascension_mode":true,"campfire_choices":[{"data":"Fasting2","floor":7.0,"key":"SMITH"},{"data":"Wallop","floor":10.0,"key":"SMITH"},{"data":"WheelKick","floor":12.0,"key":"SMITH"},{"floor":15.0,"key":"REST"},{"floor":23.0,"key":"REST"},{"floor":27,"key":"REST"},{"floor":29,"key":"RECALL"},{"floor":32,"key":"REST"},{"floor":41,"key":"REST"},{"floor":49,"key":"REST"}],"circlet_count":0,"master_deck":["AscendersBane","Eruption","Vigilance","CutThroughFate","Fasting2+1","WheelKick+1","EmptyFist","Wallop+1","Ragnarok","Ragnarok","Swivel","WheelKick","Ragnarok","Blasphemy","EmptyFist","Blasphemy","Swivel","EmptyFist","Scrawl"],"relics":["Snecko Eye","Akabeko","TungstenRod","Sundial","CeramicFish","Fusion Hammer","DollysMirror","Bottled Lightning","Bag of Marbles","MawBank","Vajra","Pandora\u0027s Box","ClockworkSouvenir","Bag of Preparation","Art of War","White Beast Statue","Gremlin Horn","StrikeDummy"],"acts_visited":["Exordium","TheCity","TheBeyond"],"potions_floor_usage":[],"damage_taken":[{"damage":0.0,"enemies":"Jaw Worm","floor":1.0,"turns":5.0},{"damage":0.0,"enemies":"2 Louse","floor":2.0,"turns":2.0},{"damage":0.0,"enemies":"Small Slimes","floor":3.0,"turns":4.0},{"damage":5.0,"enemies":"Exordium Wildlife","floor":4.0,"turns":4.0},{"damage":37.0,"enemies":"3 Sentries","floor":6.0,"turns":6.0},{"damage":0.0,"enemies":"Gremlin Nob","floor":11.0,"turns":4.0},{"damage":10.0,"enemies":"Gremlin Gang","floor":13.0,"turns":4.0},{"damage":4.0,"enemies":"Hexaghost","floor":16.0,"turns":6.0},{"damage":5.0,"enemies":"3 Byrds","floor":18.0,"turns":3.0},{"damage":8.0,"enemies":"Slavers","floor":24.0,"turns":3.0},{"damage":0,"enemies":"Shell Parasite","floor":25,"turns":1},{"damage":0,"enemies":"Book of Stabbing","floor":28,"turns":2},{"damage":0,"enemies":"Gremlin Leader","floor":30,"turns":3},{"damage":24,"enemies":"Collector","floor":33,"turns":3},{"damage":0,"enemies":"3 Shapes","floor":35,"turns":1},{"damage":0,"enemies":"Orb Walker","floor":36,"turns":1},{"damage":0,"enemies":"3 Darklings","floor":39,"turns":1},{"damage":0,"enemies":"Reptomancer","floor":40,"turns":1},{"damage":0,"enemies":"Giant Head","floor":42,"turns":1},{"damage":0,"enemies":"Reptomancer","floor":45,"turns":1},{"damage":0,"enemies":"Jaw Worm Horde","floor":46,"turns":1},{"damage":0,"enemies":"Nemesis","floor":47,"turns":1},{"damage":0,"enemies":"Maw","floor":48,"turns":1},{"damage":0,"enemies":"Donu and Deca","floor":50,"turns":2}],"seed_played":"5065566025344281802","potions_obtained":[{"floor":3.0,"key":"StancePotion"},{"floor":11.0,"key":"LiquidMemories"},{"floor":16.0,"key":"GamblersBrew"}],"is_trial":false,"path_per_floor":["M","M","M","M","$","E","R","$","T","R","E","R","M","?","R","B",null,"M","$","?","?","?","R","E","M","T","R","E","R","E","$","R","B",null,"M","M","$","?","M","E","R","E","T","?","E","M","E","M","R","B",null],"character_chosen":"WATCHER","items_purchased":["Akabeko","DollysMirror","Ragnarok","ClockworkSouvenir"],"campfire_rested":6,"item_purchase_floors":[5,19,31,37],"current_hp_per_floor":[65,65,65,60,60,23,23,23,23,23,23,23,13,13,34,30,62,57,57,57,57,57,72,64,64,64,72,72,72,72,72,72,48,66,66,66,66,66,66,66,68,68,68,68,68,68,68,68,68,68],"gold":227,"neow_bonus":"BOSS_RELIC","is_daily":false,"chose_seed":false,"campfire_upgraded":3,"win_rate":0.0,"timestamp":1614012031,"path_taken":["M","M","M","M","$","E","R","$","T","R","E","R","M","?","R","BOSS","M","$","?","?","?","R","E","M","T","R","E","R","E","?","R","BOSS","M","?","$","?","M","E","R","E","T","?","E","M","E","M","R","BOSS"],"items_purchased_type":["Relic","Relic","Card","Relic"],"build_version":"2020-12-22","purchased_purges":2,"victory":true,"max_hp_per_floor":[72,72,72,72,72,72,72,72,72,72,72,72,72,72,72,72,72,72,72,72,72,72,72,72,72,72,72,72,72,72,72,72,72,72,72,72,72,68,68,68,68,68,68,68,68,68,68,68,68,68],"relic_stats":{"Gremlin Horn":[1,1],"counters":[24,61],"Sundial":[6],"CeramicFish":108,"Snecko Eye":[116,112,117,111],"Pandora\u0027s Box":["WaveOfTheHand","EmptyFist","Blasphemy","Swivel","EmptyFist","Scrawl"],"Bag of Preparation":[12],"Art of War":[0],"MawBank":36,"obtain_stats":[{"Gremlin Horn":45,"CeramicFish":11,"Vajra":30,"Bag of Preparation":40,"MawBank":28,"Akabeko":5,"White Beast Statue":43,"ClockworkSouvenir":37,"Sundial":9,"DollysMirror":19,"Snecko Eye":0,"Pandora\u0027s Box":34,"Fusion Hammer":17,"Bag of Marbles":26,"Art of War":42,"Bottled Lightning":24,"PureWater":0,"StrikeDummy":47,"TungstenRod":6},{"Gremlin Horn":20,"CeramicFish":6,"Vajra":13,"Bag of Preparation":18,"MawBank":12,"Akabeko":4,"White Beast Statue":19,"ClockworkSouvenir":16,"Sundial":5,"DollysMirror":9,"Snecko Eye":0,"Pandora\u0027s Box":14,"Fusion Hammer":8,"Bag of Marbles":11,"Art of War":19,"Bottled Lightning":10,"PureWater":0,"StrikeDummy":22,"TungstenRod":5},{"Gremlin Horn":56,"CeramicFish":25,"Vajra":47,"Bag of Preparation":54,"MawBank":44,"Akabeko":15,"White Beast Statue":55,"ClockworkSouvenir":52,"Sundial":21,"DollysMirror":38,"Snecko Eye":0,"Pandora\u0027s Box":50,"Fusion Hammer":35,"Bag of Marbles":42,"Art of War":55,"Bottled Lightning":41,"PureWater":0,"StrikeDummy":58,"TungstenRod":21}],"TungstenRod":8},"card_choices":[{"not_picked":["FollowUp","InnerPeace"],"picked":"CutThroughFate","floor":1.0},{"not_picked":["FlyingSleeves","ForeignInfluence"],"picked":"Fasting2","floor":2.0},{"not_picked":["Pray","PathToVictory"],"picked":"WheelKick","floor":3.0},{"not_picked":["SashWhip","Protect"],"picked":"EmptyFist","floor":4.0},{"not_picked":["FlurryOfBlows","EmptyFist"],"picked":"Wallop","floor":6.0},{"not_picked":["Establishment","FollowUp","Fasting2"],"picked":"SKIP","floor":11.0},{"not_picked":["Protect","Evaluate","ClearTheMind"],"picked":"SKIP","floor":13.0},{"not_picked":["DevaForm","DeusExMachina"],"picked":"Ragnarok","floor":16.0},{"not_picked":["ThirdEye+1","EmptyFist","Weave"],"picked":"SKIP","floor":18.0},{"not_picked":["FlurryOfBlows","Prostrate"],"picked":"WheelKick","floor":24},{"not_picked":["Nirvana","CutThroughFate","EmptyBody"],"picked":"SKIP","floor":25},{"not_picked":["ThirdEye","FlurryOfBlows+1","FlyingSleeves"],"picked":"SKIP","floor":28},{"not_picked":["Wireheading","LikeWater","Pray+1"],"picked":"SKIP","floor":30},{"not_picked":["Omniscience","Brilliance"],"picked":"Blasphemy","floor":33},{"not_picked":["Study","ReachHeaven","Halt"],"picked":"SKIP","floor":35},{"not_picked":["EmptyFist","FlurryOfBlows+1","Halt"],"picked":"SKIP","floor":36},{"not_picked":["Adaptation+1","MentalFortress","PathToVictory"],"picked":"SKIP","floor":39},{"not_picked":["Tantrum+1","WaveOfTheHand+1","Crescendo"],"picked":"SKIP","floor":40},{"not_picked":["DeusExMachina","ForeignInfluence","Swivel"],"picked":"SKIP","floor":42},{"not_picked":["FlurryOfBlows+1","EmptyMind","Evaluate"],"picked":"SKIP","floor":45},{"not_picked":["Wireheading","ClearTheMind","BowlingBash+1"],"picked":"SKIP","floor":46},{"not_picked":["FearNoEvil","Consecrate+1","SignatureMove"],"picked":"SKIP","floor":47},{"not_picked":["Meditate+1","Indignation","Evaluate"],"picked":"SKIP","floor":48}],"player_experience":287040,"relics_obtained":[{"floor":6.0,"key":"TungstenRod"},{"floor":9.0,"key":"Sundial"},{"floor":11.0,"key":"CeramicFish"},{"floor":24,"key":"Bottled Lightning"},{"floor":26,"key":"Bag of Marbles"},{"floor":28,"key":"MawBank"},{"floor":30,"key":"Vajra"},{"floor":40,"key":"Bag of Preparation"},{"floor":42,"key":"Art of War"},{"floor":43,"key":"White Beast Statue"},{"floor":45,"key":"Gremlin Horn"},{"floor":47,"key":"StrikeDummy"}],"event_choices":[{"damage_healed":0.0,"max_hp_gain":0.0,"max_hp_loss":0.0,"gold_gain":0.0,"event_name":"Shining Light","player_choice":"Ignored","floor":14.0,"gold_loss":0.0,"damage_taken":0.0},{"damage_healed":0.0,"max_hp_gain":0.0,"max_hp_loss":0.0,"gold_gain":0.0,"event_name":"Ghosts","player_choice":"Ignored","floor":20.0,"gold_loss":0.0,"damage_taken":0.0},{"damage_healed":0.0,"max_hp_gain":0.0,"max_hp_loss":0.0,"gold_gain":0.0,"event_name":"The Library","player_choice":"Read","floor":21.0,"gold_loss":0.0,"damage_taken":0.0,"cards_obtained":["Swivel"]},{"damage_healed":0.0,"max_hp_gain":0.0,"max_hp_loss":0.0,"gold_gain":0.0,"event_name":"Vampires","player_choice":"Ignored","floor":22.0,"gold_loss":0.0,"damage_taken":0.0},{"damage_healed":0,"gold_gain":0,"player_choice":"Max HP","damage_taken":0,"max_hp_gain":0,"max_hp_loss":4,"event_name":"Winding Halls","floor":38,"gold_loss":0},{"cards_removed":["WaveOfTheHand"],"damage_healed":0,"gold_gain":0,"player_choice":"Removed Skill","damage_taken":0,"max_hp_gain":0,"max_hp_loss":0,"event_name":"Falling","floor":44,"gold_loss":0}],"is_beta":false,"boss_relics":[{"not_picked":["SlaversCollar","VioletLotus"],"picked":"Fusion Hammer"},{"not_picked":["Black Star","Runic Dome"],"picked":"Pandora\u0027s Box"}],"items_purged_floors":[19,31],"is_endless":false,"potions_floor_spawned":[3,11,16,18,24,28,40,45,46,47,48],"ascension_level":13}}