{"host":"5tzvto3beate6p8b","time":1614004828,"event":{"mods":["BaseMod","Colored Map","DeckTracker","Minty Spire (QoL Compilation)","Relic Stats","StSLib","SuperFastMode"],"gold_per_floor":[360,9,9,19,36,67,67,114,141,141,141,154,186,203,203,281,281,299,312,328,347,30,30,44,44,99,117,152,152,187,112,112,112,112],"floor_reached":33,"language":"JPN","playtime":1969,"items_purged":[],"score":639,"play_id":"30f7b359-d202-42e1-a383-252f36e1c9bd","local_time":"20210222234028","is_ascension_mode":true,"campfire_choices":[{"data":"Blade Dance","floor":7.0,"key":"SMITH"},{"data":"Backstab","floor":10.0,"key":"SMITH"},{"data":"Masterful Stab","floor":15.0,"key":"SMITH"},{"data":"Bullet Time","floor":23.0,"key":"SMITH"},{"data":"After Image","floor":25.0,"key":"SMITH"},{"floor":29,"key":"REST"},{"floor":32,"key":"REST"}],"circlet_count":0,"master_deck":["AscendersBane","Survivor","Neutralize","Accuracy","Blade Dance+1","Well Laid Plans","Backstab+1","Acrobatics","PiercingWail","Caltrops","Dash","Masterful Stab+1","Adrenaline","Masterful Stab","After Image+1","A Thousand Cuts","A Thousand Cuts","Underhanded Strike","Burst","Well Laid Plans","Grand Finale","Choke","Unload","Tools of the Trade","Prepared","Backflip","Backflip+1","Bullet Time+1","Blade Dance","Underhanded Strike","Good Instincts","PiercingWail+1","Prepared","Adrenaline","Leg Sweep"],"relics":["Ring of the Snake","Membership Card","MealTicket","Toy Ornithopter","Omamori","Orichalcum","Pandora\u0027s Box","Lee\u0027s Waffle","Frozen Egg 2","Smiling Mask","TungstenRod","Centennial Puzzle"],"acts_visited":["Exordium","TheCity"],"potions_floor_usage":[],"damage_taken":[{"damage":3.0,"enemies":"2 Louse","floor":1.0,"turns":3.0},{"damage":0.0,"enemies":"Small Slimes","floor":4.0,"turns":3.0},{"damage":0.0,"enemies":"Jaw Worm","floor":5.0,"turns":2.0},{"damage":9.0,"enemies":"Gremlin Nob","floor":6.0,"turns":3.0},{"damage":5.0,"enemies":"3 Sentries","floor":8.0,"turns":8.0},{"damage":0.0,"enemies":"Exordium Wildlife","floor":12.0,"turns":3.0},{"damage":3.0,"enemies":"Gremlin Nob","floor":13.0,"turns":3.0},{"damage":0.0,"enemies":"Exordium Thugs","floor":14.0,"turns":2.0},{"damage":18.0,"enemies":"Slime Boss","floor":16.0,"turns":6.0},{"damage":0.0,"enemies":"Chosen","floor":18.0,"turns":2.0},{"damage":11.0,"enemies":"3 Byrds","floor":19.0,"turns":5.0},{"damage":17.0,"enemies":"Snake Plant","floor":20.0,"turns":3.0},{"damage":7.0,"enemies":"Centurion and Healer","floor":21.0,"turns":6.0},{"damage":2.0,"enemies":"Cultist and Chosen","floor":24.0,"turns":4.0},{"damage":2.0,"enemies":"Snecko","floor":27.0,"turns":4.0},{"damage":47,"enemies":"Book of Stabbing","floor":28,"turns":6},{"damage":23,"enemies":"Gremlin Leader","floor":30,"turns":6},{"damage":50,"enemies":"Collector","floor":33,"turns":7}],"seed_played":"-782365106608901014","potions_obtained":[{"floor":5.0,"key":"Strength Potion"},{"floor":6.0,"key":"ColorlessPotion"},{"floor":8.0,"key":"DistilledChaos"},{"floor":20.0,"key":"Poison Potion"},{"floor":21.0,"key":"Ancient Potion"},{"floor":28,"key":"SpeedPotion"}],"is_trial":false,"path_per_floor":["M","$","?","M","M","E","R","E","T","R","?","M","E","M","R","B",null,"M","M","M","M","$","R","M","R","T","M","E","R","E","?","R","B"],"character_chosen":"THE_SILENT","items_purchased":["Membership Card","Choke","Blade Dance","Fire Potion","Well Laid Plans","Backstab","Acrobatics","Blade Dance","Lee\u0027s Waffle","Frozen Egg 2","Underhanded Strike","Good Instincts"],"campfire_rested":2,"item_purchase_floors":[2,2,2,2,2,2,2,22,22,22,22,22],"current_hp_per_floor":[56,56,56,56,56,47,47,42,42,42,35,35,37,37,37,24,51,51,40,23,16,67,67,65,65,65,67,20,40,17,17,37,0,0],"gold":112,"neow_bonus":"TWO_FIFTY_GOLD","is_daily":false,"chose_seed":false,"campfire_upgraded":5,"win_rate":0.0,"timestamp":1614004828,"path_taken":["M","$","?","M","M","E","R","E","T","R","?","M","E","M","R","BOSS","M","M","M","M","$","R","M","R","T","M","E","R","E","?","R","BOSS"],"items_purchased_type":["Relic","Card","Card","Potion","Card","Card","Card","Card","Relic","Relic","Card","Card"],"build_version":"2020-12-22","purchased_purges":0,"victory":false,"max_hp_per_floor":[60,60,60,60,60,60,60,60,60,60,60,60,60,60,60,60,60,60,60,60,60,67,67,67,67,67,67,67,67,67,67,67,67,67],"relic_stats":{"Lee\u0027s Waffle":36,"Centennial Puzzle":[3],"counters":[18,76],"MealTicket":15,"Pandora\u0027s Box":["A Thousand Cuts","A Thousand Cuts","Underhanded Strike","Burst","Well Laid Plans","Grand Finale","Choke","Unload","Tools of the Trade"],"Orichalcum":[66],"Smiling Mask":0,"obtain_stats":[{"Lee\u0027s Waffle":22,"Centennial Puzzle":30,"MealTicket":6,"Pandora\u0027s Box":17,"Omamori":9,"Membership Card":2,"Orichalcum":13,"Frozen Egg 2":22,"Smiling Mask":26,"Toy Ornithopter":8,"TungstenRod":28,"Ring of the Snake":0},{"Lee\u0027s Waffle":13,"Centennial Puzzle":17,"MealTicket":4,"Pandora\u0027s Box":9,"Omamori":5,"Membership Card":1,"Orichalcum":7,"Frozen Egg 2":13,"Smiling Mask":14,"Toy Ornithopter":5,"TungstenRod":16,"Ring of the Snake":0},{"Lee\u0027s Waffle":49,"Centennial Puzzle":69,"MealTicket":11,"Pandora\u0027s Box":33,"Omamori":19,"Membership Card":3,"Orichalcum":25,"Frozen Egg 2":49,"Smiling Mask":53,"Toy Ornithopter":19,"TungstenRod":63,"Ring of the Snake":0}],"Toy Ornithopter":14,"TungstenRod":9,"Ring of the Snake":[36]},"card_choices":[{"not_picked":["Deadly Poison","Backflip"],"picked":"Accuracy","floor":1.0},{"not_picked":["Slice","Blur"],"picked":"PiercingWail","floor":4.0},{"not_picked":["Poisoned Stab","Calculated Gamble"],"picked":"Caltrops","floor":5.0},{"not_picked":["Reflex","Poisoned Stab"],"picked":"Dash","floor":6.0},{"not_picked":["Bane","Heel Hook"],"picked":"Masterful Stab","floor":8.0},{"not_picked":["Tactician","Flechettes"],"picked":"Adrenaline","floor":12.0},{"not_picked":["Eviscerate","Flying Knee","Poisoned Stab"],"picked":"SKIP","floor":13.0},{"not_picked":["Flying Knee","Cloak And Dagger"],"picked":"Masterful Stab","floor":14.0},{"not_picked":["Phantasmal Killer","Adrenaline"],"picked":"After Image","floor":16.0},{"not_picked":["Deadly Poison","Slice"],"picked":"Prepared","floor":18.0},{"not_picked":["Deflect","Underhanded Strike"],"picked":"Backflip","floor":19.0},{"not_picked":["Underhanded Strike+1","Terror"],"picked":"Backflip+1","floor":20.0},{"not_picked":["Cloak And Dagger","Quick Slash"],"picked":"Bullet Time","floor":21.0},{"not_picked":["Prepared","Terror"],"picked":"PiercingWail+1","floor":24.0},{"not_picked":["Underhanded Strike","Infinite Blades+1"],"picked":"Prepared","floor":27.0},{"not_picked":["Crippling Poison","Dagger Throw"],"picked":"Adrenaline","floor":28},{"not_picked":["Sucker Punch","Prepared"],"picked":"Leg Sweep","floor":30}],"player_experience":843477,"relics_obtained":[{"floor":6.0,"key":"MealTicket"},{"floor":8.0,"key":"Toy Ornithopter"},{"floor":9.0,"key":"Omamori"},{"floor":13.0,"key":"Orichalcum"},{"floor":26.0,"key":"Smiling Mask"},{"floor":28,"key":"TungstenRod"},{"floor":30,"key":"Centennial Puzzle"}],"event_choices":[{"damage_healed":0.0,"max_hp_gain":0.0,"max_hp_loss":0.0,"gold_gain":0.0,"event_name":"Liars Game","player_choice":"Ignored","floor":3.0,"gold_loss":0.0,"damage_taken":0.0},{"cards_removed":["Strike_G"],"damage_healed":0.0,"max_hp_gain":0.0,"max_hp_loss":0.0,"gold_gain":0.0,"event_name":"Golden Wing","player_choice":"Card Removal","floor":11.0,"gold_loss":0.0,"damage_taken":7.0},{"cards_removed":["Choke"],"damage_healed":0,"gold_gain":0,"player_choice":"Gave Gold","damage_taken":0,"max_hp_gain":0,"max_hp_loss":0,"event_name":"Beggar","floor":31,"gold_loss":75}],"is_beta":false,"boss_relics":[{"not_picked":["Philosopher\u0027s Stone","Empty Cage"],"picked":"Pandora\u0027s Box"}],"items_purged_floors":[],"is_endless":false,"potions_floor_spawned":[5,6,8,20,21,28],"killed_by":"Collector","ascension_level":20}}