{"host":"zxd2l8an9de7z7b9","time":1614000310,"event":{"mods":["100% Spire Juice","2.2 Compatiblity","AchievementEnabler","BaseMod","CapriCore","Colored Map","Colored Powertips","Marisa£¨Ùöéë¡¡Øª×âÞÞ£©","Minty Spire (QoL Compilation)","Rare Cards Sparkle","StSLib","SuperFastMode","Td1madao Mod","everything is the same but u backflip on backflip"],"gold_per_floor":[118,118,43,43,43,43,69,69,69,89,121,121,141,158,158,261,261,272,272,371,385,405,405,100,100,100,100,126,149,187,206,206,316,316,340,362,371,390,401,401,12,40,40,69,128,154,154,183,183,183],"floor_reached":51,"language":"KOR","playtime":1772,"items_purged":["Defend_B","Strike_B","Strike_B"],"score":704,"play_id":"cfa82234-95d5-4ab4-90cf-b3889f73d022","local_time":"20210222222510","is_ascension_mode":false,"campfire_choices":[{"data":"Genetic Algorithm","floor":6.0,"key":"SMITH"},{"data":"Darkness","floor":8.0,"key":"SMITH"},{"data":"Zap","floor":12.0,"key":"SMITH"},{"data":"Redo","floor":15.0,"key":"SMITH"},{"data":"Fission","floor":23.0,"key":"SMITH"},{"data":"Hologram","floor":25.0,"key":"SMITH"},{"data":"Darkness","floor":32.0,"key":"SMITH"},{"data":"Rainbow","floor":40.0,"key":"SMITH"},{"data":"Static Discharge","floor":47.0,"key":"SMITH"},{"data":"Defragment","floor":49.0,"key":"SMITH"}],"circlet_count":0,"master_deck":["Defend_B","Defend_B+1","Defend_B","Zap+1","Dualcast+1","Genetic Algorithm+1","Darkness+1","Doom and Gloom","Conserve Battery","Redo+1","Blizzard","Fission+1","Hologram+1","Necronomicurse","Redo","Skim","Darkness+1","Chill","Glacier","Scrape","Leap","Self Repair","Coolheaded+1","Rainbow+1","Capacitor+1","Coolheaded+1","Amplify","Defragment+1","Defragment","Static Discharge+1","Chaos+1","Hologram","Stack","Consume+1"],"relics":["Cracked Core","NeowsBlessing","Gambling Chip","Symbiotic Virus","Anchor","War Paint","Coffee Dripper","Necronomicon","Orrery","Potion Belt","CeramicFish","Bronze Scales","Nuclear Battery","Art of War","CatCart"],"acts_visited":["Exordium","TheCity","TheBeyond"],"potions_floor_usage":[],"damage_taken":[{"damage":0.0,"enemies":"Jaw Worm","floor":1.0,"turns":1.0},{"damage":0.0,"enemies":"3 Sentries","floor":7.0,"turns":1.0},{"damage":0.0,"enemies":"Cultist","floor":10.0,"turns":1.0},{"damage":8.0,"enemies":"Lagavulin","floor":11.0,"turns":4.0},{"damage":0.0,"enemies":"Small Slimes","floor":13.0,"turns":2.0},{"damage":0.0,"enemies":"Looter","floor":14.0,"turns":2.0},{"damage":25.0,"enemies":"The Guardian","floor":16.0,"turns":8.0},{"damage":0.0,"enemies":"Shell Parasite","floor":18.0,"turns":3.0},{"damage":0.0,"enemies":"Spheric Guardian","floor":21.0,"turns":2.0},{"damage":14.0,"enemies":"Centurion and Healer","floor":22.0,"turns":3.0},{"damage":6.0,"enemies":"Cultist and Chosen","floor":29.0,"turns":5.0},{"damage":3.0,"enemies":"Slavers","floor":30.0,"turns":3.0},{"damage":0.0,"enemies":"Snake Plant","floor":31.0,"turns":3.0},{"damage":19.0,"enemies":"Collector","floor":33.0,"turns":7.0},{"damage":0.0,"enemies":"3 Darklings","floor":35.0,"turns":2.0},{"damage":0.0,"enemies":"3 Shapes","floor":36.0,"turns":3.0},{"damage":7.0,"enemies":"Sphere and 2 Shapes","floor":38.0,"turns":4.0},{"damage":0.0,"enemies":"Jaw Worm Horde","floor":39.0,"turns":2.0},{"damage":0.0,"enemies":"Writhing Mass","floor":42.0,"turns":5.0},{"damage":0.0,"enemies":"Spire Growth","floor":44.0,"turns":4.0},{"damage":50.0,"enemies":"Orin","floor":45.0,"turns":14.0},{"damage":0.0,"enemies":"Jaw Worm Horde","floor":46.0,"turns":3.0},{"damage":18.0,"enemies":"Sphere and 2 Shapes","floor":48.0,"turns":4.0},{"damage":47,"enemies":"Donu and Deca","floor":50,"turns":9}],"seed_played":"-5518156218679051684","potions_obtained":[{"floor":1.0,"key":"PotionOfCapacity"},{"floor":13.0,"key":"FocusPotion"},{"floor":14.0,"key":"EssenceOfSteel"},{"floor":16.0,"key":"LiquidBronze"},{"floor":21.0,"key":"SpeedPotion"},{"floor":29.0,"key":"DistilledChaos"},{"floor":38.0,"key":"SkillPotion"},{"floor":39.0,"key":"FocusPotion"},{"floor":42.0,"key":"Fruit Juice"},{"floor":48.0,"key":"Weak Potion"}],"is_trial":false,"path_per_floor":["M","?","$","T","?","R","E","R","T","M","E","R","M","M","R","B",null,"M","?","?","M","M","R","$","R","T","?","T","M","E","M","R","B",null,"M","M","?","M","M","R","$","M","T","M","?","M","R","M","R","B",null],"character_chosen":"DEFECT","items_purchased":["Orrery","Leap","Defragment","Art of War","Energy Potion"],"campfire_rested":0,"item_purchase_floors":[24,24,41,41,41],"current_hp_per_floor":[75,75,75,75,80,80,80,80,80,80,72,72,72,72,72,47,80,80,64,64,64,50,50,50,50,50,50,50,44,48,55,55,36,80,80,80,80,80,80,80,80,85,85,85,42,42,42,24,24,12],"gold":183,"neow_bonus":"THREE_ENEMY_KILL","is_daily":false,"chose_seed":false,"campfire_upgraded":10,"win_rate":0.0,"timestamp":1614000310,"path_taken":["M","?","?","?","?","R","E","R","T","M","E","R","M","M","R","BOSS","M","?","?","M","M","R","$","R","T","?","?","M","E","?","R","BOSS","M","M","?","?","M","R","$","M","T","M","?","M","R","M","R","BOSS"],"items_purchased_type":["Relic","Card","Card","Relic","Potion"],"build_version":"2020-12-22","purchased_purges":3,"victory":true,"max_hp_per_floor":[75,75,75,75,80,80,80,80,80,80,80,80,80,80,80,80,80,80,80,80,80,80,80,80,80,80,80,80,80,80,80,80,80,80,80,80,80,80,80,80,80,85,85,85,85,85,85,85,85,85],"card_choices":[{"not_picked":["Beam Cell","Tempest"],"picked":"Genetic Algorithm","floor":1.0},{"not_picked":["Conserve Battery","Go for the Eyes"],"picked":"Darkness","floor":7.0},{"not_picked":["Steam","Heatsinks"],"picked":"Doom and Gloom","floor":10.0},{"not_picked":["FTL","Hologram"],"picked":"Conserve Battery","floor":11.0},{"not_picked":["Streamline","Conserve Battery"],"picked":"Redo","floor":13.0},{"not_picked":["Beam Cell","Streamline"],"picked":"Blizzard","floor":14.0},{"not_picked":["Echo Form","Creative AI"],"picked":"Fission","floor":16.0},{"not_picked":["Go for the Eyes","Steam"],"picked":"Hologram","floor":18.0},{"not_picked":["Sunder+1","Stack"],"picked":"Redo","floor":21.0},{"not_picked":["Sweeping Beam","Steam"],"picked":"Skim","floor":22.0},{"not_picked":["Barrage","Streamline"],"picked":"Darkness","floor":24.0},{"not_picked":["Beam Cell+1","Reinforced Body"],"picked":"Chill","floor":24.0},{"not_picked":["Reprogram+1","Double Energy"],"picked":"Glacier","floor":24.0},{"not_picked":["Steam","Streamline+1"],"picked":"Scrape","floor":24.0},{"not_picked":["Auto Shields","Gash+1"],"picked":"Self Repair","floor":29.0},{"not_picked":["Skim","Chill+1"],"picked":"Coolheaded+1","floor":30.0},{"not_picked":["Compile Driver","Beam Cell","Sunder"],"picked":"SKIP","floor":31.0},{"not_picked":["Multi-Cast","Hyperbeam"],"picked":"Rainbow","floor":33.0},{"not_picked":["Conserve Battery","Gash"],"picked":"Capacitor+1","floor":35.0},{"not_picked":["Streamline","Cold Snap"],"picked":"Coolheaded+1","floor":36.0},{"not_picked":["Sweeping Beam+1","Recycle+1"],"picked":"Defragment","floor":38.0},{"not_picked":["Sunder+1","Hologram","Leap+1"],"picked":"SKIP","floor":39.0},{"not_picked":["Self Repair","White Noise"],"picked":"Static Discharge","floor":42.0},{"not_picked":["Gash+1","Loop"],"picked":"Chaos+1","floor":44.0},{"not_picked":["Melter","All For One"],"picked":"Hologram","floor":45.0},{"not_picked":["Stack","Cold Snap+1","Blizzard"],"picked":"SKIP","floor":46.0},{"not_picked":["Cold Snap+1","Blizzard"],"picked":"Stack","floor":46.0},{"not_picked":["Beam Cell+1","Leap"],"picked":"Consume+1","floor":48.0}],"player_experience":434603,"relics_obtained":[{"floor":4.0,"key":"Gambling Chip"},{"floor":7.0,"key":"Symbiotic Virus"},{"floor":9.0,"key":"Anchor"},{"floor":11.0,"key":"War Paint"},{"floor":19.0,"key":"Necronomicon"},{"floor":26.0,"key":"Potion Belt"},{"floor":28.0,"key":"CeramicFish"},{"floor":30.0,"key":"Bronze Scales"},{"floor":45.0,"key":"CatCart"}],"event_choices":[{"cards_removed":["Strike_B"],"damage_healed":0.0,"max_hp_gain":0.0,"max_hp_loss":0.0,"gold_gain":0.0,"event_name":"Purifier","player_choice":"Purged","floor":2.0,"gold_loss":0.0,"damage_taken":0.0},{"damage_healed":0.0,"max_hp_gain":5.0,"max_hp_loss":0.0,"gold_gain":0.0,"event_name":"Big Fish","player_choice":"Donut","floor":5.0,"gold_loss":0.0,"damage_taken":0.0},{"damage_healed":0.0,"max_hp_gain":0.0,"max_hp_loss":0.0,"gold_gain":0.0,"event_name":"Cursed Tome","player_choice":"Obtained Book","floor":19.0,"gold_loss":0.0,"damage_taken":16.0},{"damage_healed":0.0,"max_hp_gain":0.0,"max_hp_loss":0.0,"gold_gain":99.0,"event_name":"Nest","player_choice":"Stole From Cult","floor":20.0,"gold_loss":0.0,"damage_taken":0.0},{"damage_healed":0.0,"max_hp_gain":0.0,"max_hp_loss":0.0,"gold_gain":0.0,"event_name":"Vampires","player_choice":"Ignored","floor":27.0,"gold_loss":0.0,"damage_taken":0.0},{"damage_healed":0.0,"max_hp_gain":0.0,"max_hp_loss":0.0,"gold_gain":0.0,"cards_transformed":["Strike_B"],"event_name":"Transmorgrifier","player_choice":"Transformed","floor":37.0,"gold_loss":0.0,"damage_taken":0.0,"cards_obtained":["Amplify"]},{"damage_healed":0.0,"max_hp_gain":0.0,"max_hp_loss":0.0,"gold_gain":0.0,"event_name":"OrinTheCat","player_choice":"Fight","floor":45.0,"gold_loss":0.0,"damage_taken":0.0}],"is_beta":false,"boss_relics":[{"not_picked":["Empty Cage","Runic Dome"],"picked":"Coffee Dripper"},{"not_picked":["Snecko Eye","Inserter"],"picked":"Nuclear Battery"}],"items_purged_floors":[3,24,41],"is_endless":false,"potions_floor_spawned":[1,13,14,16,21,29,38,39,42,48],"ascension_level":0}}