{"host":"qx22gp6oc7p3276t","time":1614028861,"event":{"mods":["AchievementEnabler","BaseMod","Colored Map","Colored Powertips","Minty Spire (QoL Compilation)","Relic Sorter","StSLib","UnlockEverythingMod"],"gold_per_floor":[116,136,136,136,148,178,178,204,253,272,290,305,305,22,22,118,118,118,118,118,118,118,118,118,118,118,118,118,118,118,118,118,118,118,118,118,118,118,43,43,43,43,43,43,43,43,43,43,43,43,43,43,43,43,43,43],"floor_reached":55,"language":"ENG","playtime":2950,"items_purged":["Strike_R"],"score":840,"play_id":"cf2813a6-f2c4-43f0-b150-c60b83922404","local_time":"20210222222101","is_ascension_mode":true,"campfire_choices":[{"data":"Mayhem","floor":7,"key":"SMITH"},{"data":"Rupture","floor":13,"key":"SMITH"},{"data":"True Grit","floor":15,"key":"SMITH"},{"data":"Whirlwind","floor":23,"key":"SMITH"},{"floor":28,"key":"REST"},{"floor":32,"key":"REST"},{"data":"Heavy Blade","floor":41,"key":"SMITH"},{"floor":45,"key":"RECALL"},{"data":"Rupture","floor":49,"key":"SMITH"},{"data":"Combust","floor":52,"key":"SMITH"}],"circlet_count":0,"master_deck":["Defend_R+1","Defend_R","Defend_R","Bash","Mayhem+1","Pommel Strike","Combust+1","Shrug It Off","Shrug It Off","Offering+1","Juggernaut","Rupture+1","Hemokinesis+1","Rupture+1","True Grit+1","Brutality","Thunderclap+1","Whirlwind+1","Twin Strike","Shockwave+1","True Grit+1","Heavy Blade+1","Impervious","Havoc+1","Fiend Fire+1","Impervious+1","Dark Embrace+1","Sword Boomerang+1"],"relics":["Burning Blood","Meat on the Bone","Regal Pillow","War Paint","Shuriken","Ectoplasm","Dream Catcher","Oddly Smooth Stone","Pantograph","Astrolabe","Calipers","Thread and Needle","Lantern","Mummified Hand","Blood Vial","Whetstone"],"acts_visited":["Exordium","TheCity","TheBeyond","TheEnding"],"potions_floor_usage":[35,38,40,48,55,55],"damage_taken":[{"damage":3,"enemies":"2 Louse","floor":1,"turns":3},{"damage":14,"enemies":"Small Slimes","floor":2,"turns":4},{"damage":3,"enemies":"Cultist","floor":5,"turns":4},{"damage":25,"enemies":"Gremlin Nob","floor":6,"turns":4},{"damage":36,"enemies":"Lagavulin","floor":8,"turns":6},{"damage":6,"enemies":"Blue Slaver","floor":10,"turns":4},{"damage":7,"enemies":"Large Slime","floor":11,"turns":4},{"damage":9,"enemies":"Looter","floor":12,"turns":3},{"damage":44,"enemies":"The Guardian","floor":16,"turns":7},{"damage":18,"enemies":"Spheric Guardian","floor":18,"turns":4},{"damage":12,"enemies":"3 Byrds","floor":20,"turns":5},{"damage":22,"enemies":"Centurion and Healer","floor":22,"turns":4},{"damage":48,"enemies":"Slavers","floor":24,"turns":4},{"damage":19,"enemies":"Shelled Parasite and Fungi","floor":29,"turns":3},{"damage":11,"enemies":"Gremlin Leader","floor":30,"turns":5},{"damage":26,"enemies":"Sentry and Sphere","floor":31,"turns":5},{"damage":40,"enemies":"Champ","floor":33,"turns":5},{"damage":19,"enemies":"3 Darklings","floor":35,"turns":2},{"damage":34,"enemies":"2 Orb Walkers","floor":37,"turns":4},{"damage":37,"enemies":"Mind Bloom Boss Battle","floor":38,"turns":5},{"damage":10,"enemies":"Nemesis","floor":40,"turns":3},{"damage":12,"enemies":"3 Shapes","floor":44,"turns":4},{"damage":8,"enemies":"Sphere and 2 Shapes","floor":46,"turns":3},{"damage":11,"enemies":"Giant Head","floor":47,"turns":3},{"damage":5,"enemies":"Jaw Worm Horde","floor":48,"turns":4},{"damage":26,"enemies":"Time Eater","floor":50,"turns":6},{"damage":29,"enemies":"Shield and Spear","floor":54,"turns":5},{"damage":71,"enemies":"The Heart","floor":55,"turns":6}],"seed_played":"5707255073705945760","potions_obtained":[{"floor":2,"key":"CultistPotion"},{"floor":5,"key":"DistilledChaos"},{"floor":6,"key":"LiquidBronze"},{"floor":18,"key":"Explosive Potion"},{"floor":37,"key":"Strength Potion"},{"floor":46,"key":"DistilledChaos"},{"floor":47,"key":"Dexterity Potion"},{"floor":48,"key":"Swift Potion"}],"is_trial":false,"path_per_floor":["M","M","?","?","M","E","R","E","T","M","M","M","R","$","R","B",null,"M","?","M","?","M","R","E","?","T","T","R","M","E","M","R","B",null,"M","?","?","?","$","E","R","$","T","M","R","M","E","M","R","B",null,"R","$","E","B"],"character_chosen":"IRONCLAD","items_purchased":["Shuriken","True Grit"],"campfire_rested":2,"item_purchase_floors":[14,14],"current_hp_per_floor":[72,64,64,64,67,48,48,30,30,42,53,50,50,50,50,24,72,60,60,54,54,50,50,20,20,20,20,56,43,50,42,72,50,72,59,59,43,49,49,45,45,45,45,51,51,49,44,47,47,48,68,68,68,45,0,0],"gold":43,"neow_bonus":"RANDOM_COLORLESS_2","is_daily":false,"chose_seed":false,"campfire_upgraded":7,"win_rate":0.0,"timestamp":1614028861,"path_taken":["M","M","?","?","M","E","R","E","T","M","?","M","R","$","R","BOSS","M","?","M","?","M","R","E","?","T","?","R","?","E","M","R","BOSS","M","?","?","?","$","E","R","?","T","M","R","?","E","M","R","BOSS","R","$","E","BOSS"],"items_purchased_type":["Relic","Card"],"build_version":"2020-12-22","purchased_purges":1,"victory":false,"max_hp_per_floor":[72,72,72,72,72,72,72,72,72,72,72,72,72,72,72,72,72,72,72,72,72,72,72,72,72,72,72,72,72,72,72,72,72,72,72,68,68,68,68,68,68,68,68,68,68,68,68,68,68,68,68,68,68,68,68,68],"card_choices":[{"not_picked":["Chrysalis","Thinking Ahead"],"picked":"Mayhem","floor":0},{"not_picked":["Sever Soul","Rage"],"picked":"Pommel Strike","floor":1},{"not_picked":["Thunderclap","Twin Strike"],"picked":"Combust","floor":2},{"not_picked":["Sever Soul","Iron Wave"],"picked":"Shrug It Off","floor":5},{"not_picked":["Twin Strike","Body Slam"],"picked":"Offering","floor":6},{"not_picked":["Spot Weakness","Warcry"],"picked":"Juggernaut","floor":8},{"not_picked":["Battle Trance","Clash"],"picked":"Rupture","floor":10},{"not_picked":["Blood for Blood","Body Slam"],"picked":"Hemokinesis","floor":11},{"not_picked":["Clothesline","Pummel"],"picked":"Rupture","floor":12},{"not_picked":["Corruption","Offering"],"picked":"Brutality","floor":16},{"not_picked":["True Grit","Shrug It Off"],"picked":"Thunderclap+1","floor":18},{"not_picked":["Iron Wave","Ghostly Armor+1"],"picked":"Whirlwind","floor":20},{"not_picked":["Clash+1","Pommel Strike+1"],"picked":"Twin Strike","floor":22},{"not_picked":["Wild Strike","Corruption","Rupture"],"picked":"SKIP","floor":24},{"not_picked":["Shrug It Off","Battle Trance"],"picked":"Shockwave+1","floor":28},{"not_picked":["Twin Strike+1","Warcry"],"picked":"True Grit+1","floor":29},{"not_picked":["Pommel Strike+1","Feel No Pain+1"],"picked":"Heavy Blade","floor":30},{"not_picked":["Cleave","Spot Weakness","Sever Soul"],"picked":"SKIP","floor":31},{"not_picked":["Exhume","Feed"],"picked":"Impervious","floor":33},{"not_picked":["Twin Strike","Shockwave","Second Wind"],"picked":"SKIP","floor":35},{"not_picked":["Armaments","Cleave+1","Offering"],"picked":"SKIP","floor":40},{"not_picked":["Wild Strike","Shockwave"],"picked":"Dark Embrace+1","floor":44},{"not_picked":["Reckless Charge+1","Dropkick+1","Fire Breathing"],"picked":"SKIP","floor":46},{"not_picked":["Clash","Ghostly Armor+1"],"picked":"Sword Boomerang","floor":47},{"not_picked":["Armaments+1","Havoc","Flex+1"],"picked":"SKIP","floor":48},{"not_picked":["Dropkick+1","Anger+1","Disarm+1"],"picked":"SKIP","floor":54}],"player_experience":412652,"relics_obtained":[{"floor":6,"key":"Meat on the Bone"},{"floor":8,"key":"Regal Pillow"},{"floor":9,"key":"War Paint"},{"floor":24,"key":"Dream Catcher"},{"floor":26,"key":"Oddly Smooth Stone"},{"floor":30,"key":"Pantograph"},{"floor":37,"key":"Calipers"},{"floor":38,"key":"Thread and Needle"},{"floor":40,"key":"Lantern"},{"floor":43,"key":"Mummified Hand"},{"floor":47,"key":"Blood Vial"},{"floor":54,"key":"Whetstone"}],"event_choices":[{"damage_healed":0,"gold_gain":0,"cards_transformed":["Strike_R"],"player_choice":"Change","damage_taken":0,"max_hp_gain":0,"max_hp_loss":0,"event_name":"Living Wall","floor":3,"gold_loss":0,"cards_obtained":["Shrug It Off"]},{"cards_removed":["Strike_R"],"damage_healed":0,"gold_gain":0,"player_choice":"Purged","damage_taken":0,"max_hp_gain":0,"max_hp_loss":0,"event_name":"Purifier","floor":4,"gold_loss":0},{"damage_healed":0,"gold_gain":99,"player_choice":"Stole From Cult","damage_taken":0,"max_hp_gain":0,"max_hp_loss":0,"event_name":"Nest","floor":19,"gold_loss":0},{"damage_healed":0,"gold_gain":0,"player_choice":"Ignored","damage_taken":0,"max_hp_gain":0,"max_hp_loss":0,"event_name":"Cursed Tome","floor":25,"gold_loss":0},{"damage_healed":0,"gold_gain":0,"player_choice":"Max HP","damage_taken":0,"max_hp_gain":0,"max_hp_loss":4,"event_name":"Winding Halls","floor":36,"gold_loss":0},{"damage_healed":0,"gold_gain":0,"player_choice":"Fight","damage_taken":0,"max_hp_gain":0,"max_hp_loss":0,"event_name":"Mysterious Sphere","floor":37,"gold_loss":0},{"damage_healed":0,"gold_gain":0,"player_choice":"Fight","damage_taken":0,"max_hp_gain":0,"max_hp_loss":0,"event_name":"MindBloom","floor":38,"gold_loss":0}],"is_beta":false,"boss_relics":[{"not_picked":["Runic Dome","SacredBark"],"picked":"Ectoplasm"},{"not_picked":["Tiny House","SlaversCollar"],"picked":"Astrolabe"}],"items_purged_floors":[39],"is_endless":false,"potions_floor_spawned":[2,5,6,11,12,18,22,24,30,37,46,47,48],"killed_by":"The Heart","ascension_level":1}}