{"host":"xo0glkmxta74xh34","time":1614024142,"event":{"mods":["BaseMod","Downfall","Minty Spire (QoL Compilation)","Reliquary","Replay The Spire","StSLib"],"gold_per_floor":[99,99,99,99,99,199,199,269,269,343,393,460,460,494,504,504,504,504],"floor_reached":16,"language":"ENG","playtime":581,"items_purged":[],"score":149,"play_id":"f23bcd7e-849e-4207-93d3-51be817f9494","local_time":"20210222140222","is_ascension_mode":true,"campfire_choices":[{"data":"Guardian:TwinSlam","floor":1.0,"key":"SMITH"},{"data":"Guardian:ChargeUp","floor":9,"key":"SMITH"},{"floor":13,"key":"REST"}],"circlet_count":0,"master_deck":["AscendersBane","Guardian:Strike_Guardian","Guardian:Strike_Guardian","Guardian:Strike_Guardian","Guardian:Defend_Guardian","Guardian:Defend_Guardian","Guardian:Defend_Guardian","Guardian:Defend_Guardian","Guardian:CurlUp","Guardian:TwinSlam+1","Guardian:ChargeUp+1","Replay:GuardianCast","Guardian:StasisField","Guardian:Emergency","Guardian:Gem_Green"],"relics":["downfall:HeartsMalice","Cracked Core","downfall:CloakOfManyFaces","CultistMask","FaceOfCleric","NlothsMask","GremlinMask","SsserpentHead","Odd Mushroom","Potion Belt"],"acts_visited":["Exordium"],"potions_floor_usage":[14,15],"damage_taken":[{"damage":0.0,"enemies":"Jaw Worm","floor":2.0,"turns":1.0},{"damage":0.0,"enemies":"Small Slimes","floor":3.0,"turns":1.0},{"damage":0,"enemies":"downfall:FaceTrader","floor":6,"turns":1},{"damage":4,"enemies":"2 Louse","floor":8,"turns":2},{"damage":3,"enemies":"The Mushroom Lair","floor":10,"turns":6},{"damage":8,"enemies":"Exordium Thugs","floor":12,"turns":6},{"damage":10,"enemies":"Gremlin Nob","floor":14,"turns":4},{"damage":6,"enemies":"3 Louse","floor":15,"turns":3},{"damage":88,"enemies":"DF_ARCHETYPE_STREAMLINE","floor":16,"turns":14}],"seed_played":"-7879102968616282195","potions_obtained":[{"floor":6,"key":"champ:CounterPotion"},{"floor":8,"key":"BlessingOfTheForge"},{"floor":10,"key":"Strength Potion"},{"floor":14,"key":"bronze:BurnAndBuffPotion"}],"is_trial":false,"path_per_floor":["R","M","M","?","?","?","T","M","R","?","?","M","R","E","M","B"],"character_chosen":"GUARDIAN","items_purchased":[],"campfire_rested":1,"item_purchase_floors":[],"current_hp_per_floor":[72,72,72,72,72,72,72,69,69,67,67,60,83,74,69,0,0,0],"gold":504,"neow_bonus":"THREE_ENEMY_KILL","is_daily":false,"chose_seed":false,"campfire_upgraded":2,"win_rate":0.0,"timestamp":1614024142,"path_taken":["R","M","M","?","?","?","T","?","R","?","?","?","R","E","M","BOSS"],"items_purchased_type":[],"build_version":"2020-12-22","purchased_purges":0,"victory":false,"max_hp_per_floor":[80,80,80,80,80,80,80,81,81,82,82,83,83,84,85,85,85,85],"card_choices":[{"not_picked":["Guardian:WalkerClaw","Guardian:Incinerate"],"picked":"Guardian:ChargeUp","floor":2.0},{"not_picked":["Guardian:Gem_Lightblue","Guardian:Preprogram","Guardian:CrystalBeam"],"picked":"SKIP","floor":3.0},{"not_picked":["Guardian:Gem_Lightblue","Guardian:ShieldCharger"],"picked":"Guardian:Gem_Purple","floor":8},{"not_picked":["Guardian:Planning","Guardian:Suspension"],"picked":"Guardian:StasisField","floor":10},{"not_picked":["Guardian:Recover","Guardian:TemporalShield","Guardian:Preprogram"],"picked":"SKIP","floor":12},{"not_picked":["Guardian:ChargeCore","Guardian:Planning"],"picked":"Guardian:Emergency","floor":14},{"not_picked":["Guardian:MultiBeam","Guardian:Gem_Lightblue"],"picked":"Guardian:Gem_Green","floor":15}],"player_experience":536636,"relics_obtained":[{"floor":6,"key":"downfall:CloakOfManyFaces"},{"floor":10,"key":"Odd Mushroom"},{"floor":14,"key":"Potion Belt"}],"event_choices":[{"damage_healed":0,"gold_gain":0,"player_choice":"Fought Mushrooms","damage_taken":0,"max_hp_gain":0,"max_hp_loss":0,"event_name":"Mushrooms","floor":10,"gold_loss":0},{"damage_healed":0,"gold_gain":0,"player_choice":"Got Potions","damage_taken":0,"max_hp_gain":0,"max_hp_loss":0,"event_name":"Lab","floor":11,"gold_loss":0}],"is_beta":false,"boss_relics":[],"items_purged_floors":[],"is_endless":false,"potions_floor_spawned":[6,8,10,14],"killed_by":"DF_ARCHETYPE_STREAMLINE","ascension_level":11}}