{"host":"w01zow3jg16g8jdh","time":1614002279,"event":{"mods":["2.2 Compatiblity","AchievementEnabler","BaseMod","DeckTracker","Hermit","Keyboard Shortcuts","Marisa£¨Ùöéë¡¡Øª×âÞÞ£©","Minty Spire (QoL Compilation)","Permanent Neow","StSLib","SuperFastMode"],"gold_per_floor":[118,135,135,146,146,181,10,10,79,109,126,126,126,152,152,152,152],"floor_reached":16,"language":"KOR","playtime":261,"items_purged":[],"score":230,"play_id":"d027120c-13ee-490e-b1d8-aeead17a0be4","local_time":"20210222225759","is_ascension_mode":true,"campfire_choices":[{"floor":8.0,"key":"REST"},{"floor":12.0,"key":"REST"},{"floor":15,"key":"REST"}],"circlet_count":0,"master_deck":["AscendersBane","Strike_MRS","Strike_MRS","Strike_MRS+1","Strike_MRS","Defend_MRS","Defend_MRS","Defend_MRS","MasterSpark+1","UpSweep","JA+1","EventHorizon","SporeBomb"],"relics":["MiniHakkero","Lantern","Nunchaku","Oddly Smooth Stone","CeramicFish"],"acts_visited":["Exordium"],"potions_floor_usage":[],"damage_taken":[{"damage":7.0,"enemies":"Jaw Worm","floor":1.0,"turns":2.0},{"damage":10.0,"enemies":"2 Louse","floor":2.0,"turns":3.0},{"damage":4.0,"enemies":"Small Slimes","floor":4.0,"turns":3.0},{"damage":3.0,"enemies":"3 Sentries","floor":6.0,"turns":4.0},{"damage":15.0,"enemies":"Lagavulin","floor":10.0,"turns":7.0},{"damage":5.0,"enemies":"Looter","floor":11.0,"turns":2.0},{"damage":16.0,"enemies":"3 Sentries","floor":14.0,"turns":4.0},{"damage":36,"enemies":"The Guardian","floor":16,"turns":8}],"seed_played":"1623883224700783167","potions_obtained":[{"floor":1.0,"key":"Dexterity Potion"},{"floor":2.0,"key":"EntropicBrew"}],"is_trial":false,"path_per_floor":["M","M","?","M","?","E","$","R","T","E","M","R","?","E","R","B"],"character_chosen":"MARISA","items_purchased":["Nunchaku"],"campfire_rested":3,"item_purchase_floors":[7],"current_hp_per_floor":[56,46,46,42,21,18,18,39,39,24,19,40,33,17,38,2,2],"gold":152,"neow_bonus":"ONE_RANDOM_RARE_CARD","is_daily":false,"chose_seed":false,"campfire_upgraded":0,"win_rate":0.0,"timestamp":1614002279,"path_taken":["M","M","?","M","?","E","$","R","T","E","M","R","?","E","R","BOSS"],"items_purchased_type":["Relic"],"build_version":"2020-12-22","purchased_purges":0,"victory":false,"max_hp_per_floor":[70,70,70,70,70,70,70,70,70,70,70,70,70,70,70,70,70],"card_choices":[{"not_picked":["GalacticHalo","UnstableBomb"],"picked":"EventHorizon","floor":1.0},{"not_picked":["MeteoricShower","WitchLeyline","DeepEcoloBomb"],"picked":"SKIP","floor":2.0},{"not_picked":["GasGiant","GalacticHalo","SuperPerseids"],"picked":"SKIP","floor":4.0},{"not_picked":["AsteroidBelt","Robbery","NonDirectionalLaser"],"picked":"SKIP","floor":6.0},{"not_picked":["EnergyFlow","Occultation","Acceleration"],"picked":"SKIP","floor":10.0},{"not_picked":["AsteroidBelt","IllusionStar"],"picked":"SporeBomb","floor":11.0},{"not_picked":["DC","WitchLeyline","FairyDestructionRay"],"picked":"SKIP","floor":14}],"player_experience":400833,"relics_obtained":[{"floor":6.0,"key":"Lantern"},{"floor":10.0,"key":"Oddly Smooth Stone"},{"floor":14,"key":"CeramicFish"}],"event_choices":[{"damage_healed":0.0,"max_hp_gain":0.0,"max_hp_loss":0.0,"gold_gain":0.0,"event_name":"Living Wall","player_choice":"Grow","floor":3.0,"gold_loss":0.0,"damage_taken":0.0,"cards_upgraded":["JA"]},{"damage_healed":0.0,"max_hp_gain":0.0,"max_hp_loss":0.0,"gold_gain":0.0,"event_name":"Shining Light","player_choice":"Entered Light","floor":5.0,"gold_loss":0.0,"damage_taken":21.0,"cards_upgraded":["MasterSpark","Strike_MRS"]},{"cards_removed":["Defend_MRS"],"damage_healed":0.0,"max_hp_gain":0.0,"max_hp_loss":0.0,"gold_gain":0.0,"event_name":"Golden Wing","player_choice":"Card Removal","floor":13.0,"gold_loss":0.0,"damage_taken":7.0}],"is_beta":false,"boss_relics":[],"items_purged_floors":[],"is_endless":false,"potions_floor_spawned":[1,2,4],"killed_by":"The Guardian","ascension_level":19}}