{"host":"4wbfffuiqd9v0v1t","time":1614010923,"event":{"mods":["BaseMod","Bestiary","Highlight Path","Minty Spire (QoL Compilation)","Relic Stats","StSLib","ojb\u0027s Info Mod"],"gold_per_floor":[362,381,381,69,69,98,113,139,139,165,165,165,196,207,207,280,280,300,43,43,43,56,87,87,114,140,159,170,190,224,252,252,323,323,342,342,95,105,116,116,150,179,479,504,504,504,515,542,542,542,542],"floor_reached":52,"language":"ENG","playtime":6866,"items_purged":["Strike_B","Defend_B"],"score":2242,"play_id":"5725e6c1-dc76-4598-ba30-8ceabb88f3c4","local_time":"20210222112203","is_ascension_mode":true,"campfire_choices":[{"data":"Fission","floor":12.0,"key":"SMITH"},{"data":"Static Discharge","floor":15.0,"key":"SMITH"},{"data":"Reinforced Body","floor":24.0,"key":"SMITH"},{"data":"Consume","floor":32.0,"key":"SMITH"},{"data":"Capacitor","floor":40.0,"key":"SMITH"},{"data":"Capacitor","floor":45.0,"key":"SMITH"},{"floor":49,"key":"RECALL"}],"circlet_count":0,"master_deck":["AscendersBane","Strike_B+1","Strike_B+1","Defend_B+1","Defend_B+1","Defend_B+1","Dualcast","Reinforced Body+1","Cold Snap","Ball Lightning","Doom and Gloom","Static Discharge+1","Glacier","Compile Driver","Fission+1","Echo Form","Glacier","Core Surge","Glacier+1","Self Repair+1","Consume+1","Genetic Algorithm","Core Surge","CurseOfTheBell","Capacitor+1","Capacitor+1"],"relics":["Cracked Core","Du-Vu Doll","WingedGreaves","Singing Bowl","Kunai","Blue Candle","HornCleat","Velvet Choker","Lee\u0027s Waffle","Symbiotic Virus","Mercury Hourglass","MealTicket","Pen Nib","Potion Belt","Calling Bell","Bag of Marbles","Mummified Hand","Gambling Chip","OrangePellets","Nunchaku","Peace Pipe","Old Coin","Girya","Cables"],"acts_visited":["Exordium","TheCity","TheBeyond"],"potions_floor_usage":[51],"damage_taken":[{"damage":6.0,"enemies":"Cultist","floor":1.0,"turns":3.0},{"damage":0.0,"enemies":"Small Slimes","floor":2.0,"turns":4.0},{"damage":11.0,"enemies":"3 Sentries","floor":6.0,"turns":3.0},{"damage":0.0,"enemies":"2 Louse","floor":7.0,"turns":2.0},{"damage":13.0,"enemies":"Lagavulin","floor":8.0,"turns":8.0},{"damage":13.0,"enemies":"3 Sentries","floor":10.0,"turns":8.0},{"damage":6.0,"enemies":"Lagavulin","floor":13.0,"turns":6.0},{"damage":0.0,"enemies":"Red Slaver","floor":14.0,"turns":3.0},{"damage":10.0,"enemies":"The Guardian","floor":16.0,"turns":9.0},{"damage":9.0,"enemies":"3 Byrds","floor":18.0,"turns":5.0},{"damage":0.0,"enemies":"Spheric Guardian","floor":22.0,"turns":4.0},{"damage":16.0,"enemies":"Book of Stabbing","floor":23.0,"turns":6.0},{"damage":5.0,"enemies":"Slavers","floor":25.0,"turns":5.0},{"damage":0.0,"enemies":"Snecko","floor":27.0,"turns":5.0},{"damage":0.0,"enemies":"Snake Plant","floor":28.0,"turns":3.0},{"damage":18.0,"enemies":"Cultist and Chosen","floor":29.0,"turns":5.0},{"damage":5.0,"enemies":"Gremlin Leader","floor":30.0,"turns":8.0},{"damage":4.0,"enemies":"Slavers","floor":31.0,"turns":7.0},{"damage":0.0,"enemies":"Automaton","floor":33.0,"turns":14.0},{"damage":12.0,"enemies":"3 Darklings","floor":35.0,"turns":9.0},{"damage":27.0,"enemies":"3 Shapes","floor":38.0,"turns":4.0},{"damage":0.0,"enemies":"3 Darklings","floor":39.0,"turns":9.0},{"damage":0.0,"enemies":"Giant Head","floor":41.0,"turns":11.0},{"damage":22.0,"enemies":"Reptomancer","floor":42.0,"turns":9.0},{"damage":0.0,"enemies":"Mind Bloom Boss Battle","floor":44.0,"turns":4.0},{"damage":0.0,"enemies":"Sphere and 2 Shapes","floor":47.0,"turns":4.0},{"damage":2.0,"enemies":"Giant Head","floor":48.0,"turns":13.0},{"damage":6,"enemies":"Time Eater","floor":50,"turns":22},{"damage":15,"enemies":"Awakened One","floor":51,"turns":21}],"seed_played":"8009961711690610936","potions_obtained":[{"floor":1.0,"key":"ColorlessPotion"},{"floor":8.0,"key":"Swift Potion"},{"floor":10.0,"key":"FearPotion"},{"floor":23.0,"key":"BlessingOfTheForge"},{"floor":27.0,"key":"DistilledChaos"},{"floor":30.0,"key":"Block Potion"},{"floor":31.0,"key":"SneckoOil"},{"floor":33.0,"key":"FocusPotion"},{"floor":38.0,"key":"DistilledChaos"},{"floor":42.0,"key":"LiquidBronze"},{"floor":44.0,"key":"Dexterity Potion"},{"floor":47.0,"key":"Regen Potion"}],"is_trial":false,"path_per_floor":["M","M","T","$","?","E","M","E","T","E","?","R","E","M","R","B",null,"M","$","?","?","M","E","R","E","T","M","M","M","E","E","R","B",null,"M","?","$","M","M","R","E","E","T","?","R","?","M","E","R","B","B",null],"character_chosen":"DEFECT","items_purchased":["Ball Lightning","Doom and Gloom","Static Discharge","AttackPotion","Lee\u0027s Waffle","OrangePellets","Capacitor"],"campfire_rested":0,"item_purchase_floors":[4,4,4,4,19,37,37],"current_hp_per_floor":[58,58,58,58,58,47,47,36,36,23,23,23,17,19,19,9,53,46,77,77,77,77,61,61,68,68,78,81,83,83,85,85,85,85,83,83,85,60,82,82,91,91,91,93,93,93,97,99,99,99,99],"gold":542,"neow_bonus":"TWO_FIFTY_GOLD","is_daily":false,"chose_seed":false,"campfire_upgraded":6,"win_rate":0.0,"timestamp":1614010923,"path_taken":["M","M","?","$","?","E","M","E","T","E","?","R","E","?","R","BOSS","M","$","?","?","M","E","R","E","T","?","M","M","E","E","R","BOSS","M","?","$","M","M","R","E","E","T","?","R","?","M","E","R","BOSS","BOSS"],"items_purchased_type":["Card","Card","Card","Potion","Relic","Relic","Card"],"build_version":"2020-12-22","purchased_purges":2,"victory":true,"max_hp_per_floor":[64,64,64,64,64,64,64,66,66,66,66,66,66,68,68,68,68,70,77,77,77,77,77,77,79,79,79,81,83,83,85,85,85,85,85,85,85,87,89,89,91,93,93,95,95,95,97,99,99,99,99],"relic_stats":{"Lee\u0027s Waffle":31,"Singing Bowl":28,"counters":[29,212],"Blue Candle":[0],"Pen Nib":[17],"Mercury Hourglass":[607],"Cables":[41,4,26,11,0],"Peace Pipe":0,"OrangePellets":[2],"Nunchaku":[9],"Mummified Hand":[66],"Gambling Chip":[40],"MealTicket":2,"Kunai":[35],"obtain_stats":[{"Potion Belt":31,"Girya":44,"Lee\u0027s Waffle":19,"Singing Bowl":8,"Blue Candle":10,"Velvet Choker":17,"Pen Nib":30,"Mercury Hourglass":25,"Old Coin":43,"Cables":48,"Du-Vu Doll":3,"Calling Bell":34,"Peace Pipe":42,"OrangePellets":37,"Nunchaku":41,"HornCleat":13,"Mummified Hand":34,"Gambling Chip":34,"MealTicket":26,"WingedGreaves":6,"Bag of Marbles":34,"Kunai":9,"Cracked Core":0,"Symbiotic Virus":23},{"Potion Belt":18,"Girya":25,"Lee\u0027s Waffle":10,"Singing Bowl":5,"Blue Candle":6,"Velvet Choker":9,"Pen Nib":17,"Mercury Hourglass":13,"Old Coin":24,"Cables":27,"Du-Vu Doll":2,"Calling Bell":19,"Peace Pipe":24,"OrangePellets":20,"Nunchaku":23,"HornCleat":7,"Mummified Hand":19,"Gambling Chip":19,"MealTicket":13,"WingedGreaves":3,"Bag of Marbles":19,"Kunai":5,"Cracked Core":0,"Symbiotic Virus":12},{"Potion Belt":92,"Girya":152,"Lee\u0027s Waffle":51,"Singing Bowl":20,"Blue Candle":28,"Velvet Choker":46,"Pen Nib":86,"Mercury Hourglass":66,"Old Coin":148,"Cables":169,"Du-Vu Doll":7,"Calling Bell":106,"Peace Pipe":148,"OrangePellets":115,"Nunchaku":139,"HornCleat":34,"Mummified Hand":106,"Gambling Chip":106,"MealTicket":66,"WingedGreaves":10,"Bag of Marbles":106,"Kunai":20,"Cracked Core":0,"Symbiotic Virus":61}]},"card_choices":[{"not_picked":["Turbo","Storm"],"picked":"Reinforced Body","floor":1.0},{"not_picked":["Lockon","Reprogram"],"picked":"Cold Snap","floor":2.0},{"not_picked":["Compile Driver","FTL"],"picked":"Glacier","floor":6.0},{"not_picked":["Leap","Conserve Battery"],"picked":"Compile Driver","floor":7.0},{"not_picked":["Doom and Gloom","Force Field","Stack"],"picked":"Singing Bowl","floor":8.0},{"not_picked":["Coolheaded","Beam Cell"],"picked":"Fission","floor":10.0},{"not_picked":["Leap","Barrage"],"picked":"Glacier","floor":13.0},{"not_picked":["Coolheaded","Leap","Reinforced Body"],"picked":"Singing Bowl","floor":14.0},{"not_picked":["Fission","All For One"],"picked":"Core Surge","floor":16.0},{"not_picked":["Redo","Compile Driver","Sunder"],"picked":"Singing Bowl","floor":18.0},{"not_picked":["Compile Driver","Chaos"],"picked":"Glacier+1","floor":22.0},{"not_picked":["Gash","Core Surge"],"picked":"Self Repair+1","floor":23.0},{"not_picked":["Gash","Stack","Static Discharge"],"picked":"Singing Bowl","floor":25.0},{"not_picked":["Barrage","Redo"],"picked":"Consume","floor":27.0},{"not_picked":["Stack","Ball Lightning","Self Repair"],"picked":"Singing Bowl","floor":28.0},{"not_picked":["Stack","Steam","Static Discharge"],"picked":"Singing Bowl","floor":29.0},{"not_picked":["Turbo","Heatsinks"],"picked":"Genetic Algorithm","floor":30.0},{"not_picked":["Go for the Eyes","Sweeping Beam","Aggregate+1"],"picked":"Singing Bowl","floor":31.0},{"not_picked":["Buffer","Meteor Strike"],"picked":"Core Surge","floor":33.0},{"not_picked":["Melter+1","Aggregate"],"picked":"Capacitor","floor":35.0},{"not_picked":["Streamline","Tempest","Hologram"],"picked":"Singing Bowl","floor":38.0},{"not_picked":["Cold Snap+1","Gash+1","Turbo"],"picked":"Singing Bowl","floor":39.0},{"not_picked":["Rip and Tear","Melter","Beam Cell+1"],"picked":"Singing Bowl","floor":41.0},{"not_picked":["Steam","Storm","Leap"],"picked":"Singing Bowl","floor":42.0},{"not_picked":["Steam","Melter","Gash"],"picked":"Singing Bowl","floor":44.0},{"not_picked":["Self Repair","Rip and Tear","Cold Snap"],"picked":"Singing Bowl","floor":47.0},{"not_picked":["Doom and Gloom","Turbo","Cold Snap"],"picked":"Singing Bowl","floor":48.0}],"player_experience":160239,"relics_obtained":[{"floor":3.0,"key":"Du-Vu Doll"},{"floor":6.0,"key":"WingedGreaves"},{"floor":8.0,"key":"Singing Bowl"},{"floor":9.0,"key":"Kunai"},{"floor":10.0,"key":"Blue Candle"},{"floor":13.0,"key":"HornCleat"},{"floor":23.0,"key":"Symbiotic Virus"},{"floor":25.0,"key":"Mercury Hourglass"},{"floor":26.0,"key":"MealTicket"},{"floor":30.0,"key":"Pen Nib"},{"floor":31.0,"key":"Potion Belt"},{"floor":34.0,"key":"Bag of Marbles"},{"floor":34.0,"key":"Mummified Hand"},{"floor":34.0,"key":"Gambling Chip"},{"floor":41.0,"key":"Nunchaku"},{"floor":42.0,"key":"Peace Pipe"},{"floor":43.0,"key":"Old Coin"},{"floor":44.0,"key":"Girya"},{"floor":48.0,"key":"Cables"}],"event_choices":[{"damage_healed":0.0,"max_hp_gain":0.0,"max_hp_loss":0.0,"gold_gain":0.0,"event_name":"The Cleric","player_choice":"Leave","floor":5.0,"gold_loss":0.0,"damage_taken":0.0},{"damage_healed":0.0,"max_hp_gain":0.0,"max_hp_loss":0.0,"gold_gain":0.0,"event_name":"Match and Keep!","player_choice":"1 cards matched","floor":11.0,"gold_loss":0.0,"damage_taken":0.0,"cards_obtained":["Echo Form"]},{"damage_healed":0.0,"max_hp_gain":0.0,"max_hp_loss":0.0,"gold_gain":0.0,"event_name":"Back to Basics","player_choice":"Simplicity","floor":20.0,"gold_loss":0.0,"damage_taken":0.0,"cards_upgraded":["Strike_B","Strike_B","Strike_B","Defend_B","Defend_B","Defend_B"]},{"cards_removed":["Zap"],"damage_healed":0.0,"max_hp_gain":0.0,"max_hp_loss":0.0,"gold_gain":0.0,"event_name":"Bonfire Elementals","player_choice":"Offered Basic","floor":21.0,"gold_loss":0.0,"damage_taken":0.0},{"cards_removed":["Strike_B"],"damage_healed":0.0,"max_hp_gain":0.0,"max_hp_loss":0.0,"gold_gain":0.0,"event_name":"Falling","player_choice":"Removed Attack","floor":36.0,"gold_loss":0.0,"damage_taken":0.0},{"damage_healed":0.0,"max_hp_gain":0.0,"max_hp_loss":0.0,"gold_gain":0.0,"event_name":"MindBloom","player_choice":"Fight","floor":44.0,"gold_loss":0.0,"damage_taken":0.0},{"damage_healed":0.0,"max_hp_gain":0.0,"max_hp_loss":0.0,"gold_gain":0.0,"event_name":"Match and Keep!","player_choice":"0 cards matched","floor":46.0,"gold_loss":0.0,"damage_taken":0.0,"cards_obtained":[]}],"is_beta":false,"boss_relics":[{"not_picked":["Ectoplasm","Fusion Hammer"],"picked":"Velvet Choker"},{"not_picked":["Nuclear Battery","Tiny House"],"picked":"Calling Bell"}],"items_purged_floors":[4,19],"is_endless":false,"potions_floor_spawned":[1,8,10,14,23,27,30,31,33,38,42,44,47],"ascension_level":20}}