{"host":"8is2j71l4wmybkoi","time":1614016059,"event":{"mods":["AchievementEnabler","BaseMod","Colored Map","DeckTracker","Minty Spire (QoL Compilation)","Rare Cards Sparkle","Relic Stats","StSLib","SuperFastMode"],"gold_per_floor":[117,134,134,148,148,148,159,185,234,234,31,31,47,60,60,135,185,199,199,199,48,67,67,95,114,114,114,141,141,66,82,82,157,157,175,194,209,209,225,253,277,289,301,347,20,34,34,59,59,59,59,59,8,37,37,37],"floor_reached":55,"language":"KOR","playtime":2554,"items_purged":["Strike_B","Defend_B","Defend_B"],"score":1299,"play_id":"9645f55b-30d4-4e7d-9d34-bb5bc3b1d3c3","local_time":"20210223024739","is_ascension_mode":true,"campfire_choices":[{"data":"Streamline","floor":6.0,"key":"SMITH"},{"floor":10.0,"key":"REST"},{"data":"Defragment","floor":12.0,"key":"SMITH"},{"data":"Zap","floor":15.0,"key":"SMITH"},{"data":"Buffer","floor":23.0,"key":"SMITH"},{"data":"Dualcast","floor":27,"key":"SMITH"},{"floor":32,"key":"REST"},{"floor":42,"key":"REST"},{"data":"Capacitor","floor":47,"key":"SMITH"},{"floor":49,"key":"RECALL"},{"data":"Blizzard","floor":52,"key":"SMITH"}],"circlet_count":0,"master_deck":["AscendersBane","Defend_B+1","Zap+1","Dualcast+1","Panacea","Gash","Double Energy+1","Streamline+1","Undo","Scrape","Gash","Defragment+1","Reinforced Body","Core Surge","Buffer+1","Skim","Glacier+1","Lockon","Multi-Cast","Go for the Eyes+1","Skim","Turbo","Necronomicurse","Chill","Fission","Defragment+1","Hologram+1","Stack+1","Buffer+1","Capacitor+1","Beam Cell+1","Core Surge","Blizzard+1","Blizzard+1"],"relics":["FrozenCore","Sundial","PreservedInsect","Tiny House","Toy Ornithopter","Letter Opener","Mummified Hand","Necronomicon","MawBank","Strawberry","Nunchaku","Unceasing Top","CaptainsWheel"],"acts_visited":["Exordium","TheCity","TheBeyond","TheEnding"],"potions_floor_usage":[28,37,55,55],"damage_taken":[{"damage":7.0,"enemies":"Small Slimes","floor":1.0,"turns":3.0},{"damage":0.0,"enemies":"2 Louse","floor":2.0,"turns":2.0},{"damage":6.0,"enemies":"Cultist","floor":4.0,"turns":3.0},{"damage":1.0,"enemies":"Looter","floor":7.0,"turns":2.0},{"damage":26.0,"enemies":"Gremlin Nob","floor":8.0,"turns":4.0},{"damage":0.0,"enemies":"Large Slime","floor":13.0,"turns":4.0},{"damage":1.0,"enemies":"Blue Slaver","floor":14.0,"turns":4.0},{"damage":11.0,"enemies":"Slime Boss","floor":16.0,"turns":10.0},{"damage":0.0,"enemies":"3 Byrds","floor":18.0,"turns":5.0},{"damage":4.0,"enemies":"Shell Parasite","floor":22.0,"turns":6.0},{"damage":10.0,"enemies":"Gremlin Leader","floor":24.0,"turns":4.0},{"damage":11.0,"enemies":"Sentry and Sphere","floor":25.0,"turns":4.0},{"damage":20,"enemies":"Book of Stabbing","floor":28,"turns":5},{"damage":0,"enemies":"Cultist and Chosen","floor":31,"turns":5},{"damage":12,"enemies":"Champ","floor":33,"turns":11},{"damage":6,"enemies":"3 Shapes","floor":35,"turns":5},{"damage":0,"enemies":"3 Darklings","floor":36,"turns":7},{"damage":22,"enemies":"Transient","floor":37,"turns":5},{"damage":0,"enemies":"Sphere and 2 Shapes","floor":39,"turns":10},{"damage":0,"enemies":"Giant Head","floor":40,"turns":12},{"damage":21,"enemies":"Spire Growth","floor":41,"turns":6},{"damage":2,"enemies":"Nemesis","floor":44,"turns":7},{"damage":0,"enemies":"Maw","floor":46,"turns":8},{"damage":3,"enemies":"Mind Bloom Boss Battle","floor":48,"turns":7},{"damage":60,"enemies":"Donu and Deca","floor":50,"turns":16},{"damage":14,"enemies":"Shield and Spear","floor":54,"turns":10},{"damage":73,"enemies":"The Heart","floor":55,"turns":6}],"seed_played":"-488968750816980015","potions_obtained":[{"floor":4.0,"key":"Fruit Juice"},{"floor":5.0,"key":"DistilledChaos"},{"floor":5.0,"key":"Dexterity Potion"},{"floor":14.0,"key":"Fire Potion"},{"floor":16.0,"key":"Swift Potion"},{"floor":17.0,"key":"FairyPotion"},{"floor":25.0,"key":"FearPotion"},{"floor":35,"key":"GamblersBrew"},{"floor":37,"key":"Strength Potion"}],"is_trial":false,"path_per_floor":["M","M","?","M","?","R","M","E","T","R","$","R","M","M","R","B",null,"M","?","?","$","M","R","E","M","T","R","E","?","?","M","R","B",null,"M","M","M","?","M","E","M","R","T","E","$","M","R","?","R","B",null,"R","$","E","B"],"character_chosen":"DEFECT","items_purchased":["Gash","Defragment","Strength Potion","Blizzard","Nunchaku","FocusPotion"],"campfire_rested":3,"item_purchase_floors":[11,11,21,45,45,53],"current_hp_per_floor":[57,57,36,30,35,35,34,8,8,30,30,30,30,29,29,18,67,67,67,67,67,63,63,53,42,42,42,27,6,6,6,30,18,65,59,59,42,42,42,42,21,45,45,50,50,50,50,47,47,26,73,73,73,59,0,0],"gold":37,"neow_bonus":"RANDOM_COLORLESS","is_daily":false,"chose_seed":false,"campfire_upgraded":7,"win_rate":0.0,"timestamp":1614016059,"path_taken":["M","M","?","M","?","R","M","E","T","R","$","R","?","M","R","BOSS","M","?","?","$","M","R","E","M","T","R","E","?","?","M","R","BOSS","M","M","M","?","M","E","M","R","T","E","$","?","R","?","R","BOSS","R","$","E","BOSS"],"items_purchased_type":["Card","Card","Potion","Card","Relic","Potion"],"build_version":"2020-12-22","purchased_purges":3,"victory":false,"max_hp_per_floor":[71,71,71,71,76,76,76,76,76,76,76,76,76,76,76,76,81,81,81,81,81,81,81,81,81,81,81,81,81,81,81,81,81,81,81,81,81,81,81,81,81,81,81,88,88,88,88,88,88,88,88,88,88,88,88,88],"relic_stats":{"Nunchaku":[11],"counters":[27,171],"Sundial":[26],"Mummified Hand":[60],"PreservedInsect":346,"Necronomicon":[12],"Letter Opener":[416],"MawBank":60,"obtain_stats":[{"Tiny House":17,"PreservedInsect":9,"Letter Opener":26,"MawBank":40,"FrozenCore":34,"Nunchaku":45,"CaptainsWheel":54,"Sundial":8,"Mummified Hand":28,"Strawberry":44,"Necronomicon":29,"Cracked Core":0,"Toy Ornithopter":24,"Unceasing Top":48},{"Tiny House":8,"PreservedInsect":5,"Letter Opener":12,"MawBank":20,"FrozenCore":15,"Nunchaku":22,"CaptainsWheel":26,"Sundial":5,"Mummified Hand":13,"Strawberry":22,"Necronomicon":13,"Cracked Core":0,"Toy Ornithopter":11,"Unceasing Top":24},{"Tiny House":32,"PreservedInsect":14,"Letter Opener":51,"MawBank":111,"FrozenCore":72,"Nunchaku":124,"CaptainsWheel":165,"Sundial":14,"Mummified Hand":56,"Strawberry":124,"Necronomicon":56,"Cracked Core":0,"Toy Ornithopter":47,"Unceasing Top":139}],"Toy Ornithopter":20,"Unceasing Top":[2],"FrozenCore":[60]},"card_choices":[{"not_picked":["Dramatic Entrance","Mind Blast"],"picked":"Panacea","floor":0.0},{"not_picked":["Stack","Hologram"],"picked":"Gash","floor":1.0},{"not_picked":["Go for the Eyes","Leap"],"picked":"Double Energy","floor":2.0},{"not_picked":["Force Field","Hologram"],"picked":"Streamline","floor":4.0},{"not_picked":["Stack","Cold Snap"],"picked":"Undo","floor":7.0},{"not_picked":["White Noise","Conserve Battery"],"picked":"Scrape","floor":8.0},{"not_picked":["Gash","Beam Cell"],"picked":"Reinforced Body","floor":13.0},{"not_picked":["Capacitor","Go for the Eyes"],"picked":"Core Surge","floor":14.0},{"not_picked":["Amplify","Creative AI"],"picked":"Buffer","floor":16.0},{"not_picked":["Ball Lightning","Streamline"],"picked":"Skim","floor":17.0},{"not_picked":["Conserve Battery","Self Repair"],"picked":"Glacier+1","floor":18.0},{"not_picked":["Gash","Ball Lightning"],"picked":"Go for the Eyes+1","floor":22.0},{"not_picked":["Redo","Thunder Strike","Heatsinks"],"picked":"SKIP","floor":24.0},{"not_picked":["Beam Cell","Rebound"],"picked":"Skim","floor":25.0},{"not_picked":["Hello World+1","Streamline"],"picked":"Turbo","floor":28},{"not_picked":["Force Field","Compile Driver"],"picked":"Chill","floor":31},{"not_picked":["Rainbow","Machine Learning"],"picked":"Fission","floor":33},{"not_picked":["Sweeping Beam","Go for the Eyes+1"],"picked":"Defragment+1","floor":35},{"not_picked":["Coolheaded","Conserve Battery"],"picked":"Hologram+1","floor":36},{"not_picked":["Barrage","Aggregate"],"picked":"Stack+1","floor":37},{"not_picked":["Streamline+1","Redo"],"picked":"Capacitor","floor":39},{"not_picked":["Storm","Cold Snap","Turbo"],"picked":"SKIP","floor":40},{"not_picked":["Undo","Rebound"],"picked":"Beam Cell+1","floor":41},{"not_picked":["Stack","Conserve Battery"],"picked":"Core Surge","floor":44},{"not_picked":["Go for the Eyes","Hello World","Ball Lightning"],"picked":"SKIP","floor":46},{"not_picked":["Double Energy+1","Conserve Battery"],"picked":"Blizzard+1","floor":54}],"player_experience":1304012,"relics_obtained":[{"floor":8.0,"key":"Sundial"},{"floor":9.0,"key":"PreservedInsect"},{"floor":24.0,"key":"Toy Ornithopter"},{"floor":26.0,"key":"Letter Opener"},{"floor":28,"key":"Mummified Hand"},{"floor":29,"key":"Necronomicon"},{"floor":40,"key":"MawBank"},{"floor":44,"key":"Strawberry"},{"floor":48,"key":"Unceasing Top"},{"floor":54,"key":"CaptainsWheel"}],"event_choices":[{"damage_healed":0.0,"max_hp_gain":0.0,"max_hp_loss":0.0,"gold_gain":0.0,"event_name":"Shining Light","player_choice":"Entered Light","floor":3.0,"gold_loss":0.0,"damage_taken":21.0,"cards_upgraded":["Strike_B","Double Energy"]},{"damage_healed":0.0,"max_hp_gain":0.0,"max_hp_loss":0.0,"gold_gain":0.0,"event_name":"Lab","player_choice":"Got Potions","floor":5.0,"gold_loss":0.0,"damage_taken":0.0},{"cards_removed":["Strike_B"],"damage_healed":0.0,"max_hp_gain":0.0,"max_hp_loss":0.0,"gold_gain":0.0,"event_name":"Back to Basics","player_choice":"Elegance","floor":19.0,"gold_loss":0.0,"damage_taken":0.0},{"damage_healed":0.0,"max_hp_gain":0.0,"max_hp_loss":0.0,"gold_gain":0.0,"cards_transformed":["Strike_B","Defend_B"],"event_name":"Drug Dealer","player_choice":"Became Test Subject","floor":20.0,"gold_loss":0.0,"damage_taken":0.0,"cards_obtained":["Lockon","Multi-Cast"]},{"damage_healed":0,"gold_gain":0,"player_choice":"Obtained Book","damage_taken":21,"max_hp_gain":0,"max_hp_loss":0,"event_name":"Cursed Tome","floor":29,"gold_loss":0},{"cards_removed":["Strike_B"],"damage_healed":0,"gold_gain":0,"player_choice":"Gave Gold","damage_taken":0,"max_hp_gain":0,"max_hp_loss":0,"event_name":"Beggar","floor":30,"gold_loss":75},{"damage_healed":0,"gold_gain":0,"player_choice":"Copied","damage_taken":0,"max_hp_gain":0,"max_hp_loss":0,"event_name":"Duplicator","floor":38,"gold_loss":0,"cards_obtained":["Buffer"]},{"damage_healed":0,"gold_gain":0,"player_choice":"Fight","damage_taken":0,"max_hp_gain":0,"max_hp_loss":0,"event_name":"MindBloom","floor":48,"gold_loss":0}],"is_beta":false,"boss_relics":[{"not_picked":["SacredBark","Pandora\u0027s Box"],"picked":"Tiny House"},{"not_picked":["Nuclear Battery","Astrolabe"],"picked":"FrozenCore"}],"items_purged_floors":[11,21,45],"is_endless":false,"potions_floor_spawned":[4,14,16,22,25,35,37,40,48],"killed_by":"The Heart","ascension_level":15}}