{"host":"2zq1cv117yq1teno","time":1614032597,"event":{"mods":["BaseMod","Downfall","Friendly Minions","Hermit","Highlight Path","Infinite Spire","Marisa????????","Minty Spire (QoL Compilation)","Quick Restart","Replay The Spire","StSLib","The Bug Knight","The Cursed","The Servant 0.9.4"],"gold_per_floor":[117,117,117,42,59,84,84,119,119,150,170,170,188,219,219,314,314,326,326,326,326,326,345,345,377,377,404,475,221,221,221,246,277,289,400,512,541,600,612,635,666,710,722,766,778,820,850,1012,1036,1067,1079,1196,1208,1208],"floor_reached":53,"language":"ENG","playtime":4800,"items_purged":["Strike_G","Phantasmal Killer","Blade Dance+1","downfall:Malfunctioning"],"score":1034,"play_id":"df5bd6b6-0256-453b-a730-1276c201003f","local_time":"20210222172317","is_ascension_mode":true,"campfire_choices":[{"data":"infinitespire:Neurotoxin","floor":12.0,"key":"SMITH"},{"floor":15.0,"key":"DIG"},{"data":"Deadly Poison","floor":26.0,"key":"SMITH"},{"data":"Footwork","floor":30.0,"key":"SMITH"},{"data":"infinitespire:FutureSight","floor":51,"key":"SMITH"}],"circlet_count":0,"master_deck":["Defend_G+1","Defend_G+1","Defend_G+1","Defend_G+1","Defend_G+1","Neutralize","infinitespire:Neurotoxin+1","Bane","Acrobatics","Deadly Poison+1","Deadly Poison","Footwork+1","Poison Darts+1","Sneak Up+1","Footwork+1","Toxin Wave","Dodge and Roll+1","infinitespire:FutureSight+1","Shrug It Off+1","TheCursedMod:ParallelWorld","Protect+1","Guardian:Gem_Red","hermit:EyeOfTheStorm","infinitespire:TheBestDefense","HollowMod:MawleksShell+1","ReplayTheSpireMod:Private Reserves","hermit:HighNoon","FIFO Queue+1","Guardian:Gem_Synthetic"],"relics":["champ:ChampionCrown","infinitespire:Cubic Diamond","Replay:Bottled Eggs","Calipers","Toy Ornithopter","PreservedInsect","Pet Ghost","Potion Belt","Blood Vial","Astrolabe","Nilry\u0027s Codex","Replay:Towering Pillar of Hats","Molten Egg 2","CaptainsWheel","Snack Pack","PrismaticShard","MawBank","Replay:Wanted Poster","CatCart","Centennial Puzzle","Byrd Skull","Ninja Scroll","Bag of Preparation","ReplayTheSpireMod:CursedCoin","Replay:Bronze Core"],"acts_visited":["Exordium","TheCity","TheBeyond","Exordium"],"potions_floor_usage":[52,52],"damage_taken":[{"damage":0.0,"enemies":"Jaw Worm","floor":1.0,"turns":7.0},{"damage":0.0,"enemies":"Small Slimes","floor":5.0,"turns":4.0},{"damage":23.0,"enemies":"Gremlin Nob","floor":6.0,"turns":5.0},{"damage":14.0,"enemies":"HollowMod:MossKnight","floor":8.0,"turns":9.0},{"damage":3.0,"enemies":"3 Sentries","floor":10.0,"turns":11.0},{"damage":0.0,"enemies":"Cultist","floor":11.0,"turns":3.0},{"damage":7.0,"enemies":"Exordium Thugs","floor":13.0,"turns":5.0},{"damage":0.0,"enemies":"HollowMod:MossKnight","floor":14.0,"turns":3.0},{"damage":0.0,"enemies":"The Guardian","floor":16.0,"turns":8.0},{"damage":0.0,"enemies":"Chosen","floor":18.0,"turns":3.0},{"damage":2.0,"enemies":"Spheric Guardian","floor":23.0,"turns":5.0},{"damage":12.0,"enemies":"Slavers","floor":25.0,"turns":8.0},{"damage":0.0,"enemies":"Replay:Snechameleon","floor":27.0,"turns":4.0},{"damage":1.0,"enemies":"Centurion and Healer","floor":32.0,"turns":5.0},{"damage":0.0,"enemies":"Snake Plant","floor":33.0,"turns":3.0},{"damage":10.0,"enemies":"Automaton","floor":35.0,"turns":8.0},{"damage":0.0,"enemies":"Orb Walker","floor":37.0,"turns":4.0},{"damage":7.0,"enemies":"Orin","floor":38.0,"turns":6.0},{"damage":0.0,"enemies":"3 Shapes","floor":40.0,"turns":6.0},{"damage":0.0,"enemies":"Sphere and 2 Shapes","floor":41.0,"turns":6.0},{"damage":13,"enemies":"Reptomancer","floor":42,"turns":4},{"damage":10,"enemies":"Nightmare","floor":44,"turns":3},{"damage":0,"enemies":"R_Hoarder","floor":46,"turns":4},{"damage":2,"enemies":"4 Shapes","floor":47,"turns":7},{"damage":0,"enemies":"Transient","floor":49,"turns":5},{"damage":0,"enemies":"Writhing Mass","floor":50,"turns":5},{"damage":15,"enemies":"Time Eater","floor":52,"turns":15}],"seed_played":"1155701353671380871","potions_obtained":[{"floor":6.0,"key":"Block Potion"},{"floor":11.0,"key":"Reflective Coating"},{"floor":13.0,"key":"Swift Potion"},{"floor":16.0,"key":"Swift Potion"},{"floor":18.0,"key":"Regen Potion"},{"floor":32.0,"key":"Languid Potion"},{"floor":33.0,"key":"LiquidBronze"},{"floor":35.0,"key":"Fire Potion"},{"floor":42,"key":"Dexterity Potion"},{"floor":44,"key":"LifebloodPotion"},{"floor":49,"key":"Swift Potion"},{"floor":50,"key":"GamblersBrew"},{"floor":52,"key":"Fire Potion"}],"is_trial":false,"path_per_floor":["M","?","?","$","M","E","?","E","T","E","M","R","M","E","R","B",null,"M","?","PTL","PTL","?","M","T","E","R","E","T","$","R","AVR","M","M","R","B",null,"M","?","?","M","M","E","?","NM","T","E","M","AVR","M","M","R","B",null],"character_chosen":"THE_SILENT","items_purchased":["PrismaticShard"],"campfire_rested":0,"item_purchase_floors":[29],"current_hp_per_floor":[63,63,51,51,51,28,28,14,14,11,11,11,4,4,4,11,63,63,63,63,63,47,47,47,57,57,59,59,59,59,59,60,62,63,53,63,63,61,61,63,63,50,63,53,53,59,61,61,63,63,63,53,63,63],"gold":1208,"neow_bonus":"THREE_RARE_CARDS","is_daily":false,"chose_seed":false,"campfire_upgraded":4,"win_rate":0.0,"timestamp":1614032597,"path_taken":["M","?","?","?","?","E","?","E","T","E","?","R","M","E","R","BOSS","M","?","PTL","PTL","?","M","?","E","R","E","T","$","R","AVR","?","M","R","BOSS","M","?","?","M","?","E","?","NM","T","E","M","AVR","M","M","R","BOSS"],"items_purchased_type":["Relic"],"build_version":"2020-12-22","purchased_purges":4,"victory":false,"max_hp_per_floor":[63,63,63,63,63,63,63,63,63,63,63,63,63,63,63,63,63,63,63,63,63,63,63,63,63,63,63,63,63,63,63,63,63,63,63,63,63,63,63,63,63,63,63,63,63,63,63,63,63,63,63,63,63,63],"card_choices":[{"not_picked":["Venomology","Unload"],"picked":"infinitespire:Neurotoxin","floor":0.0},{"not_picked":["Distraction","Underhanded Strike"],"picked":"Bane","floor":1.0},{"not_picked":["Replay:Poison Smokescreen","All Out Attack"],"picked":"Acrobatics","floor":5.0},{"not_picked":["Underhanded Strike","Hidden Blade","Blade Dance"],"picked":"SKIP","floor":6.0},{"not_picked":["Bane","Blade Dance"],"picked":"Deadly Poison","floor":8.0},{"not_picked":["Dagger Throw","Finisher","Atom Bomb"],"picked":"SKIP","floor":10.0},{"not_picked":["Masterful Stab","Bane"],"picked":"Deadly Poison","floor":11.0},{"not_picked":["Dagger Spray","Hidden Blade","Underhanded Strike"],"picked":"SKIP","floor":13.0},{"not_picked":["Corpse Explosion","Hidden Blade"],"picked":"Footwork","floor":14.0},{"not_picked":["Glass Knife","ReplayTheSpireMod:Necrosis"],"picked":"Poison Darts","floor":16.0},{"not_picked":["Hidden Blade","Poisoned Stab+1"],"picked":"Toxin Wave","floor":18.0},{"not_picked":["Quick Slash+1","Blade Dance"],"picked":"Dodge and Roll+1","floor":23.0},{"not_picked":["Dagger Throw+1","Terror","Wraith Form v2"],"picked":"SKIP","floor":25.0},{"not_picked":["Bane+1","ReplayTheSpireMod:Tripwire","Cloak And Dagger"],"picked":"SKIP","floor":27.0},{"not_picked":["MilkyWay+1","True Grit"],"picked":"Shrug It Off+1","floor":32.0},{"not_picked":["WitchLeyline+1","WindmillStrike+1","Iron Wave+1"],"picked":"SKIP","floor":33.0},{"not_picked":["hermit:BlackWind+1","ManaRampage"],"picked":"TheCursedMod:ParallelWorld","floor":35.0},{"not_picked":["Guardian:Recover","HollowMod:DescendingDark+1"],"picked":"Protect+1","floor":37.0},{"not_picked":["champ:IronFortress","Bandage Up+1"],"picked":"Guardian:Gem_Red","floor":38.0},{"not_picked":["Replay:Parry+1","Guardian:FloatingOrbs","WitchLeyline+1"],"picked":"SKIP","floor":40.0},{"not_picked":["WreathOfFlame+1","Robbery+1","bronze:BugBarrage+1"],"picked":"SKIP","floor":41.0},{"not_picked":["CrushJoints+1","champ:Parry"],"picked":"hermit:EyeOfTheStorm","floor":42},{"not_picked":["ReplayTheSpireMod:Echoes of Time","infinitespire:FinalStrike"],"picked":"infinitespire:TheBestDefense","floor":44},{"not_picked":["sneckomod:UnknownClassDEFAULT_GRAY_COLOR+1","bronze:Repair+1","OpenUniverse"],"picked":"SKIP","floor":44},{"not_picked":["bronze:Backtrace+1","HollowMod:HowlingWraiths+1"],"picked":"HollowMod:MawleksShell+1","floor":46},{"not_picked":["sneckomod:SoulRoll+1","hexamod:SkipABeat"],"picked":"ReplayTheSpireMod:Private Reserves","floor":47},{"not_picked":["Slimebound:SplitBruiser+1","HollowMod:HeavyBlow+1"],"picked":"hermit:HighNoon","floor":49},{"not_picked":["Sword Boomerang+1","sneckomod:Unknown1Cost"],"picked":"FIFO Queue+1","floor":50},{"not_picked":["bronze:Virus+1","Night Terror"],"picked":"Guardian:Gem_Synthetic","floor":52}],"player_experience":69427,"relics_obtained":[{"floor":6.0,"key":"Calipers"},{"floor":8.0,"key":"Toy Ornithopter"},{"floor":9.0,"key":"PreservedInsect"},{"floor":10.0,"key":"Pet Ghost"},{"floor":14.0,"key":"Potion Belt"},{"floor":15.0,"key":"Blood Vial"},{"floor":22.0,"key":"Nilry\u0027s Codex"},{"floor":24.0,"key":"Replay:Towering Pillar of Hats"},{"floor":25.0,"key":"Molten Egg 2"},{"floor":27.0,"key":"CaptainsWheel"},{"floor":28.0,"key":"Snack Pack"},{"floor":38.0,"key":"CatCart"},{"floor":42,"key":"Centennial Puzzle"},{"floor":44,"key":"Byrd Skull"},{"floor":45,"key":"Ninja Scroll"},{"floor":46,"key":"Bag of Preparation"}],"event_choices":[{"damage_healed":0.0,"max_hp_gain":0.0,"max_hp_loss":0.0,"gold_gain":0.0,"event_name":"Scrap Ooze","player_choice":"Success","floor":3.0,"gold_loss":0.0,"damage_taken":12.0,"relics_obtained":["Replay:Bottled Eggs"]},{"damage_healed":0.0,"max_hp_gain":0.0,"max_hp_loss":0.0,"gold_gain":0.0,"cards_transformed":["Strike_G"],"event_name":"Transmorgrifier","player_choice":"Transformed","floor":7.0,"gold_loss":0.0,"damage_taken":0.0,"cards_obtained":["Phantasmal Killer"]},{"cards_removed":["Survivor"],"damage_healed":0.0,"max_hp_gain":0.0,"max_hp_loss":0.0,"gold_gain":0.0,"event_name":"Back to Basics","player_choice":"Elegance","floor":19.0,"gold_loss":0.0,"damage_taken":0.0},{"damage_healed":0.0,"max_hp_gain":0.0,"max_hp_loss":0.0,"gold_gain":0.0,"event_name":"Cursed Tome","player_choice":"Obtained Book","floor":22.0,"gold_loss":0.0,"damage_taken":16.0},{"damage_healed":0.0,"max_hp_gain":0.0,"max_hp_loss":0.0,"gold_gain":0.0,"event_name":"OrinTheCat","player_choice":"Fight","floor":38.0,"gold_loss":0.0,"damage_taken":0.0},{"damage_healed":0.0,"max_hp_gain":0.0,"max_hp_loss":0.0,"gold_gain":0.0,"event_name":"SecretPortal","player_choice":"Ignored","floor":39.0,"gold_loss":0.0,"damage_taken":0.0},{"damage_healed":13,"gold_gain":0,"player_choice":"Full Heal","damage_taken":0,"max_hp_gain":0,"max_hp_loss":0,"event_name":"Wheel of Change","floor":43,"gold_loss":0}],"is_beta":false,"boss_relics":[{"not_picked":["Replay:Ancient Bell","infinitespire:Cupcake"],"picked":"Astrolabe"},{"not_picked":["Calling Bell","Black Star"],"picked":"Replay:Wanted Poster"},{"not_picked":["Sozu","Runic Pyramid"],"picked":"Replay:Bronze Core"}],"items_purged_floors":[4,29,31,48],"is_endless":true,"potions_floor_spawned":[6,11,13,16,18,32,33,35,42,44,49,50,52],"ascension_level":1}}