{"host":"8a72fthmlk1o8pdb","time":1614020613,"event":{"mods":["AchievementEnabler","Aspiration","Astrologer","Bard","BaseMod","Beaked The Cultist","Better Altar","Better Match","Better Note","Better Sensory Stone","Better Skull","Better Third Choice","ChefMod","Colored Map","Colored Powertips","Dark Map","Downfall","Friendly Minions","GifTheSpireLib","Googly Eyes","Gremlin Mod","Hermit","Hubris","JesterMod","Jorbs\u0027s Wanderer Trilogy","Marisa????????","Melee Mod","Minty Spire (QoL Compilation)","Monster B Gone","Permanent Neow","Pikachu Mod","Random Character Button","Rare Cards Sparkle","Relic Filter Mod","Relic Stats","Reliquary","Robot Space Explorer","Shade Mod","Shop Mod","Smile Girya","Somnambulant","Spire Arcade","Spire Birthday Party","StSLib","The Animator","The Blue Laboratory","The Construct","The Cursed","The Disciple","The Edgeheg","The Hayseed","The Hierophant","The Juggle","The Jungle","The Marked","The Mystic","The Necromancer","The Poker Player","The Problem Sleuth","The Runesmith","The Showman","TheBandit","TheFirefly","TheVacant","everything is the same but u backflip on backflip","thorton"],"gold_per_floor":[110,110,120,131,131,131,165,165,165,11,27,41,57,57,57],"floor_reached":14,"language":"ENG","playtime":540,"items_purged":["Strike_R"],"score":101,"play_id":"55498614-ae1b-47cd-887c-364329c87641","local_time":"20210222110333","is_ascension_mode":true,"campfire_choices":[{"data":"Barricade","floor":6,"key":"SMITH"},{"data":"True Grit","floor":8,"key":"SMITH"}],"circlet_count":0,"master_deck":["Strike_R","Strike_R","Strike_R","Strike_R","Defend_R","Defend_R","Defend_R","Defend_R","Bash","Barricade+1","Feel No Pain","Pommel Strike","Rage","True Grit+1","Whirlwind","Entrench","Feel No Pain","Body Slam"],"relics":["Burning Blood","reliquary:Stiletto","reliquary:TatteredRug","hubris:CrystalStatue"],"acts_visited":["Exordium"],"potions_floor_usage":[7,7,12,13,13],"damage_taken":[{"damage":17,"enemies":"Small Slimes","floor":1,"turns":5},{"damage":4,"enemies":"2 Louse","floor":3,"turns":5},{"damage":11,"enemies":"Cultist","floor":4,"turns":4},{"damage":6,"enemies":"Gremlin Nob","floor":7,"turns":3},{"damage":0,"enemies":"Blue Slaver","floor":11,"turns":5},{"damage":1,"enemies":"Looter","floor":12,"turns":3},{"damage":34,"enemies":"Gremlin Gang","floor":13,"turns":5},{"damage":28,"enemies":"Lagavulin","floor":14,"turns":11}],"seed_played":"-3288571149039525222","potions_obtained":[{"floor":4,"key":"blueLaboratory:SmithPotion"},{"floor":5,"key":"Regen Potion"},{"floor":5,"key":"Fire Potion"},{"floor":7,"key":"ElixirPotion"},{"floor":11,"key":"BlessingOfTheForge"}],"is_trial":false,"path_per_floor":["M","?","M","M","?","R","E","R","T","$","M","M","M","E"],"character_chosen":"IRONCLAD","items_purchased":["Whirlwind"],"campfire_rested":0,"item_purchase_floors":[10],"current_hp_per_floor":[61,36,38,33,33,33,42,42,42,42,48,53,25,0,0],"gold":57,"neow_bonus":"THREE_RARE_CARDS","is_daily":false,"chose_seed":false,"campfire_upgraded":2,"win_rate":0.0,"timestamp":1614020613,"path_taken":["M","?","M","M","?","R","E","R","T","$","M","?","M","E"],"items_purchased_type":["Card"],"build_version":"2020-12-22","purchased_purges":1,"victory":false,"max_hp_per_floor":[72,72,72,72,72,72,72,72,72,72,72,72,72,72,72],"relic_stats":{"counters":[8,41],"obtain_stats":[{"hubris:CrystalStatue":9,"reliquary:Stiletto":2,"reliquary:TatteredRug":7,"Burning Blood":0},{"hubris:CrystalStatue":4,"reliquary:Stiletto":1,"reliquary:TatteredRug":4,"Burning Blood":0},{"hubris:CrystalStatue":17,"reliquary:Stiletto":5,"reliquary:TatteredRug":17,"Burning Blood":0}],"Burning Blood":42},"card_choices":[{"not_picked":["Immolate","Berserk"],"picked":"Barricade","floor":0},{"not_picked":["Anger","Searing Blow"],"picked":"Feel No Pain","floor":1},{"not_picked":["Anger","Clothesline"],"picked":"Pommel Strike","floor":3},{"not_picked":["Corruption","Sword Boomerang"],"picked":"Rage","floor":4},{"not_picked":["Perfected Strike","Intimidate"],"picked":"True Grit","floor":7},{"not_picked":["Warcry","Armaments"],"picked":"Entrench","floor":11},{"not_picked":["Headbutt","Thunderclap"],"picked":"Feel No Pain","floor":12},{"not_picked":["Havoc","Iron Wave"],"picked":"Body Slam","floor":13}],"player_experience":261577,"relics_obtained":[{"floor":7,"key":"reliquary:TatteredRug"},{"floor":9,"key":"hubris:CrystalStatue"}],"event_choices":[{"damage_healed":0,"gold_gain":0,"player_choice":"Relic ","damage_taken":25,"max_hp_gain":0,"max_hp_loss":0,"event_name":"betterThird:BetterScrap","floor":2,"gold_loss":0,"cards_obtained":["Reboot"]},{"damage_healed":0,"gold_gain":0,"player_choice":"Got Potions","damage_taken":0,"max_hp_gain":0,"max_hp_loss":0,"event_name":"Lab","floor":5,"gold_loss":0}],"is_beta":false,"boss_relics":[],"items_purged_floors":[10],"is_endless":false,"potions_floor_spawned":[4,7,11],"killed_by":"Lagavulin","ascension_level":2}}