{"host":"mnpd8gh7cwxsn5kh","time":1614013157,"event":{"mods":["BaseMod","Bestiary","Block Reminder","Colored Map","Colored Powertips","Highlight Path","Minty Spire (QoL Compilation)","Relic Sorter","Relic Stats"],"gold_per_floor":[109,124,138,63,76,101,101,112,137,163,163,163,196,216,216,216,216],"floor_reached":16,"language":"ENG","playtime":1311,"items_purged":["Strike_G"],"score":244,"play_id":"b83ec65d-fcc4-44df-a5e1-fae88c821e83","local_time":"20210222175917","is_ascension_mode":true,"campfire_choices":[{"floor":7,"key":"REST"},{"floor":12,"key":"REST"},{"floor":15,"key":"REST"}],"circlet_count":0,"master_deck":["AscendersBane","Strike_G","Strike_G","Strike_G","Defend_G","Defend_G","Defend_G","Defend_G","Defend_G","Survivor","Neutralize","Leg Sweep","All Out Attack","Flying Knee","Dagger Spray","Quick Slash","Blade Dance","Masterful Stab","PiercingWail"],"relics":["Ring of the Snake","NeowsBlessing","HornCleat","Orichalcum","Dream Catcher","Smiling Mask"],"acts_visited":["Exordium"],"potions_floor_usage":[6,10,16],"damage_taken":[{"damage":0,"enemies":"Cultist","floor":1,"turns":1},{"damage":0,"enemies":"2 Louse","floor":2,"turns":1},{"damage":0,"enemies":"Jaw Worm","floor":3,"turns":1},{"damage":4,"enemies":"Exordium Wildlife","floor":5,"turns":5},{"damage":18,"enemies":"3 Sentries","floor":6,"turns":11},{"damage":0,"enemies":"2 Fungi Beasts","floor":8,"turns":3},{"damage":34,"enemies":"Gremlin Nob","floor":10,"turns":5},{"damage":32,"enemies":"Lagavulin","floor":13,"turns":9},{"damage":0,"enemies":"Red Slaver","floor":14,"turns":3},{"damage":43,"enemies":"The Guardian","floor":16,"turns":14}],"seed_played":"-7451971049969451793","potions_obtained":[{"floor":2,"key":"CunningPotion"},{"floor":3,"key":"AttackPotion"},{"floor":13,"key":"LiquidBronze"}],"is_trial":false,"path_per_floor":["M","M","M","$","M","E","R","M","T","E","?","R","E","M","R","B"],"character_chosen":"THE_SILENT","items_purchased":[],"campfire_rested":3,"item_purchase_floors":[],"current_hp_per_floor":[59,59,59,59,55,37,56,56,56,22,22,41,9,9,28,0,0],"gold":216,"neow_bonus":"THREE_ENEMY_KILL","is_daily":false,"chose_seed":false,"campfire_upgraded":0,"win_rate":0.0,"timestamp":1614013157,"path_taken":["M","M","M","$","M","E","R","?","T","E","?","R","E","M","R","BOSS"],"items_purchased_type":[],"build_version":"2020-12-22","purchased_purges":1,"victory":false,"max_hp_per_floor":[66,66,66,66,66,66,66,66,66,66,66,66,66,66,66,66,66],"relic_stats":{"Dream Catcher":2,"counters":[10,53],"Orichalcum":[84],"Smiling Mask":0,"obtain_stats":[{"Dream Catcher":10,"HornCleat":6,"NeowsBlessing":0,"Orichalcum":9,"Smiling Mask":13,"Ring of the Snake":0},{"Dream Catcher":7,"HornCleat":5,"NeowsBlessing":0,"Orichalcum":6,"Smiling Mask":8,"Ring of the Snake":0},{"Dream Catcher":27,"HornCleat":19,"NeowsBlessing":0,"Orichalcum":22,"Smiling Mask":36,"Ring of the Snake":0}],"Ring of the Snake":[20]},"card_choices":[{"not_picked":["Dodge and Roll","Bane"],"picked":"Leg Sweep","floor":1},{"not_picked":["Slice","Finisher"],"picked":"All Out Attack","floor":2},{"not_picked":["Setup","Prepared"],"picked":"Flying Knee","floor":3},{"not_picked":["Flying Knee","Poisoned Stab"],"picked":"Dagger Spray","floor":5},{"not_picked":["Finisher","Grand Finale","Deflect"],"picked":"SKIP","floor":6},{"not_picked":["Finisher","Grand Finale","Deflect"],"picked":"SKIP","floor":6},{"not_picked":["Eviscerate","Prepared"],"picked":"Quick Slash","floor":8},{"not_picked":["Underhanded Strike","Finisher","Outmaneuver"],"picked":"SKIP","floor":10},{"not_picked":["Backflip","Poisoned Stab"],"picked":"Blade Dance","floor":12},{"not_picked":["Quick Slash","Deadly Poison"],"picked":"Masterful Stab","floor":13},{"not_picked":["Sucker Punch","Setup"],"picked":"PiercingWail","floor":14}],"player_experience":684369,"relics_obtained":[{"floor":6,"key":"HornCleat"},{"floor":9,"key":"Orichalcum"},{"floor":10,"key":"Dream Catcher"},{"floor":13,"key":"Smiling Mask"}],"event_choices":[{"cards_removed":["Strike_G"],"damage_healed":0,"gold_gain":0,"player_choice":"Purged","damage_taken":0,"max_hp_gain":0,"max_hp_loss":0,"event_name":"Purifier","floor":11,"gold_loss":0}],"is_beta":false,"boss_relics":[],"items_purged_floors":[4],"is_endless":false,"potions_floor_spawned":[2,3,13],"killed_by":"The Guardian","ascension_level":20}}