{"host":"q8o6l8eqnoevndy4","time":1614029281,"event":{"mods":["2.2 Compatiblity","AchievementEnabler","Act Like it!","AlwaysNeverKeys","Bard","BaseMod","Bestiary","Better Altar","Better Match","Better Note","Better Sensory Stone","Better Skull","Better Third Choice","Better Vampires","Better-Laid Plans","Booster Modes","Colored Map","Colored Powertips","Custom Start","Disable Question Mark Monsters","Displayed Cursed Tome","Extra Virgin Snecko Oil","Friendly Minions","GifTheSpireLib","Hermit","Highlight Path","Infinite Spire","Keyboard Shortcuts","Minty Spire (QoL Compilation)","Permanent Neow","Quick Restart","Random Character Button","Random Character Mod","Rare Cards Sparkle","Relic Filter","Relic Sorter","Relic Stats","Reliquary","Reorder Act Four","Spicy Shops","Spire Arcade","StSLib","The Blackbeard","The Gatherer","Transform Curses","Virulent Crown"],"gold_per_floor":[109,121,139,139,156,156,181,181,181,181,202,202,202],"floor_reached":12,"language":"ENG","playtime":583,"items_purged":[],"score":80,"play_id":"f19925b7-ddf7-43a1-a257-f22472d71ea4","local_time":"20210222152801","is_ascension_mode":false,"campfire_choices":[{"data":"Glacier","floor":6,"key":"SMITH"},{"data":"Redo","floor":9,"key":"SMITH"}],"circlet_count":0,"master_deck":["Strike_B","Strike_B","Strike_B","Strike_B","Defend_B","Defend_B","Defend_B","Defend_B","Zap","Dualcast+1","Go for the Eyes","Gash","Glacier+1","Coolheaded","Redo+1","Redo"],"relics":["Nuclear Battery","Tiny Chest","Golden Idol","Sundial"],"acts_visited":["Exordium"],"potions_floor_usage":[12,12,12],"damage_taken":[{"damage":1,"enemies":"2 Louse","floor":1,"turns":2},{"damage":0,"enemies":"Small Slimes","floor":2,"turns":3},{"damage":1,"enemies":"Cultist","floor":3,"turns":4},{"damage":7,"enemies":"Red Slaver","floor":5,"turns":4},{"damage":17,"enemies":"Lagavulin","floor":7,"turns":12},{"damage":2,"enemies":"Lots of Slimes","floor":11,"turns":6},{"damage":55,"enemies":"Gremlin Nob","floor":12,"turns":6}],"seed_played":"3102492678924747453","potions_obtained":[{"floor":2,"key":"SkillPotion"},{"floor":3,"key":"ColorlessPotion"},{"floor":7,"key":"FocusPotion"}],"is_trial":false,"path_per_floor":["M","M","M","?","M","R","E","?","R","T","M","E"],"character_chosen":"DEFECT","items_purchased":[],"campfire_rested":0,"item_purchase_floors":[],"current_hp_per_floor":[74,74,73,73,66,66,49,49,49,49,47,0,0],"gold":202,"neow_bonus":"BOSS_RELIC","is_daily":false,"chose_seed":false,"campfire_upgraded":2,"win_rate":0.0,"timestamp":1614029281,"path_taken":["M","M","M","?","M","R","E","?","R","T","M","E"],"items_purchased_type":[],"build_version":"2020-12-22","purchased_purges":0,"victory":false,"max_hp_per_floor":[75,75,75,75,75,75,75,69,69,69,69,69,69],"relic_stats":{"counters":[7,37],"Golden Idol":4,"Sundial":[2],"Tiny Chest":0,"obtain_stats":[{"Golden Idol":8,"Sundial":10,"Tiny Chest":7,"Cracked Core":0,"Nuclear Battery":0},{"Golden Idol":5,"Sundial":5,"Tiny Chest":5,"Cracked Core":0,"Nuclear Battery":0},{"Golden Idol":25,"Sundial":25,"Tiny Chest":25,"Cracked Core":0,"Nuclear Battery":0}]},"card_choices":[{"not_picked":["Steam","Force Field"],"picked":"Go for the Eyes","floor":1},{"not_picked":["White Noise","Rebound"],"picked":"Gash","floor":2},{"not_picked":["Skim","Force Field"],"picked":"Glacier","floor":3},{"not_picked":["Turbo","Multi-Cast"],"picked":"Coolheaded","floor":5},{"not_picked":["Streamline","Seek"],"picked":"Redo","floor":7},{"not_picked":["Barrage","Rebound"],"picked":"Redo","floor":11}],"player_experience":1179428,"relics_obtained":[{"floor":7,"key":"Tiny Chest"},{"floor":10,"key":"Sundial"}],"event_choices":[{"damage_healed":0,"gold_gain":0,"player_choice":"Lose Max HP","damage_taken":0,"relics_obtained":["Golden Idol"],"max_hp_gain":0,"max_hp_loss":6,"event_name":"Golden Idol","floor":8,"gold_loss":0}],"is_beta":false,"boss_relics":[],"items_purged_floors":[],"is_endless":false,"potions_floor_spawned":[2,3,7],"killed_by":"Gremlin Nob","ascension_level":0}}