{"host":"Stephanie","time":1614011862,"event":{"mods":["BaseMod","Colored Powertips","Minty Spire (QoL Compilation)","Rare Cards Sparkle","Relic Stats","StSLib","The Marked"],"gold_per_floor":[115,130,130,143,143,143,182,182,182,220,233,251,274,309,309,309,309],"floor_reached":16,"language":"ENG","playtime":711,"items_purged":[],"score":154,"play_id":"000f6387-8413-4098-be3d-d2acee4c7308","local_time":"20210222113742","is_ascension_mode":true,"campfire_choices":[{"data":"theMarked:EmpowerWeapon","floor":6.0,"key":"SMITH"},{"floor":8.0,"key":"REST"},{"floor":15.0,"key":"REST"}],"circlet_count":0,"master_deck":["theMarked:Strike","theMarked:Strike","theMarked:Strike","theMarked:Strike","theMarked:Strike","theMarked:Defend+1","theMarked:Defend+1","theMarked:Defend","theMarked:Defend","theMarked:SoldierOfQuellstein","theMarked:MagusForm","theMarked:ChainLightning","theMarked:ElectricStrings","theMarked:EmpowerWeapon+1","Pain","theMarked:ThrowWeapon","theMarked:SwordAndMagic","theMarked:EnhanceMovement","theMarked:WastefulAttack"],"relics":["theMarked:ArtifactOfAir","Golden Idol","WarpedTongs","StoneCalendar","Peace Pipe","War Paint"],"acts_visited":["Exordium"],"potions_floor_usage":[],"damage_taken":[{"damage":3.0,"enemies":"Jaw Worm","floor":1.0,"turns":5.0},{"damage":0.0,"enemies":"Small Slimes","floor":2.0,"turns":4.0},{"damage":1.0,"enemies":"Cultist","floor":4.0,"turns":3.0},{"damage":37.0,"enemies":"3 Sentries","floor":7.0,"turns":6.0},{"damage":21.0,"enemies":"Lagavulin","floor":10.0,"turns":5.0},{"damage":5.0,"enemies":"Looter","floor":11.0,"turns":3.0},{"damage":5.0,"enemies":"2 Fungi Beasts","floor":12.0,"turns":5.0},{"damage":8.0,"enemies":"Red Slaver","floor":13.0,"turns":2.0},{"damage":0.0,"enemies":"Gremlin Nob","floor":14.0,"turns":2.0},{"damage":32,"enemies":"Hexaghost","floor":16,"turns":7}],"seed_played":"-1059115936849866257","potions_obtained":[{"floor":7.0,"key":"Ancient Potion"},{"floor":10.0,"key":"Ancient Potion"},{"floor":14.0,"key":"Explosive Potion"}],"is_trial":false,"path_per_floor":["M","M","?","M","?","R","E","R","T","E","M","M","M","E","R","B"],"character_chosen":"THE_DEFAULT","items_purchased":[],"campfire_rested":2,"item_purchase_floors":[],"current_hp_per_floor":[67,67,65,64,64,64,27,46,46,25,20,15,7,7,26,0,0],"gold":309,"neow_bonus":"ONE_RANDOM_RARE_CARD","is_daily":false,"chose_seed":false,"campfire_upgraded":1,"win_rate":0.0,"timestamp":1614011862,"path_taken":["M","M","?","M","?","R","E","R","T","E","M","M","M","E","R","BOSS"],"items_purchased_type":[],"build_version":"2020-12-18","purchased_purges":0,"victory":false,"max_hp_per_floor":[70,70,65,65,65,65,65,65,65,65,65,65,65,65,65,65,65],"relic_stats":{"Peace Pipe":0,"counters":[10,42],"Golden Idol":38,"StoneCalendar":[52],"War Paint":["theMarked:Defend","theMarked:Defend"],"obtain_stats":[{"Peace Pipe":9,"theMarked:ArtifactOfAir":0,"Golden Idol":3,"StoneCalendar":7,"War Paint":14,"WarpedTongs":5},{"Peace Pipe":4,"theMarked:ArtifactOfAir":0,"Golden Idol":2,"StoneCalendar":4,"War Paint":9,"WarpedTongs":3},{"Peace Pipe":18,"theMarked:ArtifactOfAir":0,"Golden Idol":9,"StoneCalendar":18,"War Paint":35,"WarpedTongs":12}],"WarpedTongs":[30]},"card_choices":[{"not_picked":["theMarked:HeightenedSenses","theMarked:TakeCover"],"picked":"theMarked:ChainLightning","floor":1.0},{"not_picked":["theMarked:WastefulAttack","theMarked:Convert"],"picked":"theMarked:ElectricStrings","floor":2.0},{"not_picked":["theMarked:TakeCover","theMarked:HeightenedSenses"],"picked":"theMarked:EmpowerWeapon","floor":4.0},{"not_picked":["theMarked:Convert","theMarked:Aftermath"],"picked":"theMarked:ThrowWeapon","floor":7.0},{"not_picked":["theMarked:HeightenedSenses","theMarked:Parkour"],"picked":"theMarked:SwordAndMagic","floor":10.0},{"not_picked":["theMarked:SwordAndMagic","theMarked:Parkour","theMarked:Frustration"],"picked":"SKIP","floor":11.0},{"not_picked":["theMarked:EmpowerWeapon","theMarked:WastefulAttack"],"picked":"theMarked:EnhanceMovement","floor":12.0},{"not_picked":["theMarked:ResourceFulStrike","theMarked:BanishingStrike"],"picked":"theMarked:WastefulAttack","floor":13.0},{"not_picked":["theMarked:SwordAndMagic","theMarked:GodGivenPower","theMarked:TwofoldDefense"],"picked":"SKIP","floor":14.0}],"player_experience":898102,"relics_obtained":[{"floor":7.0,"key":"StoneCalendar"},{"floor":9.0,"key":"Peace Pipe"},{"floor":14.0,"key":"War Paint"}],"event_choices":[{"damage_healed":0.0,"max_hp_gain":0.0,"max_hp_loss":5.0,"gold_gain":0.0,"event_name":"Golden Idol","player_choice":"Lose Max HP","floor":3.0,"gold_loss":0.0,"damage_taken":0.0,"relics_obtained":["Golden Idol"]},{"damage_healed":0.0,"max_hp_gain":0.0,"max_hp_loss":0.0,"gold_gain":0.0,"event_name":"Accursed Blacksmith","player_choice":"Rummage","floor":5.0,"gold_loss":0.0,"damage_taken":0.0,"relics_obtained":["WarpedTongs"],"cards_obtained":["Pain"]}],"is_beta":true,"boss_relics":[],"items_purged_floors":[],"is_endless":false,"potions_floor_spawned":[7,10,14],"killed_by":"Hexaghost","ascension_level":1}}