{"host":"z37g2hkgkh2zjyzk","time":1614024948,"event":{"mods":["2.2 Compatiblity","AchievementEnabler","BaseMod","Bestiary","Colored Map","Colored Powertips","Curses Come First","Highlight Path","Keyboard Shortcuts","Minty Spire (QoL Compilation)","Relic Stats","StSLib","SuperFastMode"],"gold_per_floor":[369,444,29,48,61,94,150,150,150,150,170,170,204,217,217,312,312,326,326,337,337,46,46,46,74,101,111,111,140,140,158,158,254,254,267,49,0,18,34,62,76,108,108,108,108,138,150,150,150,150,150,150,25,57,57],"floor_reached":56,"language":"ENG","playtime":5822,"items_purged":["Strike_B","Decay","Defend_B"],"score":1816,"play_id":"17b7d8a4-38d0-4cd9-8e21-7232fe1fe558","local_time":"20210222211548","is_ascension_mode":true,"campfire_choices":[{"data":"Biased Cognition","floor":8.0,"key":"SMITH"},{"data":"Defragment","floor":10.0,"key":"SMITH"},{"floor":12.0,"key":"REST"},{"data":"Seek","floor":15.0,"key":"SMITH"},{"data":"Reboot","floor":23.0,"key":"SMITH"},{"data":"Turbo","floor":28.0,"key":"SMITH"},{"data":"Loop","floor":30.0,"key":"SMITH"},{"floor":32.0,"key":"REST"},{"floor":45,"key":"RECALL"},{"data":"Capacitor","floor":49,"key":"SMITH"},{"data":"Reboot","floor":52,"key":"SMITH"}],"circlet_count":0,"master_deck":["Strike_B+1","Defend_B","Defend_B","Defend_B","Zap","Dualcast","Turbo+1","Defragment+1","Barrage+1","Biased Cognition+1","Glacier","Seek+1","Loop+1","Cold Snap+1","Reboot+1","Coolheaded+1","Hologram+1","Go for the Eyes+1","Reboot+1","Sweeping Beam+1","Skim","Compile Driver+1","Turbo+1","Capacitor+1","Creative AI","Darkness+1","Glacier","Flash of Steel+1","Skim+1"],"relics":["FrozenCore","ClockworkSouvenir","Ancient Tea Set","Pocketwatch","Sundial","Molten Egg 2","Dream Catcher","Empty Cage","Tiny Chest","Ice Cream","HornCleat","Toy Ornithopter","Red Mask","MealTicket","Potion Belt","Dead Branch","Mango","Whetstone","CaptainsWheel"],"acts_visited":["Exordium","TheCity","TheBeyond","TheEnding"],"potions_floor_usage":[40,42,55,55,55,55],"damage_taken":[{"damage":1.0,"enemies":"2 Louse","floor":1.0,"turns":2.0},{"damage":2.0,"enemies":"Jaw Worm","floor":4.0,"turns":3.0},{"damage":0.0,"enemies":"Small Slimes","floor":5.0,"turns":3.0},{"damage":20.0,"enemies":"Lagavulin","floor":6.0,"turns":4.0},{"damage":0.0,"enemies":"Gremlin Nob","floor":7.0,"turns":3.0},{"damage":2.0,"enemies":"2 Fungi Beasts","floor":11.0,"turns":4.0},{"damage":0.0,"enemies":"Gremlin Nob","floor":13.0,"turns":5.0},{"damage":6.0,"enemies":"Looter","floor":14.0,"turns":2.0},{"damage":10.0,"enemies":"Hexaghost","floor":16.0,"turns":8.0},{"damage":7.0,"enemies":"Shell Parasite","floor":18.0,"turns":7.0},{"damage":9.0,"enemies":"3 Byrds","floor":20.0,"turns":4.0},{"damage":0.0,"enemies":"Slavers","floor":25.0,"turns":5.0},{"damage":0.0,"enemies":"Sentry and Sphere","floor":27.0,"turns":6.0},{"damage":0.0,"enemies":"Book of Stabbing","floor":29.0,"turns":5.0},{"damage":9.0,"enemies":"Cultist and Chosen","floor":31.0,"turns":5.0},{"damage":0.0,"enemies":"Champ","floor":33.0,"turns":13.0},{"damage":4.0,"enemies":"3 Shapes","floor":35.0,"turns":7.0},{"damage":0.0,"enemies":"Orb Walker","floor":38.0,"turns":4.0},{"damage":0.0,"enemies":"3 Darklings","floor":39.0,"turns":4.0},{"damage":7,"enemies":"Reptomancer","floor":40,"turns":7},{"damage":4,"enemies":"Spire Growth","floor":41,"turns":6},{"damage":20,"enemies":"Nemesis","floor":42,"turns":5},{"damage":0,"enemies":"Giant Head","floor":46,"turns":9},{"damage":0,"enemies":"4 Shapes","floor":47,"turns":4},{"damage":0,"enemies":"Time Eater","floor":50,"turns":9},{"damage":0,"enemies":"Shield and Spear","floor":54,"turns":7},{"damage":91,"enemies":"The Heart","floor":55,"turns":12}],"seed_played":"-6959161715355401959","potions_obtained":[{"floor":5.0,"key":"FocusPotion"},{"floor":7.0,"key":"Strength Potion"},{"floor":11.0,"key":"Dexterity Potion"},{"floor":31.0,"key":"BlessingOfTheForge"},{"floor":39.0,"key":"Block Potion"},{"floor":41,"key":"ColorlessPotion"},{"floor":42,"key":"Regen Potion"},{"floor":46,"key":"DistilledChaos"}],"is_trial":false,"path_per_floor":["M","?","$","M","M","E","?","R","T","R","M","R","E","M","R","B",null,"M","?","M","?","$","R","?","E","T","M","R","E","R","M","R","B",null,"M","$","?","M","M","E","M","E","T","T","R","E","M","?","R","B",null,"R","$","E","B",null],"character_chosen":"DEFECT","items_purchased":["Defragment","ClockworkSouvenir","Ancient Tea Set","Ice Cream","Skim","Compile Driver+1"],"campfire_rested":2,"item_purchase_floors":[3,3,3,22,36,36],"current_hp_per_floor":[67,56,56,54,54,34,34,34,34,34,32,52,52,46,46,36,60,53,53,44,44,44,44,44,44,44,44,44,44,44,35,55,55,65,61,61,61,61,61,59,55,40,40,54,54,54,54,54,54,54,75,75,82,82,9],"gold":57,"neow_bonus":"TWO_FIFTY_GOLD","is_daily":false,"chose_seed":false,"campfire_upgraded":8,"win_rate":0.0,"timestamp":1614024948,"path_taken":["M","?","$","M","M","E","?","R","T","R","?","R","E","M","R","BOSS","M","?","M","?","$","R","?","E","T","?","R","E","R","M","R","BOSS","M","$","?","M","M","E","M","E","T","?","R","E","M","?","R","BOSS","R","$","E","BOSS"],"items_purchased_type":["Card","Relic","Relic","Relic","Card","Card"],"build_version":"2020-12-22","purchased_purges":3,"victory":true,"max_hp_per_floor":[68,68,68,68,68,68,68,68,68,68,68,68,68,68,68,68,68,68,68,68,68,68,68,68,68,68,68,68,68,68,68,68,68,68,68,68,68,68,68,68,68,68,68,82,82,82,82,82,82,82,82,82,82,82,82],"relic_stats":{"Dream Catcher":1,"counters":[27,151],"Sundial":[42],"Dead Branch":[37],"Tiny Chest":1,"MealTicket":7,"Whetstone":["Strike_B","Barrage"],"obtain_stats":[{"Ice Cream":22,"Potion Belt":42,"Dead Branch":43,"Mango":44,"Whetstone":46,"Ancient Tea Set":3,"Empty Cage":17,"ClockworkSouvenir":3,"FrozenCore":34,"Dream Catcher":13,"CaptainsWheel":54,"HornCleat":25,"Sundial":7,"Molten Egg 2":9,"Tiny Chest":21,"MealTicket":40,"Red Mask":37,"Cracked Core":0,"Toy Ornithopter":29,"Pocketwatch":6},{"Ice Cream":11,"Potion Belt":22,"Dead Branch":22,"Mango":22,"Whetstone":23,"Ancient Tea Set":1,"Empty Cage":9,"ClockworkSouvenir":1,"FrozenCore":16,"Dream Catcher":7,"CaptainsWheel":26,"HornCleat":12,"Sundial":4,"Molten Egg 2":5,"Tiny Chest":11,"MealTicket":20,"Red Mask":17,"Cracked Core":0,"Toy Ornithopter":14,"Pocketwatch":4},{"Ice Cream":45,"Potion Belt":110,"Dead Branch":110,"Mango":110,"Whetstone":119,"Ancient Tea Set":2,"Empty Cage":34,"ClockworkSouvenir":2,"FrozenCore":78,"Dream Catcher":24,"CaptainsWheel":139,"HornCleat":50,"Sundial":12,"Molten Egg 2":15,"Tiny Chest":45,"MealTicket":100,"Red Mask":85,"Cracked Core":0,"Toy Ornithopter":61,"Pocketwatch":12}],"Toy Ornithopter":20,"FrozenCore":[20],"Pocketwatch":[125]},"card_choices":[{"not_picked":["Rebound","Steam"],"picked":"Turbo","floor":1.0},{"not_picked":["Turbo","Conserve Battery"],"picked":"Barrage","floor":4.0},{"not_picked":["Coolheaded","Darkness"],"picked":"Biased Cognition","floor":5.0},{"not_picked":["Tempest","Redo"],"picked":"Glacier","floor":6.0},{"not_picked":["Stack","Streamline+1"],"picked":"Seek","floor":11.0},{"not_picked":["Redo","Genetic Algorithm"],"picked":"Loop","floor":13.0},{"not_picked":["Sweeping Beam+1","White Noise"],"picked":"Cold Snap+1","floor":14.0},{"not_picked":["Buffer","Fission"],"picked":"Reboot","floor":16.0},{"not_picked":["Streamline+1","Redo+1"],"picked":"Coolheaded+1","floor":18.0},{"not_picked":["Consume","Reinforced Body"],"picked":"Hologram+1","floor":20.0},{"not_picked":["Beam Cell+1","Leap","Rip and Tear+1"],"picked":"SKIP","floor":25.0},{"not_picked":["Melter+1","Aggregate+1","Stack"],"picked":"SKIP","floor":27.0},{"not_picked":["All For One+1","Sweeping Beam+1","Genetic Algorithm"],"picked":"SKIP","floor":29.0},{"not_picked":["Melter+1","Beam Cell+1","Turbo+1"],"picked":"SKIP","floor":31.0},{"not_picked":["Stack","Cold Snap+1"],"picked":"Go for the Eyes+1","floor":32.0},{"not_picked":["Amplify","Rainbow"],"picked":"Reboot","floor":33.0},{"not_picked":["Compile Driver+1","Cold Snap+1"],"picked":"Sweeping Beam+1","floor":35.0},{"not_picked":["Aggregate","Consume+1"],"picked":"Turbo+1","floor":38.0},{"not_picked":["Gash+1","Conserve Battery"],"picked":"Capacitor","floor":39.0},{"not_picked":["Rip and Tear+1","FTL+1"],"picked":"Creative AI","floor":40},{"not_picked":["Loop+1","Melter+1"],"picked":"Darkness+1","floor":41},{"not_picked":["Hello World","Auto Shields","Aggregate"],"picked":"SKIP","floor":42},{"not_picked":["Rebound+1","Sweeping Beam+1"],"picked":"Glacier","floor":46},{"not_picked":["Undo+1","Fusion","Aggregate"],"picked":"SKIP","floor":47},{"not_picked":["PanicButton","Chrysalis"],"picked":"Flash of Steel+1","floor":48},{"not_picked":["Stack","Go for the Eyes+1"],"picked":"Skim+1","floor":54}],"player_experience":203991,"relics_obtained":[{"floor":6.0,"key":"Pocketwatch"},{"floor":9.0,"key":"Molten Egg 2"},{"floor":13.0,"key":"Dream Catcher"},{"floor":25.0,"key":"HornCleat"},{"floor":29.0,"key":"Toy Ornithopter"},{"floor":40,"key":"MealTicket"},{"floor":42,"key":"Potion Belt"},{"floor":43,"key":"Dead Branch"},{"floor":44,"key":"Mango"},{"floor":46,"key":"Whetstone"},{"floor":54,"key":"CaptainsWheel"}],"event_choices":[{"damage_healed":0.0,"max_hp_gain":0.0,"max_hp_loss":0.0,"gold_gain":75.0,"event_name":"World of Goop","player_choice":"Gather Gold","floor":2.0,"gold_loss":0.0,"damage_taken":11.0},{"damage_healed":0.0,"max_hp_gain":0.0,"max_hp_loss":0.0,"gold_gain":0.0,"event_name":"Dead Adventurer","player_choice":"Searched \u00273\u0027 times","floor":7.0,"gold_loss":0.0,"damage_taken":0.0,"relics_obtained":["Sundial"]},{"damage_healed":0.0,"max_hp_gain":0.0,"max_hp_loss":0.0,"gold_gain":0.0,"event_name":"Vampires","player_choice":"Ignored","floor":19.0,"gold_loss":0.0,"damage_taken":0.0},{"damage_healed":0.0,"max_hp_gain":0.0,"max_hp_loss":0.0,"gold_gain":0.0,"event_name":"The Mausoleum","player_choice":"Opened","floor":21.0,"gold_loss":0.0,"damage_taken":0.0,"relics_obtained":["Tiny Chest"]},{"damage_healed":0.0,"max_hp_gain":0.0,"max_hp_loss":0.0,"gold_gain":0.0,"event_name":"Forgotten Altar","player_choice":"Smashed Altar","floor":24.0,"gold_loss":0.0,"damage_taken":0.0,"cards_obtained":["Decay"]},{"damage_healed":0.0,"max_hp_gain":0.0,"max_hp_loss":0.0,"gold_gain":0.0,"event_name":"Tomb of Lord Red Mask","player_choice":"Paid","floor":37.0,"gold_loss":49.0,"damage_taken":0.0,"relics_obtained":["Red Mask"]},{"damage_healed":0,"gold_gain":0,"player_choice":"Memory 1","damage_taken":0,"max_hp_gain":0,"max_hp_loss":0,"event_name":"SensoryStone","floor":48,"gold_loss":0}],"is_beta":false,"boss_relics":[{"not_picked":["Tiny House","Busted Crown"],"picked":"Empty Cage"},{"not_picked":["SlaversCollar","Cursed Key"],"picked":"FrozenCore"}],"items_purged_floors":[3,36,53],"is_endless":false,"potions_floor_spawned":[5,7,11,31,39,41,42,46],"ascension_level":5}}