{"host":"ormi09wwzv7sq47a","time":1614001925,"event":{"mods":["2.2 Compatiblity","AchievementEnabler","Act Like it!","BaseMod","Bestiary","Better Altar","Better Note","Better Sensory Stone","Better Silent Start","Better Skull","Better Third Choice","Better Vampires","BetterRewards","Block Reminder","Card Forge","Colored Map","Colored Powertips","Curses Come First","DeckTracker","Downfall","Highlight Path","Minty Spire (QoL Compilation)","Permanent Neow","Quick Restart","Rare Cards Sparkle","Relic Stats","Shop Mod","StSLib","The Jungle"],"gold_per_floor":[111,111,130,142,3,19,19,39,39,39,13,26,26,44,44,140,140,155,31,31,43,57,57,73,73,121,121,131,131,131,149,149,249,299,310,323,323,438,458,20,55,55,100,100,12,12,12,43,43,43],"floor_reached":51,"language":"ENG","playtime":3250,"items_purged":["champ:Strike","champ:Defend","champ:Strike","champ:FanOfKnives","champ:Taunt"],"score":1126,"play_id":"7d1c51b1-c4d4-478f-ac36-cd8d20ed13fb","local_time":"20210222105205","is_ascension_mode":true,"campfire_choices":[{"floor":10.0,"key":"REST"},{"data":"champ:Defend","floor":13.0,"key":"PURGE"},{"data":"champ:Defend","floor":15.0,"key":"PURGE"},{"data":"champ:Strike","floor":23.0,"key":"PURGE"},{"data":"champ:ShieldThrow","floor":25.0,"key":"SMITH"},{"data":"champ:MurderStrike","floor":27.0,"key":"SMITH"},{"data":"champ:DefensiveStyle","floor":29.0,"key":"SMITH"},{"data":"champ:IronFortress","floor":32.0,"key":"SMITH"},{"data":"champ:StanceDance","floor":42,"key":"SMITH"},{"data":"champ:FocusedDefense","floor":44,"key":"SMITH"},{"data":"champ:Endure","floor":46,"key":"SMITH"},{"data":"champ:CalledShot","floor":49,"key":"SMITH"}],"circlet_count":0,"master_deck":["champ:IronFortress+1","champ:SkillfulDodge","champ:BringItOn","champ:Circumvent","champ:ShieldWall+1","champ:ShieldThrow+1","champ:Parry","champ:FocusedDefense+1","champ:Endure+1","champ:ShieldThrow+1","champ:Circumvent","champ:CalledShot","champ:Circumvent","champ:CalledShot+1","champ:MurderStrike+1","champ:RisingSlash","champ:RapidStrikes+1","champ:FlashCut+1","champ:FlashCut+1","champ:DefensiveStyle+1","champ:VampiricStrike+1","champ:HeavySlash+1","champ:StanceDance+1","champ:FalseCounter+1","champ:StanceDance+1","champ:ShieldWall+1","champ:Duel+1","champ:GutPunch+1","champ:TornadoPunch+1","champ:PreemptiveStrike+1"],"relics":["champ:ChampionCrown","Hammer of Thor","Seething Fire","Anvil of the Gods","Membership Card","Juzu Bracelet","Letter Opener","Prayer Wheel","StoneCalendar","Slimebound:PreparedRelic","Peace Pipe","Medical Kit","TungstenRod","Coffee Dripper","Molten Egg 2","Ancient Tea Set","Nilry\u0027s Codex","Tiny House","champ:BerserkersGuideToSlaughter","MealTicket","Singing Bowl","Shuriken","Bottled Flame","Torii"],"acts_visited":["Exordium","TheCity","TheBeyond"],"potions_floor_usage":[36,39,41,41,50],"damage_taken":[{"damage":18.0,"enemies":"Jaw Worm","floor":1.0,"turns":3.0},{"damage":5.0,"enemies":"Cultist","floor":3.0,"turns":3.0},{"damage":0.0,"enemies":"Small Slimes","floor":4.0,"turns":3.0},{"damage":3.0,"enemies":"Red Slaver","floor":6.0,"turns":2.0},{"damage":17.0,"enemies":"Exordium Thugs","floor":8.0,"turns":3.0},{"damage":2.0,"enemies":"Large Slime","floor":12.0,"turns":2.0},{"damage":0.0,"enemies":"Blue Slaver","floor":14.0,"turns":2.0},{"damage":19.0,"enemies":"Hexaghost","floor":16.0,"turns":7.0},{"damage":4.0,"enemies":"Shell Parasite","floor":18.0,"turns":4.0},{"damage":7.0,"enemies":"Chosen","floor":21.0,"turns":6.0},{"damage":9.0,"enemies":"Snake Plant","floor":22.0,"turns":4.0},{"damage":21.0,"enemies":"3 Cultists","floor":24.0,"turns":4.0},{"damage":4.0,"enemies":"Shelled Parasite and Fungi","floor":28.0,"turns":3.0},{"damage":0.0,"enemies":"Snecko","floor":31.0,"turns":3.0},{"damage":69.0,"enemies":"Automaton","floor":33.0,"turns":8.0},{"damage":9.0,"enemies":"3 Darklings","floor":35.0,"turns":6.0},{"damage":27,"enemies":"3 Shapes","floor":36,"turns":4},{"damage":20,"enemies":"Maw","floor":39,"turns":7},{"damage":20,"enemies":"Nemesis","floor":41,"turns":7},{"damage":15,"enemies":"Reptomancer","floor":48,"turns":6},{"damage":22,"enemies":"Awakened One","floor":50,"turns":9}],"seed_played":"-5999183444488952027","potions_obtained":[{"floor":1.0,"key":"LiquidBronze"},{"floor":4.0,"key":"bronze:BurnAndBuffPotion"},{"floor":6.0,"key":"hexamod:SoulburnPotion"},{"floor":16.0,"key":"ColorlessPotion"},{"floor":18.0,"key":"champ:OpenerPotion"},{"floor":21.0,"key":"sneckomod:MuddlingPotion"},{"floor":22.0,"key":"FairyPotion"},{"floor":34.0,"key":"CultistPotion"},{"floor":36,"key":"hexamod:SoulburnPotion"},{"floor":41,"key":"Swift Potion"}],"is_trial":false,"path_per_floor":["M","?","M","M","$","M","?","M","T","R","$","M","R","M","R","B",null,"M","$","?","M","M","R","M","R","T","R","M","R","?","M","R","B",null,"M","M","?","?","M","$","E","R","T","R","$","R","T","E","R","B",null],"character_chosen":"THE_CHAMP","items_purchased":["Membership Card","Juzu Bracelet","Letter Opener","champ:IronFortress","champ:SkillfulDodge","Slimebound:PreparedRelic","champ:BringItOn","champ:FanOfKnives","Medical Kit","champ:OpenerPotion","Molten Egg 2","champ:BerserkersGuideToSlaughter","MealTicket","Singing Bowl","champ:GutPunch+1","champ:CounterPotion","champ:TechniquePotion"],"campfire_rested":1,"item_purchase_floors":[0,0,0,0,0,0,0,0,5,11,19,40,40,40,40,40,40],"current_hp_per_floor":[21,21,21,21,21,18,18,18,18,45,45,43,43,43,43,34,76,77,77,77,75,76,76,80,80,80,80,81,81,69,69,69,45,84,85,63,63,54,39,39,24,24,24,24,39,39,39,24,24,7],"gold":43,"neow_bonus":"","is_daily":false,"chose_seed":false,"campfire_upgraded":8,"win_rate":0.0,"timestamp":1614001925,"path_taken":["M","?","M","M","$","M","?","M","T","R","?","M","R","M","R","BOSS","M","$","?","M","M","R","M","R","T","R","M","R","?","M","R","BOSS","M","M","?","?","M","?","E","R","T","R","$","R","?","E","R","BOSS"],"items_purchased_type":["Relic","Relic","Relic","Card","Card","Relic","Card","Card","Relic","Potion","Relic","Relic","Relic","Relic","Card","Potion","Potion"],"build_version":"2020-12-22","purchased_purges":5,"victory":true,"max_hp_per_floor":[90,90,90,90,90,90,90,90,90,90,90,90,90,90,90,90,90,90,90,90,90,90,90,90,90,90,90,90,90,90,90,90,90,95,95,95,95,95,95,95,95,95,95,95,95,95,95,95,95,95],"relic_stats":{"Singing Bowl":12,"Torii":4,"counters":[498,2327],"StoneCalendar":[167],"Juzu Bracelet":2,"Letter Opener":[543],"Medical Kit":[17],"Peace Pipe":3,"Shuriken":[8],"Prayer Wheel":16,"MealTicket":15,"obtain_stats":[{"Guardian:StasisEgg":37,"Ginger":0,"Whetstone":26,"Sling":0,"Boot":53,"Old Coin":43,"Guardian:PickAxe":14,"Blood Vial":23,"Sundial":30,"MealTicket":0,"Kunai":53,"champ:FightingForDummies":24,"MerchantsRug":21,"Pear":40,"Blue Candle":0,"Eternal Feather":9,"Pen Nib":44,"Guardian:PocketSentry":6,"Akabeko":0,"MutagenicStrength":22,"Bird Faced Urn":0,"Snecko Eye":17,"Pandora\u0027s Box":34,"StrikeDummy":43,"Unceasing Top":7,"Guardian:StasisSlotReductionRelic":17,"Lantern":29,"Regal Pillow":7,"Torii":12,"Singing Bowl":21,"Guardian:StasisCodex":54,"StoneCalendar":38,"champ:ChampionCrown":0,"Bag of Preparation":21,"Ancient Tea Set":26,"Smiling Mask":30,"Cursed Key":17,"Matryoshka":9,"Shovel":40,"WingedGreaves":37,"champ:BerserkersGuideToSlaughter":38,"InkBottle":47,"Lee\u0027s Waffle":0,"Golden Idol":13,"bronze:DecasWashers":31,"Thread and Needle":12,"PreservedInsect":17,"The Courier":34,"Omamori":46,"Seething Fire":0,"Frozen Egg 2":9,"MawBank":9,"champ:GladiatorsBookOfMartialProwess":29,"Ornamental Fan":45,"betterThird:SlimedRelic":2,"Turnip":0,"Ectoplasm":17,"Art of War":48,"Bottled Lightning":26,"hexamod:BolsterEngine":13,"Toy Ornithopter":44,"Ice Cream":31,"champ:DuelingGlove":0,"Calipers":30,"Tiny House":17,"Gremlin Horn":26,"Nilry\u0027s Codex":25,"CeramicFish":7,"Vajra":31,"Guardian:SackOfGems":23,"Hammer of Thor":0,"Lizard Tail":0,"Centennial Puzzle":29,"HornCleat":22,"DollysMirror":31,"Strawberry":10,"Prayer Wheel":17,"Philosopher\u0027s Stone":34,"Toxic Egg 2":29,"Girya":10,"Guardian:BottledStasis":36,"Happy Flower":54,"Astrolabe":17,"Dead Branch":0,"Guardian:ModeShifter":0,"Oddly Smooth Stone":37,"Letter Opener":9,"War Paint":9,"Question Card":40,"Du-Vu Doll":0,"OrangePellets":0,"Bottled Flame":26,"Shuriken":26,"Anvil of the Gods":0,"Bronze Scales":0,"Molten Egg 2":19,"Slimebound:PreparedRelic":0,"Black Star":34,"Nloth\u0027s Gift":22,"theJungle:WildStrawberry":20,"Pocketwatch":7,"Meat on the Bone":24,"Darkstone Periapt":17,"Guardian:ModeShifterPlus":34,"Mango":0,"Incense Burner":7,"Juzu Bracelet":7,"Empty Cage":17,"Dream Catcher":14,"Nunchaku":0,"Mummified Hand":8,"Slimebound:StickyStick":39,"Gambling Chip":0,"Tiny Chest":25,"Orichalcum":43,"Odd Mushroom":10,"Medical Kit":0,"White Beast Statue":21,"Mercury Hourglass":45,"Calling Bell":17,"Peace Pipe":0,"Guardian:StasisUpgradeRelic":53,"CaptainsWheel":9,"Anchor":9,"Bag of Marbles":48,"Coffee Dripper":17,"Membership Card":21,"FossilizedHelix":38,"TungstenRod":26,"champ:SpectersHand":43},{"Guardian:StasisEgg":218,"Ginger":39,"Whetstone":249,"Sling":39,"Boot":346,"Old Coin":342,"Guardian:PickAxe":24,"Blood Vial":51,"Sundial":12,"MealTicket":171,"Kunai":109,"champ:FightingForDummies":464,"MerchantsRug":96,"Pear":320,"Blue Candle":136,"Eternal Feather":44,"Pen Nib":35,"Guardian:PocketSentry":44,"Akabeko":84,"MutagenicStrength":180,"Bird Faced Urn":225,"Snecko Eye":246,"Pandora\u0027s Box":14,"StrikeDummy":256,"Unceasing Top":69,"Guardian:StasisSlotReductionRelic":7,"Lantern":29,"Regal Pillow":329,"Torii":143,"Singing Bowl":209,"Guardian:StasisCodex":65,"StoneCalendar":189,"champ:ChampionCrown":0,"Bag of Preparation":96,"Ancient Tea Set":28,"Smiling Mask":99,"Cursed Key":177,"Matryoshka":194,"Shovel":220,"WingedGreaves":318,"champ:BerserkersGuideToSlaughter":470,"InkBottle":37,"Lee\u0027s Waffle":162,"Golden Idol":5,"bronze:DecasWashers":466,"Thread and Needle":331,"PreservedInsect":25,"The Courier":276,"Omamori":106,"Seething Fire":0,"Frozen Egg 2":89,"MawBank":204,"champ:GladiatorsBookOfMartialProwess":439,"Ornamental Fan":423,"betterThird:SlimedRelic":40,"Turnip":66,"Ectoplasm":460,"Art of War":133,"Bottled Lightning":10,"hexamod:BolsterEngine":45,"Toy Ornithopter":105,"Ice Cream":275,"champ:DuelingGlove":429,"Calipers":124,"Tiny House":333,"Gremlin Horn":52,"Nilry\u0027s Codex":149,"CeramicFish":305,"Vajra":30,"Guardian:SackOfGems":210,"Hammer of Thor":0,"Lizard Tail":17,"Centennial Puzzle":53,"HornCleat":50,"DollysMirror":99,"Strawberry":90,"Prayer Wheel":25,"Philosopher\u0027s Stone":186,"Toxic Egg 2":215,"Girya":80,"Guardian:BottledStasis":277,"Happy Flower":110,"Astrolabe":47,"Dead Branch":111,"Guardian:ModeShifter":0,"Oddly Smooth Stone":32,"Letter Opener":242,"War Paint":69,"Question Card":255,"Du-Vu Doll":288,"OrangePellets":111,"Bottled Flame":123,"Shuriken":97,"Anvil of the Gods":0,"Bronze Scales":162,"Molten Egg 2":486,"Slimebound:PreparedRelic":477,"Black Star":100,"Nloth\u0027s Gift":209,"theJungle:WildStrawberry":462,"Pocketwatch":116,"Meat on the Bone":248,"Darkstone Periapt":25,"Guardian:ModeShifterPlus":55,"Mango":402,"Incense Burner":4,"Juzu Bracelet":168,"Empty Cage":383,"Dream Catcher":6,"Nunchaku":66,"Mummified Hand":141,"Slimebound:StickyStick":444,"Gambling Chip":348,"Tiny Chest":123,"Orichalcum":34,"Odd Mushroom":331,"Medical Kit":66,"White Beast Statue":96,"Mercury Hourglass":157,"Calling Bell":25,"Peace Pipe":76,"Guardian:StasisUpgradeRelic":109,"CaptainsWheel":4,"Anchor":21,"Bag of Marbles":63,"Coffee Dripper":485,"Membership Card":96,"FossilizedHelix":58,"TungstenRod":212,"champ:SpectersHand":471},{"Guardian:StasisEgg":983,"Ginger":211,"Whetstone":1148,"Sling":211,"Boot":1601,"Old Coin":1571,"Guardian:PickAxe":121,"Blood Vial":270,"Sundial":61,"MealTicket":775,"Kunai":521,"champ:FightingForDummies":2179,"MerchantsRug":476,"Pear":1454,"Blue Candle":609,"Eternal Feather":237,"Pen Nib":184,"Guardian:PocketSentry":237,"Akabeko":446,"MutagenicStrength":815,"Bird Faced Urn":1021,"Snecko Eye":1137,"Pandora\u0027s Box":75,"StrikeDummy":1185,"Unceasing Top":367,"Guardian:StasisSlotReductionRelic":38,"Lantern":150,"Regal Pillow":1502,"Torii":640,"Singing Bowl":955,"Guardian:StasisCodex":340,"StoneCalendar":861,"champ:ChampionCrown":0,"Bag of Preparation":476,"Ancient Tea Set":145,"Smiling Mask":485,"Cursed Key":801,"Matryoshka":883,"Shovel":992,"WingedGreaves":1450,"champ:BerserkersGuideToSlaughter":2199,"InkBottle":196,"Lee\u0027s Waffle":727,"Golden Idol":22,"bronze:DecasWashers":2183,"Thread and Needle":1508,"PreservedInsect":130,"The Courier":1282,"Omamori":510,"Seething Fire":0,"Frozen Egg 2":456,"MawBank":929,"champ:GladiatorsBookOfMartialProwess":2046,"Ornamental Fan":1976,"betterThird:SlimedRelic":214,"Turnip":349,"Ectoplasm":2160,"Art of War":591,"Bottled Lightning":50,"hexamod:BolsterEngine":240,"Toy Ornithopter":504,"Ice Cream":1273,"champ:DuelingGlove":2006,"Calipers":565,"Tiny House":1521,"Gremlin Horn":274,"Nilry\u0027s Codex":664,"CeramicFish":1404,"Vajra":154,"Guardian:SackOfGems":959,"Hammer of Thor":0,"Lizard Tail":91,"Centennial Puzzle":277,"HornCleat":266,"DollysMirror":485,"Strawberry":460,"Prayer Wheel":130,"Philosopher\u0027s Stone":845,"Toxic Egg 2":974,"Girya":426,"Guardian:BottledStasis":1284,"Happy Flower":525,"Astrolabe":259,"Dead Branch":532,"Guardian:ModeShifter":0,"Oddly Smooth Stone":167,"Letter Opener":1119,"War Paint":367,"Question Card":1177,"Du-Vu Doll":1325,"OrangePellets":532,"Bottled Flame":561,"Shuriken":479,"Anvil of the Gods":0,"Bronze Scales":727,"Molten Egg 2":2260,"Slimebound:PreparedRelic":2231,"Black Star":490,"Nloth\u0027s Gift":955,"theJungle:WildStrawberry":2170,"Pocketwatch":545,"Meat on the Bone":1146,"Darkstone Periapt":130,"Guardian:ModeShifterPlus":288,"Mango":1875,"Incense Burner":18,"Juzu Bracelet":761,"Empty Cage":1775,"Dream Catcher":28,"Nunchaku":349,"Mummified Hand":631,"Slimebound:StickyStick":2073,"Gambling Chip":1619,"Tiny Chest":561,"Orichalcum":177,"Odd Mushroom":1508,"Medical Kit":349,"White Beast Statue":476,"Mercury Hourglass":698,"Calling Bell":130,"Peace Pipe":412,"Guardian:StasisUpgradeRelic":521,"CaptainsWheel":18,"Anchor":107,"Bag of Marbles":326,"Coffee Dripper":2256,"Membership Card":476,"FossilizedHelix":296,"TungstenRod":962,"champ:SpectersHand":2204}],"TungstenRod":49},"card_choices":[{"not_picked":["champ:Shatter","champ:Backstep"],"picked":"champ:Circumvent","floor":1.0},{"not_picked":["champ:ShieldWall","champ:CrownThrow","champ:FocusedDefense"],"picked":"SKIP","floor":1.0},{"not_picked":["champ:CrownThrow","champ:FocusedDefense"],"picked":"champ:ShieldWall","floor":1.0},{"not_picked":["champ:RisingSlash","champ:CrownThrow"],"picked":"champ:Parry","floor":3.0},{"not_picked":["champ:PerfectedStrike","champ:TripleStrike","champ:DeathBlow"],"picked":"SKIP","floor":3.0},{"not_picked":["champ:ShieldSigil","champ:FaceSlap"],"picked":"champ:FocusedDefense","floor":4.0},{"not_picked":["champ:ShieldSlam","champ:Encircle","champ:PreciseThrust"],"picked":"SKIP","floor":4.0},{"not_picked":["champ:Backstep","champ:Shatter"],"picked":"champ:Endure","floor":6.0},{"not_picked":["champ:BerserkersShout","champ:DefensiveShout","champ:Backstep"],"picked":"SKIP","floor":6.0},{"not_picked":["champ:ShieldSlam","champ:SetATrap"],"picked":"champ:ShieldThrow","floor":8.0},{"not_picked":["champ:Backstep","champ:ShieldSigil"],"picked":"champ:Circumvent","floor":8.0},{"not_picked":["champ:BladeFlurry","champ:IronFortress"],"picked":"champ:CalledShot","floor":12.0},{"not_picked":["champ:BringItOn","champ:AdrenalArmor","champ:Shatter"],"picked":"SKIP","floor":12.0},{"not_picked":["champ:BerserkerStyle","champ:CrownThrow"],"picked":"champ:Circumvent","floor":14.0},{"not_picked":["champ:Shatter","champ:EnGarde"],"picked":"champ:CalledShot","floor":14.0},{"not_picked":["champ:StrikeOfGenius","champ:SwordThrow"],"picked":"champ:MurderStrike","floor":16.0},{"not_picked":["champ:IronFortress","champ:Shatter"],"picked":"champ:RisingSlash","floor":18.0},{"not_picked":["champ:PreciseThrust+1","champ:AdrenalArmor+1","champ:HeartStrike"],"picked":"SKIP","floor":18.0},{"not_picked":["champ:PerfectedStrike+1","champ:IgnorePain"],"picked":"champ:RapidStrikes+1","floor":21.0},{"not_picked":["champ:DefensiveShout","champ:ShieldSlam","champ:EnGarde"],"picked":"SKIP","floor":21.0},{"not_picked":["champ:DefensiveShout","champ:ShieldSlam","champ:EnGarde"],"picked":"SKIP","floor":21.0},{"not_picked":["champ:FancyFootwork+1","champ:AdrenalArmor"],"picked":"champ:FlashCut+1","floor":22.0},{"not_picked":["champ:EnragedBash+1","champ:Shatter+1"],"picked":"champ:FlashCut+1","floor":22.0},{"not_picked":["champ:HeartStrike+1","champ:Shatter+1","champ:RapidStrikes+1"],"picked":"SKIP","floor":24.0},{"not_picked":["champ:CrookedStrike+1","champ:ShieldSigil","champ:IronFortress"],"picked":"SKIP","floor":24.0},{"not_picked":["champ:IronFortress+1","champ:PerfectedStrike+1"],"picked":"champ:DefensiveStyle","floor":28.0},{"not_picked":["champ:Shatter+1","champ:ShieldSigil+1","champ:BringItOn"],"picked":"SKIP","floor":28.0},{"not_picked":["champ:BladeFlurry+1","champ:RecklessLeap+1"],"picked":"champ:VampiricStrike+1","floor":31.0},{"not_picked":["champ:RecklessLeap+1","champ:FanOfKnives+1","champ:ShieldSlam"],"picked":"SKIP","floor":31.0},{"not_picked":["champ:SteelEdge+1","champ:LastStand"],"picked":"champ:HeavySlash+1","floor":33.0},{"not_picked":["champ:DefensiveShout","champ:EnGarde"],"picked":"champ:StanceDance+1","floor":35.0},{"not_picked":["champ:BringItOn+1","champ:ArenaPreparation+1"],"picked":"champ:FalseCounter+1","floor":35.0},{"not_picked":["champ:Haymaker+1","champ:Circumvent"],"picked":"champ:StanceDance","floor":36},{"not_picked":["champ:BerserkersShout","champ:ArenaPreparation","champ:EnchantSword"],"picked":"SKIP","floor":36},{"not_picked":["champ:BringItOn","champ:DefensiveStyle"],"picked":"champ:ShieldWall+1","floor":39},{"not_picked":["champ:CrownThrow+1","champ:EnGarde+1"],"picked":"champ:Duel+1","floor":39},{"not_picked":["champ:EnGarde","champ:IronFortress"],"picked":"champ:TornadoPunch+1","floor":41},{"not_picked":["champ:FancyFootwork","champ:DefensiveStyle"],"picked":"champ:PreemptiveStrike+1","floor":48}],"player_experience":1139522,"relics_obtained":[{"floor":9.0,"key":"TungstenRod"},{"floor":26.0,"key":"Ancient Tea Set"},{"floor":30.0,"key":"Nilry\u0027s Codex"},{"floor":41,"key":"Shuriken"},{"floor":47,"key":"Bottled Flame"},{"floor":48,"key":"Torii"}],"event_choices":[{"damage_healed":0.0,"max_hp_gain":0.0,"max_hp_loss":0.0,"gold_gain":0.0,"cards_transformed":["champ:Defend"],"event_name":"Transmorgrifier","player_choice":"Transformed","floor":2.0,"gold_loss":0.0,"damage_taken":0.0,"cards_obtained":["champ:ShieldThrow"]},{"damage_healed":0.0,"max_hp_gain":0.0,"max_hp_loss":0.0,"gold_gain":0.0,"event_name":"Accursed Blacksmith","player_choice":"Forge","floor":7.0,"gold_loss":0.0,"damage_taken":0.0,"cards_upgraded":["champ:ShieldThrow"]},{"damage_healed":0.0,"max_hp_gain":0.0,"max_hp_loss":0.0,"gold_gain":0.0,"event_name":"Cursed Tome","player_choice":"Obtained Book","floor":30.0,"gold_loss":0.0,"damage_taken":16.0},{"cards_removed":["champ:Execute"],"damage_healed":0,"gold_gain":0,"player_choice":"Purged","damage_taken":0,"max_hp_gain":0,"max_hp_loss":0,"event_name":"Purifier","floor":37,"gold_loss":0},{"damage_healed":0,"gold_gain":115,"player_choice":"GO ","damage_taken":12,"relics_obtained":[],"max_hp_gain":0,"max_hp_loss":0,"event_name":"betterSkull:BetterSkull","floor":38,"gold_loss":0,"cards_upgraded":[]}],"is_beta":false,"boss_relics":[{"not_picked":["Empty Cage","Runic Pyramid"],"picked":"Coffee Dripper"},{"not_picked":["Velvet Choker","Black Star"],"picked":"Tiny House"}],"items_purged_floors":[0,0,5,40,45],"is_endless":false,"potions_floor_spawned":[1,4,6,16,18,21,22,36,41],"ascension_level":6}}