{"host":"pjgcdp3h1plnbocs","time":1614003454,"event":{"mods":["AchievementEnabler","BaseMod","Colored Map","Downfall","Highlight Path","Minty Spire (QoL Compilation)","StSLib"],"gold_per_floor":[113,63,77,23,23,58,75,110,110,137,157,157,173,173,173,266,266,289,564,578,578,123,123,161,12,12,12,12,32,32,68,68,164,164,178,194,214,245,2,38,38,82,160,179,0,0,0,0],"floor_reached":47,"language":"ENG","playtime":1442,"items_purged":["Regret","Strike_G+1"],"score":1022,"play_id":"227bb150-8963-4be9-adf5-f6185b5c72cc","local_time":"20210222151734","is_ascension_mode":true,"campfire_choices":[{"data":"Deadly Poison","floor":15,"key":"SMITH"},{"floor":23,"key":"REST"},{"floor":30,"key":"REST"},{"data":"Tools of the Trade","floor":32,"key":"SMITH"},{"floor":46,"key":"RECALL"}],"circlet_count":0,"master_deck":["AscendersBane","Strike_G+1","Strike_G+1","Strike_G+1","Strike_G+1","Defend_G+1","Defend_G+1","Defend_G+1","Defend_G+1","Survivor+1","Neutralize","Quick Slash","Poisoned Stab","Deadly Poison+1","Tools of the Trade+1","Adrenaline","Noxious Fumes+1","Caltrops+1","Corpse Explosion+1","Envenom+1","Footwork+1","Infinite Blades+1","Acrobatics+1"],"relics":["Ring of the Snake","NeowsBlessing","Orichalcum","Darkstone Periapt","Pen Nib","Pantograph","Golden Idol","Busted Crown","Frozen Egg 2","Oddly Smooth Stone","PreservedInsect","Ninja Scroll","MutagenicStrength","Lizard Tail","Bronze Scales","SlaversCollar","Girya","War Paint","Turnip","Question Card","Pear","Red Mask"],"acts_visited":["Exordium","TheCity","TheBeyond"],"potions_floor_usage":[10,20,24,33,33,47],"damage_taken":[{"damage":0,"enemies":"Jaw Worm","floor":1,"turns":1},{"damage":0,"enemies":"Small Slimes","floor":3,"turns":1},{"damage":0,"enemies":"Lagavulin","floor":6,"turns":1},{"damage":0,"enemies":"2 Louse","floor":7,"turns":3},{"damage":29,"enemies":"3 Sentries","floor":8,"turns":10},{"damage":12,"enemies":"Lagavulin","floor":10,"turns":5},{"damage":4,"enemies":"Exordium Wildlife","floor":11,"turns":3},{"damage":8,"enemies":"Red Slaver","floor":13,"turns":3},{"damage":17,"enemies":"Hexaghost","floor":16,"turns":9},{"damage":23,"enemies":"Shell Parasite","floor":18,"turns":6},{"damage":22,"enemies":"Spheric Guardian","floor":20,"turns":5},{"damage":30,"enemies":"Slavers","floor":24,"turns":5},{"damage":1,"enemies":"Centurion and Healer","floor":29,"turns":4},{"damage":0,"enemies":"Gremlin Leader","floor":31,"turns":4},{"damage":65,"enemies":"Champ","floor":33,"turns":11},{"damage":11,"enemies":"Orb Walker","floor":35,"turns":3},{"damage":0,"enemies":"3 Shapes","floor":36,"turns":2},{"damage":12,"enemies":"Jaw Worm Horde","floor":37,"turns":3},{"damage":1,"enemies":"Mind Bloom Boss Battle","floor":38,"turns":6},{"damage":21,"enemies":"Reptomancer","floor":40,"turns":6},{"damage":8,"enemies":"Giant Head","floor":42,"turns":6},{"damage":1,"enemies":"3 Darklings","floor":44,"turns":2},{"damage":39,"enemies":"Nemesis","floor":47,"turns":3}],"seed_played":"-1576349936161933795","potions_obtained":[{"floor":3,"key":"Fire Potion"},{"floor":7,"key":"LiquidMemories"},{"floor":11,"key":"PowerPotion"},{"floor":20,"key":"Energy Potion"},{"floor":24,"key":"SteroidPotion"},{"floor":35,"key":"Fire Potion"},{"floor":37,"key":"FearPotion"}],"is_trial":false,"path_per_floor":["M","?","M","$","?","E","M","E","T","E","M","?","M","?","R","B",null,"M","?","M","?","$","R","E","$","T","?","?","M","R","E","R","B",null,"M","M","M","?","$","E","?","E","T","M","?","R","E"],"character_chosen":"THE_SILENT","items_purchased":["Deadly Poison","Frozen Egg 2","Noxious Fumes+1","Dexterity Potion","PreservedInsect","War Paint"],"campfire_rested":2,"item_purchase_floors":[4,22,22,22,25,39],"current_hp_per_floor":[63,63,63,63,56,56,56,27,27,15,11,11,3,3,3,11,52,29,35,13,13,13,34,4,4,4,4,4,3,24,24,24,35,62,51,51,39,63,63,42,35,27,37,36,36,36,0,0],"gold":0,"neow_bonus":"THREE_ENEMY_KILL","is_daily":false,"chose_seed":false,"campfire_upgraded":2,"win_rate":0.0,"timestamp":1614003454,"path_taken":["M","?","M","$","?","E","M","E","T","E","?","?","M","?","R","BOSS","M","?","?","?","$","R","E","?","T","?","?","M","R","E","R","BOSS","M","M","M","?","$","E","?","E","T","?","?","R","E"],"items_purchased_type":["Card","Relic","Card","Potion","Relic","Relic"],"build_version":"2020-12-22","purchased_purges":2,"victory":false,"max_hp_per_floor":[70,70,70,70,70,70,70,70,70,70,70,65,65,65,65,65,65,65,71,71,71,71,71,71,71,71,71,71,71,71,71,71,71,71,71,71,71,71,71,71,71,71,81,81,81,81,81,81],"card_choices":[{"not_picked":["Backstab","Sucker Punch"],"picked":"Quick Slash","floor":1},{"not_picked":["Flechettes","Reflex"],"picked":"Poisoned Stab","floor":3},{"not_picked":["Concentrate","Outmaneuver","Quick Slash"],"picked":"SKIP","floor":6},{"not_picked":["Dagger Throw","Terror","Calculated Gamble"],"picked":"SKIP","floor":7},{"not_picked":["Tactician","Predator","Eviscerate"],"picked":"SKIP","floor":8},{"not_picked":["Well Laid Plans","Outmaneuver"],"picked":"Tools of the Trade","floor":10},{"not_picked":["Dagger Spray","Distraction","Underhanded Strike"],"picked":"SKIP","floor":11},{"not_picked":["Dash","Underhanded Strike","Finisher"],"picked":"SKIP","floor":13},{"not_picked":["Wraith Form v2","Corpse Explosion"],"picked":"Adrenaline","floor":16},{"not_picked":["Reflex"],"picked":"SKIP","floor":18},{"not_picked":["Choke"],"picked":"SKIP","floor":20},{"not_picked":[],"picked":"Caltrops+1","floor":24},{"not_picked":["Setup"],"picked":"SKIP","floor":29},{"not_picked":[],"picked":"Corpse Explosion","floor":31},{"not_picked":[],"picked":"Envenom+1","floor":33},{"not_picked":[],"picked":"Footwork+1","floor":35},{"not_picked":["Slice"],"picked":"SKIP","floor":36},{"not_picked":["Quick Slash"],"picked":"SKIP","floor":37},{"not_picked":[],"picked":"Infinite Blades+1","floor":38},{"not_picked":["Poisoned Stab"],"picked":"SKIP","floor":40},{"not_picked":["Outmaneuver+1"],"picked":"SKIP","floor":42},{"not_picked":["Quick Slash"],"picked":"Acrobatics+1","floor":44}],"player_experience":263829,"relics_obtained":[{"floor":6,"key":"Darkstone Periapt"},{"floor":8,"key":"Pen Nib"},{"floor":10,"key":"Pantograph"},{"floor":24,"key":"Oddly Smooth Stone"},{"floor":26,"key":"Ninja Scroll"},{"floor":31,"key":"Bronze Scales"},{"floor":38,"key":"Girya"},{"floor":40,"key":"Turnip"},{"floor":42,"key":"Question Card"},{"floor":43,"key":"Pear"}],"event_choices":[{"cards_removed":["Defend_G"],"damage_healed":0,"gold_gain":0,"player_choice":"Card Removal","damage_taken":0,"max_hp_gain":0,"max_hp_loss":0,"event_name":"The Cleric","floor":2,"gold_loss":50},{"damage_healed":0,"gold_gain":0,"player_choice":"Success","damage_taken":7,"relics_obtained":["Orichalcum"],"max_hp_gain":0,"max_hp_loss":0,"event_name":"Scrap Ooze","floor":5,"gold_loss":0},{"damage_healed":0,"gold_gain":0,"player_choice":"Lose Max HP","damage_taken":0,"relics_obtained":["Golden Idol"],"max_hp_gain":0,"max_hp_loss":5,"event_name":"Golden Idol","floor":12,"gold_loss":0},{"damage_healed":0,"gold_gain":0,"player_choice":"Ignored","damage_taken":0,"max_hp_gain":0,"max_hp_loss":0,"event_name":"Golden Wing","floor":14,"gold_loss":0},{"damage_healed":0,"gold_gain":275,"player_choice":"Desecrate","damage_taken":0,"max_hp_gain":0,"max_hp_loss":0,"event_name":"Golden Shrine","floor":19,"gold_loss":0,"cards_obtained":["Regret"]},{"damage_healed":0,"gold_gain":0,"player_choice":"Simplicity","damage_taken":0,"max_hp_gain":0,"max_hp_loss":0,"event_name":"Back to Basics","floor":21,"gold_loss":0,"cards_upgraded":["Strike_G","Strike_G","Strike_G","Strike_G","Strike_G","Defend_G","Defend_G","Defend_G","Defend_G"]},{"damage_healed":0,"gold_gain":0,"player_choice":"Inject Mutagens","damage_taken":0,"relics_obtained":["MutagenicStrength"],"max_hp_gain":0,"max_hp_loss":0,"event_name":"Drug Dealer","floor":27,"gold_loss":0},{"damage_healed":0,"gold_gain":0,"player_choice":"Opened","damage_taken":0,"relics_obtained":["Lizard Tail"],"max_hp_gain":0,"max_hp_loss":0,"event_name":"The Mausoleum","floor":28,"gold_loss":0},{"damage_healed":0,"gold_gain":0,"player_choice":"Fight","damage_taken":0,"max_hp_gain":0,"max_hp_loss":0,"event_name":"MindBloom","floor":38,"gold_loss":0},{"damage_healed":0,"gold_gain":0,"player_choice":"Damaged","damage_taken":7,"max_hp_gain":0,"max_hp_loss":0,"event_name":"Wheel of Change","floor":41,"gold_loss":0},{"damage_healed":0,"gold_gain":0,"player_choice":"Paid","damage_taken":0,"relics_obtained":["Red Mask"],"max_hp_gain":0,"max_hp_loss":0,"event_name":"Tomb of Lord Red Mask","floor":45,"gold_loss":179}],"is_beta":false,"boss_relics":[{"not_picked":["Tiny House","Calling Bell"],"picked":"Busted Crown"},{"not_picked":["Velvet Choker","SacredBark"],"picked":"SlaversCollar"}],"items_purged_floors":[22,39],"is_endless":false,"potions_floor_spawned":[3,7,11,20,24,31,35,37,42],"killed_by":"Nemesis","ascension_level":13}}