{"host":"hrvs05np4ys7itky","time":1614034454,"event":{"mods":["BaseMod","Colored Map","Colored Powertips","Downfall","Emptier Cage","Hermit","Highlight Path","Minty Spire (QoL Compilation)","Permanent Neow","Rare Cards Sparkle","Relic Stats","StSLib","everything is the same but u backflip on backflip"],"gold_per_floor":[15,65,79,79,97,97,113,113,113,38,38,57,74,74,74,147,147,167,82,92,103,123,123,158,170,170,170,189,189,43,43,43,118,118,138,153,153,165,185,212,212,237,237,249,249,267,48,48,48],"floor_reached":48,"language":"ENG","playtime":2969,"items_purged":[],"score":929,"play_id":"78e4e1d9-ee22-4fdf-991f-19135dc2b8ba","local_time":"20210222175414","is_ascension_mode":true,"campfire_choices":[{"data":"True Grit","floor":6.0,"key":"SMITH"},{"data":"Shrug It Off","floor":8.0,"key":"SMITH"},{"data":"Defend_R","floor":11.0,"key":"SMITH"},{"data":"Defend_R","floor":15.0,"key":"SMITH"},{"data":"Juggernaut","floor":23.0,"key":"SMITH"},{"data":"Defend_R","floor":27.0,"key":"SMITH"},{"data":"Shrug It Off","floor":29.0,"key":"SMITH"},{"data":"Second Wind","floor":32.0,"key":"SMITH"},{"floor":41.0,"key":"RECALL"},{"data":"Impervious","floor":45,"key":"SMITH"}],"circlet_count":0,"master_deck":["AscendersBane","Defend_R+1","Defend_R+1","Defend_R+1","True Grit+1","Shrug It Off+1","Combust+1","Body Slam+1","Juggernaut+1","Impervious+1","Pummel+1","Ghostly Armor+1","Second Wind+1","Feel No Pain+1","Shrug It Off+1","Impervious+1","Flame Barrier+1","Power Through","Juggernaut+1"],"relics":["Burning Blood","Thread and Needle","Astrolabe","Darkstone Periapt","Frozen Egg 2","Bottled Tornado","Orrery","expansioncontent:StudyCardRelic","Calipers","Prayer Wheel","Meat on the Bone"],"acts_visited":["Exordium","TheCity","TheBeyond"],"potions_floor_usage":[],"damage_taken":[{"damage":1.0,"enemies":"Cultist","floor":1.0,"turns":3.0},{"damage":5.0,"enemies":"Small Slimes","floor":3.0,"turns":4.0},{"damage":4.0,"enemies":"Jaw Worm","floor":5.0,"turns":8.0},{"damage":21.0,"enemies":"2 Fungi Beasts","floor":7.0,"turns":5.0},{"damage":2.0,"enemies":"3 Louse","floor":12.0,"turns":6.0},{"damage":0.0,"enemies":"Blue Slaver","floor":13.0,"turns":6.0},{"damage":19.0,"enemies":"Slime Boss","floor":16.0,"turns":10.0},{"damage":2.0,"enemies":"2 Thieves","floor":18.0,"turns":3.0},{"damage":0.0,"enemies":"Shell Parasite","floor":20.0,"turns":5.0},{"damage":8.0,"enemies":"Snake Plant","floor":21.0,"turns":6.0},{"damage":12.0,"enemies":"Centurion and Healer","floor":22.0,"turns":6.0},{"damage":0.0,"enemies":"Book of Stabbing","floor":24.0,"turns":5.0},{"damage":14.0,"enemies":"Cultist and Chosen","floor":25.0,"turns":5.0},{"damage":6.0,"enemies":"3 Cultists","floor":28.0,"turns":4.0},{"damage":9.0,"enemies":"Champ","floor":33.0,"turns":11.0},{"damage":0.0,"enemies":"Orb Walker","floor":35.0,"turns":4.0},{"damage":2.0,"enemies":"3 Shapes","floor":36.0,"turns":4.0},{"damage":2.0,"enemies":"Maw","floor":38.0,"turns":6.0},{"damage":0.0,"enemies":"Transient","floor":39.0,"turns":5.0},{"damage":17.0,"enemies":"Reptomancer","floor":40.0,"turns":4.0},{"damage":25,"enemies":"Giant Head","floor":42,"turns":10},{"damage":25,"enemies":"Jaw Worm Horde","floor":44,"turns":4},{"damage":3,"enemies":"Spire Growth","floor":46,"turns":4},{"damage":56,"enemies":"Sphere and 2 Shapes","floor":48,"turns":4}],"seed_played":"-3976283242396228284","potions_obtained":[{"floor":3.0,"key":"PowerPotion"},{"floor":16.0,"key":"Guardian:BlockOnCardUsePotion"},{"floor":18.0,"key":"SneckoOil"},{"floor":25.0,"key":"Fire Potion"},{"floor":39.0,"key":"ElixirPotion"},{"floor":44,"key":"Fire Potion"}],"is_trial":false,"path_per_floor":["M","?","M","?","M","R","M","R","T","?","R","M","M","?","R","B",null,"M","?","M","M","M","R","E","M","T","R","M","R","$","?","R","B",null,"M","M","?","M","M","E","R","E","T","M","R","M","$","M"],"character_chosen":"IRONCLAD","items_purchased":["Orrery","Power Through","Juggernaut+1"],"campfire_rested":0,"item_purchase_floors":[30,47,47],"current_hp_per_floor":[73,66,67,67,69,69,54,54,54,54,54,58,64,41,41,28,63,67,67,73,71,65,65,71,63,63,63,63,63,63,63,63,60,71,75,75,75,75,75,64,64,45,45,38,38,53,53,0,0],"gold":48,"neow_bonus":"REMOVE_TWO","is_daily":false,"chose_seed":false,"campfire_upgraded":9,"win_rate":0.0,"timestamp":1614034454,"path_taken":["M","?","?","?","M","R","M","R","T","?","R","M","M","?","R","BOSS","M","?","M","M","M","R","E","M","T","R","M","R","$","?","R","BOSS","M","M","?","M","?","E","R","E","T","M","R","M","$","M"],"items_purchased_type":["Relic","Card","Card"],"build_version":"2020-12-22","purchased_purges":0,"victory":false,"max_hp_per_floor":[75,75,75,75,75,75,75,75,75,75,75,75,75,75,75,75,75,75,75,75,75,75,75,75,75,75,75,75,75,75,75,75,75,75,75,75,75,75,75,75,75,75,75,75,75,75,75,75,75],"relic_stats":{"Darkstone Periapt":0,"counters":[24,132],"Astrolabe":["Impervious","Pummel","Ghostly Armor"],"Prayer Wheel":2,"obtain_stats":[{"Darkstone Periapt":19,"Calipers":40,"Astrolabe":17,"Orrery":30,"Thread and Needle":9,"Prayer Wheel":42,"expansioncontent:StudyCardRelic":34,"Frozen Egg 2":24,"Bottled Tornado":26,"Burning Blood":0,"Meat on the Bone":43},{"Darkstone Periapt":8,"Calipers":20,"Astrolabe":7,"Orrery":14,"Thread and Needle":4,"Prayer Wheel":21,"expansioncontent:StudyCardRelic":15,"Frozen Egg 2":12,"Bottled Tornado":13,"Burning Blood":0,"Meat on the Bone":21},{"Darkstone Periapt":45,"Calipers":110,"Astrolabe":42,"Orrery":76,"Thread and Needle":20,"Prayer Wheel":120,"expansioncontent:StudyCardRelic":87,"Frozen Egg 2":67,"Bottled Tornado":72,"Burning Blood":0,"Meat on the Bone":120}],"Burning Blood":122,"Meat on the Bone":24},"card_choices":[{"not_picked":["Sword Boomerang","Perfected Strike","Warcry"],"picked":"SKIP","floor":1.0},{"not_picked":["Bloodletting","Perfected Strike","Anger"],"picked":"SKIP","floor":3.0},{"not_picked":["Battle Trance","Cleave"],"picked":"True Grit","floor":5.0},{"not_picked":["True Grit","Cleave"],"picked":"Shrug It Off","floor":7.0},{"not_picked":["Clothesline","Pommel Strike"],"picked":"Combust","floor":12.0},{"not_picked":["Feel No Pain","Blood for Blood"],"picked":"Body Slam","floor":13.0},{"not_picked":["Exhume","Fiend Fire"],"picked":"Juggernaut","floor":16.0},{"not_picked":["Cleave","Body Slam"],"picked":"Second Wind","floor":18.0},{"not_picked":["Shockwave","Twin Strike","Sentinel"],"picked":"SKIP","floor":20.0},{"not_picked":["Searing Blow","Pommel Strike+1","Anger"],"picked":"SKIP","floor":21.0},{"not_picked":["Perfected Strike","Pommel Strike","Fire Breathing"],"picked":"SKIP","floor":22.0},{"not_picked":["Anger","Rampage","Whirlwind+1"],"picked":"SKIP","floor":24.0},{"not_picked":["Thunderclap","Sword Boomerang"],"picked":"Feel No Pain+1","floor":25.0},{"not_picked":["Blood for Blood","Heavy Blade"],"picked":"Shrug It Off","floor":28.0},{"not_picked":["Offering","Feed"],"picked":"Impervious","floor":33.0},{"not_picked":["Wild Strike","Carnage","Spot Weakness"],"picked":"SKIP","floor":35.0},{"not_picked":["Sword Boomerang","Seeing Red"],"picked":"Flame Barrier","floor":36.0},{"not_picked":["Clothesline","Flame Barrier+1","Cleave+1"],"picked":"SKIP","floor":38.0},{"not_picked":["Thunderclap+1","Blood for Blood","Flex+1"],"picked":"SKIP","floor":39.0},{"not_picked":["Shrug It Off","Body Slam","Clash"],"picked":"SKIP","floor":40.0},{"not_picked":["Twin Strike+1","Body Slam","Thunderclap"],"picked":"SKIP","floor":42},{"not_picked":["Rampage","Fire Breathing+1","Body Slam"],"picked":"SKIP","floor":44},{"not_picked":["Reaper","Clothesline","Perfected Strike"],"picked":"SKIP","floor":44},{"not_picked":["Carnage","Fire Breathing+1","Dark Embrace+1"],"picked":"SKIP","floor":46},{"not_picked":["Perfected Strike","Bloodletting+1","Rupture+1"],"picked":"SKIP","floor":46}],"player_experience":1129707,"relics_obtained":[{"floor":9.0,"key":"Thread and Needle"},{"floor":24.0,"key":"Frozen Egg 2"},{"floor":26.0,"key":"Bottled Tornado"},{"floor":40.0,"key":"Calipers"},{"floor":42,"key":"Prayer Wheel"},{"floor":43,"key":"Meat on the Bone"}],"event_choices":[{"damage_healed":0.0,"max_hp_gain":0.0,"max_hp_loss":0.0,"gold_gain":50.0,"event_name":"FaceTrader","player_choice":"Touch","floor":2.0,"gold_loss":0.0,"damage_taken":7.0},{"damage_healed":0.0,"max_hp_gain":0.0,"max_hp_loss":0.0,"gold_gain":0.0,"event_name":"Liars Game","player_choice":"Ignored","floor":4.0,"gold_loss":0.0,"damage_taken":0.0},{"cards_removed":["Defend_R"],"damage_healed":0.0,"max_hp_gain":0.0,"max_hp_loss":0.0,"gold_gain":0.0,"event_name":"The Cleric","player_choice":"Card Removal","floor":10.0,"gold_loss":75.0,"damage_taken":0.0},{"damage_healed":0.0,"max_hp_gain":0.0,"max_hp_loss":0.0,"gold_gain":0.0,"event_name":"Shining Light","player_choice":"Entered Light","floor":14.0,"gold_loss":0.0,"damage_taken":23.0,"cards_upgraded":["Body Slam","Combust"]},{"damage_healed":0.0,"max_hp_gain":0.0,"max_hp_loss":0.0,"gold_gain":0.0,"event_name":"Addict","player_choice":"Obtained Relic","floor":19.0,"gold_loss":85.0,"damage_taken":0.0,"relics_obtained":["Darkstone Periapt"]},{"cards_removed":["Strike_R"],"damage_healed":0.0,"max_hp_gain":0.0,"max_hp_loss":0.0,"gold_gain":0.0,"event_name":"Back to Basics","player_choice":"Elegance","floor":31.0,"gold_loss":0.0,"damage_taken":0.0},{"damage_healed":0.0,"max_hp_gain":0.0,"max_hp_loss":0.0,"gold_gain":0.0,"event_name":"Upgrade Shrine","player_choice":"Upgraded","floor":37.0,"gold_loss":0.0,"damage_taken":0.0,"cards_upgraded":["Flame Barrier"]}],"is_beta":false,"boss_relics":[{"not_picked":["Philosopher\u0027s Stone","Tiny House"],"picked":"Astrolabe"},{"not_picked":["Empty Cage","Pandora\u0027s Box"],"picked":"expansioncontent:StudyCardRelic"}],"items_purged_floors":[],"is_endless":false,"potions_floor_spawned":[3,16,18,25,39,44,46],"killed_by":"Sphere and 2 Shapes","ascension_level":15}}