{"host":"johnydays","time":1614025481,"event":{"mods":["BaseMod","Bestiary","Block Reminder","Colored Map","Colored Powertips","Curses Come First","DeckTracker","Highlight Path","Minty Spire (QoL Compilation)","Relic Sorter","Relic Stats","StSLib","SuperFastMode","Weighted Paths"],"gold_per_floor":[115,115,10,10,10,42,69,98,98,116,116,136,136,151,151,246,246,259,272,288,127,138,163,163,163],"floor_reached":24,"language":"ENG","playtime":2159,"items_purged":[],"score":345,"play_id":"0fb2d388-48c4-443e-9a5a-ed109cbe5797","local_time":"20210222202441","is_ascension_mode":true,"campfire_choices":[{"data":"Eruption","floor":11.0,"key":"SMITH"},{"data":"Vault","floor":13.0,"key":"SMITH"},{"data":"MentalFortress","floor":15.0,"key":"SMITH"}],"circlet_count":0,"master_deck":["Eruption+1","Vigilance","EmptyFist","FlyingSleeves","EmptyFist","Prostrate","Vault+1","MentalFortress+1","FlurryOfBlows","FlurryOfBlows","Blasphemy","MasterReality+1","Crescendo","Conclude","Collect","ClearTheMind","FlurryOfBlows","Protect","FearNoEvil","EmptyBody","DeceiveReality","TalkToTheHand","Wireheading+1"],"relics":["PureWater","NeowsBlessing","TeardropLocket","Blood Vial","Thread and Needle","Frozen Egg 2","Pandora\u0027s Box","Centennial Puzzle"],"acts_visited":["Exordium","TheCity"],"potions_floor_usage":[],"damage_taken":[{"damage":0.0,"enemies":"Small Slimes","floor":1.0,"turns":1.0},{"damage":0.0,"enemies":"Gremlin Nob","floor":6.0,"turns":1.0},{"damage":0.0,"enemies":"3 Sentries","floor":8.0,"turns":2.0},{"damage":0.0,"enemies":"Jaw Worm","floor":10.0,"turns":5.0},{"damage":0.0,"enemies":"2 Louse","floor":12.0,"turns":3.0},{"damage":0.0,"enemies":"Blue Slaver","floor":14.0,"turns":3.0},{"damage":3.0,"enemies":"The Guardian","floor":16.0,"turns":14.0},{"damage":0.0,"enemies":"3 Byrds","floor":18.0,"turns":3.0},{"damage":0.0,"enemies":"2 Thieves","floor":19.0,"turns":3.0},{"damage":0.0,"enemies":"Centurion and Healer","floor":20.0,"turns":5.0},{"damage":4.0,"enemies":"Cultist and Chosen","floor":22.0,"turns":8.0},{"damage":31.0,"enemies":"Gremlin Leader","floor":23.0,"turns":8.0}],"seed_played":"5900730877344260736","potions_obtained":[{"floor":1.0,"key":"BlessingOfTheForge"},{"floor":10.0,"key":"Weak Potion"},{"floor":14.0,"key":"SmokeBomb"},{"floor":22.0,"key":"FairyPotion"}],"is_trial":false,"path_per_floor":["M","?","$","?","?","E","T","E","T","M","R","M","R","M","R","B",null,"M","M","M","$","M","E","R"],"character_chosen":"WATCHER","items_purchased":["FlyingSleeves","EmptyFist","FearNoEvil","EmptyBody","DeceiveReality"],"campfire_rested":0,"item_purchase_floors":[3,3,21,21,21],"current_hp_per_floor":[72,77,77,74,74,74,74,76,76,77,77,77,77,77,77,74,76,77,77,77,77,73,44,44,44],"gold":163,"neow_bonus":"THREE_ENEMY_KILL","is_daily":false,"chose_seed":false,"campfire_upgraded":3,"win_rate":0.0,"timestamp":1614025481,"path_taken":["M","?","$","?","?","E","?","E","T","M","R","M","R","M","R","BOSS","M","M","M","$","M","E","R"],"items_purchased_type":["Card","Card","Card","Card","Card"],"build_version":"2020-12-18","purchased_purges":0,"victory":false,"max_hp_per_floor":[72,77,77,77,77,77,77,77,77,77,77,77,77,77,77,77,77,77,77,77,77,77,77,77,77],"relic_stats":{"Blood Vial":6,"Centennial Puzzle":[0],"counters":[12,56],"Pandora\u0027s Box":["MasterReality","Crescendo","Conclude","Collect","ClearTheMind","FlurryOfBlows","Protect"],"obtain_stats":[{"Blood Vial":6,"Centennial Puzzle":23,"NeowsBlessing":0,"Thread and Needle":8,"Pandora\u0027s Box":17,"TeardropLocket":4,"PureWater":0,"Frozen Egg 2":9},{"Blood Vial":2,"Centennial Puzzle":12,"NeowsBlessing":0,"Thread and Needle":3,"Pandora\u0027s Box":7,"TeardropLocket":1,"PureWater":0,"Frozen Egg 2":3},{"Blood Vial":2,"Centennial Puzzle":56,"NeowsBlessing":0,"Thread and Needle":4,"Pandora\u0027s Box":29,"TeardropLocket":1,"PureWater":0,"Frozen Egg 2":4}]},"card_choices":[{"not_picked":["LikeWater","ReachHeaven"],"picked":"EmptyFist","floor":1.0},{"not_picked":["EmptyFist","Evaluate"],"picked":"Vault","floor":6.0},{"not_picked":["LikeWater","Sanctity"],"picked":"MentalFortress","floor":8.0},{"not_picked":["CrushJoints","SashWhip","ReachHeaven"],"picked":"SKIP","floor":10.0},{"not_picked":["Worship","ThirdEye"],"picked":"FlurryOfBlows","floor":12.0},{"not_picked":["EmptyBody","WheelKick"],"picked":"FlurryOfBlows","floor":14.0},{"not_picked":["Ragnarok","SpiritShield"],"picked":"Blasphemy","floor":16.0},{"not_picked":["Collect","CrushJoints","Vengeance"],"picked":"SKIP","floor":18.0},{"not_picked":["Nirvana+1","CrushJoints","JustLucky"],"picked":"SKIP","floor":19.0},{"not_picked":["Halt","WheelKick","Vengeance"],"picked":"SKIP","floor":20.0},{"not_picked":["Worship","Vengeance"],"picked":"TalkToTheHand","floor":22.0},{"not_picked":["Meditate+1","Tantrum+1"],"picked":"Wireheading+1","floor":23.0}],"player_experience":543563,"relics_obtained":[{"floor":6.0,"key":"Blood Vial"},{"floor":8.0,"key":"Thread and Needle"},{"floor":9.0,"key":"Frozen Egg 2"},{"floor":23.0,"key":"Centennial Puzzle"}],"event_choices":[{"damage_healed":0.0,"max_hp_gain":5.0,"max_hp_loss":0.0,"gold_gain":0.0,"event_name":"Big Fish","player_choice":"Donut","floor":2.0,"gold_loss":0.0,"damage_taken":0.0},{"damage_healed":0.0,"max_hp_gain":0.0,"max_hp_loss":0.0,"gold_gain":0.0,"event_name":"Scrap Ooze","player_choice":"Success","floor":4.0,"gold_loss":0.0,"damage_taken":3.0,"relics_obtained":["TeardropLocket"]},{"damage_healed":0.0,"max_hp_gain":0.0,"max_hp_loss":0.0,"gold_gain":0.0,"cards_transformed":["Strike_P"],"event_name":"Living Wall","player_choice":"Change","floor":5.0,"gold_loss":0.0,"damage_taken":0.0,"cards_obtained":["Prostrate"]}],"is_beta":true,"boss_relics":[{"not_picked":["Fusion Hammer","Philosopher\u0027s Stone"],"picked":"Pandora\u0027s Box"}],"items_purged_floors":[],"is_endless":false,"potions_floor_spawned":[1,10,14,16,22],"ascension_level":5}}