{"host":"sy26bfguqtls01um","time":1614011122,"event":{"mods":["BaseMod","DeckTracker","Hermit","Minty Spire (QoL Compilation)","Random Character Button","StSLib","SuperFastMode","The Hierophant","The Necromancer","The Servant 0.9.4","The Wild Card"],"gold_per_floor":[19,94,94,94,105,105,118,128,128,24,38,53,71,87,87,161,161,171,171,171,86,86,86,86,86],"floor_reached":24,"language":"KOR","playtime":798,"items_purged":["Defend_S"],"score":401,"play_id":"f0bce7bf-eb31-4414-8128-d99759d07cfd","local_time":"20210223012522","is_ascension_mode":true,"campfire_choices":[{"data":"Exchange","floor":6,"key":"SMITH"},{"data":"PendulumOfEternity","floor":15,"key":"SMITH"},{"data":"Potential","floor":23,"key":"SMITH"}],"circlet_count":0,"master_deck":["AscendersBane","KidneyShot","Exchange+1","PendulumOfEternity+1","ShatteredReality","Potential+1","Comet","Spin","Potential","Reset","Alleviate","ShatteredReality","KillingDoll","Comet","RealityMarble","Bite","Bite","Bite","Bite","Bite","SpecialFormula","Defy","BottledTime"],"relics":["Uniform","Meat on the Bone","Unceasing Top","Pandora\u0027s Box"],"acts_visited":["Exordium","TheCity"],"potions_floor_usage":[16,18],"damage_taken":[{"damage":4,"enemies":"2 Louse","floor":1,"turns":4},{"damage":9,"enemies":"Jaw Worm","floor":5,"turns":4},{"damage":7,"enemies":"Small Slimes","floor":7,"turns":4},{"damage":6,"enemies":"Exordium Wildlife","floor":8,"turns":2},{"damage":2,"enemies":"Lots of Slimes","floor":11,"turns":2},{"damage":0,"enemies":"Blue Slaver","floor":12,"turns":2},{"damage":0,"enemies":"Large Slime","floor":13,"turns":4},{"damage":0,"enemies":"Looter","floor":14,"turns":2},{"damage":37,"enemies":"Hexaghost","floor":16,"turns":9},{"damage":20,"enemies":"2 Thieves","floor":18,"turns":3},{"damage":53,"enemies":"Book of Stabbing","floor":24,"turns":4}],"seed_played":"2791028617779780082","potions_obtained":[{"floor":11,"key":"Fire Potion"},{"floor":13,"key":"GamblersBrew"}],"is_trial":false,"path_per_floor":["M","?","T","?","M","R","M","M","T","$","M","M","M","M","R","B",null,"M","?","?","$","?","R","E"],"character_chosen":"THE_SERVANT","items_purchased":["Spin","Defy","BottledTime"],"campfire_rested":0,"item_purchase_floors":[10,21,21],"current_hp_per_floor":[50,39,39,39,42,42,35,41,41,41,39,39,39,39,39,14,49,41,41,41,41,41,41,0,0],"gold":86,"neow_bonus":"THREE_RARE_CARDS","is_daily":false,"chose_seed":false,"campfire_upgraded":3,"win_rate":0.0,"timestamp":1614011122,"path_taken":["M","?","?","?","?","R","?","M","T","$","M","M","M","M","R","BOSS","M","?","?","$","?","R","E"],"items_purchased_type":["Card","Card","Card"],"build_version":"2020-12-22","purchased_purges":1,"victory":false,"max_hp_per_floor":[60,60,60,60,60,60,60,60,60,60,60,60,60,60,60,60,60,60,42,42,42,42,42,42,42],"card_choices":[{"not_picked":["MurderousAura","FloweringNight"],"picked":"PendulumOfEternity","floor":0},{"not_picked":["Rewind","Unruled"],"picked":"ShatteredReality","floor":1},{"not_picked":["Comet","RealityMarble"],"picked":"Potential","floor":5},{"not_picked":["Desolation","Alleviate"],"picked":"InstantArmor","floor":7},{"not_picked":["Starlight","Misdirection"],"picked":"Comet","floor":8},{"not_picked":["ReturningBlade","Starlight","Alleviate"],"picked":"SKIP","floor":11},{"not_picked":["Manipulate","FastForward"],"picked":"Potential","floor":12},{"not_picked":["Spin","Alleviate"],"picked":"Reset","floor":13},{"not_picked":["Rearm","Shuttle","Ricochet"],"picked":"SKIP","floor":14},{"not_picked":["Replace","FastForward","InstantArmor"],"picked":"SKIP","floor":18}],"player_experience":1909403,"relics_obtained":[{"floor":3,"key":"Meat on the Bone"},{"floor":9,"key":"Unceasing Top"}],"event_choices":[{"damage_healed":0,"gold_gain":75,"player_choice":"Gather Gold","damage_taken":11,"max_hp_gain":0,"max_hp_loss":0,"event_name":"World of Goop","floor":2,"gold_loss":0},{"cards_removed":["Strike_S"],"damage_healed":0,"gold_gain":0,"player_choice":"Forget","damage_taken":0,"max_hp_gain":0,"max_hp_loss":0,"event_name":"Living Wall","floor":4,"gold_loss":0},{"damage_healed":0,"gold_gain":0,"player_choice":"Became a vampire","damage_taken":0,"max_hp_gain":0,"max_hp_loss":18,"event_name":"Vampires","floor":19,"gold_loss":0,"cards_obtained":["Bite","Bite","Bite","Bite","Bite"]},{"damage_healed":0,"gold_gain":0,"cards_transformed":["DancingSilver","InstantArmor"],"player_choice":"Became Test Subject","damage_taken":0,"max_hp_gain":0,"max_hp_loss":0,"event_name":"Drug Dealer","floor":20,"gold_loss":0,"cards_obtained":["Advance","SpecialFormula"]},{"cards_removed":["Advance"],"damage_healed":0,"gold_gain":0,"player_choice":"Elegance","damage_taken":0,"max_hp_gain":0,"max_hp_loss":0,"event_name":"Back to Basics","floor":22,"gold_loss":0}],"is_beta":false,"boss_relics":[{"not_picked":["Snecko Eye","Sozu"],"picked":"Pandora\u0027s Box"}],"items_purged_floors":[10],"is_endless":false,"potions_floor_spawned":[11,13,14],"killed_by":"Book of Stabbing","ascension_level":20}}