{"host":"c64dsqyrqv0ei9yn","time":1614003501,"event":{"mods":["Act Like it!","Arknights","BaseMod","Bestiary","CapriCore","Chen","Colored Map","Colored Powertips","Curses Come First","Hermit","Koishi","LagranYue(ùfäiòNÅEåé)","MarisaÅiñ∂âJÅ@ñÇóùçπÅj","Minty Spire (QoL Compilation)","Prisma Mod","Random Character Button","ReimuÅiîé??öÎÅj","RemiliaÅiÂQïƒ‰ª?Åj","StSLib","The Administrix","The Alterego","The Immortal","The Marked","The Saiyan","The Senshi","The Servant 0.9.4","The Wild Card","TheSwordswoman","Waifu the Spire","WarShipGirlsR/??è≠èóR mod","slay the spire mod where everything is the same but ironclad has a cowboy hat"],"gold_per_floor":[213,213,9,25,35,35,47,66,138,213,284,309,54,64,64,167,167,167,167,167,167,69,69,69,69,69,19,19,19,19,19,19,19,19,19,19,19,19,19,19,19,19,19,19,19,19,19,19,19,19,19],"floor_reached":50,"language":"ENG","playtime":3061,"items_purged":["Strike_G","Strike_G","Writhe","Strike_G"],"score":545,"play_id":"f59848a6-8c70-4c4d-974f-686279de8135","local_time":"20210222141821","is_ascension_mode":true,"campfire_choices":[{"data":"After Image","floor":6,"key":"SMITH"},{"floor":15,"key":"REST"},{"floor":23,"key":"REST"},{"data":"Catalyst","floor":25,"key":"SMITH"},{"floor":30,"key":"REST"},{"floor":32,"key":"REST"},{"floor":40,"key":"REST"},{"floor":42,"key":"REST"},{"floor":44,"key":"REST"},{"floor":49,"key":"REST"}],"circlet_count":0,"master_deck":["Strike_G","Strike_G","Defend_G","Defend_G","Defend_G","Defend_G","Defend_G","Survivor","Neutralize","Deflect","Outmaneuver","After Image+1","Die Die Die","Deadly Poison","Dagger Spray","Noxious Fumes","PiercingWail","Glass Knife","Noxious Fumes","After Image","Poisoned Stab","Catalyst+1","Bane","Dash","Footwork","Backflip","Envenom","Escape Plan+1","Blur+1","Finisher+1","Parasite","Leg Sweep","Burst"],"relics":["Ring of the Snake","Ninja Scroll","Lizard Tail","Dream Catcher","Ectoplasm","Red Mask","Smiling Mask","Vajra","Philosopher\u0027s Stone","Oddly Smooth Stone"],"acts_visited":["Exordium","TheCity","TheBeyond"],"potions_floor_usage":[41,41,50],"damage_taken":[{"damage":1,"enemies":"2 Louse","floor":1,"turns":3},{"damage":0,"enemies":"Cultist","floor":4,"turns":4},{"damage":2,"enemies":"Jaw Worm","floor":5,"turns":4},{"damage":0,"enemies":"2 Fungi Beasts","floor":7,"turns":3},{"damage":2,"enemies":"Large Slime","floor":8,"turns":5},{"damage":15,"enemies":"Gremlin Nob","floor":12,"turns":4},{"damage":2,"enemies":"Exordium Wildlife","floor":14,"turns":4},{"damage":15,"enemies":"The Guardian","floor":16,"turns":11},{"damage":0,"enemies":"Chosen","floor":18,"turns":6},{"damage":38,"enemies":"Masked Bandits","floor":19,"turns":5},{"damage":4,"enemies":"Spheric Guardian","floor":20,"turns":6},{"damage":7,"enemies":"Centurion and Healer","floor":24,"turns":7},{"damage":22,"enemies":"Book of Stabbing","floor":28,"turns":7},{"damage":16,"enemies":"Snecko","floor":29,"turns":5},{"damage":4,"enemies":"Chosen and Byrds","floor":31,"turns":5},{"damage":31,"enemies":"Collector","floor":33,"turns":9},{"damage":14,"enemies":"3 Shapes","floor":35,"turns":3},{"damage":0,"enemies":"Orb Walker","floor":37,"turns":4},{"damage":9,"enemies":"Transient","floor":39,"turns":5},{"damage":63,"enemies":"Reptomancer","floor":41,"turns":5},{"damage":33,"enemies":"Writhing Mass","floor":45,"turns":8},{"damage":1,"enemies":"Jaw Worm Horde","floor":47,"turns":6},{"damage":9,"enemies":"Maw","floor":48,"turns":8},{"damage":62,"enemies":"Awakened One","floor":50,"turns":6}],"seed_played":"-6858881166913889561","potions_obtained":[{"floor":4,"key":"Explosive Potion"},{"floor":7,"key":"SpeedPotion"},{"floor":12,"key":"SmokeBomb"},{"floor":48,"key":"Fire Potion"}],"is_trial":false,"path_per_floor":["M","?","$","M","M","R","M","M","T","?","?","E","$","M","R","B",null,"M","?","M","?","$","R","M","R","T","$","E","M","R","M","R","B",null,"M","$","M","$","M","R","E","R","T","R","M","?","M","M","R","B"],"character_chosen":"THE_SILENT","items_purchased":["Die Die Die","Deadly Poison","Dream Catcher","Bane"],"campfire_rested":8,"item_purchase_floors":[3,3,13,22],"current_hp_per_floor":[69,69,69,69,67,67,67,65,65,54,54,39,39,37,58,43,70,70,32,28,28,28,49,42,42,42,42,20,4,25,21,42,11,70,56,56,56,56,47,68,5,26,26,47,14,14,13,4,25,0,0],"gold":19,"neow_bonus":"HUNDRED_GOLD","is_daily":false,"chose_seed":false,"campfire_upgraded":2,"win_rate":0.0,"timestamp":1614003501,"path_taken":["M","?","$","M","M","R","M","?","T","?","?","E","?","M","R","BOSS","M","?","M","?","$","R","M","R","T","$","E","M","R","M","R","BOSS","M","$","M","$","M","R","E","R","T","R","M","?","M","?","R","BOSS"],"items_purchased_type":["Card","Card","Relic","Card"],"build_version":"2020-12-22","purchased_purges":4,"victory":false,"max_hp_per_floor":[70,70,70,70,70,70,70,70,70,70,70,70,70,70,70,70,70,70,70,70,70,70,70,70,70,70,70,70,70,70,70,70,70,70,70,70,70,70,70,70,70,70,70,70,70,70,70,70,70,70,70],"card_choices":[{"not_picked":["Backflip","Prepared"],"picked":"Deflect","floor":1},{"not_picked":["Blade Dance","Prepared","Distraction"],"picked":"SKIP","floor":4},{"not_picked":["Eviscerate","Blade Dance"],"picked":"Dagger Spray","floor":5},{"not_picked":["Blade Dance","Caltrops"],"picked":"Noxious Fumes","floor":7},{"not_picked":["Endless Agony","Crippling Poison"],"picked":"PiercingWail","floor":8},{"not_picked":["Deflect","Dagger Throw"],"picked":"Glass Knife","floor":12},{"not_picked":["Tactician","PiercingWail","Distraction"],"picked":"SKIP","floor":14},{"not_picked":["Dagger Spray","Blur"],"picked":"Noxious Fumes","floor":15},{"not_picked":["Malaise","Night Terror"],"picked":"After Image","floor":16},{"not_picked":["PiercingWail+1","Outmaneuver","Skewer"],"picked":"SKIP","floor":18},{"not_picked":["Acrobatics","Flying Knee"],"picked":"Poisoned Stab","floor":19},{"not_picked":["Blade Dance","Sucker Punch"],"picked":"Catalyst","floor":20},{"not_picked":["Backstab","Outmaneuver"],"picked":"Dash","floor":23},{"not_picked":["Slice","Doppelganger","Tactician+1"],"picked":"SKIP","floor":24},{"not_picked":["Blade Dance+1","Acrobatics"],"picked":"Footwork","floor":28},{"not_picked":["Infinite Blades","Acrobatics"],"picked":"Backflip","floor":29},{"not_picked":["Outmaneuver","Slice","Quick Slash"],"picked":"SKIP","floor":31},{"not_picked":["Phantasmal Killer","Venomology"],"picked":"Envenom","floor":33},{"not_picked":["Eviscerate","PiercingWail","Reflex+1"],"picked":"SKIP","floor":35},{"not_picked":["Poisoned Stab","Prepared+1"],"picked":"Escape Plan+1","floor":37},{"not_picked":["Deflect+1","Outmaneuver"],"picked":"Blur+1","floor":39},{"not_picked":["Expertise+1","Sucker Punch+1"],"picked":"Finisher+1","floor":40},{"not_picked":["Blade Dance+1","Well Laid Plans","Catalyst"],"picked":"SKIP","floor":45},{"not_picked":["All Out Attack","Acrobatics","Infinite Blades"],"picked":"SKIP","floor":47},{"not_picked":["Reflex+1","Calculated Gamble+1"],"picked":"Leg Sweep","floor":48},{"not_picked":["Dodge and Roll+1","Outmaneuver+1"],"picked":"Burst","floor":49}],"player_experience":142685,"relics_obtained":[{"floor":9,"key":"Ninja Scroll"},{"floor":12,"key":"Lizard Tail"},{"floor":19,"key":"Red Mask"},{"floor":28,"key":"Vajra"},{"floor":43,"key":"Oddly Smooth Stone"}],"event_choices":[{"damage_healed":0,"gold_gain":0,"player_choice":"2 cards matched","damage_taken":0,"max_hp_gain":0,"max_hp_loss":0,"event_name":"Match and Keep!","floor":2,"gold_loss":0,"cards_obtained":["Outmaneuver","After Image"]},{"damage_healed":0,"gold_gain":75,"player_choice":"Gather Gold","damage_taken":11,"max_hp_gain":0,"max_hp_loss":0,"event_name":"World of Goop","floor":10,"gold_loss":0},{"damage_healed":0,"gold_gain":71,"player_choice":"Gained Gold","damage_taken":0,"max_hp_gain":0,"max_hp_loss":0,"event_name":"Golden Wing","floor":11,"gold_loss":0},{"damage_healed":0,"gold_gain":0,"player_choice":"Fought Bandits","damage_taken":0,"max_hp_gain":0,"max_hp_loss":0,"event_name":"Masked Bandits","floor":19,"gold_loss":0},{"damage_healed":0,"gold_gain":0,"player_choice":"Opened","damage_taken":0,"relics_obtained":["Smiling Mask"],"max_hp_gain":0,"max_hp_loss":0,"event_name":"The Mausoleum","floor":21,"gold_loss":0,"cards_obtained":["Writhe"]},{"damage_healed":0,"gold_gain":0,"player_choice":"Ignored","damage_taken":0,"max_hp_gain":0,"max_hp_loss":0,"event_name":"WeMeetAgain","floor":46,"gold_loss":0}],"is_beta":false,"boss_relics":[{"not_picked":["RedLine:ReiMu","Ring of the Serpent"],"picked":"Ectoplasm"},{"not_picked":["Coffee Dripper","Runic Pyramid"],"picked":"Philosopher\u0027s Stone"}],"items_purged_floors":[3,13,22,27],"is_endless":false,"potions_floor_spawned":[4,7,12,16,18,28,31,35,41,48],"killed_by":"Awakened One","ascension_level":1}}