{"host":"g7uq9uzahx9e0kti","time":1614003278,"event":{"mods":["100% Spire Juice","AchievementEnabler","Act Like it!","BaseMod","CapriCore","GungeonMod","Hermit","Koishi","Minty Spire (QoL Compilation)","Permanent Neow","Quick Restart","Replay The Spire","StSLib","SuperFastMode","The Bug Knight","The Cursed","Together in Spire","WarShipGirlsR/??á´Ò³R mod"],"gold_per_floor":[12,22,32,47,66,66,94,94,94,171,171,171,171,188,188,288,288,300,314,16,16,26,26,38,73,73,89,29,29,40,40,40,144,144,160,180,190,214,231,248,27,37,64,98,0,0,0,51,51,63,63],"floor_reached":50,"language":"KOR","playtime":1940,"items_purged":[],"score":646,"play_id":"749bb748-120c-4ed9-9b70-c46cf62f3238","local_time":"20210222231438","is_ascension_mode":false,"campfire_choices":[{"data":"hermit:Snapshot","floor":6,"key":"SMITH"},{"data":"hermit:WideOpen","floor":6,"key":"SMITH"},{"data":"hermit:GoldenBullet","floor":8,"key":"SMITH"},{"data":"hermit:HighCaliber","floor":8,"key":"SMITH"},{"data":"hermit:Strike_Hermit","floor":11,"key":"SMITH"},{"data":"hermit:Dive","floor":11,"key":"SMITH"},{"data":"hermit:Strike_Hermit","floor":13,"key":"SMITH"},{"data":"hermit:Defend_Hermit","floor":13,"key":"SMITH"},{"data":"hermit:Quickdraw","floor":15,"key":"SMITH"},{"data":"hermit:Strike_Hermit","floor":15,"key":"SMITH"},{"data":"hermit:HighCaliber","floor":23,"key":"SMITH"},{"data":"hermit:FromBeyond","floor":23,"key":"SMITH"},{"data":"hermit:Horror","floor":29,"key":"SMITH"},{"data":"hermit:Covet","floor":29,"key":"SMITH"},{"data":"hermit:Strike_Hermit","floor":32,"key":"SMITH"},{"data":"hermit:Defend_Hermit","floor":32,"key":"SMITH"},{"floor":47,"key":"REST"},{"floor":49,"key":"REST"}],"circlet_count":0,"master_deck":["hermit:Strike_Hermit+1","hermit:Strike_Hermit+1","hermit:Strike_Hermit+1","hermit:Strike_Hermit+1","hermit:Defend_Hermit+1","hermit:Defend_Hermit","hermit:Defend_Hermit+1","hermit:Snapshot+1","hermit:Covet+1","hermit:HighCaliber+1","hermit:WideOpen+1","hermit:Dive+1","hermit:GoldenBullet+1","hermit:Quickdraw+1","hermit:FromBeyond+1","hermit:EyeOfTheStorm+1","hermit:HighCaliber+1","hermit:Quickdraw+1","hermit:Coalescence+1","hermit:FromBeyond","hermit:Headshot+1","hermit:WideOpen","hermit:FlashPowder","hermit:Snipe+1","hermit:GoldenBullet+1","hermit:ShadowCloak","hermit:Gestalt","hermit:GhostlyPresence","hermit:Enervate+1"],"relics":["hermit:ClaspedLocket","Replay:Arrowhead","Turnip","Toy Ornithopter","hermit:Horseshoe","DemoMod:MonsterBlood","PreservedInsect","Garlic","Calipers","Painkiller Herb","DemoMod:GundromedaStrain","DemoMod:WhiteGuonStone","Replay:Bandana","Red Mask","Incense Burner"],"acts_visited":["Exordium","TheCity","TheBeyond"],"potions_floor_usage":[14,22,44,50],"damage_taken":[{"damage":0,"enemies":"Cultist","floor":1,"turns":3},{"damage":2,"enemies":"Small Slimes","floor":2,"turns":4},{"damage":6,"enemies":"Jaw Worm","floor":3,"turns":3},{"damage":0,"enemies":"Gremlin Gang","floor":4,"turns":5},{"damage":0,"enemies":"2 Fungi Beasts","floor":5,"turns":3},{"damage":20,"enemies":"Lagavulin","floor":7,"turns":6},{"damage":0,"enemies":"Looter","floor":14,"turns":1},{"damage":37,"enemies":"Slime Boss","floor":16,"turns":12},{"damage":0,"enemies":"Chosen","floor":18,"turns":3},{"damage":5,"enemies":"Spheric Guardian","floor":19,"turns":4},{"damage":9,"enemies":"3 Cultists","floor":22,"turns":5},{"damage":3,"enemies":"Centurion and Healer","floor":24,"turns":4},{"damage":20,"enemies":"Slavers","floor":25,"turns":5},{"damage":19,"enemies":"Shelled Parasite and Fungi","floor":27,"turns":4},{"damage":4,"enemies":"Snake Plant","floor":30,"turns":3},{"damage":41,"enemies":"Pondfish","floor":33,"turns":11},{"damage":5,"enemies":"Orb Walker","floor":35,"turns":2},{"damage":12,"enemies":"3 Darklings","floor":36,"turns":7},{"damage":9,"enemies":"Maw","floor":37,"turns":6},{"damage":19,"enemies":"4 Shapes","floor":39,"turns":4},{"damage":5,"enemies":"Spire Growth","floor":42,"turns":3},{"damage":0,"enemies":"Maw","floor":44,"turns":6},{"damage":2,"enemies":"Giant Head","floor":48,"turns":7},{"damage":70,"enemies":"Time Eater","floor":50,"turns":11}],"seed_played":"-5107553792993881127","potions_obtained":[{"floor":3,"key":"AttackPotion"},{"floor":14,"key":"hermit:Eclipse"},{"floor":22,"key":"Elixir"},{"floor":25,"key":"Elixir"},{"floor":33,"key":"Toxic Potion"},{"floor":36,"key":"Block Potion"},{"floor":39,"key":"SteroidPotion"}],"is_trial":false,"path_per_floor":["M","M","M","M","M","R","E","R","T","?","R","T","R","M","R","B",null,"M","M","$","?","M","R","M","E","T","M","?","R","M","?","R","B",null,"?","?","?","T","?","?","T","?","T","?","?","T","T","E","T","B"],"character_chosen":"HERMIT","items_purchased":["DemoMod:MonsterBlood","PreservedInsect","DemoMod:WhiteGuonStone","hermit:ShadowCloak"],"campfire_rested":2,"item_purchase_floors":[20,20,41,41],"current_hp_per_floor":[75,73,67,67,67,67,47,47,47,47,47,47,47,52,52,15,75,75,70,77,77,73,73,70,50,50,31,31,31,27,82,82,41,82,77,65,56,56,37,17,17,12,12,17,17,17,41,39,63,0,0],"gold":63,"neow_bonus":"ONE_RARE_RELIC","is_daily":false,"chose_seed":false,"campfire_upgraded":16,"win_rate":0.0,"timestamp":1614003278,"path_taken":["M","?","M","M","M","R","E","R","T","?","R","?","R","M","R","BOSS","M","?","$","?","M","R","M","E","T","M","?","R","?","?","R","BOSS","?","?","?","?","?","?","T","?","T","?","?","T","T","E","T","BOSS"],"items_purchased_type":["Relic","Relic","Relic","Card"],"build_version":"2020-12-22","purchased_purges":0,"victory":false,"max_hp_per_floor":[75,75,75,75,75,75,75,75,75,75,75,75,75,75,75,75,75,75,75,82,82,82,82,82,82,82,82,82,82,82,82,82,82,82,82,82,82,82,82,82,82,82,82,82,82,82,82,82,82,82,82],"card_choices":[{"not_picked":["hermit:Manifest","hermit:FullyLoaded"],"picked":"hermit:HighCaliber","floor":1},{"not_picked":["hermit:TakeAim","hermit:Grudge"],"picked":"hermit:WideOpen","floor":2},{"not_picked":["hermit:Virtue","hermit:Snipe","hermit:Shortfuse"],"picked":"SKIP","floor":3},{"not_picked":["hermit:TrackingShot","hermit:Desperado","hermit:Manifest"],"picked":"SKIP","floor":4},{"not_picked":["hermit:NoHoldsBarred","hermit:Combo"],"picked":"hermit:Dive","floor":5},{"not_picked":["hermit:Ricochet","hermit:Dive"],"picked":"hermit:GoldenBullet","floor":7},{"not_picked":["hermit:Reprieve","hermit:TakeAim"],"picked":"hermit:Quickdraw","floor":14},{"not_picked":["hermit:Roughhouse","hermit:Dissolve"],"picked":"hermit:FromBeyond","floor":16},{"not_picked":["hermit:Coalescence","hermit:Spite"],"picked":"hermit:EyeOfTheStorm+1","floor":18},{"not_picked":["hermit:Gestalt","hermit:LowProfile"],"picked":"hermit:HighCaliber","floor":19},{"not_picked":["hermit:Enervate","hermit:TakeAim"],"picked":"hermit:Quickdraw+1","floor":22},{"not_picked":["hermit:NoHoldsBarred","hermit:BodyArmor"],"picked":"hermit:Coalescence+1","floor":24},{"not_picked":["hermit:Vantage+1","hermit:Spite"],"picked":"hermit:Horror","floor":25},{"not_picked":["hermit:PistolWhip","hermit:Midnight+1","hermit:HoleUp"],"picked":"SKIP","floor":27},{"not_picked":["hermit:Grudge","hermit:Misfire","hermit:Brawl"],"picked":"SKIP","floor":30},{"not_picked":["hermit:FatalDesire","hermit:FinalCanter"],"picked":"hermit:FromBeyond","floor":33},{"not_picked":["hermit:Desperado","hermit:CalledShot"],"picked":"hermit:Headshot+1","floor":35},{"not_picked":["hermit:Snipe+1","hermit:SprayPray+1"],"picked":"hermit:WideOpen","floor":36},{"not_picked":["hermit:Headshot","hermit:Shortfuse"],"picked":"hermit:FlashPowder","floor":37},{"not_picked":["hermit:ItchyTrigger","hermit:Desperado"],"picked":"hermit:Snipe+1","floor":39},{"not_picked":["hermit:Glare+1","hermit:Headshot"],"picked":"hermit:GoldenBullet+1","floor":40},{"not_picked":["hermit:PistolWhip+1","hermit:EyeOfTheStorm"],"picked":"hermit:Gestalt","floor":42},{"not_picked":["hermit:Grudge","hermit:Snipe"],"picked":"hermit:GhostlyPresence","floor":44},{"not_picked":["hermit:Midnight","hermit:Gambit"],"picked":"hermit:Enervate+1","floor":48}],"player_experience":139507,"relics_obtained":[{"floor":7,"key":"Turnip"},{"floor":9,"key":"Toy Ornithopter"},{"floor":12,"key":"hermit:Horseshoe"},{"floor":25,"key":"Garlic"},{"floor":26,"key":"Calipers"},{"floor":40,"key":"DemoMod:GundromedaStrain"},{"floor":43,"key":"Replay:Bandana"},{"floor":48,"key":"Incense Burner"}],"event_choices":[{"damage_healed":0,"gold_gain":77,"player_choice":"Gained Gold","damage_taken":0,"max_hp_gain":0,"max_hp_loss":0,"event_name":"Golden Wing","floor":10,"gold_loss":0},{"cards_removed":["hermit:Defend_Hermit"],"damage_healed":0,"gold_gain":0,"player_choice":"Single Remove","damage_taken":0,"max_hp_gain":0,"max_hp_loss":0,"event_name":"Designer","floor":28,"gold_loss":60},{"cards_removed":["hermit:Horror"],"damage_healed":55,"gold_gain":0,"player_choice":"Offered Uncommon","damage_taken":0,"max_hp_gain":0,"max_hp_loss":0,"event_name":"Bonfire Elementals","floor":31,"gold_loss":0},{"damage_healed":0,"gold_gain":0,"player_choice":"Paid","damage_taken":0,"relics_obtained":["Red Mask"],"max_hp_gain":0,"max_hp_loss":0,"event_name":"Tomb of Lord Red Mask","floor":45,"gold_loss":98}],"is_beta":false,"boss_relics":[{"not_picked":["Calling Bell","Snecko Eye"],"picked":"hermit:ClaspedLocket"},{"not_picked":["Tiny House","Honey Jar"],"picked":"Painkiller Herb"}],"items_purged_floors":[],"is_endless":false,"potions_floor_spawned":[3,14,22,25,33,36,39,42],"killed_by":"Time Eater","ascension_level":0}}