{"host":"lxihx0b6awoz2w1j","time":1614026190,"event":{"mods":["BaseMod","Better Third Choice","BetterRewards","CapriCore","Colored Powertips","Conspire","Downfall","Fox Events","Infinite Spire","Melee Mod","Minty Spire (QoL Compilation)","Permanent Neow","Quick Restart","Relic Stats","Reliquary","Replay The Spire","Spicy Shops","StSLib","The Alterego","The Blue Laboratory","The Death Knight","The Forsaken","The Jungle","Waifu the Spire"],"gold_per_floor":[111,124,136,153,165,165,215,243,325,357,375,375,402,435,531,674,674,674,36,36,36,36,36,36,36,36,36,36,36,36,36,36,36,36,36,36],"floor_reached":35,"language":"ENG","playtime":1862,"items_purged":["Spreading Infection"],"score":516,"play_id":"2b78ce77-d55e-41ee-a714-3135ec456556","local_time":"20210222213630","is_ascension_mode":true,"campfire_choices":[{"data":"alterego_mod:BigMeatyClaws","floor":6.0,"key":"SMITH"},{"data":"alterego_mod:ChallengeComplete","floor":12.0,"key":"SMITH"},{"data":"alterego_mod:GachaTicket","floor":24.0,"key":"SMITH"},{"data":"alterego_mod:Tantrum","floor":27.0,"key":"SMITH"},{"data":"alterego_mod:Mirror","floor":32,"key":"SMITH"}],"circlet_count":0,"master_deck":["alterego_mod:Strike","alterego_mod:Strike","alterego_mod:Strike","alterego_mod:Strike","alterego_mod:Defend","alterego_mod:Defend","alterego_mod:Defend+1","alterego_mod:Defend","alterego_mod:Impale+1","alterego_mod:BigMeatyClaws+1","alterego_mod:BrynhildrsRune+1","alterego_mod:Mirror+1","alterego_mod:Punishment","alterego_mod:GoddessCore","alterego_mod:SakuraFive","alterego_mod:BiFurious","alterego_mod:BiFurious","alterego_mod:GachaTicket+1","alterego_mod:ChallengeComplete+1","alterego_mod:Pet","alterego_mod:Bounce","alterego_mod:1TonWallop","alterego_mod:BrynhildrRomantia+1","alterego_mod:Undulate","alterego_mod:BrynhildrRomantia+1","alterego_mod:DiscoLights+1","alterego_mod:1TonWallop","alterego_mod:Bounce","alterego_mod:Tantrum+1","alterego_mod:1TonWallop","alterego_mod:Bounce+1"],"relics":["alterego_mod:MasochisticConstitution","ReplayTheSpireMod:CursedCoin","BargainBundle","Blue Doll","reliquary:FingerTrap","Orichalcum","reliquary:Sideboard","infinitespire:FocusingShard","conspire:GiftBox","Replay:Bandana","Ectoplasm","Du-Vu Doll","Juzu Bracelet","ClockworkSouvenir","infinitespire:Beetle Shell","Mirror","War Paint","Gremlin Horn","Replay:Bottled Steam","reliquary:WritOfMandamus"],"acts_visited":["Exordium","TheCity","TheBeyond"],"potions_floor_usage":[],"damage_taken":[{"damage":3.0,"enemies":"Cultist","floor":1.0,"turns":3.0},{"damage":6.0,"enemies":"Jaw Worm","floor":2.0,"turns":4.0},{"damage":0.0,"enemies":"2 Louse","floor":3.0,"turns":4.0},{"damage":19.0,"enemies":"2 Fungi Beasts","floor":4.0,"turns":4.0},{"damage":9.0,"enemies":"Blue Slaver","floor":5.0,"turns":5.0},{"damage":1.0,"enemies":"3 Sentries","floor":8.0,"turns":5.0},{"damage":3.0,"enemies":"Gremlin Nob","floor":10.0,"turns":5.0},{"damage":0.0,"enemies":"3 Louse","floor":11.0,"turns":2.0},{"damage":16.0,"enemies":"Lagavulin","floor":13.0,"turns":6.0},{"damage":2.0,"enemies":"Large Slime","floor":14.0,"turns":6.0},{"damage":39.0,"enemies":"Hexaghost","floor":16.0,"turns":13.0},{"damage":0.0,"enemies":"conspire:FuzzyDice","floor":18.0,"turns":4.0},{"damage":1.0,"enemies":"Chosen","floor":22.0,"turns":4.0},{"damage":2.0,"enemies":"Slavers","floor":23.0,"turns":6.0},{"damage":11.0,"enemies":"Snake Plant","floor":25.0,"turns":5.0},{"damage":3,"enemies":"Chosen and Byrds","floor":28,"turns":6},{"damage":0,"enemies":"conspire:Head Lice","floor":30,"turns":4},{"damage":1,"enemies":"Cultist and Chosen","floor":31,"turns":4},{"damage":39,"enemies":"Automaton","floor":33,"turns":7},{"damage":0,"enemies":"3 Shapes","floor":35,"turns":1}],"seed_played":"8659241753406437328","potions_obtained":[{"floor":3.0,"key":"blueLaboratory:LouseDecoction"},{"floor":4.0,"key":"Strength Potion"},{"floor":7.0,"key":"Death Potion"},{"floor":10.0,"key":"Slimebound:ThreeZeroPotion"},{"floor":13.0,"key":"Death Potion"},{"floor":14.0,"key":"blueLaboratory:ExaltedPotion"},{"floor":22.0,"key":"LifebloodPotion"},{"floor":23.0,"key":"champ:CounterPotion"}],"is_trial":false,"path_per_floor":["M","M","M","M","M","R","?","E","T","E","M","R","E","M","R","B",null,"M","$","T","?","M","E","R","M","T","R","M","?","E","M","R","B",null,"M"],"character_chosen":"The_Alterego","items_purchased":["ReplayTheSpireMod:CursedCoin","BargainBundle","alterego_mod:Mirror","alterego_mod:Punishment","alterego_mod:GoddessCore","Blue Doll","reliquary:FingerTrap","alterego_mod:SakuraFive","alterego_mod:DiscoLights+1","Du-Vu Doll","alterego_mod:1TonWallop","Juzu Bracelet","ClockworkSouvenir","infinitespire:Beetle Shell"],"campfire_rested":0,"item_purchase_floors":[0,0,0,0,0,0,0,0,19,19,19,19,19,19],"current_hp_per_floor":[61,63,72,68,67,67,49,63,63,61,61,61,55,61,61,33,82,85,85,85,60,71,92,92,93,93,93,113,113,113,118,118,80,119,119,119],"gold":36,"neow_bonus":"","is_daily":false,"chose_seed":false,"campfire_upgraded":5,"win_rate":0.0,"timestamp":1614026190,"path_taken":["M","M","M","?","M","R","?","E","T","E","M","R","E","M","R","BOSS","M","$","?","?","M","E","R","M","T","R","M","?","E","M","R","BOSS","M"],"items_purchased_type":["Relic","Relic","Card","Card","Card","Relic","Relic","Card","Card","Relic","Card","Relic","Relic","Relic"],"build_version":"2020-12-22","purchased_purges":1,"victory":false,"max_hp_per_floor":[71,72,72,73,74,74,74,75,75,76,76,76,77,78,78,82,82,85,85,85,85,90,99,99,104,104,104,113,113,113,118,118,119,119,119,119],"relic_stats":{"Gremlin Horn":[11,11],"counters":[20,98],"Ectoplasm":471,"Juzu Bracelet":0,"Orichalcum":[162],"War Paint":["alterego_mod:Defend","alterego_mod:BrynhildrsRune"],"obtain_stats":[{"alterego_mod:MasochisticConstitution":0,"BargainBundle":0,"Gremlin Horn":26,"ReplayTheSpireMod:CursedCoin":0,"reliquary:Sideboard":8,"Blue Doll":0,"infinitespire:FocusingShard":9,"infinitespire:Beetle Shell":19,"Juzu Bracelet":19,"Orichalcum":7,"War Paint":23,"ClockworkSouvenir":19,"Du-Vu Doll":19,"conspire:GiftBox":10,"Replay:Bandana":13,"Ectoplasm":17,"reliquary:FingerTrap":0,"reliquary:WritOfMandamus":34,"Mirror":20,"Replay:Bottled Steam":30},{"alterego_mod:MasochisticConstitution":0,"BargainBundle":0,"Gremlin Horn":15,"ReplayTheSpireMod:CursedCoin":0,"reliquary:Sideboard":6,"Blue Doll":0,"infinitespire:FocusingShard":6,"infinitespire:Beetle Shell":12,"Juzu Bracelet":12,"Orichalcum":5,"War Paint":14,"ClockworkSouvenir":12,"Du-Vu Doll":12,"conspire:GiftBox":7,"Replay:Bandana":9,"Ectoplasm":11,"reliquary:FingerTrap":0,"reliquary:WritOfMandamus":19,"Mirror":12,"Replay:Bottled Steam":17},{"alterego_mod:MasochisticConstitution":0,"BargainBundle":0,"Gremlin Horn":76,"ReplayTheSpireMod:CursedCoin":0,"reliquary:Sideboard":25,"Blue Doll":0,"infinitespire:FocusingShard":25,"infinitespire:Beetle Shell":61,"Juzu Bracelet":61,"Orichalcum":20,"War Paint":71,"ClockworkSouvenir":61,"Du-Vu Doll":61,"conspire:GiftBox":30,"Replay:Bandana":38,"Ectoplasm":57,"reliquary:FingerTrap":0,"reliquary:WritOfMandamus":97,"Mirror":61,"Replay:Bottled Steam":86}]},"card_choices":[{"not_picked":["alterego_mod:Stockings","alterego_mod:GoddessCore","alterego_mod:Lingerie"],"picked":"SKIP","floor":1.0},{"not_picked":["alterego_mod:SakuraPetals","alterego_mod:BeGentle","alterego_mod:Cycle"],"picked":"SKIP","floor":2.0},{"not_picked":["alterego_mod:BeGentle","alterego_mod:GoddessCore"],"picked":"alterego_mod:BiFurious","floor":3.0},{"not_picked":["alterego_mod:HighServant","alterego_mod:Santa"],"picked":"alterego_mod:BiFurious","floor":4.0},{"not_picked":["alterego_mod:VirginLaserPalladion","alterego_mod:Cooking"],"picked":"alterego_mod:GachaTicket","floor":5.0},{"not_picked":["alterego_mod:Rip","alterego_mod:MagicResistance"],"picked":"alterego_mod:ChallengeComplete","floor":7.0},{"not_picked":["alterego_mod:HighServant","alterego_mod:Cycle"],"picked":"alterego_mod:Pet","floor":8.0},{"not_picked":["alterego_mod:Rake","alterego_mod:SideboobHour"],"picked":"alterego_mod:Tantrum","floor":10.0},{"not_picked":["alterego_mod:Nekomimi","alterego_mod:PerceptionDisorder"],"picked":"alterego_mod:BrynhildrRomantia","floor":10.0},{"not_picked":["alterego_mod:Jiggle","alterego_mod:Stockings"],"picked":"alterego_mod:Undulate","floor":11.0},{"not_picked":["alterego_mod:Punishment","alterego_mod:Skirt"],"picked":"alterego_mod:1TonWallop","floor":13.0},{"not_picked":["alterego_mod:Jiggle","alterego_mod:Mirror"],"picked":"alterego_mod:Bounce","floor":14.0},{"not_picked":["alterego_mod:STier","alterego_mod:PainIsPleasure"],"picked":"alterego_mod:BrynhildrRomantia","floor":16.0},{"not_picked":["alterego_mod:Collar","alterego_mod:Skirt+1","alterego_mod:Santa"],"picked":"SKIP","floor":18.0},{"not_picked":["alterego_mod:Collar","alterego_mod:Skirt+1","alterego_mod:Santa"],"picked":"SKIP","floor":18.0},{"not_picked":["alterego_mod:Maid","alterego_mod:Bunnysuit","alterego_mod:Lingerie"],"picked":"SKIP","floor":22.0},{"not_picked":["alterego_mod:Mirror","alterego_mod:GoddessCore"],"picked":"alterego_mod:Bounce","floor":23.0},{"not_picked":["alterego_mod:Bunnysuit","alterego_mod:Swimsuit+1"],"picked":"alterego_mod:1TonWallop","floor":25.0},{"not_picked":["alterego_mod:DeftHands+1","alterego_mod:Skirt"],"picked":"alterego_mod:Bounce+1","floor":28},{"not_picked":["alterego_mod:Cycle","alterego_mod:Belts","alterego_mod:Bunnysuit+1"],"picked":"SKIP","floor":30},{"not_picked":["alterego_mod:Maid+1","alterego_mod:PerceptionDisorder","alterego_mod:Lingerie"],"picked":"SKIP","floor":31},{"not_picked":["alterego_mod:Palingenesis","alterego_mod:Lift"],"picked":"alterego_mod:Vow","floor":33}],"player_experience":638016,"relics_obtained":[{"floor":7.0,"key":"Orichalcum"},{"floor":8.0,"key":"reliquary:Sideboard"},{"floor":9.0,"key":"infinitespire:FocusingShard"},{"floor":10.0,"key":"conspire:GiftBox"},{"floor":13.0,"key":"Replay:Bandana"},{"floor":20.0,"key":"Mirror"},{"floor":23.0,"key":"War Paint"},{"floor":26.0,"key":"Gremlin Horn"},{"floor":30,"key":"Replay:Bottled Steam"}],"event_choices":[{"damage_healed":0,"gold_gain":0,"player_choice":"Leave","damage_taken":0,"max_hp_gain":0,"max_hp_loss":0,"event_name":"conspire:Investor","floor":29,"gold_loss":0}],"is_beta":false,"boss_relics":[{"not_picked":["Abe\u0027s Treasure","Runic Pyramid"],"picked":"Ectoplasm"},{"not_picked":["Busted Crown","reliquary:Craggleroot"],"picked":"reliquary:WritOfMandamus"}],"items_purged_floors":[0],"is_endless":false,"potions_floor_spawned":[3,4,10,13,14,22,23,28,33],"killed_by":"3 Shapes","ascension_level":1}}