{"host":"s9dep4x43c14s74h","time":1614031904,"event":{"mods":["BaseMod","Downfall","Gremlin Mod","Hermit","HololiveMod","Jorbs\u0027s Wanderer Trilogy","Lobotomy","Marisa????????","Minty Spire (QoL Compilation)","StSLib","The Animator","The Bug Knight","The Construct","The Cursed","The Necromancer","The Runesmith","The Servant 0.9.4"],"gold_per_floor":[114,134,150,115,115,115,123,123,146,159,159,174,192,192,192],"floor_reached":14,"language":"RUS","playtime":1782,"items_purged":[],"score":100,"play_id":"ebb9f889-a359-4d23-94d0-6ea48fbd542e","local_time":"20210223011144","is_ascension_mode":false,"campfire_choices":[{"data":"construct:ReactiveShield","floor":6,"key":"SMITH"},{"data":"construct:AttackMode","floor":11,"key":"SMITH"}],"circlet_count":0,"master_deck":["construct:Strike_Gold","construct:Strike_Gold","construct:Strike_Gold","construct:Strike_Gold","construct:Strike_Gold","construct:Defend_Gold","construct:Defend_Gold","construct:Defend_Gold","construct:Defend_Gold+1","construct:Defend_Gold","construct:AttackMode+1","construct:DefenseMode","BigBird","construct:ReactiveShield+1","QueenOfHatred","construct:FierceBash","Bloodbath","construct:GoldenBullet","OldLady","construct:Boost+1","MHz","construct:Versatility+1","Murderer","construct:Autoturret","Porccubus","construct:BatteryAcid"],"relics":["construct:Cogwheel","CogitoBucket","Molten Egg 2","construct:RocketBooster","Akabeko","BehaviorAdjustment"],"acts_visited":["Exordium"],"potions_floor_usage":[2,12],"damage_taken":[{"damage":0,"enemies":"Small Slimes","floor":1,"turns":5},{"damage":10,"enemies":"Jaw Worm","floor":2,"turns":4},{"damage":0,"enemies":"2 Louse","floor":3,"turns":4},{"damage":26,"enemies":"HollowMod:MossKnight","floor":7,"turns":12},{"damage":30,"enemies":"3 Sentries","floor":10,"turns":7},{"damage":17,"enemies":"Blue Slaver","floor":12,"turns":4},{"damage":16,"enemies":"Exordium Wildlife","floor":13,"turns":5},{"damage":37,"enemies":"Gremlin Nob","floor":14,"turns":4}],"seed_played":"-957472757438719593","potions_obtained":[{"floor":1,"key":"Strength Potion"},{"floor":10,"key":"Dexterity Potion"},{"floor":12,"key":"SteroidPotion"}],"is_trial":false,"path_per_floor":["M","M","M","?","T","R","E","?","T","E","R","M","M","E"],"character_chosen":"THE_CONSTRUCT_MOD","items_purchased":[],"campfire_rested":0,"item_purchase_floors":[],"current_hp_per_floor":[85,75,75,85,85,85,68,73,73,48,48,38,29,0,0],"gold":192,"neow_bonus":"","is_daily":false,"chose_seed":false,"campfire_upgraded":2,"win_rate":0.0,"timestamp":1614031904,"path_taken":["M","M","M","?","?","R","E","?","T","E","R","M","M","E"],"items_purchased_type":[],"build_version":"2020-12-22","purchased_purges":0,"victory":false,"max_hp_per_floor":[85,85,85,85,85,85,85,90,90,90,90,90,90,90,90],"card_choices":[{"not_picked":["Murderer","LittlePrince"],"picked":"BigBird","floor":1},{"not_picked":["construct:SuppressiveFire","construct:FlameCore"],"picked":"construct:ReactiveShield","floor":1},{"not_picked":["OSAHOGD","OldLady"],"picked":"QueenOfHatred","floor":2},{"not_picked":["construct:FocusedBeam","construct:Versatility"],"picked":"construct:FierceBash","floor":2},{"not_picked":["Murderer","MHz","OldLady"],"picked":"Singing Bowl","floor":3},{"not_picked":["OSAHOGD","Scorched"],"picked":"Bloodbath","floor":3},{"not_picked":["construct:ClusterMines","construct:ModeShift"],"picked":"construct:GoldenBullet","floor":3},{"not_picked":["OSAHOGD","WhitesApple"],"picked":"OldLady","floor":7},{"not_picked":["construct:Failsafe","construct:QuickAttack+1"],"picked":"construct:Boost+1","floor":7},{"not_picked":["HeroicMonk","BeautyBeast"],"picked":"MHz","floor":10},{"not_picked":["construct:ClusterMines+1","construct:ShiftStrike+1"],"picked":"construct:Versatility+1","floor":10},{"not_picked":["CrumblingArmor","MeatLantern"],"picked":"Murderer","floor":12},{"not_picked":["construct:FierceBash+1","construct:ClusterMines+1"],"picked":"construct:Autoturret","floor":12},{"not_picked":["UniverseFragment","DreamingCurrent"],"picked":"Porccubus","floor":13},{"not_picked":["construct:Analyze","construct:ShiftStrike+1"],"picked":"construct:BatteryAcid","floor":13}],"player_experience":912749,"relics_obtained":[{"floor":5,"key":"Molten Egg 2"},{"floor":7,"key":"construct:RocketBooster"},{"floor":10,"key":"Akabeko"}],"event_choices":[{"damage_healed":21,"gold_gain":0,"player_choice":"Healed","damage_taken":0,"max_hp_gain":0,"max_hp_loss":0,"event_name":"The Cleric","floor":4,"gold_loss":35},{"damage_healed":0,"gold_gain":0,"player_choice":"Donut","damage_taken":0,"max_hp_gain":5,"max_hp_loss":0,"event_name":"Big Fish","floor":8,"gold_loss":0}],"is_beta":false,"boss_relics":[],"items_purged_floors":[],"is_endless":false,"potions_floor_spawned":[1,10,12],"killed_by":"Gremlin Nob","ascension_level":0}}