{"host":"a6m4v7p1efmaozv7","time":1614013808,"event":{"mods":["BaseMod","Colored Map","Colored Powertips","DeckTracker","Keyboard Shortcuts","Minty Spire (QoL Compilation)","Permanent Neow","Relic Stats","StSLib","SuperFastMode"],"gold_per_floor":[10,21,21,32,52,52,84,84,153,168,168,198,198,211,211,211,211],"floor_reached":16,"language":"ENG","playtime":301,"items_purged":[],"score":204,"play_id":"fde3ba43-5f05-4f27-b8ef-5d45fc72eed9","local_time":"20210223021008","is_ascension_mode":true,"campfire_choices":[{"data":"Noxious Fumes","floor":6.0,"key":"SMITH"},{"data":"Underhanded Strike","floor":11,"key":"SMITH"},{"floor":13,"key":"REST"},{"data":"Neutralize","floor":15,"key":"SMITH"}],"circlet_count":0,"master_deck":["AscendersBane","Strike_G","Defend_G","Defend_G","Defend_G","Defend_G","Defend_G","Survivor","Neutralize+1","Bane","Adrenaline","Underhanded Strike+1","Noxious Fumes+1"],"relics":["Ring of the Snake","Singing Bowl"],"acts_visited":["Exordium"],"potions_floor_usage":[10,16],"damage_taken":[{"damage":0.0,"enemies":"2 Louse","floor":1.0,"turns":3.0},{"damage":0.0,"enemies":"Jaw Worm","floor":2.0,"turns":4.0},{"damage":0.0,"enemies":"Small Slimes","floor":4.0,"turns":2.0},{"damage":12.0,"enemies":"Blue Slaver","floor":5.0,"turns":7.0},{"damage":22.0,"enemies":"3 Sentries","floor":7.0,"turns":8.0},{"damage":0,"enemies":"Lots of Slimes","floor":10,"turns":3},{"damage":9,"enemies":"2 Fungi Beasts","floor":14,"turns":4},{"damage":25,"enemies":"Slime Boss","floor":16,"turns":8}],"seed_played":"-7179728317604157221","potions_obtained":[{"floor":1.0,"key":"AttackPotion"},{"floor":7,"key":"SteroidPotion"},{"floor":10,"key":"EssenceOfSteel"}],"is_trial":false,"path_per_floor":["M","M","?","M","M","R","E","?","T","M","R","?","R","M","R","B"],"character_chosen":"THE_SILENT","items_purchased":[],"campfire_rested":1,"item_purchase_floors":[],"current_hp_per_floor":[59,59,59,59,47,47,25,18,18,20,20,20,40,33,33,8,8],"gold":211,"neow_bonus":"TRANSFORM_TWO_CARDS","is_daily":false,"chose_seed":false,"campfire_upgraded":3,"win_rate":0.0,"timestamp":1614013808,"path_taken":["M","M","?","M","M","R","E","?","T","M","R","?","R","M","R","BOSS"],"items_purchased_type":[],"build_version":"2020-12-22","purchased_purges":0,"victory":false,"max_hp_per_floor":[66,66,66,66,66,66,66,66,66,68,68,68,68,70,70,70,70],"relic_stats":{"Singing Bowl":4,"counters":[8,39],"obtain_stats":[{"Singing Bowl":9,"Ring of the Snake":0},{"Singing Bowl":5,"Ring of the Snake":0},{"Singing Bowl":24,"Ring of the Snake":0}],"Ring of the Snake":[16]},"card_choices":[{"not_picked":["Backstab","Bane"],"picked":"Underhanded Strike","floor":1.0},{"not_picked":["Backstab","Backflip","Distraction"],"picked":"SKIP","floor":2.0},{"not_picked":["Sucker Punch","Underhanded Strike","Slice"],"picked":"SKIP","floor":4.0},{"not_picked":["Quick Slash","Outmaneuver"],"picked":"Noxious Fumes","floor":5.0},{"not_picked":["Phantasmal Killer","Deadly Poison","Underhanded Strike"],"picked":"SKIP","floor":7},{"not_picked":["Calculated Gamble","Prepared","Quick Slash"],"picked":"Singing Bowl","floor":10},{"not_picked":["Outmaneuver","Dagger Throw","Poisoned Stab"],"picked":"Singing Bowl","floor":14}],"player_experience":2021410,"relics_obtained":[{"floor":9,"key":"Singing Bowl"}],"event_choices":[{"cards_removed":["Strike_G"],"damage_healed":0.0,"max_hp_gain":0.0,"max_hp_loss":0.0,"gold_gain":0.0,"event_name":"Living Wall","player_choice":"Forget","floor":3.0,"gold_loss":0.0,"damage_taken":0.0},{"cards_removed":["Strike_G"],"damage_healed":0,"gold_gain":0,"player_choice":"Card Removal","damage_taken":7,"max_hp_gain":0,"max_hp_loss":0,"event_name":"Golden Wing","floor":8,"gold_loss":0},{"damage_healed":0,"gold_gain":30,"player_choice":"Searched \u00272\u0027 times","damage_taken":0,"max_hp_gain":0,"max_hp_loss":0,"event_name":"Dead Adventurer","floor":12,"gold_loss":0}],"is_beta":false,"boss_relics":[],"items_purged_floors":[],"is_endless":false,"potions_floor_spawned":[1,7,10],"killed_by":"Slime Boss","ascension_level":20}}