{"host":"4a6fro0of1ie0h2w","time":1614020816,"event":{"mods":["Aspiration","BaseMod","CCEM2","Colored Map","Conspire","Downfall","GifTheSpireLib","Halation","Highlight Path","Hubris","Infinite Spire","Marisa????????","Minty Spire (QoL Compilation)","Permanent Neow","Replay The Spire","StSLib","Stuff the Spire","The Servant 0.9.4"],"gold_per_floor":[99,113,130,238,238,256,328,19,48,48,58,58,58,58,69,171,171,171,187,199,225,225,225,225,25,52,52,78,96,96,115,125,228,228,128,147,147,161,177,177,222,238,238,238,303,323,341,341,358,358,358,387,301,301,301,301],"floor_reached":57,"language":"ENG","playtime":2931,"items_purged":["champ:Defend","champ:Defend","champ:Defend"],"score":1633,"play_id":"b38cbeb9-cc16-4732-a6a5-a357f0c3c25f","local_time":"20210222210656","is_ascension_mode":true,"campfire_choices":[{"data":"champ:EnchantSword","floor":1,"key":"SMITH"},{"floor":10,"key":"REST"},{"data":"champ:StrikeOfGenius","floor":13,"key":"SMITH"},{"floor":18,"key":"RECALL"},{"data":"champ:EnchantShield","floor":25,"key":"SMITH"},{"data":"champ:BerserkersShout","floor":30,"key":"SMITH"},{"data":"champ:ShieldSigil","floor":35,"key":"SMITH"},{"data":"champ:ArenaPreparation","floor":44,"key":"SMITH"},{"data":"champ:RisingSlash","floor":54,"key":"SMITH"}],"circlet_count":0,"master_deck":["champ:Strike","champ:Strike+1","champ:Strike+1","champ:Strike+1","champ:Defend+1","champ:Execute","champ:Taunt+1","champ:EnchantSword+1","champ:GutPunch","champ:FlashCut+1","champ:StrikeOfGenius+1","champ:BladeFlurry+1","champ:FocusedDefense+1","champ:ShieldSigil+1","champ:Duel+1","champ:BerserkersShout+1","champ:EnchantShield+1","champ:EnGarde","champ:FanOfKnives+1","champ:SwordSigil+1","champ:GutPunch","champ:ShieldSigil+1","champ:ArenaPreparation+1","Parasite","champ:FocusedBerserking+1","champ:BerserkerStyle+1","champ:Encircle+1","champ:GutPunch+1","champ:ShieldSigil","champ:RisingSlash+1"],"relics":["champ:ChampionCrown","Gremlin Food","Snack Pack","champ:Barbells","War Paint","hubris:Potato","CCEMRelics:SoftDrink","Membership Card","champ:DeflectingBracers","Busted Crown","ReplayTheSpireMod:TigerMarble","Nilry\u0027s Codex","downfall:HeartBlessingRed","downfall:HeartBlessingBlue","Centennial Puzzle","aspiration:RitualStick","Replay:Bronze Core","downfall:HeartBlessingGreen","hubris:Icosahedron","Bronze Scales","CCEMRelics:BiPhaseBiplane","CCEMRelics:PorcelainBowl","hubris:TerracottaHorce","Guide Book"],"acts_visited":["Exordium","TheCity","TheBeyond","TheEnding"],"potions_floor_usage":[8,45,50,56],"damage_taken":[{"damage":10,"enemies":"2 Louse","floor":2,"turns":3},{"damage":20,"enemies":"Jaw Worm","floor":3,"turns":3},{"damage":10,"enemies":"Cultist","floor":6,"turns":3},{"damage":10,"enemies":"downfall:FleeingMerchant","floor":8,"turns":4},{"damage":30,"enemies":"Lagavulin","floor":9,"turns":4},{"damage":6,"enemies":"Blue Slaver","floor":11,"turns":3},{"damage":8,"enemies":"Exordium Thugs","floor":15,"turns":4},{"damage":34,"enemies":"IC_STATUS_ARCHETYPE","floor":16,"turns":4},{"damage":9,"enemies":"Shell Parasite","floor":19,"turns":3},{"damage":20,"enemies":"downfall:LooterAlt2","floor":20,"turns":5},{"damage":2,"enemies":"conspire:MimicChest","floor":21,"turns":4},{"damage":73,"enemies":"Gremlin Leader","floor":26,"turns":8},{"damage":23,"enemies":"Replay:Snechameleon","floor":28,"turns":4},{"damage":14,"enemies":"Centurion and Healer","floor":29,"turns":3},{"damage":15,"enemies":"Snake Plant","floor":31,"turns":4},{"damage":9,"enemies":"Shelled Parasite and Fungi","floor":32,"turns":2},{"damage":25,"enemies":"DF_ARCHETYPE_CLAW","floor":33,"turns":5},{"damage":3,"enemies":"3 Shapes","floor":36,"turns":5},{"damage":10,"enemies":"Orb Walker","floor":38,"turns":3},{"damage":15,"enemies":"Transient","floor":39,"turns":5},{"damage":12,"enemies":"Writhing Mass","floor":42,"turns":3},{"damage":0,"enemies":"downfall:FleeingMerchant","floor":45,"turns":5},{"damage":0,"enemies":"Sphere and 2 Shapes","floor":46,"turns":2},{"damage":4,"enemies":"4 Shapes","floor":47,"turns":3},{"damage":8,"enemies":"Maw","floor":49,"turns":4},{"damage":31,"enemies":"WA_ARCHETYPE_DIVINITY","floor":50,"turns":4},{"damage":0,"enemies":"downfall:CharBossMerchant","floor":52,"turns":3},{"damage":17,"enemies":"downfall:NeowBoss","floor":55,"turns":7},{"damage":88,"enemies":"downfall:NeowBossFinal","floor":56,"turns":7}],"seed_played":"-3584893839222497516","potions_obtained":[{"floor":2,"key":"Adrenaline Potion"},{"floor":3,"key":"DuplicationPotion"},{"floor":16,"key":"champ:OpenerPotion"},{"floor":20,"key":"Energy Potion"},{"floor":52,"key":"Energy Potion"}],"is_trial":false,"path_per_floor":["R","M","M","?","?","M","T","$","E","R","M","?","R","$","M","B",null,"R","M","M","?","?","?","T","R","E","?","E","M","R","M","M","B",null,"R","M","?","M","M","?","T","M","?","R","$","M","M","AVR","M","B",null,"E","$","R","B","B",null],"character_chosen":"THE_CHAMP","items_purchased":["champ:Barbells","War Paint","Membership Card","champ:DeflectingBracers","champ:BerserkerStyle","champ:Encircle","CCEMRelics:BiPhaseBiplane","CCEMRelics:PorcelainBowl","champ:RisingSlash"],"campfire_rested":1,"item_purchase_floors":[8,8,14,14,45,45,45,45,53],"current_hp_per_floor":[81,81,81,49,34,34,34,42,31,55,79,54,54,24,45,57,81,81,74,81,81,65,65,65,75,84,66,86,91,91,91,91,91,91,91,91,91,91,91,91,91,91,91,91,91,91,91,91,91,91,91,91,91,91,91,91],"gold":301,"neow_bonus":"THREE_RARE_CARDS","is_daily":false,"chose_seed":false,"campfire_upgraded":7,"win_rate":0.0,"timestamp":1614020816,"path_taken":["R","M","M","?","?","?","T","$","E","R","M","?","R","?","M","BOSS","R","M","M","?","?","?","T","R","E","?","E","M","R","?","M","BOSS","R","M","?","M","M","?","T","M","?","R","$","M","M","AVR","M","BOSS","E","$","R","BOSS","BOSS"],"items_purchased_type":["Relic","Relic","Relic","Relic","Card","Card","Relic","Relic","Card"],"build_version":"2020-12-22","purchased_purges":3,"victory":true,"max_hp_per_floor":[81,81,81,81,81,81,81,81,81,81,81,81,81,81,81,81,81,81,81,81,81,81,81,81,91,91,91,91,91,91,91,91,91,91,91,91,91,91,91,91,91,91,91,91,91,91,91,91,91,91,91,91,91,91,91,91],"card_choices":[{"not_picked":["champ:LastStand","champ:CheapShot"],"picked":"champ:EnchantSword","floor":0},{"not_picked":["champ:Backstep","champ:FanOfKnives"],"picked":"champ:GutPunch","floor":2},{"not_picked":["champ:ShieldSlam","champ:CrookedStrike"],"picked":"champ:FlashCut","floor":3},{"not_picked":["champ:BringItOn","champ:EnragedBash"],"picked":"champ:StrikeOfGenius","floor":4},{"not_picked":["champ:TornadoPunch","champ:BerserkersShout"],"picked":"champ:BladeFlurry","floor":4},{"not_picked":["champ:StanceDance","champ:AdrenalArmor"],"picked":"champ:FocusedDefense","floor":6},{"not_picked":["champ:Endure","champ:CrownThrow"],"picked":"champ:ShieldSigil","floor":8},{"not_picked":["champ:DeathBlow","champ:BerserkerStyle"],"picked":"champ:Duel","floor":9},{"not_picked":["champ:StanceDance","champ:CalledShot","champ:Lariat"],"picked":"SKIP","floor":11},{"not_picked":["champ:Circumvent","champ:Shatter"],"picked":"champ:BerserkersShout","floor":15},{"not_picked":["champ:IgnorePain","champ:DancingMaster"],"picked":"champ:EnchantShield","floor":16},{"not_picked":[],"picked":"champ:EnGarde","floor":19},{"not_picked":[],"picked":"champ:FanOfKnives+1","floor":20},{"not_picked":[],"picked":"champ:SwordSigil+1","floor":26},{"not_picked":[],"picked":"champ:GutPunch","floor":28},{"not_picked":["champ:ShieldWall"],"picked":"SKIP","floor":29},{"not_picked":["champ:DefensiveShout"],"picked":"SKIP","floor":31},{"not_picked":[],"picked":"champ:ShieldSigil","floor":32},{"not_picked":[],"picked":"champ:ArenaPreparation","floor":36},{"not_picked":["champ:DefensiveShout+1"],"picked":"SKIP","floor":38},{"not_picked":["champ:Haymaker"],"picked":"SKIP","floor":39},{"not_picked":[],"picked":"champ:FocusedBerserking+1","floor":42},{"not_picked":["champ:BringItOn"],"picked":"SKIP","floor":45},{"not_picked":[],"picked":"champ:GutPunch+1","floor":46},{"not_picked":[],"picked":"champ:ShieldSigil","floor":47},{"not_picked":["champ:Haymaker+1"],"picked":"SKIP","floor":49},{"not_picked":["champ:BladeFlurry+1"],"picked":"SKIP","floor":52}],"player_experience":250467,"relics_obtained":[{"floor":4,"key":"Gremlin Food"},{"floor":7,"key":"Snack Pack"},{"floor":9,"key":"hubris:Potato"},{"floor":21,"key":"ReplayTheSpireMod:TigerMarble"},{"floor":22,"key":"Nilry\u0027s Codex"},{"floor":26,"key":"Centennial Puzzle"},{"floor":41,"key":"Bronze Scales"}],"event_choices":[{"damage_healed":0,"gold_gain":0,"player_choice":"Success","damage_taken":25,"relics_obtained":["CCEMRelics:SoftDrink"],"max_hp_gain":0,"max_hp_loss":0,"event_name":"Scrap Ooze","floor":12,"gold_loss":0},{"damage_healed":0,"gold_gain":0,"player_choice":"Ignored","damage_taken":0,"max_hp_gain":0,"max_hp_loss":0,"event_name":"Ghosts","floor":23,"gold_loss":0},{"damage_healed":0,"gold_gain":0,"player_choice":"Leave","damage_taken":0,"max_hp_gain":0,"max_hp_loss":0,"event_name":"conspire:Investor","floor":43,"gold_loss":0}],"is_beta":false,"boss_relics":[{"not_picked":["StuffTheSpire:RunicConfusion","CCEMRelics:TransientCore"],"picked":"Busted Crown"},{"not_picked":["hubris:Backtick","hubris:GrandSneckoEye"],"picked":"Replay:Bronze Core"}],"items_purged_floors":[45,48,53],"is_endless":false,"potions_floor_spawned":[2,3,16,20,21,31,33,36,46,47,49,52],"ascension_level":9}}