{"host":"93bjq340p293ukqy","time":1614024478,"event":{"mods":["BaseMod","Hermit","Minty Spire (QoL Compilation)","StSLib","The Cursed"],"gold_per_floor":[113,131,151,165,165,165,197,197,220,295,295,295,295],"floor_reached":12,"language":"ENG","playtime":476,"items_purged":[],"score":105,"play_id":"7f2beaff-e1e5-4c32-877a-9f26365bd82d","local_time":"20210222220758","is_ascension_mode":true,"campfire_choices":[{"floor":6,"key":"REST"},{"floor":8,"key":"REST"},{"floor":11,"key":"REST"}],"circlet_count":0,"master_deck":["Strike_G","Strike_G","Strike_G","Strike_G","Strike_G","Defend_G","Defend_G","Defend_G","Defend_G","Defend_G","Survivor","Neutralize","Backflip","PiercingWail","PiercingWail","Crippling Poison","Regret","Deadly Poison"],"relics":["Fusion Hammer","Juzu Bracelet","Toy Ornithopter","Omamori"],"acts_visited":["Exordium"],"potions_floor_usage":[12],"damage_taken":[{"damage":5,"enemies":"2 Louse","floor":1,"turns":3},{"damage":0,"enemies":"Jaw Worm","floor":2,"turns":5},{"damage":1,"enemies":"Small Slimes","floor":3,"turns":4},{"damage":7,"enemies":"Exordium Thugs","floor":4,"turns":7},{"damage":57,"enemies":"3 Sentries","floor":7,"turns":18},{"damage":55,"enemies":"Gremlin Nob","floor":12,"turns":5}],"seed_played":"3480807944629487601","potions_obtained":[{"floor":2,"key":"Dexterity Potion"},{"floor":4,"key":"Dexterity Potion"}],"is_trial":false,"path_per_floor":["M","M","M","M","?","R","E","R","T","?","R","E"],"character_chosen":"THE_SILENT","items_purchased":[],"campfire_rested":3,"item_purchase_floors":[],"current_hp_per_floor":[58,58,57,50,50,70,13,34,34,23,44,0,0],"gold":295,"neow_bonus":"BOSS_RELIC","is_daily":false,"chose_seed":false,"campfire_upgraded":0,"win_rate":0.0,"timestamp":1614024478,"path_taken":["M","M","M","M","?","R","E","R","T","?","R","E"],"items_purchased_type":[],"build_version":"2020-12-22","purchased_purges":0,"victory":false,"max_hp_per_floor":[70,70,70,70,70,70,70,70,70,70,70,70,70],"card_choices":[{"not_picked":["Dodge and Roll","Quick Slash"],"picked":"Backflip","floor":1},{"not_picked":["Heel Hook","Escape Plan"],"picked":"PiercingWail","floor":2},{"not_picked":["Poisoned Stab","Flying Knee"],"picked":"PiercingWail","floor":3},{"not_picked":["Burst","Prepared"],"picked":"Crippling Poison","floor":4},{"not_picked":["Dagger Throw","Adrenaline"],"picked":"Deadly Poison","floor":7}],"player_experience":274413,"relics_obtained":[{"floor":7,"key":"Toy Ornithopter"},{"floor":9,"key":"Omamori"}],"event_choices":[{"damage_healed":0,"gold_gain":0,"player_choice":"Box","damage_taken":0,"relics_obtained":["Juzu Bracelet"],"max_hp_gain":0,"max_hp_loss":0,"event_name":"Big Fish","floor":5,"gold_loss":0,"cards_obtained":["Regret"]},{"damage_healed":0,"gold_gain":75,"player_choice":"Gather Gold","damage_taken":11,"max_hp_gain":0,"max_hp_loss":0,"event_name":"World of Goop","floor":10,"gold_loss":0}],"is_beta":false,"boss_relics":[],"items_purged_floors":[],"is_endless":false,"potions_floor_spawned":[2,4],"killed_by":"Gremlin Nob","ascension_level":7}}