{"host":"i391n33tccqevi90","time":1614029055,"event":{"mods":["2.2 Compatiblity","AchievementEnabler","AlwaysNeverKeys","BaseMod","Better Third Choice","Conspire","Emptier Cage","Filter the Spire","Grow up Mod","Hubris","Minty Spire (QoL Compilation)","Remove Card Discount Mod","Replay The Spire","Spicy Shops","StSLib"],"gold_per_floor":[112,128,156,176,186,186,198,198,198,211,211,225,240,240,240,339,339,356,369,369,369,369,369,402,402,481,491,431,313,313,324,324,419,419,435,290,307,307,307,307,307,327,327,345,345,345,345,365,365,365,365],"floor_reached":50,"language":"ENG","playtime":5460,"items_purged":["Hemogenesis"],"score":654,"play_id":"55147906-f29d-436d-8071-3f51905fe0ca","local_time":"20210222152415","is_ascension_mode":false,"campfire_choices":[{"data":"Armaments","floor":6.0,"key":"SMITH"},{"data":"Replay:Undeath\u0027s Touch","floor":8.0,"key":"SMITH"},{"data":"Spot Weakness","floor":11.0,"key":"SMITH"},{"data":"Flame Barrier","floor":15.0,"key":"SMITH"},{"floor":23,"key":"REST"},{"data":"Metallicize","floor":32,"key":"SMITH"},{"data":"Replay:Many Hands","floor":40,"key":"SMITH"},{"data":"Shockwave","floor":45,"key":"SMITH"},{"floor":47,"key":"REST"},{"floor":49,"key":"REST"}],"circlet_count":0,"master_deck":["Strike_R","Strike_R","Strike_R","Strike_R","Strike_R","Defend_R","Defend_R","Defend_R","Defend_R","Bash","Disarm","Burning Pact","Armaments+1","Disarm","Flame Barrier+1","Whirlwind","Replay:Undeath\u0027s Touch+1","Spot Weakness+1","Double Tap","conspire:ExplosiveBarrier","Replay:Many Hands+1","Berserk","Metallicize+1","Perfected Strike","Wild Strike","Fire Breathing","Reckless Charge","Juggernaut","Pummel","Pummel","Combust","Spot Weakness","Shockwave+1"],"relics":["Burning Blood"],"acts_visited":["Exordium","TheCity","TheBeyond"],"potions_floor_usage":[18,18,33,50,50,50],"damage_taken":[{"damage":4.0,"enemies":"Cultist","floor":1.0,"turns":3.0},{"damage":6.0,"enemies":"Small Slimes","floor":2.0,"turns":4.0},{"damage":9.0,"enemies":"Jaw Worm","floor":4.0,"turns":4.0},{"damage":19.0,"enemies":"Large Slime","floor":5.0,"turns":11.0},{"damage":1.0,"enemies":"2 Fungi Beasts","floor":7.0,"turns":4.0},{"damage":21.0,"enemies":"Gremlin Gang","floor":10.0,"turns":3.0},{"damage":5.0,"enemies":"Looter","floor":12.0,"turns":3.0},{"damage":12.0,"enemies":"3 Louse","floor":13.0,"turns":2.0},{"damage":57.0,"enemies":"Hexaghost","floor":16.0,"turns":10.0},{"damage":15,"enemies":"2 Thieves","floor":18,"turns":3},{"damage":43,"enemies":"Chosen","floor":19,"turns":7},{"damage":63,"enemies":"Book of Stabbing","floor":24,"turns":8},{"damage":32,"enemies":"Shelled Parasite and Fungi","floor":27,"turns":7},{"damage":44,"enemies":"Centurion and Healer","floor":31,"turns":6},{"damage":34,"enemies":"Pondfish","floor":33,"turns":13},{"damage":12,"enemies":"3 Shapes","floor":35,"turns":5},{"damage":49,"enemies":"3 Darklings","floor":37,"turns":5},{"damage":95,"enemies":"4 Shapes","floor":42,"turns":6},{"damage":81,"enemies":"Jaw Worm Horde","floor":44,"turns":6},{"damage":84,"enemies":"Maw","floor":48,"turns":10},{"damage":608,"enemies":"hubris:GrandSnecko","floor":50,"turns":15}],"seed_played":"893161622803293139","potions_obtained":[{"floor":1.0,"key":"Adrenaline Potion"},{"floor":5.0,"key":"DuplicationPotion"},{"floor":10.0,"key":"SteroidPotion"},{"floor":13.0,"key":"Explosive Potion"},{"floor":24,"key":"Languid Potion"},{"floor":27,"key":"Energy Potion"},{"floor":42,"key":"Strength Potion"}],"is_trial":false,"path_per_floor":["M","M","?","M","M","R","M","R","T","M","R","M","M","?","R","B",null,"M","M","?","?","?","R","E","?","T","M","?","$","?","M","R","B",null,"M","$","M","?","?","R","?","M","T","M","R","?","R","M","R","B"],"character_chosen":"IRONCLAD","items_purchased":["Wild Strike","Fire Breathing","Pummel","Combust"],"campfire_rested":3,"item_purchase_floors":[29,29,36,36],"current_hp_per_floor":[100,110,76,83,80,90,105,115,125,120,130,141,145,155,165,129,260,261,234,244,254,194,298,251,261,271,262,272,282,292,264,274,256,435,439,449,416,426,436,446,456,377,387,322,332,342,518,450,585,0,0],"gold":365,"neow_bonus":"THREE_CARDS","is_daily":false,"chose_seed":false,"campfire_upgraded":7,"win_rate":0.0,"timestamp":1614029055,"path_taken":["M","M","?","M","?","R","M","R","T","M","R","M","M","?","R","BOSS","M","M","?","?","?","R","E","?","T","?","?","$","?","M","R","BOSS","M","$","M","?","?","R","?","M","T","M","R","?","R","M","R","BOSS"],"items_purchased_type":["Card","Card","Card","Card"],"build_version":"2020-12-22","purchased_purges":1,"victory":false,"max_hp_per_floor":[100,110,120,130,140,150,160,170,180,190,200,210,220,230,240,250,260,270,280,290,300,315,325,335,345,355,365,375,385,395,405,415,425,435,445,455,465,475,485,495,505,515,525,535,545,555,565,575,585,585,585],"card_choices":[{"not_picked":["True Grit","Heavy Blade"],"picked":"Disarm","floor":0.0},{"not_picked":["Run Through","Replay:Undeath\u0027s Touch"],"picked":"Burning Pact","floor":1.0},{"not_picked":["Disarm","Run Through"],"picked":"Armaments","floor":2.0},{"not_picked":["ReplayReversal","Run Through"],"picked":"Disarm","floor":3.0},{"not_picked":["hubris:ReadiedAction","Twin Strike"],"picked":"Flame Barrier","floor":4.0},{"not_picked":["Flex","Defy Death"],"picked":"Whirlwind","floor":5.0},{"not_picked":["Shrug It Off","Pommel Strike"],"picked":"Replay:Undeath\u0027s Touch","floor":7.0},{"not_picked":["Twin Strike","Perfected Strike"],"picked":"Spot Weakness","floor":10.0},{"not_picked":["Iron Wave","Pommel Strike","Run Through"],"picked":"SKIP","floor":12.0},{"not_picked":["Replay:Undeath\u0027s Touch","Run Through"],"picked":"Double Tap","floor":13.0},{"not_picked":["Hemogenesis","conspire:HitWhereItHurts"],"picked":"Replay:Many Hands","floor":16.0},{"not_picked":["Carnage","Sword Boomerang","ReplayTheSpireMod:LeadingStrike"],"picked":"SKIP","floor":18},{"not_picked":["True Grit+1","Flex+1","Defy Death+1"],"picked":"SKIP","floor":19},{"not_picked":["Reaper","ReplayTheSpireMod:Strike From Hell"],"picked":"Berserk","floor":24},{"not_picked":["Second Wind","Clash"],"picked":"Perfected Strike","floor":27},{"not_picked":["True Grit","Disarm"],"picked":"Reckless Charge","floor":31},{"not_picked":["conspire:HitWhereItHurts","Offering"],"picked":"Juggernaut","floor":33},{"not_picked":["ReplayTheSpireMod:Strike From Hell+1","Headbutt"],"picked":"Pummel","floor":35},{"not_picked":["Fire Breathing+1","Pommel Strike","Havoc+1"],"picked":"SKIP","floor":37},{"not_picked":["Replay:Undeath\u0027s Touch+1","Clash+1"],"picked":"Spot Weakness","floor":42},{"not_picked":["Sentinel","Second Wind+1"],"picked":"Shockwave","floor":44},{"not_picked":["Defy Death","Thunderclap","Havoc"],"picked":"SKIP","floor":48}],"player_experience":632811,"relics_obtained":[],"event_choices":[{"damage_healed":0.0,"max_hp_gain":0.0,"max_hp_loss":0.0,"gold_gain":0.0,"event_name":"Match and Keep!","player_choice":"2 cards matched","floor":14.0,"gold_loss":0.0,"damage_taken":0.0,"cards_obtained":["conspire:ExplosiveBarrier","Hemogenesis"]},{"damage_healed":0,"gold_gain":0,"player_choice":"Ignored","damage_taken":0,"max_hp_gain":0,"max_hp_loss":0,"event_name":"Vampires","floor":21,"gold_loss":0},{"damage_healed":0,"gold_gain":0,"player_choice":"Shed Blood","damage_taken":75,"max_hp_gain":5,"max_hp_loss":0,"event_name":"Forgotten Altar","floor":22,"gold_loss":0},{"damage_healed":0,"gold_gain":0,"player_choice":"Read","damage_taken":0,"max_hp_gain":0,"max_hp_loss":0,"event_name":"The Library","floor":25,"gold_loss":0,"cards_obtained":["Metallicize"]},{"damage_healed":0,"gold_gain":0,"player_choice":"Ignored","damage_taken":0,"max_hp_gain":0,"max_hp_loss":0,"event_name":"Beggar","floor":30,"gold_loss":0},{"damage_healed":0,"gold_gain":0,"player_choice":"Leave","damage_taken":0,"max_hp_gain":0,"max_hp_loss":0,"event_name":"conspire:Investor","floor":39,"gold_loss":0},{"damage_healed":0,"gold_gain":0,"player_choice":"Ignored","damage_taken":0,"max_hp_gain":0,"max_hp_loss":0,"event_name":"Mysterious Sphere","floor":41,"gold_loss":0}],"is_beta":false,"boss_relics":[{"not_picked":["Fusion Hammer","hubris:CrackedHourglass","Electric Blood"]},{"not_picked":["conspire:SpecialSausage","Kintsugi","Black Star"]}],"items_purged_floors":[29],"is_endless":false,"potions_floor_spawned":[1,5,10,13,16,24,27,42,48],"killed_by":"hubris:GrandSnecko","ascension_level":0}}