{"host":"raai0vtvcfkt8csp","time":1614013421,"event":{"mods":["2.2 Compatiblity","BaseMod","Beaked The Cultist","Block Reminder","Booster Modes","Clockwork Mod","Custom Start","DeckTracker","Defective Defect","Defuse TimeMaze Blight","Dio Mod","GifTheSpireLib","Infinite Spire","Minty Spire (QoL Compilation)","Quick Restart","Random Character Button","Rare Cards Sparkle","StSLib","The Marked","Uncapped","Unceasing Turn Reminder"],"gold_per_floor":[111,186,196,209,209,209,209],"floor_reached":6,"language":"ENG","playtime":490,"items_purged":[],"score":63,"play_id":"3bf9b17a-1f01-4ef9-ac46-4129a4727f25","local_time":"20210222180341","daily_mods":["Hoarder","Specialized","Vintage"],"is_ascension_mode":true,"campfire_choices":[],"circlet_count":0,"master_deck":["beaked:Strike_Y","beaked:Strike_Y","beaked:Strike_Y","beaked:Strike_Y","beaked:Strike_Y","beaked:Strike_Y","beaked:Defend_Y","beaked:Defend_Y","beaked:Defend_Y","beaked:Defend_Y","beaked:Ceremony","beaked:Ceremony","beaked:Ceremony","beaked:Insight","beaked:Insight","beaked:Insight","beaked:Insight","beaked:Insight","beaked:Insight","beaked:Insight","beaked:Insight","beaked:Insight","beaked:Insight","beaked:Insight","beaked:Insight","beaked:Insight","beaked:Insight","beaked:Insight","infinitespire:Starlight","infinitespire:Starlight","infinitespire:Starlight"],"relics":["beaked:MendingPlumage","Shuriken","StrikeDummy","Mercury Hourglass"],"acts_visited":["Exordium"],"potions_floor_usage":[],"damage_taken":[{"damage":32,"enemies":"Jaw Worm","floor":1,"turns":10},{"damage":38,"enemies":"Small Slimes","floor":3,"turns":13},{"damage":31,"enemies":"Cultist","floor":4,"turns":6},{"damage":0,"enemies":"Gremlin Nob","floor":6,"turns":1}],"seed_played":"3268422972482079038","potions_obtained":[],"is_trial":true,"path_per_floor":["M","?","M","M","?","E"],"character_chosen":"BEAKED_THE_CULTIST","items_purchased":[],"campfire_rested":0,"item_purchase_floors":[],"current_hp_per_floor":[41,30,29,13,1,1,1],"gold":209,"neow_bonus":"","is_daily":false,"chose_seed":false,"campfire_upgraded":0,"win_rate":0.0,"timestamp":1614013421,"path_taken":["M","?","M","M","?","E"],"items_purchased_type":[],"build_version":"2020-12-22","purchased_purges":0,"victory":false,"max_hp_per_floor":[50,50,50,50,50,50,50],"card_choices":[{"not_picked":["infinitespire:TheBestDefense","infinitespire:FinalStrike"],"picked":"infinitespire:Starlight","floor":5}],"player_experience":1091002,"relics_obtained":[{"floor":1,"key":"Shuriken"},{"floor":3,"key":"StrikeDummy"},{"floor":4,"key":"Mercury Hourglass"}],"event_choices":[{"damage_healed":0,"gold_gain":75,"player_choice":"Gather Gold","damage_taken":11,"max_hp_gain":0,"max_hp_loss":0,"event_name":"World of Goop","floor":2,"gold_loss":0}],"is_beta":false,"boss_relics":[],"items_purged_floors":[],"is_endless":false,"potions_floor_spawned":[],"killed_by":"Gremlin Nob","ascension_level":1}}