{"host":"zcytydgb505ghzux","time":1614028895,"event":{"mods":["Act Like it!","BaseMod","Colored Powertips","Downfall","Halation","Highlight Path","Hubris","Infinite Spire","Jorbs\u0027s Wanderer Trilogy","Marisa????????","Minty Spire (QoL Compilation)","Replay The Spire","StSLib","The Construct","The Mystic","The Wild Card"],"gold_per_floor":[111,129,129,144,144,175,175,235,261,261,287,304,304,304,304,401,401,417,0,0,0,0],"floor_reached":21,"language":"ENG","playtime":846,"items_purged":[],"score":195,"play_id":"b297de24-4eb2-46e3-9736-00f5962c9438","local_time":"20210222162135","is_ascension_mode":true,"campfire_choices":[{"floor":13,"key":"REST"},{"data":"Replay:Poison Smokescreen","floor":15,"key":"PURGE"}],"circlet_count":0,"master_deck":["Strike_G","Strike_G","Strike_G","Strike_G","Strike_G","Defend_G","Defend_G","Defend_G","Defend_G","Survivor","Neutralize+1","Infinite Blades","Backflip","ReplayTheSpireMod:Shiv Toss","Expertise","ReplayTheSpireMod:Splinters","Deflect","Acrobatics","hubris:InfiniteBlow+2","Die Die Die","Dagger Spray"],"relics":["Ring of the Snake","Vajra","MealTicket","Regal Pillow","Juzu Bracelet","halation:EternalFortune","hubris:SlimyHat","halation:Prosthetics"],"acts_visited":["Exordium","TheCity"],"potions_floor_usage":[16,16,20],"damage_taken":[{"damage":9,"enemies":"infinitespire:Voidling","floor":1,"turns":5},{"damage":1,"enemies":"2 Louse","floor":2,"turns":3},{"damage":0,"enemies":"Cultist","floor":4,"turns":4},{"damage":13,"enemies":"Replay:BlueRogue","floor":6,"turns":7},{"damage":16,"enemies":"3 Louse","floor":12,"turns":5},{"damage":31,"enemies":"Slime Boss","floor":16,"turns":12},{"damage":33,"enemies":"Shell Parasite","floor":18,"turns":12},{"damage":0,"enemies":"2 Thieves","floor":20,"turns":1},{"damage":0,"enemies":"Shelled Parasite and Fungi","floor":21,"turns":1}],"seed_played":"7210357277459764713","potions_obtained":[{"floor":2,"key":"Languid Potion"},{"floor":4,"key":"Elixir"},{"floor":6,"key":"Elixir"},{"floor":8,"key":"SmokeBomb"},{"floor":16,"key":"champ:CounterPotion"},{"floor":18,"key":"Strength Potion"}],"is_trial":false,"path_per_floor":["M","M","?","M","?","E","?","?","T","?","T","M","R","?","R","B",null,"M","?","M","M"],"character_chosen":"THE_SILENT","items_purchased":[],"campfire_rested":1,"item_purchase_floors":[],"current_hp_per_floor":[63,62,62,62,62,49,49,49,49,52,52,36,77,56,56,25,52,19,19,19,19,19],"gold":0,"neow_bonus":"TWENTY_PERCENT_HP_BONUS","is_daily":false,"chose_seed":false,"campfire_upgraded":0,"win_rate":0.0,"timestamp":1614028895,"path_taken":["M","?","?","?","?","E","?","?","T","?","?","M","R","?","R","BOSS","M","?","M","M"],"items_purchased_type":[],"build_version":"2020-12-22","purchased_purges":0,"victory":false,"max_hp_per_floor":[84,84,84,84,84,84,84,84,84,87,87,87,87,87,87,87,52,52,52,52,52,52],"card_choices":[{"not_picked":["ReplayTheSpireMod:The Works","hubris:SlightOfHand"],"picked":"Infinite Blades","floor":1},{"not_picked":["Toxin Wave","Poisoned Stab"],"picked":"Backflip","floor":2},{"not_picked":["Backflip","ReplayTheSpireMod:Scrap Shanks"],"picked":"ReplayTheSpireMod:Shiv Toss","floor":4},{"not_picked":["Bouncing Flask","Predator"],"picked":"Expertise","floor":6},{"not_picked":["Infinite Blades","Reflex"],"picked":"Deflect","floor":8},{"not_picked":["A Thousand Cuts","Underhanded Strike"],"picked":"Acrobatics","floor":8},{"not_picked":["Toxin Wave","Dagger Throw","Acrobatics"],"picked":"SKIP","floor":12},{"not_picked":["infinitespire:FinalStrike","ReplayTheSpireMod:Chaos Vortex"],"picked":"hubris:InfiniteBlow+2","floor":14},{"not_picked":["Venomology","Atom Bomb"],"picked":"Die Die Die","floor":16},{"not_picked":["Acrobatics+1","Hidden Blade"],"picked":"Dagger Spray","floor":18}],"player_experience":71116,"relics_obtained":[{"floor":5,"key":"Vajra"},{"floor":6,"key":"MealTicket"},{"floor":8,"key":"Regal Pillow"},{"floor":9,"key":"Juzu Bracelet"},{"floor":11,"key":"hubris:SlimyHat"}],"event_choices":[{"damage_healed":0,"gold_gain":0,"cards_transformed":["Defend_G"],"player_choice":"Transformed","damage_taken":0,"max_hp_gain":0,"max_hp_loss":0,"event_name":"Transmorgrifier","floor":3,"gold_loss":0,"cards_obtained":["Replay:Poison Smokescreen"]},{"damage_healed":0,"gold_gain":0,"player_choice":"Paid Fearfully","damage_taken":0,"max_hp_gain":0,"max_hp_loss":0,"event_name":"Masked Bandits","floor":19,"gold_loss":417}],"is_beta":false,"boss_relics":[{"not_picked":["Replay:Grab Bag","HoveringKite"],"picked":"halation:Prosthetics"}],"items_purged_floors":[],"is_endless":false,"potions_floor_spawned":[2,4,6,16,18],"killed_by":"Shelled Parasite and Fungi","ascension_level":2}}