{"host":"r4aerl4ckfvw1dw3","time":1614019460,"event":{"mods":["BaseMod","BetterRewards","Minty Spire (QoL Compilation)","Quick Restart","StSLib"],"gold_per_floor":[115,39,39,55,74,74,84,115,138,138,167,167,187,207,207,308,308,324,324,324,324,324,324,362,362,417,442,474,244,266,288,288,397,397,417,442,459,480,209,209,220,243,270,270,270,270,121,132,132,132,132,132,7,37,37,37],"floor_reached":55,"language":"ENG","playtime":6739,"items_purged":["Strike_B+1","Strike_B+1","Strike_B+1"],"score":1017,"play_id":"469b0dbb-5b3c-41a6-af07-f2d3b7b1e326","local_time":"20210222104420","is_ascension_mode":true,"campfire_choices":[{"floor":6.0,"key":"REST"},{"data":"Sweeping Beam","floor":10.0,"key":"SMITH"},{"floor":12.0,"key":"REST"},{"data":"Capacitor","floor":15.0,"key":"SMITH"},{"data":"Echo Form","floor":23.0,"key":"SMITH"},{"data":"Consume","floor":25.0,"key":"SMITH"},{"data":"Defragment","floor":32.0,"key":"SMITH"},{"data":"Seek","floor":40.0,"key":"SMITH"},{"floor":44.0,"key":"RECALL"},{"data":"Zap","floor":49.0,"key":"SMITH"},{"data":"Biased Cognition","floor":52.0,"key":"SMITH"}],"circlet_count":0,"master_deck":["Strike_B+1","Defend_B+1","Defend_B+1","Defend_B+1","Defend_B+1","Zap+1","Dualcast","Sweeping Beam+1","Capacitor+1","Genetic Algorithm","Coolheaded","Ball Lightning+1","Go for the Eyes","Coolheaded","Ball Lightning+1","Thunder Strike","Chill","Heatsinks","Echo Form+1","Gash","Defragment+1","Ghostly","Ghostly","Ghostly","Ghostly","Ghostly","Consume+1","Self Repair","Recycle+1","Turbo","Undo","Biased Cognition+1","Stack","Seek+1","Defragment+1","Conserve Battery","Skim","Electrodynamics"],"relics":["Cracked Core","Prayer Wheel","Tiny Chest","Art of War","Ancient Tea Set","Regal Pillow","Sozu","PreservedInsect","CeramicFish","DataDisk","Vajra","Runic Capacitor","Inserter","ClockworkSouvenir","Bag of Marbles","Whetstone"],"acts_visited":["Exordium","TheCity","TheBeyond","TheEnding"],"potions_floor_usage":[],"damage_taken":[{"damage":0.0,"enemies":"2 Louse","floor":1.0,"turns":4.0},{"damage":9.0,"enemies":"Small Slimes","floor":4.0,"turns":3.0},{"damage":4.0,"enemies":"Jaw Worm","floor":5.0,"turns":3.0},{"damage":6.0,"enemies":"Gremlin Gang","floor":7.0,"turns":4.0},{"damage":12.0,"enemies":"Lagavulin","floor":8.0,"turns":7.0},{"damage":21.0,"enemies":"3 Sentries","floor":11.0,"turns":6.0},{"damage":8.0,"enemies":"Lots of Slimes","floor":13.0,"turns":3.0},{"damage":2.0,"enemies":"Large Slime","floor":14.0,"turns":6.0},{"damage":25.0,"enemies":"Slime Boss","floor":16.0,"turns":6.0},{"damage":14.0,"enemies":"Chosen","floor":18.0,"turns":5.0},{"damage":0.0,"enemies":"Slavers","floor":24.0,"turns":7.0},{"damage":0.0,"enemies":"Book of Stabbing","floor":27.0,"turns":5.0},{"damage":12.0,"enemies":"3 Byrds","floor":28.0,"turns":5.0},{"damage":2.0,"enemies":"Centurion and Healer","floor":30.0,"turns":7.0},{"damage":0.0,"enemies":"3 Cultists","floor":31.0,"turns":6.0},{"damage":25.0,"enemies":"Collector","floor":33.0,"turns":8.0},{"damage":8.0,"enemies":"3 Darklings","floor":35.0,"turns":6.0},{"damage":0.0,"enemies":"Orb Walker","floor":36.0,"turns":4.0},{"damage":0.0,"enemies":"3 Darklings","floor":37.0,"turns":6.0},{"damage":12.0,"enemies":"Transient","floor":38.0,"turns":5.0},{"damage":0.0,"enemies":"Maw","floor":41.0,"turns":7.0},{"damage":0.0,"enemies":"Spire Growth","floor":42.0,"turns":6.0},{"damage":0.0,"enemies":"Sphere and 2 Shapes","floor":48.0,"turns":6.0},{"damage":9.0,"enemies":"Awakened One","floor":50.0,"turns":12.0},{"damage":0.0,"enemies":"Shield and Spear","floor":54.0,"turns":6.0},{"damage":45,"enemies":"The Heart","floor":55,"turns":6}],"seed_played":"-4545937319524280793","potions_obtained":[{"floor":4.0,"key":"SteroidPotion"},{"floor":11.0,"key":"LiquidMemories"},{"floor":13.0,"key":"EssenceOfSteel"},{"floor":14.0,"key":"Energy Potion"},{"floor":16.0,"key":"EssenceOfSteel"}],"is_trial":false,"path_per_floor":["M","$","?","M","M","R","M","E","T","R","E","R","M","M","R","B",null,"M","?","?","?","T","R","E","R","T","E","M","$","M","M","R","B",null,"M","M","M","M","$","R","M","M","T","R","T","?","$","M","R","B",null,"R","$","E","B"],"character_chosen":"DEFECT","items_purchased":["Genetic Algorithm","Runic Capacitor","ClockworkSouvenir","Conserve Battery","Electrodynamics"],"campfire_rested":2,"item_purchase_floors":[2,29,39,39,47],"current_hp_per_floor":[50,50,47,38,34,56,50,38,38,38,17,54,46,44,44,19,61,47,47,37,37,37,37,37,37,37,37,25,25,30,37,37,19,33,25,32,37,25,25,25,32,37,37,37,37,37,37,37,37,35,37,37,37,37,0,0],"gold":37,"neow_bonus":"ONE_RARE_RELIC","is_daily":false,"chose_seed":false,"campfire_upgraded":8,"win_rate":0.0,"timestamp":1614019460,"path_taken":["M","$","?","M","M","R","M","E","T","R","E","R","M","M","R","BOSS","M","?","?","?","?","R","E","R","T","E","M","$","M","?","R","BOSS","M","?","M","M","$","R","M","?","T","R","?","?","$","?","R","BOSS","R","$","E","BOSS"],"items_purchased_type":["Card","Relic","Relic","Card","Card"],"build_version":"2020-12-22","purchased_purges":3,"victory":false,"max_hp_per_floor":[75,75,75,75,75,75,75,75,75,75,75,75,75,75,75,75,75,75,75,37,37,37,37,37,37,37,37,37,37,37,37,37,37,37,37,37,37,37,37,37,37,37,37,37,37,37,37,37,37,37,37,37,37,37,37,37],"card_choices":[{"not_picked":["Coolheaded","Darkness"],"picked":"Sweeping Beam","floor":1.0},{"not_picked":["Sunder","Steam"],"picked":"Capacitor","floor":1.0},{"not_picked":["Steam","Gash"],"picked":"Coolheaded","floor":4.0},{"not_picked":["Chill","Conserve Battery"],"picked":"Ball Lightning","floor":4.0},{"not_picked":["Hyperbeam","Leap"],"picked":"Go for the Eyes","floor":5.0},{"not_picked":["Beam Cell","Recycle"],"picked":"Coolheaded","floor":5.0},{"not_picked":["Redo","Leap","Tempest"],"picked":"SKIP","floor":7.0},{"not_picked":["All For One","Barrage","Steam"],"picked":"SKIP","floor":7.0},{"not_picked":["Reprogram","Turbo"],"picked":"Ball Lightning","floor":8.0},{"not_picked":["Undo","Glacier"],"picked":"Thunder Strike","floor":11.0},{"not_picked":["Hologram","Leap"],"picked":"Chill","floor":13.0},{"not_picked":["Hologram","Glacier"],"picked":"Heatsinks","floor":13.0},{"not_picked":["Melter","Steam","Steam Power"],"picked":"SKIP","floor":14.0},{"not_picked":["Glacier","Compile Driver","Streamline"],"picked":"SKIP","floor":14.0},{"not_picked":["Creative AI","All For One"],"picked":"Echo Form","floor":16.0},{"not_picked":["Hologram","Darkness"],"picked":"Gash","floor":18.0},{"not_picked":["Chill","Beam Cell+1","Sweeping Beam"],"picked":"SKIP","floor":18.0},{"not_picked":["Genetic Algorithm","Cold Snap+1"],"picked":"Consume","floor":24.0},{"not_picked":["Blizzard+1","Coolheaded","Steam Power"],"picked":"SKIP","floor":27.0},{"not_picked":["Skim","Fusion"],"picked":"Self Repair","floor":28.0},{"not_picked":["Genetic Algorithm","Double Energy"],"picked":"Recycle+1","floor":28.0},{"not_picked":["Darkness","Rip and Tear"],"picked":"Turbo","floor":30.0},{"not_picked":["All For One","Compile Driver","Rebound"],"picked":"SKIP","floor":30.0},{"not_picked":["Consume","Coolheaded"],"picked":"Undo","floor":31.0},{"not_picked":["Leap+1","Doom and Gloom+1","Undo"],"picked":"SKIP","floor":31.0},{"not_picked":["Core Surge","All For One"],"picked":"Biased Cognition","floor":33.0},{"not_picked":["Consume+1","Hologram"],"picked":"Stack","floor":35.0},{"not_picked":["Rebound","Barrage+1","Leap+1"],"picked":"SKIP","floor":35.0},{"not_picked":["Sweeping Beam","Gash"],"picked":"Seek","floor":36.0},{"not_picked":["Stack","Cold Snap+1","Aggregate+1"],"picked":"SKIP","floor":36.0},{"not_picked":["Barrage+1","Cold Snap+1","Buffer"],"picked":"SKIP","floor":37.0},{"not_picked":["Go for the Eyes","Blizzard","Storm+1"],"picked":"SKIP","floor":37.0},{"not_picked":["Steam+1","FTL"],"picked":"Defragment+1","floor":38.0},{"not_picked":["Steam","Beam Cell+1","Fusion"],"picked":"SKIP","floor":38.0},{"not_picked":["Chill","Redo","Barrage"],"picked":"SKIP","floor":41.0},{"not_picked":["Hologram","Sweeping Beam","Conserve Battery"],"picked":"SKIP","floor":41.0},{"not_picked":["Hologram","Sweeping Beam+1"],"picked":"Skim","floor":42.0},{"not_picked":["Blizzard+1","Rebound","Darkness"],"picked":"SKIP","floor":42.0},{"not_picked":["FTL","Genetic Algorithm+1","Multi-Cast"],"picked":"SKIP","floor":48.0},{"not_picked":["Gash+1","Steam Power","Ball Lightning"],"picked":"SKIP","floor":48.0},{"not_picked":["Cold Snap+1","Beam Cell+1","Hologram+1"],"picked":"SKIP","floor":54.0}],"player_experience":659800,"relics_obtained":[{"floor":8.0,"key":"Art of War"},{"floor":9.0,"key":"Ancient Tea Set"},{"floor":11.0,"key":"Regal Pillow"},{"floor":22.0,"key":"PreservedInsect"},{"floor":24.0,"key":"CeramicFish"},{"floor":26.0,"key":"DataDisk"},{"floor":27.0,"key":"Vajra"},{"floor":45.0,"key":"Bag of Marbles"},{"floor":54.0,"key":"Whetstone"}],"event_choices":[{"damage_healed":0.0,"max_hp_gain":0.0,"max_hp_loss":0.0,"gold_gain":0.0,"event_name":"Scrap Ooze","player_choice":"Success","floor":3.0,"gold_loss":0.0,"damage_taken":3.0,"relics_obtained":["Tiny Chest"]},{"damage_healed":0.0,"max_hp_gain":0.0,"max_hp_loss":0.0,"gold_gain":0.0,"event_name":"The Library","player_choice":"Read","floor":19.0,"gold_loss":0.0,"damage_taken":0.0,"cards_obtained":["Defragment"]},{"damage_healed":0.0,"max_hp_gain":0.0,"max_hp_loss":38.0,"gold_gain":0.0,"event_name":"Ghosts","player_choice":"Became a Ghost","floor":20.0,"gold_loss":0.0,"damage_taken":0.0,"cards_obtained":["Ghostly","Ghostly","Ghostly","Ghostly","Ghostly"]},{"damage_healed":0.0,"max_hp_gain":0.0,"max_hp_loss":0.0,"gold_gain":0.0,"event_name":"Back to Basics","player_choice":"Simplicity","floor":21.0,"gold_loss":0.0,"damage_taken":0.0,"cards_upgraded":["Strike_B","Strike_B","Strike_B","Strike_B","Defend_B","Defend_B","Defend_B","Defend_B"]},{"damage_healed":0.0,"max_hp_gain":0.0,"max_hp_loss":0.0,"gold_gain":0.0,"event_name":"Tomb of Lord Red Mask","player_choice":"Ignored","floor":46.0,"gold_loss":0.0,"damage_taken":0.0}],"is_beta":false,"boss_relics":[{"not_picked":["Velvet Choker","Philosopher\u0027s Stone"],"picked":"Sozu"},{"not_picked":["Snecko Eye","Runic Pyramid"],"picked":"Inserter"}],"items_purged_floors":[29,39,53],"is_endless":false,"potions_floor_spawned":[4,11,13,14,16,28,31,33,38,42],"killed_by":"The Heart","ascension_level":6}}