{"host":"8is2j71l4wmybkoi","time":1614012074,"event":{"mods":["AchievementEnabler","BaseMod","Colored Map","DeckTracker","Minty Spire (QoL Compilation)","Rare Cards Sparkle","Relic Stats","StSLib","SuperFastMode"],"gold_per_floor":[116,116,41,53,6,34,34,34,59,85,85,116,136,136,136,213,213,227,238,128,28,47,47,79,79,79,79,108,27,39,74,74,151,151,171,196,196,206,224,252,252,252,252],"floor_reached":42,"language":"KOR","playtime":1736,"items_purged":["Defend_B","Defend_B"],"score":963,"play_id":"f5c956aa-1de4-4a45-b7ee-18b376cb67dd","local_time":"20210223014114","is_ascension_mode":true,"campfire_choices":[{"data":"Chaos","floor":8.0,"key":"SMITH"},{"floor":15.0,"key":"REST"},{"floor":23.0,"key":"REST"},{"data":"Defragment","floor":25.0,"key":"SMITH"},{"floor":32,"key":"REST"},{"floor":41,"key":"RECALL"}],"circlet_count":0,"master_deck":["AscendersBane","Strike_B","Strike_B","Defend_B","Defend_B+1","Zap+1","Dualcast+1","Gash","Compile Driver","Compile Driver","Chaos+1","Capacitor+1","Glacier","Coolheaded","Echo Form","Conserve Battery","Defragment+1","Gash","Reinforced Body","Double Energy","Hologram","Creative AI","Electrodynamics","Skim","Reboot","Turbo","Coolheaded+1"],"relics":["Cracked Core","NeowsBlessing","War Paint","Anchor","DataDisk","Bottled Flame","SlaversCollar","Matryoshka","Potion Belt","Question Card","Boot","Sundial","Happy Flower","The Courier","Fusion Hammer","Incense Burner","StoneCalendar"],"acts_visited":["Exordium","TheCity","TheBeyond"],"potions_floor_usage":[28,31,33],"damage_taken":[{"damage":0.0,"enemies":"Jaw Worm","floor":1.0,"turns":1.0},{"damage":0.0,"enemies":"Cultist","floor":4.0,"turns":1.0},{"damage":0.0,"enemies":"3 Sentries","floor":6.0,"turns":1.0},{"damage":20.0,"enemies":"Lagavulin","floor":10.0,"turns":7.0},{"damage":43.0,"enemies":"3 Sentries","floor":12.0,"turns":8.0},{"damage":0.0,"enemies":"Small Slimes","floor":13.0,"turns":2.0},{"damage":20.0,"enemies":"Slime Boss","floor":16.0,"turns":5.0},{"damage":8.0,"enemies":"2 Thieves","floor":18.0,"turns":5.0},{"damage":19.0,"enemies":"Shell Parasite","floor":19.0,"turns":5.0},{"damage":2.0,"enemies":"Snake Plant","floor":22.0,"turns":6.0},{"damage":5.0,"enemies":"Book of Stabbing","floor":24.0,"turns":6.0},{"damage":38,"enemies":"Slavers","floor":28,"turns":5},{"damage":2,"enemies":"Cultist and Chosen","floor":30,"turns":7},{"damage":3,"enemies":"Gremlin Leader","floor":31,"turns":6},{"damage":6,"enemies":"Collector","floor":33,"turns":9},{"damage":4,"enemies":"3 Shapes","floor":35,"turns":3},{"damage":0,"enemies":"Mind Bloom Boss Battle","floor":36,"turns":5},{"damage":7,"enemies":"3 Darklings","floor":38,"turns":5},{"damage":0,"enemies":"Writhing Mass","floor":39,"turns":5},{"damage":0,"enemies":"Nemesis","floor":40,"turns":8},{"damage":67,"enemies":"Reptomancer","floor":42,"turns":3}],"seed_played":"6560380328306336351","potions_obtained":[{"floor":10.0,"key":"Weak Potion"},{"floor":12.0,"key":"Fruit Juice"},{"floor":16.0,"key":"DistilledChaos"},{"floor":18.0,"key":"Fire Potion"},{"floor":19.0,"key":"PotionOfCapacity"},{"floor":28,"key":"Block Potion"},{"floor":39,"key":"Energy Potion"}],"is_trial":false,"path_per_floor":["M","?","$","M","$","E","$","R","T","E","?","E","M","?","R","B",null,"M","M","?","$","M","R","E","R","T","T","E","$","M","E","R","B",null,"M","?","?","M","M","E","R","E"],"character_chosen":"DEFECT","items_purchased":["Compile Driver","Double Energy"],"campfire_rested":3,"item_purchase_floors":[5,29],"current_hp_per_floor":[64,64,64,64,64,64,64,64,64,44,44,1,6,6,28,8,59,51,32,32,32,30,52,47,47,47,47,9,9,7,4,26,20,62,58,58,58,51,51,51,51,0,0],"gold":252,"neow_bonus":"THREE_ENEMY_KILL","is_daily":false,"chose_seed":false,"campfire_upgraded":2,"win_rate":0.0,"timestamp":1614012074,"path_taken":["M","?","$","?","$","E","?","R","T","E","?","E","?","?","R","BOSS","M","M","?","?","M","R","E","R","T","?","E","?","?","E","R","BOSS","M","?","?","?","M","E","R","E"],"items_purchased_type":["Card","Card"],"build_version":"2020-12-22","purchased_purges":2,"victory":false,"max_hp_per_floor":[71,71,71,71,71,71,71,71,71,71,71,71,76,76,76,76,76,76,76,76,76,76,76,76,76,76,76,76,76,76,76,76,76,76,76,76,76,76,76,76,76,76,76],"relic_stats":{"Happy Flower":[17],"counters":[21,103],"Sundial":[12],"StoneCalendar":[0],"War Paint":["Dualcast","Zap"],"Question Card":9,"Boot":[101],"obtain_stats":[{"Potion Belt":26,"NeowsBlessing":0,"Happy Flower":28,"StoneCalendar":40,"The Courier":31,"Incense Burner":36,"War Paint":6,"Question Card":26,"Boot":27,"SlaversCollar":17,"Anchor":9,"DataDisk":10,"Bottled Flame":12,"Matryoshka":24,"Sundial":27,"Fusion Hammer":34,"Cracked Core":0},{"Potion Belt":11,"NeowsBlessing":0,"Happy Flower":12,"StoneCalendar":20,"The Courier":14,"Incense Burner":17,"War Paint":3,"Question Card":11,"Boot":11,"SlaversCollar":7,"Anchor":3,"DataDisk":4,"Bottled Flame":5,"Matryoshka":11,"Sundial":11,"Fusion Hammer":15,"Cracked Core":0},{"Potion Belt":47,"NeowsBlessing":0,"Happy Flower":52,"StoneCalendar":100,"The Courier":65,"Incense Burner":82,"War Paint":3,"Question Card":47,"Boot":47,"SlaversCollar":25,"Anchor":3,"DataDisk":10,"Bottled Flame":18,"Matryoshka":47,"Sundial":47,"Fusion Hammer":74,"Cracked Core":0}]},"card_choices":[{"not_picked":["Hologram","Darkness"],"picked":"Gash","floor":1.0},{"not_picked":["Streamline","Self Repair"],"picked":"Compile Driver","floor":4.0},{"not_picked":["Go for the Eyes","Rebound"],"picked":"Chaos","floor":6.0},{"not_picked":["Sweeping Beam","FTL"],"picked":"Capacitor","floor":10.0},{"not_picked":["Ball Lightning","Redo"],"picked":"Glacier","floor":12.0},{"not_picked":["Sweeping Beam","Rip and Tear"],"picked":"Coolheaded","floor":13.0},{"not_picked":["Seek","Meteor Strike"],"picked":"Echo Form","floor":16.0},{"not_picked":["Compile Driver","Hello World"],"picked":"Conserve Battery","floor":18.0},{"not_picked":["Genetic Algorithm","Compile Driver"],"picked":"Defragment","floor":19.0},{"not_picked":["White Noise","Steam"],"picked":"Gash","floor":22.0},{"not_picked":["Leap","BootSequence","Rip and Tear"],"picked":"SKIP","floor":24.0},{"not_picked":["Lockon","Chaos","Steam Power"],"picked":"Reinforced Body","floor":28},{"not_picked":["Lockon","Static Discharge","Streamline+1"],"picked":"Hologram","floor":30},{"not_picked":["Melter","Reinforced Body","Reprogram"],"picked":"Creative AI","floor":31},{"not_picked":["Seek","Reboot","Rainbow"],"picked":"Electrodynamics","floor":33},{"not_picked":["Chill","Sweeping Beam+1","Streamline"],"picked":"Skim","floor":35},{"not_picked":["Force Field","Melter","Sunder+1"],"picked":"Turbo","floor":38},{"not_picked":["Barrage","Auto Shields","Cold Snap"],"picked":"Coolheaded+1","floor":39},{"not_picked":["Barrage+1","White Noise","Machine Learning","Beam Cell"],"picked":"SKIP","floor":40}],"player_experience":1301101,"relics_obtained":[{"floor":6.0,"key":"War Paint"},{"floor":9.0,"key":"Anchor"},{"floor":10.0,"key":"DataDisk"},{"floor":12.0,"key":"Bottled Flame"},{"floor":24.0,"key":"Matryoshka"},{"floor":26.0,"key":"Potion Belt"},{"floor":26.0,"key":"Question Card"},{"floor":27.0,"key":"Boot"},{"floor":27.0,"key":"Sundial"},{"floor":28,"key":"Happy Flower"},{"floor":31,"key":"The Courier"},{"floor":36,"key":"Incense Burner"},{"floor":40,"key":"StoneCalendar"}],"event_choices":[{"cards_removed":["Strike_B"],"damage_healed":0.0,"max_hp_gain":0.0,"max_hp_loss":0.0,"gold_gain":0.0,"event_name":"Bonfire Elementals","player_choice":"Offered Basic","floor":2.0,"gold_loss":0.0,"damage_taken":0.0},{"damage_healed":0.0,"max_hp_gain":0.0,"max_hp_loss":0.0,"gold_gain":0.0,"event_name":"Accursed Blacksmith","player_choice":"Forge","floor":11.0,"gold_loss":0.0,"damage_taken":0.0,"cards_upgraded":["Capacitor"]},{"damage_healed":0.0,"max_hp_gain":0.0,"max_hp_loss":0.0,"gold_gain":0.0,"event_name":"Liars Game","player_choice":"Ignored","floor":14.0,"gold_loss":0.0,"damage_taken":0.0},{"cards_removed":["Strike_B"],"damage_healed":0.0,"max_hp_gain":0.0,"max_hp_loss":0.0,"gold_gain":0.0,"event_name":"Designer","player_choice":"Upgrade and Remove","floor":20.0,"gold_loss":110.0,"damage_taken":0.0,"cards_upgraded":["Defend_B"]},{"damage_healed":0,"gold_gain":0,"player_choice":"Fight","damage_taken":0,"max_hp_gain":0,"max_hp_loss":0,"event_name":"MindBloom","floor":36,"gold_loss":0},{"damage_healed":0,"gold_gain":0,"player_choice":"1 cards matched","damage_taken":0,"max_hp_gain":0,"max_hp_loss":0,"event_name":"Match and Keep!","floor":37,"gold_loss":0,"cards_obtained":["Reboot"]}],"is_beta":false,"boss_relics":[{"not_picked":["SacredBark","Pandora\u0027s Box"],"picked":"SlaversCollar"},{"not_picked":["Runic Dome","Velvet Choker"],"picked":"Fusion Hammer"}],"items_purged_floors":[3,21],"is_endless":false,"potions_floor_spawned":[10,12,16,18,19,28,39],"killed_by":"Reptomancer","ascension_level":15}}