{"host":"khwpnvgc3av0w6xd","time":1614019232,"event":{"mods":["BaseMod","Block Reminder","Colored Map","DeckTracker","Highlight Path","Minty Spire (QoL Compilation)","Quick Restart"],"gold_per_floor":[112,187,201,201,126,126,156,170,170,170,130,130,143,177,177,273,273,288,303,321,21,21,21,40,71,98,98,98,98,115,144,144,247,247,263,13,13,32,45,45,62,95,141,141,157,157,171,121,121,121,121],"floor_reached":50,"language":"DEU","playtime":3461,"items_purged":["Strike_G","Strike_G"],"score":681,"play_id":"4bdc194a-70b4-4e4c-b124-a93dfa48b948","local_time":"20210222194032","is_ascension_mode":true,"campfire_choices":[{"data":"Deadly Poison","floor":6,"key":"SMITH"},{"data":"Crippling Poison","floor":10,"key":"SMITH"},{"floor":12,"key":"RECALL"},{"data":"Crippling Poison","floor":15,"key":"SMITH"},{"data":"Footwork","floor":23,"key":"SMITH"},{"data":"Ghostly","floor":28,"key":"SMITH"},{"floor":32,"key":"REST"},{"floor":40,"key":"REST"},{"data":"Ghostly","floor":49,"key":"SMITH"}],"circlet_count":0,"master_deck":["Defend_G","Defend_G","Defend_G","Defend_G","Survivor","Neutralize","Deadly Poison+1","Noxious Fumes+1","Crippling Poison+1","Calculated Gamble","Deadly Poison","Crippling Poison+1","After Image","Acrobatics","Footwork+1","Noxious Fumes","Footwork","Well Laid Plans","Bouncing Flask+1","Adrenaline","Ghostly+1","Ghostly+1","Ghostly","Ghostly","Ghostly","Escape Plan+1","Poisoned Stab+1","Poisoned Stab+1","Outmaneuver"],"relics":["Ring of the Serpent","NeowsBlessing","FossilizedHelix","Anchor","Empty Cage","Lantern","DollysMirror","Ice Cream","Smiling Mask","Molten Egg 2","Bottled Tornado","Regal Pillow","Vajra","White Beast Statue"],"acts_visited":["Exordium","TheCity","TheBeyond"],"potions_floor_usage":[14,24,25,31,47,50,50],"damage_taken":[{"damage":0,"enemies":"Jaw Worm","floor":1,"turns":1},{"damage":0,"enemies":"2 Louse","floor":3,"turns":1},{"damage":0,"enemies":"Gremlin Nob","floor":7,"turns":1},{"damage":0,"enemies":"Small Slimes","floor":8,"turns":3},{"damage":0,"enemies":"Gremlin Gang","floor":13,"turns":3},{"damage":2,"enemies":"3 Sentries","floor":14,"turns":6},{"damage":31,"enemies":"Hexaghost","floor":16,"turns":8},{"damage":0,"enemies":"Spheric Guardian","floor":18,"turns":3},{"damage":0,"enemies":"Chosen","floor":19,"turns":4},{"damage":5,"enemies":"Snecko","floor":20,"turns":6},{"damage":4,"enemies":"Shelled Parasite and Fungi","floor":24,"turns":6},{"damage":18,"enemies":"Slavers","floor":25,"turns":5},{"damage":3,"enemies":"Centurion and Healer","floor":30,"turns":7},{"damage":20,"enemies":"Gremlin Leader","floor":31,"turns":6},{"damage":6,"enemies":"Automaton","floor":33,"turns":9},{"damage":21,"enemies":"Orb Walker","floor":35,"turns":6},{"damage":0,"enemies":"3 Darklings","floor":38,"turns":5},{"damage":0,"enemies":"Sphere and 2 Shapes","floor":39,"turns":5},{"damage":0,"enemies":"4 Shapes","floor":41,"turns":5},{"damage":0,"enemies":"Nemesis","floor":42,"turns":9},{"damage":11,"enemies":"Transient","floor":45,"turns":5},{"damage":0,"enemies":"Jaw Worm Horde","floor":47,"turns":5},{"damage":24,"enemies":"Awakened One","floor":50,"turns":14}],"seed_played":"-4183394397045389776","potions_obtained":[{"floor":11,"key":"ColorlessPotion"},{"floor":11,"key":"SpeedPotion"},{"floor":11,"key":"SmokeBomb"},{"floor":14,"key":"SpeedPotion"},{"floor":16,"key":"DuplicationPotion"},{"floor":18,"key":"SkillPotion"},{"floor":25,"key":"Strength Potion"},{"floor":30,"key":"ColorlessPotion"},{"floor":39,"key":"Weak Potion"},{"floor":41,"key":"LiquidMemories"},{"floor":47,"key":"Weak Potion"}],"is_trial":false,"path_per_floor":["M","?","M","?","$","R","E","M","T","R","?","R","M","E","R","B",null,"M","M","M","$","?","R","M","E","T","?","R","?","M","E","R","B",null,"M","$","?","M","M","R","M","E","T","?","M","T","M","$","R","B"],"character_chosen":"THE_SILENT","items_purchased":["Lantern","DollysMirror","Bottled Tornado"],"campfire_rested":2,"item_purchase_floors":[21,21,36],"current_hp_per_floor":[70,59,59,59,59,59,59,59,59,59,59,59,59,57,57,26,70,70,70,65,65,65,65,61,43,43,35,35,31,28,8,20,14,40,19,19,19,19,19,31,31,31,31,31,20,20,20,20,20,0,0],"gold":121,"neow_bonus":"THREE_ENEMY_KILL","is_daily":false,"chose_seed":false,"campfire_upgraded":6,"win_rate":0.0,"timestamp":1614019232,"path_taken":["M","?","M","?","$","R","E","M","T","R","?","R","?","E","R","BOSS","M","M","M","$","?","R","M","E","T","?","R","?","M","E","R","BOSS","M","$","?","M","M","R","M","E","T","?","M","?","M","$","R","BOSS"],"items_purchased_type":["Relic","Relic","Relic"],"build_version":"2020-12-22","purchased_purges":2,"victory":false,"max_hp_per_floor":[70,70,70,70,70,70,70,70,70,70,70,70,70,70,70,70,70,70,70,70,70,70,70,70,70,70,35,35,40,40,40,40,40,40,40,40,40,40,40,40,40,40,40,38,38,38,38,38,38,38,38],"card_choices":[{"not_picked":["Predator","Dagger Throw"],"picked":"Deadly Poison","floor":1},{"not_picked":["Deadly Poison","Dagger Throw"],"picked":"Noxious Fumes","floor":3},{"not_picked":["Dash","Caltrops"],"picked":"Crippling Poison","floor":7},{"not_picked":["Masterful Stab","Sucker Punch"],"picked":"Calculated Gamble","floor":8},{"not_picked":["Calculated Gamble","Expertise"],"picked":"Deadly Poison","floor":13},{"not_picked":["Dash","Backstab"],"picked":"Crippling Poison","floor":14},{"not_picked":["Burst","Tools of the Trade"],"picked":"After Image","floor":16},{"not_picked":["Deadly Poison","PiercingWail"],"picked":"Acrobatics","floor":18},{"not_picked":["Heel Hook","Slice"],"picked":"Footwork","floor":19},{"not_picked":["Cloak And Dagger","Deadly Poison"],"picked":"Noxious Fumes","floor":20},{"not_picked":["Venomology","Finisher"],"picked":"Bouncing Flask+1","floor":24},{"not_picked":["Slice","Outmaneuver"],"picked":"Adrenaline","floor":25},{"not_picked":["Acrobatics","Dagger Throw","Deflect"],"picked":"SKIP","floor":30},{"not_picked":["Infinite Blades","Finisher+1","Phantasmal Killer"],"picked":"SKIP","floor":31},{"not_picked":["Choke+1","Flying Knee+1","Slice+1"],"picked":"SKIP","floor":35},{"not_picked":["Masterful Stab+1","Deadly Poison+1","Dagger Spray+1"],"picked":"SKIP","floor":38},{"not_picked":["Blade Dance","Deflect","Deadly Poison+1"],"picked":"SKIP","floor":39},{"not_picked":["Leg Sweep+1","Dagger Spray+1"],"picked":"Escape Plan+1","floor":41},{"not_picked":["Corpse Explosion","Outmaneuver"],"picked":"Poisoned Stab+1","floor":42},{"not_picked":["Deflect","Underhanded Strike+1"],"picked":"Poisoned Stab+1","floor":45},{"not_picked":["After Image","Cloak And Dagger+1"],"picked":"Outmaneuver","floor":47}],"player_experience":116119,"relics_obtained":[{"floor":7,"key":"FossilizedHelix"},{"floor":14,"key":"Anchor"},{"floor":25,"key":"Ice Cream"},{"floor":26,"key":"Smiling Mask"},{"floor":31,"key":"Molten Egg 2"},{"floor":42,"key":"Regal Pillow"},{"floor":43,"key":"Vajra"},{"floor":46,"key":"White Beast Statue"}],"event_choices":[{"damage_healed":0,"gold_gain":75,"player_choice":"Gather Gold","damage_taken":11,"max_hp_gain":0,"max_hp_loss":0,"event_name":"World of Goop","floor":2,"gold_loss":0},{"damage_healed":0,"gold_gain":0,"player_choice":"Grow","damage_taken":0,"max_hp_gain":0,"max_hp_loss":0,"event_name":"Living Wall","floor":4,"gold_loss":0,"cards_upgraded":["Noxious Fumes"]},{"damage_healed":0,"gold_gain":0,"player_choice":"Bought 3 Potions","damage_taken":0,"max_hp_gain":0,"max_hp_loss":0,"event_name":"The Woman in Blue","floor":11,"gold_loss":0},{"damage_healed":0,"gold_gain":0,"cards_transformed":["Strike_G","Strike_G"],"player_choice":"Became Test Subject","damage_taken":0,"max_hp_gain":0,"max_hp_loss":0,"event_name":"Drug Dealer","floor":22,"gold_loss":0,"cards_obtained":["Well Laid Plans","Flying Knee"]},{"damage_healed":0,"gold_gain":0,"player_choice":"Became a Ghost","damage_taken":0,"max_hp_gain":0,"max_hp_loss":35,"event_name":"Ghosts","floor":27,"gold_loss":0,"cards_obtained":["Ghostly","Ghostly","Ghostly","Ghostly","Ghostly"]},{"damage_healed":0,"gold_gain":0,"player_choice":"Shed Blood","damage_taken":9,"max_hp_gain":5,"max_hp_loss":0,"event_name":"Forgotten Altar","floor":29,"gold_loss":0},{"cards_removed":["Flying Knee"],"damage_healed":0,"gold_gain":0,"player_choice":"Removed Attack","damage_taken":0,"max_hp_gain":0,"max_hp_loss":0,"event_name":"Falling","floor":37,"gold_loss":0},{"damage_healed":0,"gold_gain":0,"player_choice":"Max HP","damage_taken":0,"max_hp_gain":0,"max_hp_loss":2,"event_name":"Winding Halls","floor":44,"gold_loss":0}],"is_beta":false,"boss_relics":[{"not_picked":["Black Star","Cursed Key"],"picked":"Empty Cage"},{"not_picked":["WristBlade","Philosopher\u0027s Stone"],"picked":"Ring of the Serpent"}],"items_purged_floors":[5,48],"is_endless":false,"potions_floor_spawned":[13,14,16,18,19,25,30,39,41,47],"killed_by":"Awakened One","ascension_level":3}}