{"host":"mhzgc0zma59jtmoj","time":1614012733,"event":{"mods":["BaseMod","BetterRewards","Custom Start","Glutton Mod","Ironclad Rager","Minty Spire (QoL Compilation)","Replay The Spire","Somnambulant","StSLib","The Cursed","The Hierophant","The Jungle","Treasure Hunter"],"gold_per_floor":[119,294,294,67,81,110,110,160,160,160,160,172,26,71,71,86,86,182,182,196,71,71,82,102,102,118,118,118],"floor_reached":27,"language":"ENG","playtime":1542,"items_purged":["somnambulantmod: Defend_Somnambulant","Doubt","ReplayTheSpireMod:Splinters"],"score":353,"play_id":"a6268f41-b7e4-44cb-9c3d-1dd4df78990b","local_time":"20210222115213","is_ascension_mode":true,"campfire_choices":[{"floor":7.0,"key":"REST"},{"floor":15.0,"key":"REST"},{"floor":17.0,"key":"REST"},{"floor":25.0,"key":"REST"}],"circlet_count":0,"master_deck":["somnambulantmod: SomnambulantStrike+1","somnambulantmod: SomnambulantStrike","somnambulantmod: SomnambulantStrike","somnambulantmod: SomnambulantStrike+1","somnambulantmod: Defend_Somnambulant+1","somnambulantmod: Defend_Somnambulant","somnambulantmod: Defend_Somnambulant","somnambulantmod: Defend_Somnambulant+1","somnambulantmod: QuickNap+1","somnambulantmod: PrimingPunch+1","somnambulantmod: TrepanningBlow","somnambulantmod: Blink","somnambulantmod: SnuggleUp","somnambulantmod: LightSleeper","somnambulantmod: HeavyLids","somnambulantmod: SnuggleUp","Necronomicurse"],"relics":["somnambulantmod: DreamJournal","somnambulantmod: SleepingPills","Simple Rune","Quantum Egg","PreservedInsect","Bottled Lightning","Blood Vial","Black Star","Necronomicon"],"acts_visited":["Exordium","TheCity"],"potions_floor_usage":[27],"damage_taken":[{"damage":10.0,"enemies":"Cultist","floor":1.0,"turns":5.0},{"damage":10.0,"enemies":"Small Slimes","floor":5.0,"turns":4.0},{"damage":32.0,"enemies":"3 Sentries","floor":6.0,"turns":6.0},{"damage":0.0,"enemies":"2 Louse","floor":12.0,"turns":3.0},{"damage":3.0,"enemies":"2 Fungi Beasts","floor":16.0,"turns":5.0},{"damage":53.0,"enemies":"The Guardian","floor":18.0,"turns":8.0},{"damage":16.0,"enemies":"Shell Parasite","floor":20.0,"turns":7.0},{"damage":23.0,"enemies":"3 Byrds","floor":23.0,"turns":4.0},{"damage":24.0,"enemies":"Snake Plant","floor":24.0,"turns":6.0},{"damage":13.0,"enemies":"Shelled Parasite and Fungi","floor":26.0,"turns":4.0},{"damage":18,"enemies":"Cultist and Chosen","floor":27,"turns":4}],"seed_played":"-8026608958973007548","potions_obtained":[{"floor":8.0,"key":"Weak Potion"},{"floor":12.0,"key":"SpeedPotion"},{"floor":16.0,"key":"ColorlessPotion"},{"floor":18.0,"key":"Dexterity Potion"}],"is_trial":false,"path_per_floor":["M","?","?","$","M","E","R","?","T","PTL","PTL","M","$","T","R","M","R","B",null,"M","$","?","M","M","R","M","M"],"character_chosen":"THE_SOMNAMBULANT","items_purchased":["somnambulantmod: SleepingPills","Simple Rune","somnambulantmod: SnuggleUp"],"campfire_rested":4,"item_purchase_floors":[0,4,13],"current_hp_per_floor":[54,54,47,47,37,5,28,28,28,28,28,28,28,28,51,50,74,23,76,60,60,44,23,1,25,14,0,0],"gold":118,"neow_bonus":"","is_daily":false,"chose_seed":false,"campfire_upgraded":0,"win_rate":0.0,"timestamp":1614012733,"path_taken":["M","?","?","$","M","E","R","?","T","PTL","PTL","?","$","?","R","M","R","BOSS","M","$","?","M","M","R","M","M"],"items_purchased_type":["Relic","Relic","Card"],"build_version":"2020-12-22","purchased_purges":3,"victory":false,"max_hp_per_floor":[70,70,70,70,70,70,72,72,72,72,72,72,72,72,74,74,76,76,76,76,76,76,76,76,78,78,78,78],"card_choices":[{"not_picked":["somnambulantmod: NightmareFuel","somnambulantmod: Bloom"],"picked":"somnambulantmod: TrepanningBlow","floor":1.0},{"not_picked":["somnambulantmod: HeavyLids","somnambulantmod: BadIdea"],"picked":"somnambulantmod: Blink","floor":5.0},{"not_picked":["somnambulantmod: Pinch","somnambulantmod: MindWave"],"picked":"somnambulantmod: SnuggleUp","floor":6.0},{"not_picked":["TH:CopperCoins","TH:EnergyPotion"],"picked":"SKIP","floor":6.0},{"not_picked":["somnambulantmod: InLimbo","somnambulantmod: RacingThoughts"],"picked":"somnambulantmod: LightSleeper","floor":8.0},{"not_picked":["somnambulantmod: Pinch","somnambulantmod: UnthoughtKnown"],"picked":"somnambulantmod: HeavyLids","floor":8.0},{"not_picked":["TH:DeckOfManyThings","TH:CursedSword"],"picked":"SKIP","floor":9.0},{"not_picked":["somnambulantmod: Pinch","somnambulantmod: RacingThoughts","somnambulantmod: Nosebleed"],"picked":"SKIP","floor":12.0},{"not_picked":["TH:PixieDust","TH:TreasureMap"],"picked":"SKIP","floor":14.0},{"not_picked":["somnambulantmod: Unknow","somnambulantmod: InLimbo","somnambulantmod: Harden"],"picked":"SKIP","floor":16.0},{"not_picked":["somnambulantmod: Blink","somnambulantmod: Unmake","somnambulantmod: LeechFears+1"],"picked":"SKIP","floor":20.0},{"not_picked":["somnambulantmod: Bruise","somnambulantmod: HappyThoughts+1","somnambulantmod: Extract+1"],"picked":"SKIP","floor":23.0},{"not_picked":["somnambulantmod: Bruise","somnambulantmod: Wake","somnambulantmod: AllForNothing+1"],"picked":"SKIP","floor":24.0},{"not_picked":["somnambulantmod: Blink+1","somnambulantmod: TimeCompression+1","somnambulantmod: Trauma"],"picked":"SKIP","floor":26.0}],"player_experience":321280,"relics_obtained":[{"floor":6.0,"key":"Quantum Egg"},{"floor":8.0,"key":"PreservedInsect"},{"floor":9.0,"key":"Bottled Lightning"},{"floor":14.0,"key":"Blood Vial"},{"floor":22.0,"key":"Necronomicon"}],"event_choices":[{"damage_healed":0.0,"max_hp_gain":0.0,"max_hp_loss":0.0,"gold_gain":175.0,"event_name":"Liars Game","player_choice":"AGREE","floor":2.0,"gold_loss":0.0,"damage_taken":0.0,"cards_obtained":["Doubt"]},{"cards_removed":["somnambulantmod: SomnambulantStrike"],"damage_healed":0.0,"max_hp_gain":0.0,"max_hp_loss":0.0,"gold_gain":0.0,"event_name":"Golden Wing","player_choice":"Card Removal","floor":3.0,"gold_loss":0.0,"damage_taken":7.0},{"damage_healed":0.0,"max_hp_gain":0.0,"max_hp_loss":0.0,"gold_gain":0.0,"event_name":"Cursed Tome","player_choice":"Obtained Book","floor":22.0,"gold_loss":0.0,"damage_taken":16.0}],"is_beta":false,"boss_relics":[{"not_picked":["Empty Cage","Replay:Fungal Core"],"picked":"Black Star"}],"items_purged_floors":[4,13,21],"is_endless":false,"potions_floor_spawned":[12,16,18,23],"killed_by":"Cultist and Chosen","ascension_level":1}}