{"host":"121m0oxswv9tg9hk","time":1614031396,"event":{"mods":["BaseMod","Better Altar","Better Third Choice","Hubris","Ironclad Rager","MarisaÅiñ∂âJÅ@ñÇóùçπÅj","Minty Spire (QoL Compilation)","Replay The Spire","StSLib","The Cursed","The Gatherer","The Hierophant"],"gold_per_floor":[118,148,174,30,65,115,115,161,187,222,254,254,296,296,296,416,416,438,438,338,373,391,391,434,434,458,475,497,554,588,96,96,196,223,240,240,290,67,95,95,168,168,168,168,168,168,187,213,213,213],"floor_reached":51,"language":"ENG","playtime":5766,"items_purged":["Strike_MRS","Strike_MRS","Strike_MRS","Defend_MRS"],"score":1042,"play_id":"5f343158-1a71-4bc5-92cb-b5e4f377f2b4","local_time":"20210222230316","is_ascension_mode":true,"campfire_choices":[{"floor":12,"key":"REST"},{"data":"DarkMatter","floor":15,"key":"SMITH"},{"data":"Strike_MRS","floor":23,"key":"PURGE"},{"data":"EnergyFlow","floor":25,"key":"SMITH"},{"data":"Survey Options","floor":32,"key":"SMITH"},{"data":"OrrerysSun","floor":32,"key":"SMITH"},{"data":"Singularity","floor":40,"key":"SMITH"},{"data":"AsteroidBelt","floor":40,"key":"SMITH"},{"data":"MysteriousBeam","floor":42,"key":"PURGE"},{"data":"Neutralize","floor":44,"key":"SMITH"},{"data":"StarBarrage","floor":44,"key":"SMITH"},{"data":"PowerUp","floor":46,"key":"SMITH"},{"data":"IllusionStar","floor":46,"key":"SMITH"},{"data":"DoubleSpark","floor":49,"key":"SMITH"},{"data":"Defend_MRS","floor":49,"key":"SMITH"}],"circlet_count":0,"master_deck":["Defend_MRS","Defend_MRS","Defend_MRS+1","UpSweep","DoubleSpark+1","EnergyFlow+1","ShootingEcho","DarkMatter+1","Pot Of Greed+1","Pot Of Greed+1","SuperPerseids","ShootTheMoon","IllusionStar+1","Neutralize+1","CurseOfTheBell","StarBarrage+1","ChargeUpSpray+1","Pot Of Greed+1","Survey Options+1","DoubleSpark+1","PowerUp+1","LuminesStrike","OrrerysSun+1","GravityBeat+1","Blind+1","DragonMeteor+1","Singularity+1","AsteroidBelt+1","SporeBomb+1","Pot Of Greed+1","ReplayTheSpireMod:Splinters","DoubleSpark+1","SuperPerseids+1"],"relics":["Replay:Wax Seal","Peace Pipe","hubris:Towel","hubris:Spice","Grinning Jar","SproutingBranch","m_TsuchinokoRing","Calling Bell","Gambling Chip","CeramicFish","Replay:Bottled Eggs","Nunchaku","Anchor","Replay:Arrowhead","SimpleLauncher","Astrolabe","Torii","HandmadeGrimoire"],"acts_visited":["Exordium","TheCity","TheBeyond"],"potions_floor_usage":[3,6,6,8,11,13,21,24,24,29,29,33,50],"damage_taken":[{"damage":1,"enemies":"Cultist","floor":1,"turns":3},{"damage":1,"enemies":"2 Louse","floor":2,"turns":3},{"damage":7,"enemies":"Small Slimes","floor":3,"turns":4},{"damage":8,"enemies":"Blue Slaver","floor":5,"turns":3},{"damage":12,"enemies":"3 Sentries","floor":6,"turns":8},{"damage":23,"enemies":"Lagavulin","floor":8,"turns":8},{"damage":2,"enemies":"Exordium Wildlife","floor":10,"turns":4},{"damage":0,"enemies":"3 Louse","floor":11,"turns":2},{"damage":12,"enemies":"Gremlin Nob","floor":13,"turns":2},{"damage":30,"enemies":"The Guardian","floor":16,"turns":10},{"damage":0,"enemies":"Chosen","floor":18,"turns":3},{"damage":4,"enemies":"2 Thieves","floor":21,"turns":4},{"damage":1,"enemies":"Gremlin Leader","floor":24,"turns":6},{"damage":14,"enemies":"Snake Plant","floor":27,"turns":4},{"damage":3,"enemies":"Sentry and Sphere","floor":28,"turns":3},{"damage":3,"enemies":"Slavers","floor":29,"turns":5},{"damage":2,"enemies":"Centurion and Healer","floor":30,"turns":5},{"damage":26,"enemies":"Collector","floor":33,"turns":9},{"damage":0,"enemies":"3 Darklings","floor":35,"turns":3},{"damage":11,"enemies":"Mind Bloom Boss Battle","floor":37,"turns":3},{"damage":0,"enemies":"Orb Walker","floor":39,"turns":1},{"damage":0,"enemies":"Sphere and 2 Shapes","floor":47,"turns":4},{"damage":6,"enemies":"Writhing Mass","floor":48,"turns":4},{"damage":15,"enemies":"Awakened One","floor":50,"turns":7}],"seed_played":"7441631559211162277","potions_obtained":[{"floor":1,"key":"PowerPotion"},{"floor":2,"key":"Regen Potion"},{"floor":2,"key":"Swift Potion"},{"floor":3,"key":"Toxic Potion"},{"floor":6,"key":"Adrenaline Potion"},{"floor":8,"key":"Ancient Potion"},{"floor":10,"key":"Explosive Potion"},{"floor":11,"key":"Death Potion"},{"floor":16,"key":"BlessingOfTheForge"},{"floor":24,"key":"BlessingOfTheForge"},{"floor":24,"key":"Adrenaline Potion"},{"floor":29,"key":"FearPotion"},{"floor":30,"key":"BottledSpark"},{"floor":33,"key":"Strength Potion"},{"floor":39,"key":"StarNLove"},{"floor":41,"key":"DuplicationPotion"}],"is_trial":false,"path_per_floor":["M","M","M","$","M","E","?","E","T","M","M","R","E","?","R","B",null,"M","?","$","M","?","R","E","R","T","M","M","E","M","$","R","B",null,"M","?","?","$","M","R","?","R","T","R","?","R","M","M","R","B",null],"character_chosen":"MARISA","items_purchased":["EnergyFlow","SimpleLauncher","OrrerysSun","Singularity","AsteroidBelt"],"campfire_rested":1,"item_purchase_floors":[4,31,31,38,38],"current_hp_per_floor":[67,66,59,59,51,54,54,39,39,37,37,61,49,49,49,34,71,80,93,93,93,68,68,82,82,82,80,86,92,93,93,93,73,88,93,93,82,82,82,82,82,82,82,82,82,82,93,93,93,78],"gold":213,"neow_bonus":"RANDOM_COMMON_RELIC","is_daily":false,"chose_seed":false,"campfire_upgraded":12,"win_rate":0.0,"timestamp":1614031396,"path_taken":["M","M","M","$","?","E","?","E","T","M","M","R","E","?","R","BOSS","M","?","$","?","?","R","E","R","T","M","M","E","?","?","R","BOSS","M","?","?","$","M","R","?","R","T","R","?","R","M","M","R","BOSS"],"items_purchased_type":["Card","Relic","Card","Card","Card"],"build_version":"2020-12-22","purchased_purges":4,"victory":true,"max_hp_per_floor":[75,75,75,75,75,75,75,83,83,83,83,83,83,83,83,83,83,83,93,93,93,93,93,93,93,93,93,93,93,93,93,93,93,93,93,93,93,93,93,93,93,93,93,93,93,93,93,93,93,93],"card_choices":[{"not_picked":["Occultation","DarkSpark"],"picked":"WitchOfGreed","floor":1},{"not_picked":["GrandCross","LuminesStrike"],"picked":"6A","floor":2},{"not_picked":["SporeBomb","GravityBeat"],"picked":"DoubleSpark","floor":3},{"not_picked":["LuminesStrike","PowerUp"],"picked":"ShootingEcho","floor":5},{"not_picked":["ShootingEcho","GalacticHalo"],"picked":"DarkMatter","floor":6},{"not_picked":["WitchLeyline","LuminesStrike"],"picked":"MysteriousBeam","floor":8},{"not_picked":["SprinkleStarSeal","MysteriousBeam"],"picked":"SuperPerseids","floor":10},{"not_picked":["GrandCross","FairyDestructionRay"],"picked":"ShootTheMoon","floor":11},{"not_picked":["DC","GalacticHalo"],"picked":"IllusionStar","floor":13},{"not_picked":["SuperNova","StarDustReverie"],"picked":"TreasureHunter","floor":16},{"not_picked":["FairyDestructionRay+1","AsteroidBelt"],"picked":"StarBarrage","floor":18},{"not_picked":["BlazeAway","Acceleration"],"picked":"ChargeUpSpray+1","floor":21},{"not_picked":["WitchLeyline","FairyDestructionRay","AlicesGift"],"picked":"SKIP","floor":24},{"not_picked":["DC","GravityBeat","GalacticHalo"],"picked":"SKIP","floor":27},{"not_picked":["DarkMatter+1","PowerUp"],"picked":"DoubleSpark+1","floor":28},{"not_picked":["AsteroidBelt+1","MagicAbsorber"],"picked":"PowerUp","floor":29},{"not_picked":["ManaConvection","Acceleration"],"picked":"LuminesStrike","floor":30},{"not_picked":["UnstableBomb","PowerUp+1","FairyDestructionRay"],"picked":"SKIP","floor":35},{"not_picked":["DragonMeteor","FairyDestructionRay+1"],"picked":"SporeBomb+1","floor":39},{"not_picked":["MagicAbsorber+1","GravityBeat+1"],"picked":"DoubleSpark+1","floor":41},{"not_picked":["MysteriousBeam+1","ShootingEcho","IllusionStar+1"],"picked":"SKIP","floor":47},{"not_picked":["Acceleration+1","DC"],"picked":"SuperPerseids+1","floor":48}],"player_experience":2471771,"relics_obtained":[{"floor":6,"key":"Peace Pipe"},{"floor":8,"key":"hubris:Spice"},{"floor":9,"key":"Grinning Jar"},{"floor":13,"key":"SproutingBranch"},{"floor":17,"key":"Gambling Chip"},{"floor":17,"key":"CeramicFish"},{"floor":17,"key":"Replay:Bottled Eggs"},{"floor":24,"key":"Nunchaku"},{"floor":26,"key":"Anchor"},{"floor":29,"key":"Replay:Arrowhead"},{"floor":37,"key":"Torii"},{"floor":43,"key":"HandmadeGrimoire"}],"event_choices":[{"cards_removed":["TreasureHunter"],"damage_healed":3,"gold_gain":0,"player_choice":"Offered Rare","damage_taken":0,"max_hp_gain":10,"max_hp_loss":0,"event_name":"Bonfire Elementals","floor":19,"gold_loss":0},{"damage_healed":0,"gold_gain":0,"player_choice":"POTION CARD CARD ","damage_taken":25,"max_hp_gain":0,"max_hp_loss":0,"event_name":"Knowing Skull","floor":22,"potions_obtained":["StarNLove"],"gold_loss":0,"cards_obtained":["Survey Options","Specialist"]},{"damage_healed":0,"gold_gain":0,"player_choice":"Ignored","damage_taken":0,"max_hp_gain":0,"max_hp_loss":0,"event_name":"Mysterious Sphere","floor":36,"gold_loss":0},{"damage_healed":0,"gold_gain":0,"player_choice":"Fight","damage_taken":0,"max_hp_gain":0,"max_hp_loss":0,"event_name":"MindBloom","floor":37,"gold_loss":0},{"damage_healed":0,"gold_gain":0,"player_choice":"Memory 1","damage_taken":0,"max_hp_gain":0,"max_hp_loss":0,"event_name":"SensoryStone","floor":45,"gold_loss":0}],"is_beta":false,"boss_relics":[{"not_picked":["Philosopher\u0027s Stone","Abe\u0027s Treasure"],"picked":"Calling Bell"},{"not_picked":["Painkiller Herb","Snecko Heart"],"picked":"Astrolabe"}],"items_purged_floors":[4,20,31,38],"is_endless":false,"potions_floor_spawned":[1,2,11,24,28,30,33,35,39,48],"ascension_level":6}}