{"host":"mnpd8gh7cwxsn5kh","time":1614020968,"event":{"mods":["BaseMod","Bestiary","Block Reminder","Colored Map","Colored Powertips","Highlight Path","Minty Spire (QoL Compilation)","Relic Sorter","Relic Stats"],"gold_per_floor":[116,136,17,33,33,58,58,84,84,109,109,128,128,172,172,267,267,292,292,306,306,322,362,362,395,395,395,428,459,459,493,493,582,582,602,616,640,43,63,63,129,154,154,154,185,185,218,231,231,231,231,231,231,41,76,76],"floor_reached":57,"language":"ENG","playtime":6824,"items_purged":["Strike_G","Strike_G"],"score":3047,"play_id":"46ea28b2-eceb-4e64-843d-70e07b397be3","local_time":"20210222200928","is_ascension_mode":true,"campfire_choices":[{"data":"Sucker Punch","floor":7.0,"key":"SMITH"},{"data":"All Out Attack","floor":13.0,"key":"SMITH"},{"data":"Dagger Spray","floor":15.0,"key":"SMITH"},{"floor":24.0,"key":"REST"},{"floor":30.0,"key":"REST"},{"floor":32.0,"key":"RECALL"},{"floor":40,"key":"REST"},{"floor":44,"key":"REST"},{"floor":46,"key":"REST"},{"floor":49,"key":"REST"},{"floor":53,"key":"REST"}],"circlet_count":0,"master_deck":["AscendersBane","Strike_G","Strike_G","Strike_G","Defend_G","Defend_G","Defend_G","Defend_G","Defend_G","Survivor+1","Neutralize","Quick Slash","Backstab","All Out Attack","Terror+1","Sucker Punch+1","Adrenaline","All Out Attack+1","Dagger Spray+1","Venomology","Dagger Throw","Necronomicurse","RitualDagger","Choke","Die Die Die","Choke","PiercingWail+1","Unload","CurseOfTheBell","Infinite Blades+1","Cloak And Dagger","Blade Dance","Dodge and Roll","Calculated Gamble","Well Laid Plans+1","Parasite","Infinite Blades+1","Acrobatics","Backflip","Backflip","Backflip","Acrobatics","Malaise"],"relics":["Ring of the Snake","Lizard Tail","War Paint","Incense Burner","Letter Opener","Ornamental Fan","Golden Idol","Juzu Bracelet","Fusion Hammer","Necronomicon","Bird Faced Urn","Vajra","Frozen Egg 2","Red Mask","Darkstone Periapt","Du-Vu Doll","Calling Bell","TungstenRod","Shuriken","Nunchaku","Kunai","Pocketwatch","Thread and Needle","Toy Ornithopter","Snake Skull"],"acts_visited":["Exordium","TheCity","TheBeyond","TheEnding"],"potions_floor_usage":[33,33,37,37,42,47,50,56,56],"damage_taken":[{"damage":2.0,"enemies":"2 Louse","floor":1.0,"turns":4.0},{"damage":11.0,"enemies":"Small Slimes","floor":2.0,"turns":6.0},{"damage":9.0,"enemies":"Jaw Worm","floor":4.0,"turns":5.0},{"damage":10.0,"enemies":"3 Sentries","floor":6.0,"turns":8.0},{"damage":0.0,"enemies":"Gremlin Nob","floor":8.0,"turns":3.0},{"damage":18.0,"enemies":"3 Sentries","floor":10.0,"turns":13.0},{"damage":1.0,"enemies":"Looter","floor":12.0,"turns":2.0},{"damage":0.0,"enemies":"Lagavulin","floor":14.0,"turns":4.0},{"damage":0.0,"enemies":"Slime Boss","floor":16.0,"turns":5.0},{"damage":0.0,"enemies":"Spheric Guardian","floor":18.0,"turns":3.0},{"damage":4.0,"enemies":"Shell Parasite","floor":20.0,"turns":3.0},{"damage":18.0,"enemies":"Shelled Parasite and Fungi","floor":22.0,"turns":3.0},{"damage":0.0,"enemies":"Gremlin Leader","floor":23.0,"turns":2.0},{"damage":0.0,"enemies":"Slavers","floor":25.0,"turns":4.0},{"damage":0.0,"enemies":"Masked Bandits","floor":28.0,"turns":2.0},{"damage":5.0,"enemies":"Book of Stabbing","floor":29.0,"turns":4.0},{"damage":5.0,"enemies":"Slavers","floor":31.0,"turns":4.0},{"damage":42,"enemies":"Champ","floor":33,"turns":13},{"damage":0,"enemies":"3 Darklings","floor":35,"turns":3},{"damage":0,"enemies":"Orb Walker","floor":36,"turns":2},{"damage":0,"enemies":"4 Shapes","floor":37,"turns":5},{"damage":1,"enemies":"Writhing Mass","floor":39,"turns":4},{"damage":2,"enemies":"2 Orb Walkers","floor":41,"turns":3},{"damage":0,"enemies":"Maw","floor":42,"turns":5},{"damage":0,"enemies":"Mind Bloom Boss Battle","floor":45,"turns":3},{"damage":5,"enemies":"Nemesis","floor":47,"turns":3},{"damage":6,"enemies":"Jaw Worm Horde","floor":48,"turns":3},{"damage":49,"enemies":"Time Eater","floor":50,"turns":9},{"damage":3,"enemies":"Awakened One","floor":51,"turns":9},{"damage":19,"enemies":"Shield and Spear","floor":55,"turns":7},{"damage":51,"enemies":"The Heart","floor":56,"turns":8}],"seed_played":"174979130916212096","potions_obtained":[{"floor":1.0,"key":"Explosive Potion"},{"floor":6.0,"key":"Dexterity Potion"},{"floor":10.0,"key":"AttackPotion"},{"floor":12.0,"key":"Weak Potion"},{"floor":20.0,"key":"SteroidPotion"},{"floor":23.0,"key":"DistilledChaos"},{"floor":29.0,"key":"Explosive Potion"},{"floor":35,"key":"EssenceOfSteel"},{"floor":36,"key":"Dexterity Potion"},{"floor":42,"key":"LiquidBronze"}],"is_trial":false,"path_per_floor":["M","M","$","M","?","E","R","E","T","E","?","M","R","E","R","B",null,"M","?","M","?","M","E","R","E","T","?","?","E","R","E","R","B",null,"M","M","M","$","M","R","?","M","T","R","?","R","E","M","R","B","B",null,"R","$","E","B",null],"character_chosen":"THE_SILENT","items_purchased":["All Out Attack","Kunai","Dodge and Roll","Calculated Gamble","Well Laid Plans+1","Backflip","FairyPotion","Acrobatics"],"campfire_rested":7,"item_purchase_floors":[3,38,38,38,38,54,54,54],"current_hp_per_floor":[57,46,46,37,57,47,47,47,47,29,29,28,28,28,28,28,48,48,27,23,17,27,27,43,43,43,43,43,38,54,49,49,9,49,49,51,53,53,62,66,64,66,66,66,66,66,63,59,66,24,25,56,66,66,49,29],"gold":76,"neow_bonus":"ONE_RARE_RELIC","is_daily":false,"chose_seed":false,"campfire_upgraded":3,"win_rate":0.0,"timestamp":1614020968,"path_taken":["M","M","$","M","?","E","R","E","T","E","?","M","R","E","R","BOSS","M","?","M","?","M","E","R","E","T","?","?","E","R","E","R","BOSS","M","M","M","$","M","R","?","M","T","R","?","R","E","M","R","BOSS","BOSS","R","$","E","BOSS"],"items_purchased_type":["Card","Relic","Card","Card","Card","Card","Potion","Card"],"build_version":"2020-12-22","purchased_purges":2,"victory":true,"max_hp_per_floor":[60,60,60,60,60,60,60,60,60,60,54,54,54,54,54,54,54,54,54,54,54,54,54,54,54,54,54,54,54,54,54,54,54,60,60,60,60,60,66,66,66,66,66,66,66,66,66,66,66,66,66,66,66,66,66,66],"relic_stats":{"Darkstone Periapt":12,"counters":[31,152],"Golden Idol":211,"Snake Skull":[0],"Juzu Bracelet":1,"Letter Opener":[170],"War Paint":["Survivor","Terror"],"Lizard Tail":27,"Nunchaku":[23],"Ornamental Fan":[340],"Shuriken":[58],"Bird Faced Urn":[30],"Necronomicon":[26],"Kunai":[51],"obtain_stats":[{"Darkstone Periapt":29,"Vajra":25,"Snake Skull":55,"Incense Burner":8,"Juzu Bracelet":14,"Lizard Tail":0,"Nunchaku":34,"Fusion Hammer":17,"Necronomicon":19,"Red Mask":28,"Kunai":38,"Ring of the Snake":0,"Golden Idol":11,"Thread and Needle":45,"Letter Opener":9,"War Paint":6,"Frozen Egg 2":26,"Du-Vu Doll":31,"Calling Bell":34,"Ornamental Fan":10,"Shuriken":34,"Bird Faced Urn":23,"TungstenRod":34,"Toy Ornithopter":47,"Pocketwatch":41},{"Darkstone Periapt":16,"Vajra":14,"Snake Skull":30,"Incense Burner":5,"Juzu Bracelet":8,"Lizard Tail":0,"Nunchaku":18,"Fusion Hammer":9,"Necronomicon":10,"Red Mask":15,"Kunai":21,"Ring of the Snake":0,"Golden Idol":6,"Thread and Needle":25,"Letter Opener":5,"War Paint":4,"Frozen Egg 2":14,"Du-Vu Doll":17,"Calling Bell":18,"Ornamental Fan":6,"Shuriken":18,"Bird Faced Urn":13,"TungstenRod":18,"Toy Ornithopter":26,"Pocketwatch":23},{"Darkstone Periapt":71,"Vajra":65,"Snake Skull":144,"Incense Burner":26,"Juzu Bracelet":45,"Lizard Tail":0,"Nunchaku":88,"Fusion Hammer":50,"Necronomicon":53,"Red Mask":67,"Kunai":98,"Ring of the Snake":0,"Golden Idol":39,"Thread and Needle":113,"Letter Opener":26,"War Paint":23,"Frozen Egg 2":65,"Du-Vu Doll":75,"Calling Bell":88,"Ornamental Fan":39,"Shuriken":88,"Bird Faced Urn":61,"TungstenRod":88,"Toy Ornithopter":116,"Pocketwatch":105}],"TungstenRod":54,"Toy Ornithopter":15,"Ring of the Snake":[62],"Pocketwatch":[4]},"card_choices":[{"not_picked":["Riddle With Holes","Blade Dance"],"picked":"Quick Slash","floor":1.0},{"not_picked":["Blade Dance","Backflip"],"picked":"Backstab","floor":2.0},{"not_picked":["Backflip","Acrobatics"],"picked":"Terror","floor":4.0},{"not_picked":["Flechettes","Dodge and Roll"],"picked":"Sucker Punch","floor":6.0},{"not_picked":["Dodge and Roll","Storm of Steel","Eviscerate"],"picked":"SKIP","floor":8.0},{"not_picked":["Sucker Punch","Underhanded Strike"],"picked":"Adrenaline","floor":10.0},{"not_picked":["Acrobatics","Distraction"],"picked":"All Out Attack","floor":12.0},{"not_picked":["Finisher","Acrobatics"],"picked":"Dagger Spray","floor":14.0},{"not_picked":["Doppelganger","Storm of Steel"],"picked":"Venomology","floor":16.0},{"not_picked":["Flying Knee","Deadly Poison"],"picked":"Dagger Throw","floor":18.0},{"not_picked":["Terror","Outmaneuver","Slice"],"picked":"SKIP","floor":20.0},{"not_picked":["Setup","Poisoned Stab+1"],"picked":"Choke","floor":22.0},{"not_picked":["Bane+1","Reflex"],"picked":"Die Die Die","floor":23.0},{"not_picked":["Deadly Poison+1","Deflect","Night Terror"],"picked":"SKIP","floor":25.0},{"not_picked":["Outmaneuver","Doppelganger"],"picked":"Choke","floor":29.0},{"not_picked":["Accuracy+1","Expertise"],"picked":"PiercingWail+1","floor":31.0},{"not_picked":["Die Die Die","Grand Finale"],"picked":"Unload","floor":33},{"not_picked":["Slice","Escape Plan"],"picked":"Infinite Blades+1","floor":35},{"not_picked":["Dagger Spray","Terror"],"picked":"Cloak And Dagger","floor":36},{"not_picked":["Expertise","Quick Slash"],"picked":"Blade Dance","floor":37},{"not_picked":["Sucker Punch","Finisher+1"],"picked":"Infinite Blades+1","floor":39},{"not_picked":["Flying Knee","Well Laid Plans+1"],"picked":"Acrobatics","floor":41},{"not_picked":["Poisoned Stab","Endless Agony"],"picked":"Backflip","floor":42},{"not_picked":["Finisher","Outmaneuver","Flying Knee"],"picked":"SKIP","floor":47},{"not_picked":["Backstab+1","Bane"],"picked":"Backflip","floor":48},{"not_picked":["Dagger Spray+1","Terror"],"picked":"Malaise","floor":55}],"player_experience":685680,"relics_obtained":[{"floor":6.0,"key":"War Paint"},{"floor":8.0,"key":"Incense Burner"},{"floor":9.0,"key":"Letter Opener"},{"floor":10.0,"key":"Ornamental Fan"},{"floor":14.0,"key":"Juzu Bracelet"},{"floor":19.0,"key":"Necronomicon"},{"floor":23.0,"key":"Bird Faced Urn"},{"floor":25.0,"key":"Vajra"},{"floor":26.0,"key":"Frozen Egg 2"},{"floor":28.0,"key":"Red Mask"},{"floor":29.0,"key":"Darkstone Periapt"},{"floor":31.0,"key":"Du-Vu Doll"},{"floor":34,"key":"TungstenRod"},{"floor":34,"key":"Shuriken"},{"floor":34,"key":"Nunchaku"},{"floor":41,"key":"Pocketwatch"},{"floor":45,"key":"Thread and Needle"},{"floor":47,"key":"Toy Ornithopter"},{"floor":55,"key":"Snake Skull"}],"event_choices":[{"damage_healed":20.0,"max_hp_gain":0.0,"max_hp_loss":0.0,"gold_gain":0.0,"event_name":"Big Fish","player_choice":"Banana","floor":5.0,"gold_loss":0.0,"damage_taken":0.0},{"damage_healed":0.0,"max_hp_gain":0.0,"max_hp_loss":6.0,"gold_gain":0.0,"event_name":"Golden Idol","player_choice":"Lose Max HP","floor":11.0,"gold_loss":0.0,"damage_taken":0.0,"relics_obtained":["Golden Idol"]},{"damage_healed":0.0,"max_hp_gain":0.0,"max_hp_loss":0.0,"gold_gain":0.0,"event_name":"Cursed Tome","player_choice":"Obtained Book","floor":19.0,"gold_loss":0.0,"damage_taken":21.0},{"damage_healed":0.0,"max_hp_gain":0.0,"max_hp_loss":0.0,"gold_gain":0.0,"event_name":"Nest","player_choice":"Joined the Cult","floor":21.0,"gold_loss":0.0,"damage_taken":6.0,"cards_obtained":["RitualDagger"]},{"damage_healed":0.0,"max_hp_gain":0.0,"max_hp_loss":0.0,"gold_gain":0.0,"event_name":"Ghosts","player_choice":"Ignored","floor":27.0,"gold_loss":0.0,"damage_taken":0.0},{"damage_healed":0.0,"max_hp_gain":0.0,"max_hp_loss":0.0,"gold_gain":0.0,"event_name":"Masked Bandits","player_choice":"Fought Bandits","floor":28.0,"gold_loss":0.0,"damage_taken":0.0},{"damage_healed":0,"gold_gain":0,"player_choice":"Fight","damage_taken":0,"max_hp_gain":0,"max_hp_loss":0,"event_name":"Mysterious Sphere","floor":41,"gold_loss":0},{"damage_healed":0,"gold_gain":0,"player_choice":"Fight","damage_taken":0,"max_hp_gain":0,"max_hp_loss":0,"event_name":"MindBloom","floor":45,"gold_loss":0}],"is_beta":false,"boss_relics":[{"not_picked":["Cursed Key","Sozu"],"picked":"Fusion Hammer"},{"not_picked":["Astrolabe","Philosopher\u0027s Stone"],"picked":"Calling Bell"}],"items_purged_floors":[3,38],"is_endless":false,"potions_floor_spawned":[1,6,10,12,20,23,25,29,35,36,42],"ascension_level":20}}