{"host":"id23shmscryl4psl","time":1614001631,"event":{"mods":["BaseMod","Better Altar","Better Match","Better Note","Better Sensory Stone","Better Skull","Better Third Choice","Colored Map","Colored Powertips","Dark Map","FTL Soundtrack","HololiveMod","Minty Spire (QoL Compilation)","Rare Cards Sparkle","Relic Stats","Robot Space Explorer","StSLib","The Alterego"],"gold_per_floor":[118,134,151,170,184,214,214,234,234,234,269,269,269,288,288,386,436,453,423,161,161,161,161,163,163,163,196,208,193,211,411,411,449,449,419,364,364],"floor_reached":36,"language":"ENG","playtime":1780,"items_purged":[],"score":506,"play_id":"7368c480-6dcc-4f67-b7eb-5c75eaf2ec02","local_time":"20210222064711","is_ascension_mode":true,"campfire_choices":[{"data":"alterego_mod:BigMeatyClaws","floor":7,"key":"SMITH"},{"data":"alterego_mod:Stockings","floor":10,"key":"SMITH"},{"data":"alterego_mod:TrickOrTreatment","floor":13,"key":"SMITH"},{"data":"alterego_mod:Nekomimi","floor":15,"key":"SMITH"},{"data":"alterego_mod:Smother","floor":23,"key":"SMITH"},{"data":"alterego_mod:BreastValley","floor":25,"key":"SMITH"},{"data":"alterego_mod:InsideBaseball","floor":32,"key":"SMITH"}],"circlet_count":0,"master_deck":["alterego_mod:Strike","alterego_mod:Strike","alterego_mod:Strike","alterego_mod:Strike","alterego_mod:Defend","alterego_mod:Defend","alterego_mod:Defend","alterego_mod:Defend","alterego_mod:Impale","alterego_mod:BigMeatyClaws+1","alterego_mod:BrynhildrsRune","alterego_mod:1TonWallop","alterego_mod:Stockings+1","alterego_mod:BiFurious","alterego_mod:HighServant","alterego_mod:DiscoLights","alterego_mod:Undulate","alterego_mod:RidiculouslyBig","alterego_mod:TrickOrTreatment+1","alterego_mod:Nekomimi+1","alterego_mod:InsideBaseball+1","alterego_mod:Smother+1","alterego_mod:GoddessCore","alterego_mod:BreastValley+1","Writhe","alterego_mod:Bunnysuit+1","alterego_mod:InsideBaseball+1","alterego_mod:DiscoLights","alterego_mod:Cushion","alterego_mod:Cushion+1","alterego_mod:Rake+1","CurseOfTheBell","alterego_mod:Cooking","alterego_mod:Belle+1"],"relics":["alterego_mod:MasochisticConstitution","Orichalcum","Hololive_LightStick","Shuriken","Eternal Feather","Torii","Lantern","Tiny House","Molten Egg 2","Bag of Preparation","Meat on the Bone","Ancient Tea Set","Calling Bell","Smiling Mask","Pantograph","Prayer Wheel"],"acts_visited":["Exordium","TheCity","TheBeyond"],"potions_floor_usage":[5,6,11,16,16,27,27,28,33,33],"damage_taken":[{"damage":11,"enemies":"Jaw Worm","floor":1,"turns":8},{"damage":0,"enemies":"2 Louse","floor":2,"turns":1},{"damage":4,"enemies":"Cultist","floor":3,"turns":3},{"damage":5,"enemies":"Exordium Thugs","floor":4,"turns":4},{"damage":6,"enemies":"Large Slime","floor":5,"turns":5},{"damage":9,"enemies":"Gremlin Nob","floor":6,"turns":5},{"damage":9,"enemies":"3 Louse","floor":8,"turns":2},{"damage":0,"enemies":"3 Sentries","floor":11,"turns":2},{"damage":0,"enemies":"2 Fungi Beasts","floor":14,"turns":6},{"damage":3,"enemies":"Hexaghost","floor":16,"turns":6},{"damage":0,"enemies":"3 Byrds","floor":18,"turns":4},{"damage":2,"enemies":"Shell Parasite","floor":19,"turns":3},{"damage":57,"enemies":"Slavers","floor":24,"turns":7},{"damage":14,"enemies":"Book of Stabbing","floor":27,"turns":5},{"damage":0,"enemies":"Cultist and Chosen","floor":28,"turns":6},{"damage":2,"enemies":"Shelled Parasite and Fungi","floor":29,"turns":2},{"damage":1,"enemies":"Snecko","floor":30,"turns":6},{"damage":42,"enemies":"Collector","floor":33,"turns":10},{"damage":0,"enemies":"Orb Walker","floor":35,"turns":1},{"damage":9,"enemies":"3 Darklings","floor":36,"turns":9}],"seed_played":"-533306247489881404","potions_obtained":[{"floor":1,"key":"Weak Potion"},{"floor":2,"key":"DuplicationPotion"},{"floor":4,"key":"Fire Potion"},{"floor":8,"key":"DistilledChaos"},{"floor":11,"key":"LiquidMemories"},{"floor":14,"key":"SpeedPotion"},{"floor":17,"key":"Dexterity Potion"},{"floor":24,"key":"ColorlessPotion"},{"floor":27,"key":"AttackPotion"},{"floor":30,"key":"SkillPotion"}],"is_trial":false,"path_per_floor":["M","M","M","M","M","E","R","M","T","R","E","?","R","M","R","B",null,"M","M","$","?","?","R","E","R","T","E","M","M","M","?","R","B",null,"M","M"],"character_chosen":"The_Alterego","items_purchased":["Molten Egg 2"],"campfire_rested":0,"item_purchase_floors":[20],"current_hp_per_floor":[67,67,64,73,68,67,67,59,59,59,59,41,50,75,76,74,82,82,81,81,81,81,83,41,56,56,55,55,54,69,69,87,46,88,88,82,82],"gold":364,"neow_bonus":"RANDOM_COMMON_RELIC","is_daily":false,"chose_seed":false,"campfire_upgraded":7,"win_rate":0.0,"timestamp":1614001631,"path_taken":["M","M","M","M","M","E","R","M","T","R","E","?","R","M","R","BOSS","M","M","$","?","?","R","E","R","T","E","M","M","M","?","R","BOSS","M","M"],"items_purchased_type":["Relic"],"build_version":"2020-12-22","purchased_purges":0,"victory":false,"max_hp_per_floor":[71,71,72,73,74,75,75,76,76,76,76,76,76,76,76,77,82,82,83,83,83,83,83,84,84,84,85,85,86,87,87,87,88,88,88,88,88],"relic_stats":{"Torii":38,"counters":[20,94],"Shuriken":[32],"Pantograph":0,"Eternal Feather":45,"Prayer Wheel":1,"Bag of Preparation":[16],"Orichalcum":[240],"Smiling Mask":0,"obtain_stats":[{"alterego_mod:MasochisticConstitution":0,"Lantern":12,"Tiny House":17,"Torii":11,"Eternal Feather":11,"Bag of Preparation":22,"Orichalcum":0,"Ancient Tea Set":27,"Smiling Mask":34,"Calling Bell":34,"Hololive_LightStick":6,"Shuriken":9,"Pantograph":34,"Molten Egg 2":20,"Prayer Wheel":34,"Meat on the Bone":24},{"alterego_mod:MasochisticConstitution":0,"Lantern":8,"Tiny House":10,"Torii":8,"Eternal Feather":8,"Bag of Preparation":12,"Orichalcum":0,"Ancient Tea Set":14,"Smiling Mask":18,"Calling Bell":18,"Hololive_LightStick":6,"Shuriken":7,"Pantograph":18,"Molten Egg 2":12,"Prayer Wheel":18,"Meat on the Bone":13},{"alterego_mod:MasochisticConstitution":0,"Lantern":30,"Tiny House":42,"Torii":30,"Eternal Feather":30,"Bag of Preparation":49,"Orichalcum":0,"Ancient Tea Set":61,"Smiling Mask":84,"Calling Bell":84,"Hololive_LightStick":26,"Shuriken":28,"Pantograph":84,"Molten Egg 2":49,"Prayer Wheel":84,"Meat on the Bone":56}],"Meat on the Bone":12},"card_choices":[{"not_picked":["alterego_mod:Bloomers","alterego_mod:Valentines"],"picked":"alterego_mod:1TonWallop","floor":1},{"not_picked":["alterego_mod:Support","alterego_mod:SakuraFive"],"picked":"alterego_mod:Stockings","floor":2},{"not_picked":["alterego_mod:Support","alterego_mod:Skirt"],"picked":"alterego_mod:BiFurious","floor":3},{"not_picked":["alterego_mod:Maid","alterego_mod:IdEs"],"picked":"alterego_mod:HighServant","floor":4},{"not_picked":["alterego_mod:Jiggle","alterego_mod:SuperDuperMasochism"],"picked":"alterego_mod:DiscoLights","floor":5},{"not_picked":["alterego_mod:Pet","alterego_mod:Cycle"],"picked":"alterego_mod:Undulate","floor":6},{"not_picked":["alterego_mod:Cycle","alterego_mod:Cooking"],"picked":"alterego_mod:RidiculouslyBig","floor":8},{"not_picked":["alterego_mod:Bloomers","alterego_mod:DiscoLights"],"picked":"alterego_mod:TrickOrTreatment","floor":11},{"not_picked":["alterego_mod:Punishment","alterego_mod:Maid"],"picked":"alterego_mod:Nekomimi","floor":14},{"not_picked":["alterego_mod:Rake","alterego_mod:Venus"],"picked":"alterego_mod:InsideBaseball","floor":16},{"not_picked":["alterego_mod:Pet","alterego_mod:Birthday"],"picked":"alterego_mod:Smother","floor":17},{"not_picked":["alterego_mod:Punishment","alterego_mod:1TonWallop"],"picked":"alterego_mod:GoddessCore","floor":18},{"not_picked":["alterego_mod:Punishment","alterego_mod:DeftHands"],"picked":"alterego_mod:BreastValley","floor":19},{"not_picked":["alterego_mod:HighServant","alterego_mod:Valentines"],"picked":"alterego_mod:Bunnysuit+1","floor":24},{"not_picked":["alterego_mod:MagicResistance","alterego_mod:Pet"],"picked":"alterego_mod:InsideBaseball","floor":27},{"not_picked":["alterego_mod:Birthday","alterego_mod:Cycle"],"picked":"alterego_mod:DiscoLights","floor":28},{"not_picked":["alterego_mod:Maid+1","alterego_mod:Table"],"picked":"alterego_mod:Cushion","floor":29},{"not_picked":["alterego_mod:DestructionOfProperty","alterego_mod:TrashNCrash"],"picked":"alterego_mod:Cushion+1","floor":30},{"not_picked":["alterego_mod:Alter","alterego_mod:PainIsPleasure"],"picked":"alterego_mod:Rake+1","floor":33},{"not_picked":["alterego_mod:Belts+1","alterego_mod:Birthday"],"picked":"alterego_mod:Cooking","floor":35},{"not_picked":["alterego_mod:Jiggle","alterego_mod:DestructionOfProperty"],"picked":"alterego_mod:Belle+1","floor":35}],"player_experience":197682,"relics_obtained":[{"floor":6,"key":"Hololive_LightStick"},{"floor":9,"key":"Shuriken"},{"floor":11,"key":"Eternal Feather"},{"floor":11,"key":"Torii"},{"floor":24,"key":"Meat on the Bone"},{"floor":27,"key":"Ancient Tea Set"},{"floor":34,"key":"Smiling Mask"},{"floor":34,"key":"Pantograph"},{"floor":34,"key":"Prayer Wheel"}],"event_choices":[{"damage_healed":0,"gold_gain":0,"player_choice":"Relic ","damage_taken":18,"max_hp_gain":0,"max_hp_loss":0,"event_name":"betterThird:BetterScrap","floor":12,"gold_loss":0,"cards_obtained":["Flechettes"]},{"damage_healed":0,"gold_gain":0,"player_choice":"Ignored","damage_taken":0,"max_hp_gain":0,"max_hp_loss":0,"event_name":"Vampires","floor":21,"gold_loss":0},{"damage_healed":0,"gold_gain":0,"player_choice":"Opened","damage_taken":0,"relics_obtained":["Bag of Preparation"],"max_hp_gain":0,"max_hp_loss":0,"event_name":"The Mausoleum","floor":22,"gold_loss":0,"cards_obtained":["Writhe"]},{"damage_healed":0,"gold_gain":250,"player_choice":"Bet on Owner","damage_taken":0,"max_hp_gain":0,"max_hp_loss":0,"event_name":"The Joust","floor":31,"gold_loss":50}],"is_beta":false,"boss_relics":[{"not_picked":["Philosopher\u0027s Stone","Runic Pyramid"],"picked":"Tiny House"},{"not_picked":["Cursed Key","SlaversCollar"],"picked":"Calling Bell"}],"items_purged_floors":[],"is_endless":false,"potions_floor_spawned":[1,2,4,8,11,14,24,27,30],"killed_by":"3 Darklings","ascension_level":2}}