{"host":"8tgyo6jwzgmjsiz5","time":1614026033,"event":{"mods":["AchievementEnabler","BaseMod","Best Route Mod","Highlight Path","Minty Spire (QoL Compilation)","Permanent Neow","Quick Restart","StSLib","SuperFastMode"],"gold_per_floor":[117,131,281,294,304,304,317,317,317,317,333,363,422,34,34,34,34],"floor_reached":16,"language":"ENG","playtime":480,"items_purged":["Regret"],"score":179,"play_id":"79361a83-827a-4724-8bb9-078aa623f9ba","local_time":"20210222173353","is_ascension_mode":true,"campfire_choices":[{"data":"Zap","floor":6.0,"key":"SMITH"},{"data":"Dualcast","floor":10.0,"key":"SMITH"},{"floor":15,"key":"REST"}],"circlet_count":0,"master_deck":["AscendersBane","Strike_B","Strike_B","Strike_B","Strike_B","Defend_B","Defend_B","Defend_B","Defend_B","Zap+1","Dualcast+1","All For One","Gash","Doubt","Ball Lightning","Recycle","Ball Lightning","Steam"],"relics":["Cracked Core","Pear","Meat on the Bone","Question Card"],"acts_visited":["Exordium"],"potions_floor_usage":[12],"damage_taken":[{"damage":3.0,"enemies":"Cultist","floor":1.0,"turns":4.0},{"damage":0.0,"enemies":"Small Slimes","floor":2.0,"turns":2.0},{"damage":0.0,"enemies":"2 Louse","floor":4.0,"turns":2.0},{"damage":32.0,"enemies":"Exordium Thugs","floor":5.0,"turns":6.0},{"damage":22.0,"enemies":"Exordium Wildlife","floor":7.0,"turns":5.0},{"damage":6,"enemies":"Looter","floor":11,"turns":2},{"damage":30,"enemies":"Lagavulin","floor":12,"turns":6},{"damage":28,"enemies":"Hexaghost","floor":16,"turns":9}],"seed_played":"-7934801117528975326","potions_obtained":[{"floor":7.0,"key":"Energy Potion"},{"floor":11,"key":"DuplicationPotion"},{"floor":12,"key":"GamblersBrew"}],"is_trial":false,"path_per_floor":["M","M","?","M","M","R","M","?","T","R","M","E","?","$","R","B"],"character_chosen":"DEFECT","items_purchased":["Question Card","Steam"],"campfire_rested":1,"item_purchase_floors":[14,14],"current_hp_per_floor":[61,61,61,61,29,29,7,30,40,40,34,4,4,4,28,0,0],"gold":34,"neow_bonus":"THREE_RARE_CARDS","is_daily":false,"chose_seed":false,"campfire_upgraded":2,"win_rate":0.0,"timestamp":1614026033,"path_taken":["M","M","?","M","M","R","M","?","T","R","M","E","?","$","R","BOSS"],"items_purchased_type":["Relic","Card"],"build_version":"2020-12-22","purchased_purges":1,"victory":false,"max_hp_per_floor":[71,71,71,71,71,71,71,71,81,81,81,81,81,81,81,81,81],"card_choices":[{"not_picked":["Machine Learning","Thunder Strike"],"picked":"All For One","floor":0.0},{"not_picked":["Beam Cell","Redo"],"picked":"Gash","floor":1.0},{"not_picked":["Compile Driver","Stack","Streamline"],"picked":"SKIP","floor":2.0},{"not_picked":["Chaos","Coolheaded","Meteor Strike"],"picked":"SKIP","floor":4.0},{"not_picked":["Turbo","Fusion"],"picked":"Ball Lightning","floor":5.0},{"not_picked":["Barrage","Force Field"],"picked":"Recycle","floor":7.0},{"not_picked":["Steam Power","Cold Snap"],"picked":"Ball Lightning","floor":11},{"not_picked":["Rebound","Storm","Streamline"],"picked":"SKIP","floor":12}],"player_experience":2022219,"relics_obtained":[{"floor":9.0,"key":"Pear"},{"floor":12,"key":"Meat on the Bone"}],"event_choices":[{"damage_healed":0.0,"max_hp_gain":0.0,"max_hp_loss":0.0,"gold_gain":150.0,"event_name":"Liars Game","player_choice":"AGREE","floor":3.0,"gold_loss":0.0,"damage_taken":0.0,"cards_obtained":["Doubt"]},{"damage_healed":23.0,"max_hp_gain":0.0,"max_hp_loss":0.0,"gold_gain":0.0,"event_name":"Big Fish","player_choice":"Banana","floor":8.0,"gold_loss":0.0,"damage_taken":0.0},{"damage_healed":0,"gold_gain":59,"player_choice":"Gained Gold","damage_taken":0,"max_hp_gain":0,"max_hp_loss":0,"event_name":"Golden Wing","floor":13,"gold_loss":0}],"is_beta":false,"boss_relics":[],"items_purged_floors":[14],"is_endless":false,"potions_floor_spawned":[7,11,12],"killed_by":"Hexaghost","ascension_level":15}}