{"host":"28p8ce41sjwa6lzf","time":1614007507,"event":{"mods":["BaseMod","Bestiary","Colored Map","Colored Powertips","Dark Map","Highlight Path","Minty Spire (QoL Compilation)","Permanent Neow","Quick Restart","Random Character Button","Rare Cards Sparkle","Relic Stats","StSLib","Unceasing Turn Reminder"],"gold_per_floor":[118,128,11,30,41,41,75,75,100,110,110,125,141,172,172,244,244,258,269,54,72,88,115,115,115,115],"floor_reached":25,"language":"ENG","playtime":1869,"items_purged":[],"score":524,"play_id":"87dccbe1-0788-4d96-b8e0-52dafa0f5697","local_time":"20210222092507","is_ascension_mode":true,"campfire_choices":[{"data":"Ball Lightning","floor":6.0,"key":"SMITH"},{"data":"Ball Lightning","floor":8.0,"key":"SMITH"},{"data":"Self Repair","floor":11.0,"key":"SMITH"},{"data":"Glacier","floor":15.0,"key":"SMITH"},{"data":"Chill","floor":24.0,"key":"SMITH"}],"circlet_count":0,"master_deck":["AscendersBane","Strike_B","Strike_B","Strike_B","Strike_B","Defend_B","Defend_B","Defend_B","Defend_B","Zap","Dualcast+1","Leap","Skim+1","Self Repair+1","Hologram","Ball Lightning+1","Ball Lightning+1","White Noise","Glacier+1","Cold Snap","Core Surge","Chill+1","Seek","Conserve Battery","Conserve Battery"],"relics":["Coffee Dripper","Potion Belt","Vajra","War Paint","Inserter","PreservedInsect"],"acts_visited":["Exordium","TheCity"],"potions_floor_usage":[25],"damage_taken":[{"damage":1.0,"enemies":"Cultist","floor":1.0,"turns":4.0},{"damage":5.0,"enemies":"2 Louse","floor":2.0,"turns":4.0},{"damage":0.0,"enemies":"Small Slimes","floor":4.0,"turns":4.0},{"damage":9.0,"enemies":"Exordium Thugs","floor":5.0,"turns":5.0},{"damage":40.0,"enemies":"3 Sentries","floor":7.0,"turns":7.0},{"damage":3.0,"enemies":"Blue Slaver","floor":10.0,"turns":3.0},{"damage":2.0,"enemies":"Looter","floor":12.0,"turns":4.0},{"damage":0.0,"enemies":"3 Louse","floor":13.0,"turns":4.0},{"damage":0.0,"enemies":"Gremlin Nob","floor":14.0,"turns":3.0},{"damage":15.0,"enemies":"The Guardian","floor":16.0,"turns":14.0},{"damage":0.0,"enemies":"3 Byrds","floor":18.0,"turns":4.0},{"damage":0.0,"enemies":"Shell Parasite","floor":19.0,"turns":6.0},{"damage":33.0,"enemies":"3 Cultists","floor":21.0,"turns":7.0},{"damage":3.0,"enemies":"Snake Plant","floor":22.0,"turns":7.0},{"damage":57.0,"enemies":"Slavers","floor":23.0,"turns":9.0},{"damage":28,"enemies":"Gremlin Leader","floor":25,"turns":6}],"seed_played":"-2383315454758419396","potions_obtained":[{"floor":2.0,"key":"AttackPotion"},{"floor":7.0,"key":"Explosive Potion"},{"floor":10.0,"key":"EssenceOfSteel"},{"floor":13.0,"key":"Fire Potion"},{"floor":19.0,"key":"Regen Potion"},{"floor":23.0,"key":"DistilledChaos"}],"is_trial":false,"path_per_floor":["M","M","$","M","M","R","E","R","T","M","R","M","M","E","R","B",null,"M","M","$","M","M","E","R","E"],"character_chosen":"DEFECT","items_purchased":["Self Repair","Hologram","Seek","FocusPotion"],"campfire_rested":0,"item_purchase_floors":[3,3,20,20],"current_hp_per_floor":[63,58,58,65,63,63,30,30,30,34,34,42,52,62,62,57,68,71,71,71,48,55,23,23,0,0],"gold":115,"neow_bonus":"BOSS_RELIC","is_daily":false,"chose_seed":false,"campfire_upgraded":5,"win_rate":0.0,"timestamp":1614007507,"path_taken":["M","M","?","M","M","R","E","R","T","M","R","M","M","E","R","BOSS","M","?","?","M","M","E","R","E"],"items_purchased_type":["Card","Card","Card","Potion"],"build_version":"2020-12-22","purchased_purges":0,"victory":false,"max_hp_per_floor":[71,71,71,71,71,71,71,71,71,71,71,71,71,71,71,71,71,71,71,71,71,71,71,71,71,71],"relic_stats":{"Inserter":[19],"counters":[16,91],"PreservedInsect":51,"War Paint":["Dualcast","Skim"],"obtain_stats":[{"Potion Belt":7,"Inserter":17,"Vajra":9,"PreservedInsect":23,"Coffee Dripper":0,"War Paint":14,"Cracked Core":0},{"Potion Belt":5,"Inserter":10,"Vajra":5,"PreservedInsect":15,"Coffee Dripper":0,"War Paint":9,"Cracked Core":0},{"Potion Belt":24,"Inserter":52,"Vajra":24,"PreservedInsect":85,"Coffee Dripper":0,"War Paint":38,"Cracked Core":0}]},"card_choices":[{"not_picked":["Steam","Blizzard"],"picked":"Leap","floor":1.0},{"not_picked":["Sweeping Beam","Compile Driver"],"picked":"Skim","floor":2.0},{"not_picked":["Sweeping Beam","Melter"],"picked":"Ball Lightning","floor":4.0},{"not_picked":["Lockon","Conserve Battery"],"picked":"Ball Lightning","floor":5.0},{"not_picked":["Aggregate","Steam"],"picked":"White Noise","floor":7.0},{"not_picked":["Steam Power","Fusion"],"picked":"Glacier","floor":10.0},{"not_picked":["Darkness","Leap","Doom and Gloom"],"picked":"SKIP","floor":12.0},{"not_picked":["Barrage","Reprogram","Turbo"],"picked":"SKIP","floor":13.0},{"not_picked":["Recycle","Consume"],"picked":"Cold Snap","floor":14.0},{"not_picked":["Thunder Strike","Machine Learning"],"picked":"Core Surge","floor":16.0},{"not_picked":["Beam Cell","Steam","Leap"],"picked":"SKIP","floor":18.0},{"not_picked":["Rip and Tear","Barrage"],"picked":"Chill","floor":19.0},{"not_picked":["Steam Power","Rebound"],"picked":"Conserve Battery","floor":21.0},{"not_picked":["Sweeping Beam","Barrage"],"picked":"Conserve Battery","floor":22.0},{"not_picked":["Redo","Melter","Gash"],"picked":"SKIP","floor":23.0}],"player_experience":1361813,"relics_obtained":[{"floor":7.0,"key":"Potion Belt"},{"floor":9.0,"key":"Vajra"},{"floor":14.0,"key":"War Paint"},{"floor":23.0,"key":"PreservedInsect"}],"event_choices":[],"is_beta":false,"boss_relics":[{"not_picked":["Empty Cage","Black Star"],"picked":"Inserter"}],"items_purged_floors":[],"is_endless":false,"potions_floor_spawned":[2,7,10,13,19,23],"killed_by":"Gremlin Leader","ascension_level":20}}