{"host":"3l94tha3a4jgu0q4","time":1614027104,"event":{"mods":["2.2 Compatiblity","AchievementEnabler","BaseMod","Colored Map","Colored Powertips","Hermit","Highlight Path","Minty Spire (QoL Compilation)","Permanent Neow","StSLib","SuperFastMode","The Runesmith"],"gold_per_floor":[15,35,48,58,70,97,97,115,415,415,429,76,106,106,106,202,202,221,221,238,163,178,178,193,193,218,218,233,261,48,66,66,170,170,183,28,28,47,67,67,121,121,121,137,155,155,55,73,73,73,73],"floor_reached":50,"language":"ENG","playtime":1848,"items_purged":["Runesmith:Strike_RS","Runesmith:Strike_RS"],"score":553,"play_id":"85e40ead-bab8-4e7a-99d2-526c66446406","local_time":"20210222125144","is_ascension_mode":false,"campfire_choices":[{"data":"Runesmith:CraftFirestone","floor":7,"key":"SMITH"},{"data":"Runesmith:Grindstone","floor":10,"key":"SMITH"},{"data":"Runesmith:Permafrost","floor":15,"key":"SMITH"},{"data":"Runesmith:Fortify","floor":23,"key":"SMITH"},{"data":"Runesmith:PoweredAnvil","floor":25,"key":"SMITH"},{"data":"Runesmith:LithiumIon","floor":27,"key":"SMITH"},{"data":"Runesmith:ChiselStab","floor":32,"key":"SMITH"},{"floor":42,"key":"RECALL"},{"data":"Runesmith:Supernova","floor":49,"key":"SMITH"}],"circlet_count":0,"master_deck":["Runesmith:Strike_RS","Runesmith:Strike_RS","Runesmith:Defend_RS","Runesmith:Defend_RS","Runesmith:Defend_RS","Runesmith:CraftFirestone+1","Runesmith:Fortify+1","Runesmith:RuneHurl","Runesmith:Grindstone+1","Runesmith:Repurpose","Runesmith:CraftProtectio","Runesmith:UnstableHammer","Runesmith:CraftMagma","Runesmith:ChiselStab+1","Runesmith:Permafrost+1","Runesmith:ChaoticBlast+1","Runesmith:LithiumIon+1","Runesmith:GoWithTheFlow+1","Runesmith:PoweredAnvil+1","Runesmith:Terraform+1","Runesmith:Discharge+1","Runesmith:OneForEveryone+1","Runesmith:Repurpose+1","Runesmith:Supernova+1","CurseOfTheBell","Runesmith:HeatExchange+1","Runesmith:PoweredAnvil+1","Runesmith:CraftObretio+1","Runesmith:CraftReservo+1","Runesmith:Attraction+1","Runesmith:RunicBlueprint+1","Madness","Madness","Runesmith:RuneHurl+1"],"relics":["Runesmith:BrokenRuby","Unceasing Top","Incense Burner","Old Coin","Molten Egg 2","Meat on the Bone","Philosopher\u0027s Stone","Nunchaku","InkBottle","Anchor","Calling Bell","Runesmith:MiniCore","Shuriken","Bird Faced Urn","ClockworkSouvenir","Shovel","Eternal Feather"],"acts_visited":["Exordium","TheCity","TheBeyond"],"potions_floor_usage":[16,16,16,18,20,24,28,33,33,41],"damage_taken":[{"damage":0,"enemies":"2 Louse","floor":1,"turns":2},{"damage":0,"enemies":"Cultist","floor":2,"turns":3},{"damage":0,"enemies":"Jaw Worm","floor":3,"turns":2},{"damage":2,"enemies":"Exordium Wildlife","floor":4,"turns":5},{"damage":1,"enemies":"Lots of Slimes","floor":5,"turns":5},{"damage":14,"enemies":"Lagavulin","floor":6,"turns":10},{"damage":5,"enemies":"Large Slime","floor":8,"turns":6},{"damage":0,"enemies":"Blue Slaver","floor":11,"turns":2},{"damage":40,"enemies":"Gremlin Nob","floor":13,"turns":6},{"damage":0,"enemies":"The Guardian","floor":16,"turns":9},{"damage":0,"enemies":"2 Thieves","floor":18,"turns":4},{"damage":0,"enemies":"Spheric Guardian","floor":20,"turns":3},{"damage":9,"enemies":"Centurion and Healer","floor":22,"turns":4},{"damage":21,"enemies":"Snake Plant","floor":24,"turns":3},{"damage":3,"enemies":"3 Cultists","floor":28,"turns":4},{"damage":14,"enemies":"Gremlin Leader","floor":29,"turns":6},{"damage":0,"enemies":"Snecko","floor":31,"turns":6},{"damage":23,"enemies":"Collector","floor":33,"turns":7},{"damage":17,"enemies":"3 Darklings","floor":35,"turns":6},{"damage":0,"enemies":"3 Shapes","floor":38,"turns":6},{"damage":11,"enemies":"Spire Growth","floor":39,"turns":5},{"damage":47,"enemies":"2 Orb Walkers","floor":41,"turns":7},{"damage":1,"enemies":"4 Shapes","floor":44,"turns":6},{"damage":26,"enemies":"Sphere and 2 Shapes","floor":45,"turns":5},{"damage":6,"enemies":"Maw","floor":48,"turns":7},{"damage":79,"enemies":"Time Eater","floor":50,"turns":9}],"seed_played":"8222440928816031833","potions_obtained":[{"floor":2,"key":"Regen Potion"},{"floor":8,"key":"Dexterity Potion"},{"floor":13,"key":"ColorlessPotion"},{"floor":16,"key":"EntropicBrew"},{"floor":28,"key":"SpeedPotion"},{"floor":29,"key":"SpeedPotion"},{"floor":39,"key":"SpeedPotion"},{"floor":41,"key":"Ancient Potion"},{"floor":45,"key":"Fruit Juice"}],"is_trial":false,"path_per_floor":["M","M","M","M","M","E","R","M","T","R","M","$","E","?","R","B",null,"M","?","M","?","M","R","M","R","T","R","M","E","$","M","R","B",null,"M","$","?","M","M","T","?","R","T","M","M","?","$","M","R","B"],"character_chosen":"RUNESMITH_CLASS","items_purchased":["Molten Egg 2","Runesmith:Permafrost","Runesmith:OneForEveryone+1","Anchor","ClockworkSouvenir"],"campfire_rested":0,"item_purchase_floors":[12,12,30,30,36],"current_hp_per_floor":[70,70,70,68,67,53,53,48,48,48,48,48,8,8,8,35,70,70,80,80,80,71,71,55,55,55,55,52,50,50,50,50,39,80,67,67,67,73,70,70,43,43,43,50,44,34,34,48,66,0,0],"gold":73,"neow_bonus":"ONE_RARE_RELIC","is_daily":false,"chose_seed":false,"campfire_upgraded":8,"win_rate":0.0,"timestamp":1614027104,"path_taken":["M","M","M","M","M","E","R","M","T","R","M","$","E","?","R","BOSS","M","?","?","?","M","R","M","R","T","R","M","E","?","M","R","BOSS","M","?","?","M","M","?","?","R","T","M","M","?","$","M","R","BOSS"],"items_purchased_type":["Relic","Card","Card","Relic","Relic"],"build_version":"2020-12-22","purchased_purges":2,"victory":false,"max_hp_per_floor":[70,70,70,70,70,70,70,70,70,70,70,70,70,70,70,70,70,70,80,80,80,80,80,80,80,80,80,80,80,80,80,80,80,80,80,80,80,80,80,80,80,80,80,80,80,80,80,80,80,80,80],"card_choices":[{"not_picked":["Runesmith:HammerThrow","Runesmith:HeatedChisel"],"picked":"Runesmith:RuneHurl","floor":1},{"not_picked":["Runesmith:MakeshiftArmor","Runesmith:ChiselStab"],"picked":"Runesmith:Grindstone","floor":2},{"not_picked":["Runesmith:Malloc","Runesmith:Attraction"],"picked":"Runesmith:Repurpose","floor":3},{"not_picked":["Runesmith:CraftSpiculum","Runesmith:EnergizedChisel"],"picked":"Runesmith:CraftProtectio","floor":4},{"not_picked":["Runesmith:PerfectChisel","Runesmith:Augment","Runesmith:LastStand"],"picked":"SKIP","floor":5},{"not_picked":["Runesmith:ChiselStab","Runesmith:EnergizedChisel"],"picked":"Runesmith:UnstableHammer","floor":6},{"not_picked":["Runesmith:MakeshiftArmor","Runesmith:NanitesCloud"],"picked":"Runesmith:CraftMagma","floor":8},{"not_picked":["Runesmith:FrozenChisel","Runesmith:CraftMagma"],"picked":"Runesmith:ChiselStab","floor":11},{"not_picked":["Runesmith:DuctTape","Runesmith:Firestorm"],"picked":"Runesmith:EnergizedChisel+1","floor":13},{"not_picked":["Runesmith:GrandSlam+1","Runesmith:MetallurgicalResearch"],"picked":"Runesmith:Supernova","floor":16},{"not_picked":["Runesmith:ChiselStab+1","Runesmith:Repurpose"],"picked":"Runesmith:ChaoticBlast+1","floor":18},{"not_picked":["Runesmith:ShiftingStrike+1","Runesmith:HeatExchange+1"],"picked":"Runesmith:LithiumIon","floor":20},{"not_picked":["Runesmith:RuneHurl+1","Runesmith:HeatedChisel+1"],"picked":"Runesmith:GoWithTheFlow+1","floor":22},{"not_picked":["Runesmith:Repurpose+1","Runesmith:Accelerate"],"picked":"Runesmith:PoweredAnvil","floor":24},{"not_picked":["Runesmith:RunicBlueprint","Runesmith:HeatExchange+1"],"picked":"Runesmith:Terraform+1","floor":28},{"not_picked":["Runesmith:LastStand","Runesmith:Augment"],"picked":"Runesmith:Discharge+1","floor":29},{"not_picked":["Runesmith:Overpower+1","Runesmith:DoubleUp"],"picked":"Runesmith:Repurpose+1","floor":31},{"not_picked":["Runesmith:LastStand","Runesmith:DuctTape"],"picked":"Runesmith:Supernova","floor":33},{"not_picked":["Runesmith:HammerThrow+1","Runesmith:ShiftingStrike+1"],"picked":"Runesmith:HeatExchange+1","floor":35},{"not_picked":["Runesmith:Electrocute+1","Runesmith:RuneHurl+1"],"picked":"Runesmith:PoweredAnvil+1","floor":38},{"not_picked":["Runesmith:CraftMagma+1","Runesmith:ChaoticBlast+1"],"picked":"Runesmith:CraftObretio+1","floor":39},{"not_picked":["Runesmith:Attraction+1","Runesmith:Supernova"],"picked":"Runesmith:CraftReservo+1","floor":41},{"not_picked":["Runesmith:MakeshiftArmor+1","Runesmith:Reinforce"],"picked":"Runesmith:Attraction+1","floor":44},{"not_picked":["Runesmith:Overpower+1","Runesmith:CraftMagma"],"picked":"Runesmith:RunicBlueprint+1","floor":45},{"not_picked":["Runesmith:EarthShield+1","Runesmith:Permafrost+1"],"picked":"Runesmith:RuneHurl+1","floor":48}],"player_experience":1999434,"relics_obtained":[{"floor":6,"key":"Incense Burner"},{"floor":9,"key":"Old Coin"},{"floor":13,"key":"Meat on the Bone"},{"floor":26,"key":"Nunchaku"},{"floor":29,"key":"InkBottle"},{"floor":34,"key":"Runesmith:MiniCore"},{"floor":34,"key":"Shuriken"},{"floor":34,"key":"Bird Faced Urn"},{"floor":41,"key":"Shovel"},{"floor":43,"key":"Eternal Feather"}],"event_choices":[{"damage_healed":0,"gold_gain":0,"player_choice":"Got Potions","damage_taken":0,"max_hp_gain":0,"max_hp_loss":0,"event_name":"Lab","floor":14,"gold_loss":0},{"cards_removed":["Runesmith:Supernova"],"damage_healed":0,"gold_gain":0,"player_choice":"Offered Rare","damage_taken":0,"max_hp_gain":10,"max_hp_loss":0,"event_name":"Bonfire Elementals","floor":19,"gold_loss":0},{"cards_removed":["Runesmith:Defend_RS"],"damage_healed":0,"gold_gain":0,"player_choice":"Gave Gold","damage_taken":0,"max_hp_gain":0,"max_hp_loss":0,"event_name":"Beggar","floor":21,"gold_loss":75},{"cards_removed":["Runesmith:EnergizedChisel"],"damage_healed":0,"gold_gain":0,"player_choice":"Removed Attack","damage_taken":0,"max_hp_gain":0,"max_hp_loss":0,"event_name":"Falling","floor":37,"gold_loss":0},{"damage_healed":0,"gold_gain":0,"player_choice":"Fight","damage_taken":0,"max_hp_gain":0,"max_hp_loss":0,"event_name":"Mysterious Sphere","floor":41,"gold_loss":0},{"damage_healed":0,"gold_gain":0,"player_choice":"Embrace Madness","damage_taken":10,"max_hp_gain":0,"max_hp_loss":0,"event_name":"Winding Halls","floor":46,"gold_loss":0,"cards_obtained":["Madness","Madness"]}],"is_beta":false,"boss_relics":[{"not_picked":["Empty Cage","Astrolabe"],"picked":"Philosopher\u0027s Stone"},{"not_picked":["Busted Crown","Runic Dome"],"picked":"Calling Bell"}],"items_purged_floors":[12,47],"is_endless":false,"potions_floor_spawned":[2,8,13,16,18,28,29,39,41,45],"killed_by":"Time Eater","ascension_level":0}}