{"host":"9n6i2vl93jt4o42q","time":1614007638,"event":{"mods":["BaseMod","Minty Spire (QoL Compilation)","Relic Stats"],"gold_per_floor":[117,5,23,38,138,168,168,179,179,179,222,222,222,297,297,391,391,407,432,451,451,467,467,488,523,523,542,565,565,565,580,580,580,580],"floor_reached":33,"language":"ENG","playtime":1621,"items_purged":["Strike_R"],"score":558,"play_id":"b9061dc0-796e-4694-b7f7-cb17bc4e4fbc","local_time":"20210222162718","is_ascension_mode":true,"campfire_choices":[{"data":"Armaments","floor":7.0,"key":"SMITH"},{"data":"Carnage","floor":12,"key":"SMITH"},{"data":"Bash","floor":13,"key":"SMITH"},{"floor":15,"key":"REST"},{"floor":23,"key":"REST"},{"floor":29,"key":"REST"},{"floor":32,"key":"REST"}],"circlet_count":0,"master_deck":["AscendersBane","Strike_R","Strike_R","Strike_R","Strike_R","Defend_R","Defend_R","Defend_R","Defend_R","Bash+1","Thunderclap","Rampage","Shrug It Off","Armaments+1","Double Tap+1","Disarm","Carnage+1","Immolate","Battle Trance","Metallicize","Wild Strike+1","Clothesline","Carnage+1","Flame Barrier"],"relics":["Burning Blood","NeowsBlessing","StoneCalendar","WingedGreaves","Golden Idol","Bird Faced Urn","Snecko Eye","Darkstone Periapt","Champion Belt"],"acts_visited":["Exordium","TheCity"],"potions_floor_usage":[20,24,25,28,33,33],"damage_taken":[{"damage":0.0,"enemies":"Cultist","floor":1.0,"turns":1.0},{"damage":0.0,"enemies":"Jaw Worm","floor":3.0,"turns":1.0},{"damage":0.0,"enemies":"2 Louse","floor":4.0,"turns":1.0},{"damage":54.0,"enemies":"3 Sentries","floor":6.0,"turns":11.0},{"damage":4.0,"enemies":"Large Slime","floor":8.0,"turns":5.0},{"damage":7,"enemies":"Lagavulin","floor":11,"turns":7},{"damage":34,"enemies":"Slime Boss","floor":16,"turns":7},{"damage":8,"enemies":"Shell Parasite","floor":18,"turns":2},{"damage":32,"enemies":"Chosen","floor":19,"turns":6},{"damage":8,"enemies":"Shelled Parasite and Fungi","floor":20,"turns":4},{"damage":10,"enemies":"3 Cultists","floor":22,"turns":4},{"damage":9,"enemies":"Sentry and Sphere","floor":24,"turns":4},{"damage":23,"enemies":"Gremlin Leader","floor":25,"turns":5},{"damage":4,"enemies":"Snecko","floor":27,"turns":3},{"damage":12,"enemies":"Snake Plant","floor":28,"turns":2},{"damage":22,"enemies":"Sentry and Sphere","floor":31,"turns":5},{"damage":80,"enemies":"Champ","floor":33,"turns":12}],"seed_played":"-6852178431580976147","potions_obtained":[{"floor":11,"key":"ElixirPotion"},{"floor":16,"key":"LiquidMemories"},{"floor":19,"key":"DistilledChaos"},{"floor":22,"key":"LiquidMemories"},{"floor":25,"key":"SneckoOil"},{"floor":27,"key":"GamblersBrew"},{"floor":28,"key":"BloodPotion"}],"is_trial":false,"path_per_floor":["M","$","M","M","?","E","R","M","T","?","E","R","R","?","R","B",null,"M","M","M","?","M","R","M","E","T","M","M","R","?","M","R","B"],"character_chosen":"IRONCLAD","items_purchased":["Rampage"],"campfire_rested":4,"item_purchase_floors":[2],"current_hp_per_floor":[74,74,75,75,75,27,27,29,29,29,28,28,28,17,37,9,53,51,25,23,23,21,41,40,25,25,29,23,43,43,29,49,0,0],"gold":580,"neow_bonus":"THREE_ENEMY_KILL","is_daily":false,"chose_seed":false,"campfire_upgraded":3,"win_rate":0.0,"timestamp":1614007638,"path_taken":["M","$","?","M","?","E","R","?","T","?","E","R","R","?","R","BOSS","M","M","M","?","M","R","?","E","T","M","?","R","?","M","R","BOSS"],"items_purchased_type":["Card"],"build_version":"2020-12-22","purchased_purges":1,"victory":false,"max_hp_per_floor":[75,75,75,75,75,75,75,75,75,68,68,68,68,68,68,68,68,68,68,68,68,68,68,68,68,68,68,68,68,68,68,68,68,68],"relic_stats":{"Darkstone Periapt":0,"counters":[17,80],"Golden Idol":66,"Bird Faced Urn":[12],"Snecko Eye":[92,81,79,79],"StoneCalendar":[124],"Champion Belt":[12],"obtain_stats":[{"Darkstone Periapt":25,"NeowsBlessing":0,"Golden Idol":10,"Bird Faced Urn":11,"Snecko Eye":17,"StoneCalendar":6,"WingedGreaves":9,"Champion Belt":26,"Burning Blood":0},{"Darkstone Periapt":13,"NeowsBlessing":0,"Golden Idol":5,"Bird Faced Urn":6,"Snecko Eye":7,"StoneCalendar":4,"WingedGreaves":5,"Champion Belt":13,"Burning Blood":0},{"Darkstone Periapt":58,"NeowsBlessing":0,"Golden Idol":19,"Bird Faced Urn":26,"Snecko Eye":33,"StoneCalendar":14,"WingedGreaves":19,"Champion Belt":58,"Burning Blood":0}],"Burning Blood":85},"card_choices":[{"not_picked":["Warcry","Twin Strike"],"picked":"Thunderclap","floor":1.0},{"not_picked":["Heavy Blade","Clothesline"],"picked":"Shrug It Off","floor":3.0},{"not_picked":["Second Wind","Warcry"],"picked":"Armaments","floor":4.0},{"not_picked":["Searing Blow","Bloodletting"],"picked":"Double Tap","floor":6.0},{"not_picked":["Iron Wave","Searing Blow"],"picked":"Disarm","floor":8.0},{"not_picked":["Thunderclap","Shockwave"],"picked":"Carnage","floor":11},{"not_picked":["Fiend Fire","Berserk"],"picked":"Immolate","floor":16},{"not_picked":["Dropkick","Pommel Strike","Iron Wave"],"picked":"SKIP","floor":18},{"not_picked":["Cleave+1","Heavy Blade+1"],"picked":"Battle Trance","floor":19},{"not_picked":["Pommel Strike","Thunderclap"],"picked":"Metallicize","floor":20},{"not_picked":["Twin Strike","Armaments"],"picked":"Wild Strike+1","floor":22},{"not_picked":["Sword Boomerang","Pummel+1"],"picked":"Clothesline","floor":24},{"not_picked":["Bloodletting","Infernal Blade","Wild Strike"],"picked":"SKIP","floor":25},{"not_picked":["Pommel Strike","Power Through+1"],"picked":"Carnage+1","floor":27},{"not_picked":["Clothesline","Anger+1"],"picked":"Flame Barrier","floor":28},{"not_picked":["Pommel Strike","Iron Wave","Evolve"],"picked":"SKIP","floor":31}],"player_experience":2611184,"relics_obtained":[{"floor":6.0,"key":"StoneCalendar"},{"floor":9.0,"key":"WingedGreaves"},{"floor":11,"key":"Bird Faced Urn"},{"floor":25,"key":"Darkstone Periapt"},{"floor":26,"key":"Champion Belt"}],"event_choices":[{"damage_healed":0.0,"max_hp_gain":0.0,"max_hp_loss":0.0,"gold_gain":100.0,"event_name":"Wheel of Change","player_choice":"Gold","floor":5.0,"gold_loss":0.0,"damage_taken":0.0},{"damage_healed":0.0,"max_hp_gain":0.0,"max_hp_loss":7.0,"gold_gain":0.0,"event_name":"Golden Idol","player_choice":"Lose Max HP","floor":10.0,"gold_loss":0.0,"damage_taken":0.0,"relics_obtained":["Golden Idol"]},{"damage_healed":0,"gold_gain":75,"player_choice":"Gather Gold","damage_taken":11,"max_hp_gain":0,"max_hp_loss":0,"event_name":"World of Goop","floor":14,"gold_loss":0},{"damage_healed":0,"gold_gain":0,"player_choice":"Forge","damage_taken":0,"max_hp_gain":0,"max_hp_loss":0,"event_name":"Accursed Blacksmith","floor":21,"gold_loss":0,"cards_upgraded":["Double Tap"]},{"damage_healed":0,"gold_gain":0,"player_choice":"Ignored","damage_taken":0,"max_hp_gain":0,"max_hp_loss":0,"event_name":"Ghosts","floor":30,"gold_loss":0}],"is_beta":false,"boss_relics":[{"not_picked":["Runic Dome","Ectoplasm"],"picked":"Snecko Eye"}],"items_purged_floors":[2],"is_endless":false,"potions_floor_spawned":[11,16,19,22,25,27,28],"killed_by":"Champ","ascension_level":20}}