{"host":"tnuwi4l1p9i8nc6x","time":1614010216,"event":{"mods":["Act Like it!","BaseMod","Better Third Choice","BetterRewards","Colored Map","Colored Powertips","Defuse TimeMaze Blight","Downfall","Friendly Minions","Hermit","Hubris","Infinite Spire","Jorbs\u0027s Wanderer Trilogy","Marisa????????","Minty Spire (QoL Compilation)","Permanent Neow","Rare Cards Sparkle","Remilia??????","Replay The Spire","Shop Mod","StSLib","The Bug Knight","The Construct","The Cursed","The Disciple","The Hierophant","The Jungle","The Necromancer","The Poker Player","The Runesmith","The Senshi","The Servant 0.9.4"],"gold_per_floor":[117,117,128,128,128,155,170,170,197,214,214,228,49,59,59,159,159,178,178,178,178,178,213,213,225,250,250,285,285,207,218,218,313,313,325,325,46,46,46,46,78,78,78,78,96,109,125,151,151,254,254,256,256,531,533,537,511,511],"floor_reached":57,"language":"ENG","playtime":3234,"items_purged":["Strike_G"],"score":727,"play_id":"bb389b28-457f-451c-9613-bc154db7e25f","local_time":"20210222111016","is_ascension_mode":false,"campfire_choices":[{"floor":8,"key":"REST"},{"data":"Cloak And Dagger","floor":15,"key":"SMITH"},{"data":"hubris:Sniper","floor":24,"key":"SMITH"},{"data":"Accuracy","floor":32,"key":"SMITH"},{"floor":40,"key":"REST"},{"floor":44,"key":"REST"},{"floor":49,"key":"REST"}],"circlet_count":0,"master_deck":["Strike_G","Strike_G","Strike_G","Strike_G","Defend_G","Defend_G","Defend_G","Defend_G","Survivor","Neutralize","Infinite Blades+1","Dodge and Roll","Backflip","hubris:Sniper+1","Dagger Throw","ReplayTheSpireMod:Speed Training","Cloak And Dagger+1","Storm of Steel+1","Dagger Throw","infinitespire:Punishment","Flying Knee+1","Cloak And Dagger+1","Acrobatics+1","Dagger Spray+1","Hidden Blade","Accuracy+1","Footwork","Accuracy+1","Envenom","Infinite Blades+1","Accuracy+1","hubris:SlightOfHand+1","hubris:Fate","Hidden Blade","Blade Dance","Choke+1","Blade Dance+1","Replay:Bag of Tricks","All Out Attack","Apotheosis+1","Flying Knee","Bane"],"relics":["Ring of the Snake","AntiCross","hubris:SlimyHat","hubris:ToyBattleship","Membership Card","ChewingGum","hubris:Towel","Smiling Mask","Blood Vial","Kunai","MealTicket","Orrery","hubris:Backtick","Quantum Egg","DollysMirror","ReplayTheSpireMod:Ninjato","Ring of Fangs","Black Star","Bag of Marbles","War Paint","hubris:Icosahedron","Omamori","Replay:Baseball","Regal Pillow","construct:WeddingRing"],"acts_visited":["Exordium","TheCity","TheBeyond","Exordium"],"potions_floor_usage":[6,23,28,33,33,33,33,35,46,50],"damage_taken":[{"damage":0,"enemies":"2 Louse","floor":1,"turns":2},{"damage":1,"enemies":"Cultist","floor":3,"turns":4},{"damage":26,"enemies":"Lagavulin","floor":6,"turns":5},{"damage":6,"enemies":"Small Slimes","floor":7,"turns":3},{"damage":5,"enemies":"Blue Slaver","floor":10,"turns":4},{"damage":2,"enemies":"Exordium Thugs","floor":12,"turns":4},{"damage":1,"enemies":"2 Fungi Beasts","floor":14,"turns":2},{"damage":20,"enemies":"The Guardian","floor":16,"turns":7},{"damage":23,"enemies":"2 Thieves","floor":18,"turns":5},{"damage":3,"enemies":"Gremlin Leader","floor":23,"turns":4},{"damage":0,"enemies":"Spheric Guardian","floor":25,"turns":1},{"damage":4,"enemies":"Book of Stabbing","floor":28,"turns":3},{"damage":9,"enemies":"Chosen and Byrds","floor":31,"turns":3},{"damage":16,"enemies":"Champ","floor":33,"turns":4},{"damage":40,"enemies":"3 Darklings","floor":35,"turns":4},{"damage":34,"enemies":"Nightmare","floor":41,"turns":5},{"damage":0,"enemies":"3 Shapes","floor":45,"turns":3},{"damage":11,"enemies":"Writhing Mass","floor":46,"turns":3},{"damage":7,"enemies":"Spire Growth","floor":47,"turns":3},{"damage":9,"enemies":"Reptomancer","floor":48,"turns":3},{"damage":14,"enemies":"Replay:Hell Engine","floor":50,"turns":4},{"damage":0,"enemies":"Cultist","floor":52,"turns":1},{"damage":0,"enemies":"Small Slimes","floor":55,"turns":1},{"damage":6,"enemies":"2 Louse","floor":56,"turns":2},{"damage":66,"enemies":"Nightmare","floor":57,"turns":3}],"seed_played":"2973247099374367304","potions_obtained":[{"floor":0,"key":"SmokeBomb"},{"floor":0,"key":"bronze:BurnAndBuffPotion"},{"floor":0,"key":"SneckoOil"},{"floor":2,"key":"FearPotion"},{"floor":2,"key":"Cursed Concoction"},{"floor":3,"key":"Venom Potion"},{"floor":16,"key":"Dexterity Potion"},{"floor":18,"key":"EntropicBrew"},{"floor":23,"key":"PowerPotion"},{"floor":31,"key":"EssenceOfSteel"},{"floor":41,"key":"LifebloodPotion"},{"floor":45,"key":"Energy Potion"},{"floor":47,"key":"Swift Potion"}],"is_trial":false,"path_per_floor":["M","?","M","?","T","E","M","R","T","M","?","M","$","M","R","B",null,"M","?","?","?","?","E","R","M","T","T","E","?","$","M","R_BF","B",null,"M","?","$","?","AVR","R","NM","?","T","R","M","M","M","E","R","B",null,"M","?","?","M","M","NM"],"character_chosen":"THE_SILENT","items_purchased":["Membership Card","ReplayTheSpireMod:Speed Training","Orrery","DollysMirror","ReplayTheSpireMod:Ninjato","Accuracy+1"],"campfire_rested":4,"item_purchase_floors":[13,13,30,37,37,37],"current_hp_per_floor":[70,70,69,69,69,43,37,58,58,53,53,51,51,50,50,30,70,47,47,47,30,53,50,50,50,50,50,48,48,63,56,56,42,70,30,30,45,45,45,66,34,34,34,55,57,48,58,51,70,56,70,70,70,70,70,64,0,0],"gold":511,"neow_bonus":"THREE_SMALL_POTIONS","is_daily":false,"chose_seed":false,"campfire_upgraded":3,"win_rate":0.0,"timestamp":1614010216,"path_taken":["M","?","?","?","?","E","M","R","T","?","?","?","$","M","R","BOSS","M","?","?","?","?","E","R","?","T","?","E","?","$","M","R_BF","BOSS","M","?","$","?","AVR","R","NM","?","T","R","M","M","M","E","R","BOSS","M","?","?","?","M","NM"],"items_purchased_type":["Relic","Card","Relic","Relic","Relic","Card"],"build_version":"2020-12-22","purchased_purges":1,"victory":false,"max_hp_per_floor":[70,70,70,70,70,70,70,70,70,70,70,70,70,70,70,70,70,70,70,70,70,70,70,70,70,70,70,70,70,70,70,70,70,70,70,70,70,70,70,70,70,70,70,70,70,70,70,70,70,70,70,70,70,70,70,70,70,70],"card_choices":[{"not_picked":["Hidden Blade","Replay:Poison Smokescreen"],"picked":"Noxious Fumes","floor":1},{"not_picked":["Sucker Punch","Underhanded Strike","Quick Slash"],"picked":"SKIP","floor":3},{"not_picked":["hubris:Counter","PiercingWail"],"picked":"Dodge and Roll","floor":6},{"not_picked":["Outmaneuver","hubris:SlightOfHand"],"picked":"Backflip","floor":7},{"not_picked":["Deflect","hubris:SlightOfHand"],"picked":"hubris:Sniper","floor":10},{"not_picked":["Reflex","Outmaneuver"],"picked":"Dagger Throw","floor":12},{"not_picked":["Tactician","Heel Hook"],"picked":"Cloak And Dagger","floor":14},{"not_picked":["Night Terror","Doppelganger"],"picked":"Storm of Steel","floor":16},{"not_picked":["Slice","Skewer"],"picked":"Dagger Throw","floor":18},{"not_picked":["infinitespire:SevenWalls","infinitespire:TheBestDefense"],"picked":"infinitespire:Punishment","floor":21},{"not_picked":["Outmaneuver","Toxin Wave","Deflect"],"picked":"SKIP","floor":23},{"not_picked":["Draining Mist","Escape Plan"],"picked":"Flying Knee+1","floor":25},{"not_picked":["PiercingWail","ReplayTheSpireMod:The Works"],"picked":"Cloak And Dagger","floor":28},{"not_picked":["Flying Knee","Die Die Die"],"picked":"Acrobatics+1","floor":30},{"not_picked":["ReplayTheSpireMod:Tripwire","Outmaneuver"],"picked":"Dagger Spray+1","floor":30},{"not_picked":["Predator","All Out Attack"],"picked":"Hidden Blade","floor":30},{"not_picked":["Bouncing Flask","Dodge and Roll"],"picked":"Accuracy","floor":30},{"not_picked":["Prepared","Dodge and Roll+1"],"picked":"Footwork","floor":30},{"not_picked":["hubris:SlightOfHand+1","Hidden Blade"],"picked":"Accuracy+1","floor":31},{"not_picked":["Adrenaline","Die Die Die"],"picked":"Envenom","floor":33},{"not_picked":["hubris:TrickCloak","Eviscerate+1","Slice+1"],"picked":"SKIP","floor":35},{"not_picked":["Underhanded Strike","hubris:Counter"],"picked":"hubris:SlightOfHand+1","floor":41},{"not_picked":["infinitespire:Menacing","infinitespire:FinalStrike"],"picked":"hubris:Fate","floor":41},{"not_picked":["Poisoned Stab","Quick Slash"],"picked":"Hidden Blade","floor":45},{"not_picked":["Heel Hook","hubris:Sniper"],"picked":"Blade Dance","floor":46},{"not_picked":["Deflect+1","Catalyst"],"picked":"Choke+1","floor":47},{"not_picked":["Quick Slash","Glass Knife"],"picked":"Blade Dance+1","floor":48},{"not_picked":["Doppelganger","Atom Bomb"],"picked":"Replay:Bag of Tricks","floor":50},{"not_picked":["Masterful Stab","Predator"],"picked":"All Out Attack","floor":52},{"not_picked":["Fluid Movement","Backstab"],"picked":"Flying Knee","floor":55},{"not_picked":["Hidden Blade","Flying Knee"],"picked":"Bane","floor":56}],"player_experience":734146,"relics_obtained":[{"floor":5,"key":"AntiCross"},{"floor":6,"key":"hubris:SlimyHat"},{"floor":9,"key":"hubris:ToyBattleship"},{"floor":23,"key":"Smiling Mask"},{"floor":26,"key":"Blood Vial"},{"floor":27,"key":"Kunai"},{"floor":28,"key":"MealTicket"},{"floor":41,"key":"Bag of Marbles"},{"floor":41,"key":"War Paint"},{"floor":43,"key":"Omamori"},{"floor":48,"key":"Replay:Baseball"},{"floor":48,"key":"Regal Pillow"}],"event_choices":[{"damage_healed":0,"gold_gain":0,"player_choice":"Got Potions","damage_taken":0,"max_hp_gain":0,"max_hp_loss":0,"event_name":"Lab","floor":2,"gold_loss":0},{"cards_removed":["Defend_G"],"damage_healed":0,"gold_gain":0,"player_choice":"Offered Basic","damage_taken":0,"max_hp_gain":0,"max_hp_loss":0,"event_name":"Bonfire Elementals","floor":11,"gold_loss":0},{"damage_healed":23,"gold_gain":0,"player_choice":"Heal","damage_taken":0,"max_hp_gain":0,"max_hp_loss":0,"event_name":"The Library","floor":22,"gold_loss":0},{"damage_healed":0,"gold_gain":0,"player_choice":"Ignored","damage_taken":0,"max_hp_gain":0,"max_hp_loss":0,"event_name":"Tomb of Lord Red Mask","floor":36,"gold_loss":0},{"damage_healed":70,"gold_gain":0,"player_choice":"Embrace","damage_taken":0,"max_hp_gain":0,"max_hp_loss":70,"event_name":"betterThird:BetterShining","floor":53,"gold_loss":0},{"damage_healed":0,"gold_gain":275,"player_choice":"Desecrate","damage_taken":0,"max_hp_gain":0,"max_hp_loss":0,"event_name":"Golden Shrine","floor":54,"gold_loss":0,"cards_obtained":["Regret"]}],"is_beta":false,"boss_relics":[{"not_picked":["Honey Jar","Coffee Dripper"],"picked":"ChewingGum"},{"not_picked":["hubris:HollowSoul","hubris:GrandSneckoEye"],"picked":"hubris:Backtick"},{"not_picked":["HoveringKite","hubris:VirtuousBlindfold"],"picked":"construct:WeddingRing"}],"items_purged_floors":[37],"is_endless":true,"potions_floor_spawned":[3,16,18,23,31,41,45,47],"killed_by":"Nightmare","ascension_level":0}}