{"host":"aqym1xxr3lb31d9m","time":1614013799,"event":{"mods":["BaseMod","Block Reminder","Colored Map","Colored Powertips","DeckTracker","Highlight Path","Minty Spire (QoL Compilation)","Quick Restart","Random Character Button","StSLib","SuperFastMode","UnlockEverythingMod"],"gold_per_floor":[111,111,129,144,156,156,166,193,193,193,88,119,138,138,138,210,210,227,277,277,277,291,319,339,339,339,352,366,173,173,201,201,272,272,285,19,19,0,999,1026,1026,1036,1061,1093,1123,399,433,161,161,161,161,161,161,31,61,61],"floor_reached":57,"language":"JPN","playtime":6093,"items_purged":["Normality","Normality"],"score":3351,"play_id":"dedbc998-3205-4e4f-b49c-d30303432333","local_time":"20210223020959","is_ascension_mode":true,"campfire_choices":[{"data":"Streamline","floor":6.0,"key":"SMITH"},{"floor":15.0,"key":"REST"},{"data":"Coolheaded","floor":25.0,"key":"SMITH"},{"data":"Hologram","floor":30.0,"key":"SMITH"},{"data":"Biased Cognition","floor":32.0,"key":"SMITH"},{"data":"Chill","floor":41.0,"key":"SMITH"},{"floor":49,"key":"RECALL"},{"data":"White Noise","floor":53,"key":"SMITH"}],"circlet_count":0,"master_deck":["AscendersBane","Strike_B","Strike_B","Strike_B","Defend_B","Defend_B","Defend_B","Defend_B","Zap","Dualcast","Streamline+1","Sweeping Beam","Darkness+1","White Noise+1","FTL","Chill+1","Seek+1","Rebound","Hologram+1","Reinforced Body","Core Surge","Biased Cognition+1","Coolheaded+1","Ghostly","Ghostly","Ghostly","Go for the Eyes","Electrodynamics","Go for the Eyes+1","Core Surge","Undo","Steam Power","Coolheaded","Echo Form","CurseOfTheBell","Defragment","Echo Form","Cold Snap","Reinforced Body+1","Conserve Battery","Cold Snap","Seek","Consume"],"relics":["Cracked Core","Lizard Tail","Darkstone Periapt","Incense Burner","The Courier","Inserter","Torii","Cables","Frozen Eye","Bottled Lightning","Calling Bell","Vajra","Pear","Ginger","Calipers","Red Mask","Akabeko","MawBank","TungstenRod","Pantograph","Bottled Tornado","Lantern","DataDisk","Unceasing Top"],"acts_visited":["Exordium","TheCity","TheBeyond","TheEnding"],"potions_floor_usage":[56,56],"damage_taken":[{"damage":5.0,"enemies":"Small Slimes","floor":1.0,"turns":3.0},{"damage":1.0,"enemies":"Cultist","floor":3.0,"turns":3.0},{"damage":1.0,"enemies":"2 Louse","floor":4.0,"turns":3.0},{"damage":19.0,"enemies":"Exordium Wildlife","floor":5.0,"turns":4.0},{"damage":7.0,"enemies":"Looter","floor":7.0,"turns":3.0},{"damage":30.0,"enemies":"Lagavulin","floor":8.0,"turns":6.0},{"damage":6.0,"enemies":"Gremlin Nob","floor":12.0,"turns":3.0},{"damage":21.0,"enemies":"Gremlin Gang","floor":13.0,"turns":6.0},{"damage":0.0,"enemies":"Slime Boss","floor":16.0,"turns":6.0},{"damage":28.0,"enemies":"Shell Parasite","floor":18.0,"turns":9.0},{"damage":0.0,"enemies":"Spheric Guardian","floor":22.0,"turns":16.0},{"damage":0.0,"enemies":"Slavers","floor":23.0,"turns":7.0},{"damage":0.0,"enemies":"Centurion and Healer","floor":24.0,"turns":11.0},{"damage":0.0,"enemies":"Cultist and Chosen","floor":27.0,"turns":6.0},{"damage":2.0,"enemies":"Snecko","floor":28.0,"turns":5.0},{"damage":8.0,"enemies":"Book of Stabbing","floor":31.0,"turns":7.0},{"damage":9.0,"enemies":"Collector","floor":33.0,"turns":8.0},{"damage":0.0,"enemies":"3 Darklings","floor":35.0,"turns":10.0},{"damage":12.0,"enemies":"Reptomancer","floor":40.0,"turns":8.0},{"damage":1.0,"enemies":"Orb Walker","floor":42.0,"turns":4.0},{"damage":2.0,"enemies":"Nemesis","floor":44.0,"turns":13.0},{"damage":0.0,"enemies":"4 Shapes","floor":45.0,"turns":18.0},{"damage":0,"enemies":"Reptomancer","floor":47,"turns":8},{"damage":0,"enemies":"Donu and Deca","floor":50,"turns":33},{"damage":0,"enemies":"Awakened One","floor":51,"turns":30},{"damage":0,"enemies":"Shield and Spear","floor":55,"turns":9},{"damage":5,"enemies":"The Heart","floor":56,"turns":12}],"seed_played":"8615652264403286939","potions_obtained":[{"floor":3.0,"key":"FearPotion"},{"floor":8.0,"key":"ColorlessPotion"},{"floor":12.0,"key":"Fire Potion"},{"floor":13.0,"key":"FearPotion"},{"floor":22.0,"key":"Swift Potion"},{"floor":24.0,"key":"Swift Potion"},{"floor":27.0,"key":"Regen Potion"},{"floor":28.0,"key":"Swift Potion"},{"floor":33.0,"key":"EssenceOfSteel"},{"floor":40.0,"key":"Dexterity Potion"},{"floor":44.0,"key":"BlessingOfTheForge"},{"floor":47,"key":"PowerPotion"}],"is_trial":false,"path_per_floor":["M","?","M","M","M","R","M","E","T","?","$","E","M","?","R","B",null,"M","?","?","?","M","E","M","R","T","M","M","$","R","E","R","B",null,"M","$","?","?","?","E","R","M","T","E","M","$","E","$","R","B","B",null,"R","$","E","B",null],"character_chosen":"DEFECT","items_purchased":["Hologram","DistilledChaos","Frozen Eye","Steam Power","Calipers","TungstenRod","Pantograph","Bottled Tornado","Cold Snap","DataDisk","Seek","Consume","LiquidMemories"],"campfire_rested":1,"item_purchase_floors":[11,11,29,29,36,46,46,46,46,48,48,54,54],"current_hp_per_floor":[41,41,40,39,20,20,13,35,35,35,35,29,8,8,29,29,61,33,33,33,33,33,33,33,33,33,33,31,31,31,23,23,29,50,50,50,48,48,60,48,48,47,47,45,45,45,45,45,45,60,60,60,60,60,60,55],"gold":61,"neow_bonus":"ONE_RARE_RELIC","is_daily":false,"chose_seed":false,"campfire_upgraded":6,"win_rate":0.0,"timestamp":1614013799,"path_taken":["M","?","M","M","?","R","M","E","T","?","$","E","?","?","R","BOSS","M","?","?","?","?","E","M","R","T","M","?","$","R","E","R","BOSS","M","$","?","?","?","E","R","?","T","E","M","$","E","?","R","BOSS","BOSS","R","$","E","BOSS"],"items_purchased_type":["Card","Potion","Relic","Card","Relic","Relic","Relic","Relic","Card","Relic","Card","Card","Potion"],"build_version":"2020-12-22","purchased_purges":2,"victory":true,"max_hp_per_floor":[71,71,71,71,71,71,71,71,71,71,71,71,71,71,71,71,71,71,71,35,35,35,35,35,35,35,35,35,35,35,35,35,35,51,51,51,48,48,60,60,60,60,60,60,60,60,60,60,60,60,60,60,60,60,60,60],"card_choices":[{"not_picked":["Barrage","Undo"],"picked":"Streamline","floor":1.0},{"not_picked":["Scrape","Stack"],"picked":"Sweeping Beam","floor":3.0},{"not_picked":["Scrape","Cold Snap"],"picked":"Darkness","floor":4.0},{"not_picked":["Beam Cell","Leap"],"picked":"White Noise","floor":5.0},{"not_picked":["Hologram","Conserve Battery"],"picked":"FTL","floor":7.0},{"not_picked":["Barrage","Stack"],"picked":"Chill","floor":8.0},{"not_picked":["Rip and Tear","Genetic Algorithm"],"picked":"Reinforced Body","floor":12.0},{"not_picked":["Redo","Barrage"],"picked":"Core Surge","floor":13.0},{"not_picked":["Machine Learning","All For One"],"picked":"Biased Cognition","floor":16.0},{"not_picked":["Fusion","Conserve Battery"],"picked":"Coolheaded","floor":18.0},{"not_picked":["Streamline","Rip and Tear"],"picked":"Go for the Eyes","floor":22.0},{"not_picked":["Double Energy+1","Rebound"],"picked":"Electrodynamics","floor":23.0},{"not_picked":["Ball Lightning","Sweeping Beam"],"picked":"Go for the Eyes+1","floor":24.0},{"not_picked":["Gash","Melter"],"picked":"Core Surge","floor":27.0},{"not_picked":["Sweeping Beam","Stack"],"picked":"Undo","floor":28.0},{"not_picked":["Steam Power","Sunder"],"picked":"Coolheaded","floor":31.0},{"not_picked":["Buffer","Core Surge"],"picked":"Echo Form","floor":33.0},{"not_picked":["Aggregate","Beam Cell"],"picked":"Defragment","floor":35.0},{"not_picked":["Streamline","Darkness+1"],"picked":"Echo Form","floor":40.0},{"not_picked":["Conserve Battery","Streamline"],"picked":"Cold Snap","floor":42.0},{"not_picked":["Redo","Conserve Battery"],"picked":"Reinforced Body+1","floor":44.0},{"not_picked":["Hello World","Melter"],"picked":"Conserve Battery","floor":45.0},{"not_picked":["Gash","Reprogram+1","Darkness"],"picked":"SKIP","floor":47},{"not_picked":["Redo","Leap","Self Repair"],"picked":"SKIP","floor":55}],"player_experience":4223785,"relics_obtained":[{"floor":8.0,"key":"Darkstone Periapt"},{"floor":9.0,"key":"Incense Burner"},{"floor":12.0,"key":"The Courier"},{"floor":23.0,"key":"Torii"},{"floor":26.0,"key":"Cables"},{"floor":31.0,"key":"Bottled Lightning"},{"floor":34.0,"key":"Vajra"},{"floor":34.0,"key":"Pear"},{"floor":34.0,"key":"Ginger"},{"floor":40.0,"key":"Akabeko"},{"floor":44.0,"key":"MawBank"},{"floor":47,"key":"Lantern"},{"floor":55,"key":"Unceasing Top"}],"event_choices":[{"cards_removed":["Strike_B"],"damage_healed":0.0,"max_hp_gain":0.0,"max_hp_loss":0.0,"gold_gain":0.0,"event_name":"Bonfire Elementals","player_choice":"Offered Basic","floor":2.0,"gold_loss":0.0,"damage_taken":0.0},{"damage_healed":0.0,"max_hp_gain":0.0,"max_hp_loss":0.0,"gold_gain":0.0,"event_name":"Match and Keep!","player_choice":"2 cards matched","floor":10.0,"gold_loss":0.0,"damage_taken":0.0,"cards_obtained":["Seek","Rebound"]},{"damage_healed":0.0,"max_hp_gain":0.0,"max_hp_loss":0.0,"gold_gain":0.0,"event_name":"Living Wall","player_choice":"Grow","floor":14.0,"gold_loss":0.0,"damage_taken":0.0,"cards_upgraded":["Darkness"]},{"damage_healed":0.0,"max_hp_gain":0.0,"max_hp_loss":0.0,"gold_gain":50.0,"event_name":"Nest","player_choice":"Stole From Cult","floor":19.0,"gold_loss":0.0,"damage_taken":0.0},{"damage_healed":0.0,"max_hp_gain":0.0,"max_hp_loss":36.0,"gold_gain":0.0,"event_name":"Ghosts","player_choice":"Became a Ghost","floor":20.0,"gold_loss":0.0,"damage_taken":0.0,"cards_obtained":["Ghostly","Ghostly","Ghostly"]},{"damage_healed":0.0,"max_hp_gain":0.0,"max_hp_loss":0.0,"gold_gain":0.0,"event_name":"Upgrade Shrine","player_choice":"Upgraded","floor":21.0,"gold_loss":0.0,"damage_taken":0.0,"cards_upgraded":["Seek"]},{"damage_healed":0.0,"max_hp_gain":0.0,"max_hp_loss":3.0,"gold_gain":0.0,"event_name":"Winding Halls","player_choice":"Max HP","floor":37.0,"gold_loss":0.0,"damage_taken":0.0},{"damage_healed":0.0,"max_hp_gain":0.0,"max_hp_loss":0.0,"gold_gain":0.0,"event_name":"Tomb of Lord Red Mask","player_choice":"Paid","floor":38.0,"gold_loss":19.0,"damage_taken":0.0,"relics_obtained":["Red Mask"]},{"damage_healed":0.0,"max_hp_gain":0.0,"max_hp_loss":0.0,"gold_gain":999.0,"event_name":"MindBloom","player_choice":"Gold","floor":39.0,"gold_loss":0.0,"damage_taken":0.0,"cards_obtained":["Normality","Normality"]}],"is_beta":false,"boss_relics":[{"not_picked":["Runic Dome","Tiny House"],"picked":"Inserter"},{"not_picked":["Snecko Eye","SacredBark"],"picked":"Calling Bell"}],"items_purged_floors":[46,48],"is_endless":false,"potions_floor_spawned":[3,8,12,13,22,24,27,28,33,40,44,47,55],"ascension_level":20}}