{"host":"yhhyog5h1q67ienp","time":1614024992,"event":{"mods":["AchievementEnabler","BaseMod","Block Reminder","Colored Map","Colored Powertips","Minty Spire (QoL Compilation)","Quick Restart","Relic Stats","StSLib","ojb\u0027s Better Paths Mod","ojb\u0027s Info Mod"],"gold_per_floor":[109,119,137,37,37,37,70,70,93,26,101,101,119,163,163,246,246,267,87,96,125,137,171,171,180,180,213,25,25,37,64,64,64,64],"floor_reached":33,"language":"ENG","playtime":3037,"items_purged":["Strike_R","Strike_R"],"score":721,"play_id":"f1866155-6da4-4744-9985-a481902eeca6","local_time":"20210222171632","is_ascension_mode":true,"campfire_choices":[{"data":"Pommel Strike","floor":6,"key":"SMITH"},{"floor":8,"key":"REST"},{"floor":12,"key":"REST"},{"floor":15,"key":"REST"},{"floor":24,"key":"REST"},{"data":"Feel No Pain","floor":32,"key":"SMITH"}],"circlet_count":0,"master_deck":["AscendersBane","Strike_R","Strike_R","Strike_R","Defend_R","Defend_R","Defend_R","Defend_R","Bash","Iron Wave","Sever Soul","Pommel Strike+1","Disarm","Evolve","Double Tap","Feel No Pain+1","Necronomicurse","Shockwave","Shrug It Off"],"relics":["Busted Crown","CultistMask","CeramicFish","Ancient Tea Set","Centennial Puzzle","Snecko Eye","Necronomicon","InkBottle","Blue Candle","Pen Nib","Membership Card","Spirit Poop","Turnip"],"acts_visited":["Exordium","TheCity"],"potions_floor_usage":[7,16,18,22,23,31,33],"damage_taken":[{"damage":3,"enemies":"Small Slimes","floor":1,"turns":4},{"damage":1,"enemies":"Cultist","floor":2,"turns":3},{"damage":8,"enemies":"2 Louse","floor":3,"turns":3},{"damage":25,"enemies":"3 Sentries","floor":7,"turns":8},{"damage":0,"enemies":"2 Fungi Beasts","floor":13,"turns":4},{"damage":27,"enemies":"Gremlin Nob","floor":14,"turns":4},{"damage":0,"enemies":"Slime Boss","floor":16,"turns":5},{"damage":11,"enemies":"Spheric Guardian","floor":18,"turns":3},{"damage":0,"enemies":"3 Byrds","floor":21,"turns":4},{"damage":17,"enemies":"Shelled Parasite and Fungi","floor":22,"turns":4},{"damage":29,"enemies":"Slavers","floor":23,"turns":5},{"damage":4,"enemies":"Book of Stabbing","floor":27,"turns":5},{"damage":2,"enemies":"Snecko","floor":30,"turns":4},{"damage":9,"enemies":"Slavers","floor":31,"turns":4},{"damage":26,"enemies":"Automaton","floor":33,"turns":8}],"seed_played":"-8522478116888390000","potions_obtained":[{"floor":3,"key":"ColorlessPotion"},{"floor":7,"key":"DuplicationPotion"},{"floor":13,"key":"DuplicationPotion"},{"floor":16,"key":"FearPotion"},{"floor":18,"key":"BloodPotion"},{"floor":22,"key":"LiquidBronze"},{"floor":27,"key":"ElixirPotion"},{"floor":31,"key":"Block Potion"}],"is_trial":false,"path_per_floor":["M","M","M","$","?","R","E","R","T","$","?","R","M","E","R","B",null,"M","$","?","M","M","E","R","?","T","E","$","?","M","E","R","B"],"character_chosen":"IRONCLAD","items_purchased":["Pommel Strike","Disarm","Ancient Potion","Membership Card","Explosive Potion"],"campfire_rested":4,"item_purchase_floors":[4,10,19,28,28],"current_hp_per_floor":[65,64,56,56,56,56,31,53,53,53,42,64,64,37,59,59,71,75,75,54,54,37,8,30,30,30,26,26,26,24,15,15,0,0],"gold":64,"neow_bonus":"BOSS_RELIC","is_daily":false,"chose_seed":false,"campfire_upgraded":2,"win_rate":0.0,"timestamp":1614024992,"path_taken":["M","M","M","$","?","R","E","R","T","?","?","R","M","E","R","BOSS","M","$","?","M","M","E","R","?","T","E","$","?","M","E","R","BOSS"],"items_purchased_type":["Card","Card","Potion","Relic","Potion"],"build_version":"2020-12-22","purchased_purges":2,"victory":false,"max_hp_per_floor":[75,75,75,75,75,75,75,75,75,75,75,75,75,75,75,75,75,75,75,75,75,75,75,75,75,75,75,75,75,75,75,75,75,75],"relic_stats":{"Centennial Puzzle":[21],"Busted Crown":28,"counters":[15,68],"CeramicFish":72,"Blue Candle":[18],"Snecko Eye":[68,73,81,71],"Pen Nib":[5],"Turnip":[0],"Necronomicon":[23],"obtain_stats":[{"CeramicFish":7,"Blue Candle":26,"Spirit Poop":29,"Pen Nib":27,"Ancient Tea Set":9,"Burning Blood":0,"Centennial Puzzle":14,"Busted Crown":0,"Snecko Eye":17,"CultistMask":5,"Turnip":31,"Necronomicon":20,"Membership Card":28,"InkBottle":23},{"CeramicFish":4,"Blue Candle":11,"Spirit Poop":12,"Pen Nib":12,"Ancient Tea Set":4,"Burning Blood":0,"Centennial Puzzle":6,"Busted Crown":0,"Snecko Eye":7,"CultistMask":3,"Turnip":14,"Necronomicon":8,"Membership Card":12,"InkBottle":11},{"CeramicFish":18,"Blue Candle":47,"Spirit Poop":52,"Pen Nib":52,"Ancient Tea Set":18,"Burning Blood":0,"Centennial Puzzle":26,"Busted Crown":0,"Snecko Eye":31,"CultistMask":10,"Turnip":60,"Necronomicon":34,"Membership Card":52,"InkBottle":47}],"InkBottle":[12]},"card_choices":[{"not_picked":[],"picked":"Iron Wave","floor":1},{"not_picked":["Sentinel"],"picked":"SKIP","floor":2},{"not_picked":[],"picked":"Sever Soul","floor":3},{"not_picked":["Havoc"],"picked":"SKIP","floor":7},{"not_picked":["Bloodletting"],"picked":"SKIP","floor":13},{"not_picked":[],"picked":"Evolve","floor":14},{"not_picked":[],"picked":"Double Tap","floor":16},{"not_picked":[],"picked":"Feel No Pain","floor":18},{"not_picked":[],"picked":"Shockwave","floor":21},{"not_picked":["Thunderclap"],"picked":"SKIP","floor":22},{"not_picked":[],"picked":"Shrug It Off","floor":23},{"not_picked":["Whirlwind"],"picked":"SKIP","floor":27},{"not_picked":["Intimidate"],"picked":"SKIP","floor":30},{"not_picked":["Intimidate"],"picked":"SKIP","floor":30},{"not_picked":["Flex"],"picked":"SKIP","floor":31}],"player_experience":1522621,"relics_obtained":[{"floor":7,"key":"CeramicFish"},{"floor":9,"key":"Ancient Tea Set"},{"floor":14,"key":"Centennial Puzzle"},{"floor":20,"key":"Necronomicon"},{"floor":23,"key":"InkBottle"},{"floor":26,"key":"Blue Candle"},{"floor":27,"key":"Pen Nib"},{"floor":31,"key":"Turnip"}],"event_choices":[{"damage_healed":0,"gold_gain":0,"player_choice":"Trade","damage_taken":0,"relics_obtained":["CultistMask"],"max_hp_gain":0,"max_hp_loss":0,"event_name":"FaceTrader","floor":5,"gold_loss":0},{"damage_healed":0,"gold_gain":75,"player_choice":"Gather Gold","damage_taken":11,"max_hp_gain":0,"max_hp_loss":0,"event_name":"World of Goop","floor":11,"gold_loss":0},{"damage_healed":0,"gold_gain":0,"player_choice":"Obtained Book","damage_taken":21,"max_hp_gain":0,"max_hp_loss":0,"event_name":"Cursed Tome","floor":20,"gold_loss":0},{"damage_healed":0,"gold_gain":0,"player_choice":"Smashed Altar","damage_taken":0,"max_hp_gain":0,"max_hp_loss":0,"event_name":"Forgotten Altar","floor":25,"gold_loss":0,"cards_obtained":["Decay"]},{"cards_removed":["Decay"],"damage_healed":0,"gold_gain":0,"player_choice":"Offered Curse","damage_taken":0,"relics_obtained":["Spirit Poop"],"max_hp_gain":0,"max_hp_loss":0,"event_name":"Bonfire Elementals","floor":29,"gold_loss":0}],"is_beta":false,"boss_relics":[{"not_picked":["Philosopher\u0027s Stone","Sozu"],"picked":"Snecko Eye"}],"items_purged_floors":[4,19],"is_endless":false,"potions_floor_spawned":[3,7,13,14,16,18,22,27,31],"killed_by":"Automaton","ascension_level":20}}