{"host":"c6m2gd7h1328eiwi","time":1614008157,"event":{"mods":["Act Like it!","Aspiration","BaseMod","Better Skull","BetterRewards","Challenge The Spire","Colored Map","Conspire","Downfall","Elementarium","Energized Spire","GifTheSpireLib","Halation","Hubris","Mimic Mod","Minty Spire (QoL Compilation)","Quick Restart","Reliquary","Replay The Spire","Ruina","Spikes Relics","Spires And Sneckos","StSLib","The Jungle","Wandering Minibosses"],"gold_per_floor":[209,209,219,229,249,249,283,283,322,322,383,399,399,410,410,410,410],"floor_reached":16,"language":"ENG","playtime":737,"items_purged":[],"score":102,"play_id":"edd186d6-6b40-40ab-b881-fe95784d9e73","local_time":"20210222083557","is_ascension_mode":false,"campfire_choices":[{"data":"Cleave","floor":6,"key":"SMITH"},{"data":"Sword Boomerang","floor":13,"key":"SMITH"},{"data":"Clash","floor":15,"key":"SMITH"}],"circlet_count":0,"master_deck":["Strike_R","Strike_R","Strike_R","Strike_R","Strike_R","Defend_R","Defend_R","Defend_R","Defend_R","Bash","Cleave+1","Sword Boomerang+1","Pommel Strike","Pommel Strike","Demon Form","Regret","Run Through","Clash+1"],"relics":["Burning Blood","reliquary:PurpleTingedLeaf","ReplayTheSpireMod:Lightbulb","Meat on the Bone"],"acts_visited":["Exordium"],"potions_floor_usage":[7,9,9,14],"damage_taken":[{"damage":11,"enemies":"Jaw Worm","floor":1,"turns":3},{"damage":6,"enemies":"Cultist","floor":3,"turns":3},{"damage":8,"enemies":"Small Slimes","floor":4,"turns":2},{"damage":14,"enemies":"2 Fungi Beasts","floor":5,"turns":3},{"damage":21,"enemies":"Lagavulin","floor":7,"turns":5},{"damage":0,"enemies":"Large Slime","floor":9,"turns":4},{"damage":12,"enemies":"Large Slime","floor":12,"turns":4},{"damage":14,"enemies":"Exordium Wildlife","floor":14,"turns":4},{"damage":59,"enemies":"The Guardian","floor":16,"turns":7}],"seed_played":"4747378597737644865","potions_obtained":[{"floor":2,"key":"DistilledChaos"},{"floor":2,"key":"Strength Potion"},{"floor":2,"key":"Weak Potion"},{"floor":7,"key":"LifebloodPotion"},{"floor":12,"key":"Elixir"}],"is_trial":false,"path_per_floor":["M","?","M","M","M","R","E","$","MIM","?","?","M","R","M","R","B"],"character_chosen":"IRONCLAD","items_purchased":[],"campfire_rested":0,"item_purchase_floors":[],"current_hp_per_floor":[75,75,75,73,65,65,50,50,57,57,57,53,53,58,58,0,0],"gold":410,"neow_bonus":"HUNDRED_GOLD","is_daily":false,"chose_seed":false,"campfire_upgraded":3,"win_rate":0.0,"timestamp":1614008157,"path_taken":["M","?","?","M","M","R","E","?","MIM","?","?","M","R","?","R","BOSS"],"items_purchased_type":[],"build_version":"2020-12-22","purchased_purges":0,"victory":false,"max_hp_per_floor":[80,80,80,80,80,80,80,80,80,80,80,80,80,80,80,80,80],"card_choices":[{"not_picked":["Twin Strike","Clothesline"],"picked":"Cleave","floor":1},{"not_picked":["True Grit","hubris:SharpeningStone","Warcry"],"picked":"SKIP","floor":3},{"not_picked":["Perfected Strike","Rage"],"picked":"Sword Boomerang","floor":4},{"not_picked":["Absolvement","hubris:CleavingFinish"],"picked":"Pommel Strike","floor":5},{"not_picked":["Replay:Undeath\u0027s Touch","Shrug It Off"],"picked":"Pommel Strike","floor":7},{"not_picked":["True Grit","Heavy Blade"],"picked":"Demon Form","floor":9},{"not_picked":["Replay:Undeath\u0027s Touch","Hemokinesis"],"picked":"Run Through","floor":12},{"not_picked":["ReplayTheSpireMod:Strike From Hell","Defy Death"],"picked":"Clash","floor":14}],"player_experience":14622,"relics_obtained":[{"floor":7,"key":"reliquary:PurpleTingedLeaf"},{"floor":9,"key":"ReplayTheSpireMod:Lightbulb"}],"event_choices":[{"damage_healed":0,"gold_gain":0,"player_choice":"Got Potions","damage_taken":0,"max_hp_gain":0,"max_hp_loss":0,"event_name":"Lab","floor":2,"gold_loss":0},{"damage_healed":0,"gold_gain":0,"player_choice":"Box","damage_taken":0,"relics_obtained":["Meat on the Bone"],"max_hp_gain":0,"max_hp_loss":0,"event_name":"Big Fish","floor":10,"gold_loss":0,"cards_obtained":["Regret"]},{"damage_healed":0,"gold_gain":61,"player_choice":"Gained Gold","damage_taken":0,"max_hp_gain":0,"max_hp_loss":0,"event_name":"Golden Wing","floor":11,"gold_loss":0}],"is_beta":false,"boss_relics":[],"items_purged_floors":[],"is_endless":false,"potions_floor_spawned":[4,7,12],"killed_by":"The Guardian","ascension_level":0}}