{"host":"7wi4qgm5yw4j7oz0","time":1614003107,"event":{"mods":["AchievementEnabler","BaseMod","Block Reminder","Colored Map","Colored Powertips","Highlight Path","Minty Spire (QoL Compilation)","Permanent Neow","Random Character Button","StSLib","SuperFastMode","everything is the same but u backflip on backflip"],"gold_per_floor":[111,125,145,157,171,171,182,182,182,198,217,217,250,250,250,327,327,347,359,376,291,303,303,303,303,303,327,377,377,377,394,394,394,394],"floor_reached":33,"language":"KOR","playtime":1260,"items_purged":[],"score":474,"play_id":"e2fcf176-a16e-40a6-8932-1c80781a28e4","local_time":"20210222231147","is_ascension_mode":true,"campfire_choices":[{"data":"Searing Blow","floor":6,"key":"SMITH"},{"data":"Searing Blow+1","floor":8,"key":"SMITH"},{"data":"Searing Blow+2","floor":12,"key":"SMITH"},{"floor":15,"key":"REST"},{"floor":23,"key":"REST"},{"data":"Searing Blow+4","floor":25,"key":"SMITH"},{"data":"Searing Blow+5","floor":29,"key":"SMITH"},{"floor":32,"key":"REST"}],"circlet_count":0,"master_deck":["AscendersBane","Strike_R","Strike_R","Strike_R","Strike_R","Strike_R","Defend_R","Defend_R+1","Defend_R","Defend_R","Bash+1","Clothesline","Twin Strike","Searing Blow+6","Feel No Pain","Ghostly Armor","Shrug It Off","Carnage+1","Power Through","Perfected Strike+1","Offering","True Grit","Warcry+1","Evolve","Seeing Red"],"relics":["Burning Blood","Molten Egg 2","CaptainsWheel","Runic Cube","Smiling Mask","StrikeDummy","Centennial Puzzle","Nilry\u0027s Codex"],"acts_visited":["Exordium","TheCity"],"potions_floor_usage":[10,13,16,22,24,32],"damage_taken":[{"damage":6,"enemies":"Cultist","floor":1,"turns":3},{"damage":0,"enemies":"Small Slimes","floor":2,"turns":3},{"damage":9,"enemies":"Jaw Worm","floor":3,"turns":3},{"damage":18,"enemies":"Large Slime","floor":4,"turns":6},{"damage":12,"enemies":"2 Fungi Beasts","floor":5,"turns":3},{"damage":6,"enemies":"Blue Slaver","floor":7,"turns":3},{"damage":8,"enemies":"Large Slime","floor":10,"turns":7},{"damage":11,"enemies":"Looter","floor":11,"turns":2},{"damage":7,"enemies":"3 Sentries","floor":13,"turns":9},{"damage":41,"enemies":"The Guardian","floor":16,"turns":12},{"damage":10,"enemies":"Shell Parasite","floor":18,"turns":5},{"damage":2,"enemies":"Chosen","floor":19,"turns":4},{"damage":14,"enemies":"Snake Plant","floor":20,"turns":4},{"damage":32,"enemies":"3 Cultists","floor":22,"turns":6},{"damage":19,"enemies":"Gremlin Leader","floor":24,"turns":5},{"damage":10,"enemies":"Centurion and Healer","floor":31,"turns":7},{"damage":83,"enemies":"Automaton","floor":33,"turns":6}],"seed_played":"8149719537844720677","potions_obtained":[{"floor":2,"key":"SmokeBomb"},{"floor":3,"key":"BlessingOfTheForge"},{"floor":11,"key":"SkillPotion"},{"floor":13,"key":"ColorlessPotion"},{"floor":18,"key":"Swift Potion"},{"floor":31,"key":"BloodPotion"}],"is_trial":false,"path_per_floor":["M","M","M","M","M","R","M","R","T","M","M","R","E","?","R","B",null,"M","M","M","?","M","R","E","R","T","T","?","R","?","M","R","B"],"character_chosen":"IRONCLAD","items_purchased":[],"campfire_rested":3,"item_purchase_floors":[],"current_hp_per_floor":[68,74,71,59,53,53,53,53,53,51,46,46,45,22,44,9,59,55,59,51,51,25,47,34,34,34,34,34,34,13,9,46,0,0],"gold":394,"neow_bonus":"UPGRADE_CARD","is_daily":false,"chose_seed":false,"campfire_upgraded":5,"win_rate":0.0,"timestamp":1614003107,"path_taken":["M","M","M","M","M","R","M","R","T","M","M","R","E","?","R","BOSS","M","M","M","?","M","R","E","R","T","?","?","R","?","M","R","BOSS"],"items_purchased_type":[],"build_version":"2020-12-22","purchased_purges":0,"victory":false,"max_hp_per_floor":[75,75,75,75,75,75,75,75,75,75,75,75,75,75,75,75,75,75,75,75,75,75,75,75,75,75,75,75,75,75,75,75,75,75],"card_choices":[{"not_picked":["Body Slam","Iron Wave"],"picked":"Clothesline","floor":1},{"not_picked":["Flex","Armaments"],"picked":"Twin Strike","floor":2},{"not_picked":["Wild Strike","Perfected Strike"],"picked":"Searing Blow","floor":3},{"not_picked":["Havoc","Pummel"],"picked":"Feel No Pain","floor":4},{"not_picked":["Warcry","Clash"],"picked":"Ghostly Armor","floor":5},{"not_picked":["Entrench","Body Slam"],"picked":"Shrug It Off","floor":7},{"not_picked":["Twin Strike+1","Wild Strike+1"],"picked":"Carnage+1","floor":10},{"not_picked":["Clash+1","Heavy Blade+1"],"picked":"Power Through","floor":11},{"not_picked":["Havoc","Power Through"],"picked":"Perfected Strike+1","floor":13},{"not_picked":["Juggernaut","Immolate+1"],"picked":"Offering","floor":16},{"not_picked":["Twin Strike+1","Perfected Strike+1"],"picked":"True Grit","floor":18},{"not_picked":["True Grit+1","Clash+1"],"picked":"Warcry+1","floor":19},{"not_picked":["Clash+1","Thunderclap+1","Anger+1"],"picked":"SKIP","floor":20},{"not_picked":["Searing Blow+1","Havoc"],"picked":"Evolve","floor":22},{"not_picked":["Rupture","Power Through"],"picked":"Seeing Red","floor":31}],"player_experience":345925,"relics_obtained":[{"floor":9,"key":"Molten Egg 2"},{"floor":13,"key":"CaptainsWheel"},{"floor":26,"key":"StrikeDummy"},{"floor":27,"key":"Centennial Puzzle"},{"floor":30,"key":"Nilry\u0027s Codex"}],"event_choices":[{"damage_healed":0,"gold_gain":0,"player_choice":"Entered Light","damage_taken":23,"max_hp_gain":0,"max_hp_loss":0,"event_name":"Shining Light","floor":14,"gold_loss":0,"cards_upgraded":["Defend_R","Searing Blow"]},{"damage_healed":0,"gold_gain":0,"player_choice":"Obtained Relic","damage_taken":0,"relics_obtained":["Smiling Mask"],"max_hp_gain":0,"max_hp_loss":0,"event_name":"Addict","floor":21,"gold_loss":85},{"damage_healed":0,"gold_gain":50,"player_choice":"Stole From Cult","damage_taken":0,"max_hp_gain":0,"max_hp_loss":0,"event_name":"Nest","floor":28,"gold_loss":0},{"damage_healed":0,"gold_gain":0,"player_choice":"Obtained Book","damage_taken":21,"max_hp_gain":0,"max_hp_loss":0,"event_name":"Cursed Tome","floor":30,"gold_loss":0}],"is_beta":false,"boss_relics":[{"not_picked":["Velvet Choker","SacredBark"],"picked":"Runic Cube"}],"items_purged_floors":[],"is_endless":false,"potions_floor_spawned":[2,3,11,13,18,19,20,31],"killed_by":"Automaton","ascension_level":15}}