{"host":"21daswlctsv3qaxk","time":1614030638,"event":{"mods":["Act Like it!","BaseMod","Downfall","Hallownest","Hermit","Infinite Spire","Minty Spire (QoL Compilation)","Replay The Spire","StSLib","The Animator","The Bug Knight","The Cursed","The Jungle","The Servant 0.9.4"],"gold_per_floor":[118,138,138,138,154,154,198,198,224,257,257,257,270,270,270,270,270],"floor_reached":16,"language":"ENG","playtime":755,"items_purged":[],"score":113,"play_id":"9456096f-931b-4faa-9588-580dccaa2cf4","local_time":"20210222225038","is_ascension_mode":true,"campfire_choices":[{"floor":6,"key":"RECALL"},{"floor":8,"key":"REST"}],"circlet_count":0,"master_deck":["Strike_B","Strike_B","Strike_B","Defend_B","Defend_B","Defend_B","Defend_B","Zap","Dualcast","Leap+1","Hello World+1","Self Repair","Amplify","Chaos","FTL"],"relics":["Cracked Core","Happy Flower","Golden Idol","Boot","CaptainsWheel","Gremlin Food","Replay:Wax Seal"],"acts_visited":["Exordium"],"potions_floor_usage":[7,10],"damage_taken":[{"damage":0,"enemies":"2 Louse","floor":1,"turns":2},{"damage":0,"enemies":"Jaw Worm","floor":2,"turns":4},{"damage":0,"enemies":"Small Slimes","floor":5,"turns":2},{"damage":40,"enemies":"Lagavulin","floor":7,"turns":9},{"damage":16,"enemies":"Replay:BlueRogue","floor":10,"turns":5},{"damage":3,"enemies":"3 Louse","floor":13,"turns":5},{"damage":31,"enemies":"The Guardian","floor":16,"turns":10}],"seed_played":"1851496910195167398","potions_obtained":[{"floor":5,"key":"Strength Potion"},{"floor":7,"key":"FearPotion"}],"is_trial":false,"path_per_floor":["M","M","?","?","M","R","E","R","T","E","?","?","M","T","R","B"],"character_chosen":"DEFECT","items_purchased":[],"campfire_rested":1,"item_purchase_floors":[],"current_hp_per_floor":[75,75,57,42,42,42,9,31,31,22,22,22,26,26,26,0,0],"gold":270,"neow_bonus":"RANDOM_COMMON_RELIC","is_daily":false,"chose_seed":false,"campfire_upgraded":0,"win_rate":0.0,"timestamp":1614030638,"path_taken":["M","M","?","?","M","R","E","R","T","E","?","?","?","?","R","BOSS"],"items_purchased_type":[],"build_version":"2020-12-22","purchased_purges":0,"victory":false,"max_hp_per_floor":[75,75,75,75,75,75,75,75,75,75,75,75,75,75,75,75,75],"card_choices":[{"not_picked":["Turbo","Barrage"],"picked":"Leap","floor":1},{"not_picked":["Hologram","Conserve Battery"],"picked":"Hello World","floor":2},{"not_picked":["ReplayTheSpireMod:GoodbyeWorld","Streamline"],"picked":"Self Repair","floor":5},{"not_picked":["Ball Lightning","Gash"],"picked":"Amplify","floor":7},{"not_picked":["Sweeping Beam","Ball Lightning"],"picked":"Chaos","floor":10},{"not_picked":["Go for the Eyes","Stack","BasicCrystalCard"],"picked":"SKIP","floor":13}],"player_experience":237751,"relics_obtained":[{"floor":7,"key":"Boot"},{"floor":10,"key":"CaptainsWheel"},{"floor":14,"key":"Replay:Wax Seal"}],"event_choices":[{"damage_healed":0,"gold_gain":0,"player_choice":"Take Damage","damage_taken":18,"relics_obtained":["Golden Idol"],"max_hp_gain":0,"max_hp_loss":0,"event_name":"Golden Idol","floor":3,"gold_loss":0},{"damage_healed":0,"gold_gain":0,"player_choice":"Entered Light","damage_taken":15,"max_hp_gain":0,"max_hp_loss":0,"event_name":"Shining Light","floor":4,"gold_loss":0,"cards_upgraded":["Hello World","Leap"]},{"damage_healed":0,"gold_gain":0,"player_choice":"Box","damage_taken":0,"relics_obtained":["Gremlin Food"],"max_hp_gain":0,"max_hp_loss":0,"event_name":"Big Fish","floor":11,"gold_loss":0,"cards_obtained":["Regret"]},{"cards_removed":["Regret"],"damage_healed":0,"gold_gain":0,"player_choice":"Removed Curses","damage_taken":0,"max_hp_gain":0,"max_hp_loss":0,"event_name":"Fountain of Cleansing","floor":12,"gold_loss":0}],"is_beta":false,"boss_relics":[],"items_purged_floors":[],"is_endless":false,"potions_floor_spawned":[5,7],"killed_by":"The Guardian","ascension_level":1}}