{"host":"sum4dy402bbv9y4o","time":1614024598,"event":{"mods":["Aspiration","BaseMod","Conspire","Highlight Path","Minty Spire (QoL Compilation)","StSLib"],"gold_per_floor":[119,131,19,33,47,76,89,89,167,181,181,246,259,288,288,361,361,373,384,399,399,399,399,399],"floor_reached":23,"language":"ENG","playtime":903,"items_purged":[],"score":460,"play_id":"d8a76347-f0e8-4576-b08d-1cd7435da1cc","local_time":"20210222230958","is_ascension_mode":true,"campfire_choices":[{"data":"Eruption","floor":8,"key":"SMITH"},{"data":"Wish","floor":11,"key":"SMITH"},{"floor":15,"key":"REST"}],"circlet_count":0,"master_deck":["AscendersBane","Strike_P","Strike_P","Strike_P","Defend_P","Defend_P","Defend_P","Eruption+1","Vigilance","Wish+1","SandsOfTime","FollowUp","FlurryOfBlows","EmptyFist","EmptyBody","DeceiveReality","FlurryOfBlows","TalkToTheHand","DeusExMachina","Wallop","Tantrum","ReachHeaven","SignatureMove","FearNoEvil"],"relics":["PureWater","aspiration:Lifesprig","Frozen Egg 2","Meat on the Bone","Cursed Key"],"acts_visited":["Exordium","TheCity"],"potions_floor_usage":[6,14,14,16,18],"damage_taken":[{"damage":12,"enemies":"Small Slimes","floor":1,"turns":5},{"damage":5,"enemies":"2 Louse","floor":2,"turns":4},{"damage":2,"enemies":"Jaw Worm","floor":4,"turns":3},{"damage":11,"enemies":"Looter","floor":5,"turns":2},{"damage":10,"enemies":"3 Sentries","floor":6,"turns":6},{"damage":0,"enemies":"2 Fungi Beasts","floor":7,"turns":4},{"damage":1,"enemies":"3 Louse","floor":10,"turns":3},{"damage":0,"enemies":"Large Slime","floor":13,"turns":4},{"damage":0,"enemies":"Gremlin Nob","floor":14,"turns":2},{"damage":27,"enemies":"Hexaghost","floor":16,"turns":6},{"damage":0,"enemies":"Spheric Guardian","floor":18,"turns":3},{"damage":5,"enemies":"conspire:FuzzyDice","floor":19,"turns":4},{"damage":0,"enemies":"Snecko","floor":20,"turns":4},{"damage":41,"enemies":"Gremlin Leader","floor":23,"turns":4}],"seed_played":"344633270864512095","potions_obtained":[{"floor":5,"key":"SkillPotion"},{"floor":7,"key":"GamblersBrew"},{"floor":13,"key":"Strength Potion"},{"floor":14,"key":"DistilledChaos"},{"floor":16,"key":"Block Potion"},{"floor":20,"key":"FearPotion"}],"is_trial":false,"path_per_floor":["M","M","$","M","M","E","M","R","T","M","R","?","M","E","R","B",null,"M","M","M","?","?","E"],"character_chosen":"WATCHER","items_purchased":["FlurryOfBlows","EmptyFist"],"campfire_rested":1,"item_purchase_floors":[3,3],"current_hp_per_floor":[49,44,44,42,31,21,21,21,21,20,20,20,20,20,40,25,57,57,52,52,52,33,0,0],"gold":399,"neow_bonus":"ONE_RANDOM_RARE_CARD","is_daily":false,"chose_seed":false,"campfire_upgraded":2,"win_rate":0.0,"timestamp":1614024598,"path_taken":["M","M","$","M","M","E","M","R","T","M","R","?","M","E","R","BOSS","M","M","M","?","?","E"],"items_purchased_type":["Card","Card"],"build_version":"2020-12-22","purchased_purges":0,"victory":false,"max_hp_per_floor":[68,68,68,68,68,68,68,68,68,68,68,68,68,68,68,68,68,68,68,68,68,73,73,73],"card_choices":[{"not_picked":["ClearTheMind","Protect"],"picked":"SandsOfTime","floor":1},{"not_picked":["EmptyMind","Sanctity"],"picked":"FollowUp","floor":2},{"not_picked":["Crescendo","Ragnarok"],"picked":"EmptyBody","floor":4},{"not_picked":["SignatureMove","EmptyMind"],"picked":"DeceiveReality","floor":5},{"not_picked":["Consecrate","Wireheading"],"picked":"FlurryOfBlows","floor":6},{"not_picked":["CutThroughFate","SignatureMove","ForeignInfluence"],"picked":"SKIP","floor":7},{"not_picked":["JustLucky","CutThroughFate","PathToVictory"],"picked":"SKIP","floor":10},{"not_picked":["EmptyFist","Prostrate"],"picked":"TalkToTheHand","floor":13},{"not_picked":["BowlingBash","Wireheading+1","Ragnarok"],"picked":"SKIP","floor":14},{"not_picked":["Blasphemy","SpiritShield"],"picked":"DeusExMachina","floor":16},{"not_picked":["SashWhip","Wireheading+1"],"picked":"Wallop","floor":18},{"not_picked":["PathToVictory","FlyingSleeves"],"picked":"Tantrum","floor":19},{"not_picked":["Crescendo","EmptyMind"],"picked":"ReachHeaven","floor":20}],"player_experience":3133616,"relics_obtained":[{"floor":6,"key":"aspiration:Lifesprig"},{"floor":9,"key":"Frozen Egg 2"},{"floor":14,"key":"Meat on the Bone"}],"event_choices":[{"damage_healed":0,"gold_gain":65,"player_choice":"Gained Gold","damage_taken":0,"max_hp_gain":0,"max_hp_loss":0,"event_name":"Golden Wing","floor":12,"gold_loss":0},{"damage_healed":0,"gold_gain":0,"cards_transformed":["Strike_P","Defend_P"],"player_choice":"Became Test Subject","damage_taken":0,"max_hp_gain":0,"max_hp_loss":0,"event_name":"Drug Dealer","floor":21,"gold_loss":0,"cards_obtained":["SignatureMove","FearNoEvil"]},{"damage_healed":0,"gold_gain":0,"player_choice":"Shed Blood","damage_taken":24,"max_hp_gain":5,"max_hp_loss":0,"event_name":"Forgotten Altar","floor":22,"gold_loss":0}],"is_beta":false,"boss_relics":[{"not_picked":["conspire:SlowCooker","aspiration:FutureDiary"],"picked":"Cursed Key"}],"items_purged_floors":[],"is_endless":false,"potions_floor_spawned":[5,7,13,14,16,20],"killed_by":"Gremlin Leader","ascension_level":20}}