{"host":"dslyow1zalefsrv0","time":1614012187,"event":{"mods":["2.2 Compatiblity","Act Like it!","BaseMod","Better Match","Better Note","Better Sensory Stone","Better Third Choice","BetterRewards","Colored Powertips","Googly Eyes","GungeonMod","Hallownest","Hermit","Jorbs\u0027s Wanderer Trilogy","Minty Spire (QoL Compilation)","Potionbrewer","Quick Restart","Rare Cards Sparkle","Replay The Spire","Shop Mod","StSLib","The Bladedancer","The Blue Laboratory","The Bug Knight","The Hierophant","The Necromancer","The Servant 0.9.4","The Wild Card","Wide Potions"],"gold_per_floor":[119,44,56,6,6,41,54,71,71,71,83,111,131,151,151,253,253,266,143,161,161,180,180,210,210,210,210,227,227,227,237,237,339,339,353,365,194,209,225,225,225,225],"floor_reached":41,"language":"ENG","playtime":2933,"items_purged":[],"score":452,"play_id":"145ec29e-ae5c-43fa-b3d3-0c0636376978","local_time":"20210222104307","is_ascension_mode":false,"campfire_choices":[{"data":"Outmaneuver","floor":15,"key":"SMITH"},{"floor":23,"key":"REST"},{"floor":25,"key":"REST"},{"floor":30,"key":"REST"},{"data":"Burst","floor":32,"key":"SMITH"},{"floor":40,"key":"REST"}],"circlet_count":0,"master_deck":["Strike_G","Strike_G","Strike_G","Strike_G","Defend_G","Defend_G","Defend_G","Defend_G","Survivor","Neutralize","Deflect","Apotheosis+1","Dagger Spray","Dodge and Roll","Outmaneuver+1","Burst+1","Poisoned Stab","Cloak And Dagger","Dodge and Roll","CurseOfTheBell","Blur","Deadly Poison+1"],"relics":["Ring of the Snake","NeowsBlessing","Calipers","DemoMod:BigBoy","DemoMod:MonsterBlood","WristBlade","DemoMod:WhiteGuonStone","Onion Ring","Replay:Bottled Flurry","Calling Bell","potionbrewer:Torch","Ninja Scroll","Ginger"],"acts_visited":["Exordium","TheCity","TheBeyond"],"potions_floor_usage":[12,16,16,20,22,24,28,31,33,33,36,39],"damage_taken":[{"damage":0,"enemies":"2 Louse","floor":1,"turns":1},{"damage":0,"enemies":"Cultist","floor":3,"turns":1},{"damage":0,"enemies":"Gremlin Nob","floor":6,"turns":1},{"damage":0,"enemies":"Jaw Worm","floor":7,"turns":4},{"damage":0,"enemies":"2 Fungi Beasts","floor":8,"turns":4},{"damage":0,"enemies":"Red Slaver","floor":11,"turns":6},{"damage":5,"enemies":"Lagavulin","floor":12,"turns":8},{"damage":0,"enemies":"Blue Slaver","floor":13,"turns":4},{"damage":0,"enemies":"2 Fungi Beasts","floor":14,"turns":4},{"damage":22,"enemies":"Slime Boss","floor":16,"turns":12},{"damage":14,"enemies":"Spheric Guardian","floor":18,"turns":12},{"damage":0,"enemies":"Shell Parasite","floor":20,"turns":12},{"damage":6,"enemies":"Snecko","floor":22,"turns":6},{"damage":15,"enemies":"Replay:Snechameleon","floor":24,"turns":7},{"damage":12,"enemies":"Snake Plant","floor":28,"turns":6},{"damage":6,"enemies":"Cultist and Chosen","floor":31,"turns":6},{"damage":24,"enemies":"Collector","floor":33,"turns":6},{"damage":0,"enemies":"3 Shapes","floor":35,"turns":17},{"damage":0,"enemies":"3 Darklings","floor":36,"turns":4},{"damage":37,"enemies":"Maw","floor":38,"turns":13},{"damage":3,"enemies":"Transient","floor":39,"turns":5},{"damage":121,"enemies":"Giant Head","floor":41,"turns":11}],"seed_played":"8055625073924994219","potions_obtained":[{"floor":1,"key":"BlessingOfTheForge"},{"floor":3,"key":"Venom Potion"},{"floor":12,"key":"blueLaboratory:BottleOfVodka"},{"floor":13,"key":"blueLaboratory:Virophage"},{"floor":14,"key":"Explosive Potion"},{"floor":31,"key":"Reflective Coating"},{"floor":38,"key":"blueLaboratory:ArtistsPotion"}],"is_trial":false,"path_per_floor":["M","?","M","?","?","E","M","M","T","$","M","E","M","M","R","B",null,"M","$","M","?","M","R","E","R","T","?","M","T","R","M","R","B",null,"M","M","$","M","M","R","E"],"character_chosen":"THE_SILENT","items_purchased":["blueLaboratory:FruitPunch","potionbrewer:SplittingPotion","Blur","FairyPotion"],"campfire_rested":4,"item_purchase_floors":[19,19,37,37],"current_hp_per_floor":[70,70,70,70,70,70,70,70,70,70,70,72,72,72,72,50,77,63,63,65,65,59,79,64,79,79,79,67,67,79,73,73,49,79,79,79,79,42,39,62,0,0],"gold":225,"neow_bonus":"THREE_ENEMY_KILL","is_daily":false,"chose_seed":false,"campfire_upgraded":2,"win_rate":0.0,"timestamp":1614012187,"path_taken":["M","?","M","?","?","E","M","M","T","$","M","E","M","M","R","BOSS","M","$","M","?","M","R","E","R","T","?","M","?","R","M","R","BOSS","M","M","$","M","M","R","E"],"items_purchased_type":["Potion","Potion","Card","Potion"],"build_version":"2020-12-22","purchased_purges":0,"victory":false,"max_hp_per_floor":[70,70,70,70,70,70,70,70,70,70,70,77,77,77,77,77,77,77,77,79,79,79,79,79,79,79,79,79,79,79,79,79,79,79,79,79,79,79,79,79,79,79],"card_choices":[{"not_picked":["Dodge and Roll","Acrobatics"],"picked":"Deflect","floor":1},{"not_picked":["Wraith Form v2","Sucker Punch","Draining Mist"],"picked":"SKIP","floor":3},{"not_picked":["Bane","Heel Hook"],"picked":"Dagger Spray","floor":6},{"not_picked":["Finisher","Bane"],"picked":"Dodge and Roll","floor":7},{"not_picked":["Backflip","Dodge and Roll"],"picked":"Outmaneuver","floor":8},{"not_picked":["Sucker Punch","Quick Slash","Underhanded Strike"],"picked":"SKIP","floor":11},{"not_picked":["ReplayTheSpireMod:Exploit Weakness","Masterful Stab","Predator"],"picked":"SKIP","floor":12},{"not_picked":["PiercingWail","Acrobatics","Flying Knee"],"picked":"SKIP","floor":13},{"not_picked":["Well Laid Plans","Crippling Poison","Dagger Throw"],"picked":"SKIP","floor":14},{"not_picked":["Die Die Die","Unload"],"picked":"Burst","floor":16},{"not_picked":["Underhanded Strike","Leg Sweep","Finisher"],"picked":"SKIP","floor":18},{"not_picked":["Quick Slash","ReplayTheSpireMod:Exploit Weakness"],"picked":"Poisoned Stab","floor":20},{"not_picked":["Backflip","Underhanded Strike"],"picked":"Cloak And Dagger","floor":22},{"not_picked":["Well Laid Plans+1","Flying Knee","Predator"],"picked":"SKIP","floor":24},{"not_picked":["Calculated Gamble","Acrobatics"],"picked":"Dodge and Roll","floor":28},{"not_picked":["Backflip","Skewer+1","Dagger Throw"],"picked":"SKIP","floor":31},{"not_picked":["Reflex","Predator+1","Terror"],"picked":"SKIP","floor":35},{"not_picked":["Replay:Poison Smokescreen+1","Blade Dance+1","Bane"],"picked":"SKIP","floor":36},{"not_picked":["Caltrops","Poisoned Stab"],"picked":"Deadly Poison+1","floor":38},{"not_picked":["ReplayTheSpireMod:From All Sides","Replay:Poison Smokescreen","Slice"],"picked":"SKIP","floor":39}],"player_experience":113038,"relics_obtained":[{"floor":6,"key":"Calipers"},{"floor":9,"key":"DemoMod:BigBoy"},{"floor":12,"key":"DemoMod:MonsterBlood"},{"floor":24,"key":"DemoMod:WhiteGuonStone"},{"floor":26,"key":"Onion Ring"},{"floor":29,"key":"Replay:Bottled Flurry"},{"floor":34,"key":"potionbrewer:Torch"},{"floor":34,"key":"Ninja Scroll"},{"floor":34,"key":"Ginger"}],"event_choices":[{"damage_healed":0,"gold_gain":0,"player_choice":"2","damage_taken":0,"max_hp_gain":0,"max_hp_loss":0,"event_name":"betterMatch:BetterMatch","floor":2,"gold_loss":0,"cards_obtained":["betterMatch:RareCard"]},{"cards_removed":["Strike_G"],"damage_healed":0,"gold_gain":0,"player_choice":"Card Removal","damage_taken":0,"max_hp_gain":0,"max_hp_loss":0,"event_name":"The Cleric","floor":4,"gold_loss":50},{"damage_healed":70,"gold_gain":0,"player_choice":"Embrace","damage_taken":0,"max_hp_gain":0,"max_hp_loss":70,"event_name":"betterThird:BetterShining","floor":5,"gold_loss":0},{"cards_removed":["Burst"],"damage_healed":0,"gold_gain":0,"player_choice":"Give","damage_taken":0,"max_hp_gain":0,"max_hp_loss":0,"event_name":"betterNote:BetterNote","floor":21,"gold_loss":0,"cards_obtained":["Defend_G"]},{"cards_removed":["Defend_G"],"damage_healed":0,"gold_gain":0,"player_choice":"Elegance","damage_taken":0,"max_hp_gain":0,"max_hp_loss":0,"event_name":"betterThird:BetterWriting","floor":27,"gold_loss":0}],"is_beta":false,"boss_relics":[{"not_picked":["Ectoplasm","Replay:Wanted Poster"],"picked":"WristBlade"},{"not_picked":["Snecko Eye","Runic Pyramid"],"picked":"Calling Bell"}],"items_purged_floors":[],"is_endless":false,"potions_floor_spawned":[1,3,12,13,14,24,28,31,38],"killed_by":"Giant Head","ascension_level":0}}