{"host":"04hmnwiiducntwm3","time":1614026702,"event":{"mods":["Aspiration","BaseMod","Downfall","Energized Spire","GifTheSpireLib","Halation","Hubris","Infinite Spire","Minty Spire (QoL Compilation)","Relic Filter","Reliquary","Replay The Spire","Shop Mod","Spikes Relics","StSLib","The Jungle"],"gold_per_floor":[116,191,38,52,52,77,134,134,134,134,134,167,182,199,164,164,164],"floor_reached":16,"language":"ENG","playtime":397,"items_purged":[],"score":108,"play_id":"8f3b844d-69ed-472f-a9e2-7c551d59169c","local_time":"20210222174502","daily_mods":["Heirloom"],"is_ascension_mode":false,"campfire_choices":[{"floor":8.0,"key":"REST"},{"floor":11.0,"key":"REST"}],"circlet_count":0,"master_deck":["Strike_R","Strike_R","Strike_R","Strike_R","Strike_R","Defend_R","Defend_R","Defend_R","Defend_R","Bash","Heavy Blade","Flex","infinitespire:OneForAll"],"relics":["Burning Blood","replay:Trail_Library","halation:VictoryRuler","MealTicket","reliquary:ExpiredCoupon","SpikesRelics:DaevaFist","Snack Pack"],"acts_visited":["Exordium"],"potions_floor_usage":[16],"damage_taken":[{"damage":7.0,"enemies":"2 Louse","floor":1.0,"turns":2.0},{"damage":1.0,"enemies":"Cultist","floor":4.0,"turns":3.0},{"damage":58.0,"enemies":"3 Sentries","floor":6.0,"turns":9.0},{"damage":22.0,"enemies":"Gremlin Nob","floor":12.0,"turns":4.0},{"damage":0.0,"enemies":"Small Slimes","floor":13.0,"turns":2.0},{"damage":20.0,"enemies":"3 Louse","floor":14.0,"turns":3.0},{"damage":106,"enemies":"The Guardian","floor":16,"turns":9}],"seed_played":"-4946908579942406077","potions_obtained":[{"floor":1.0,"key":"SkillPotion"},{"floor":14.0,"key":"Explosive Potion"}],"is_trial":true,"path_per_floor":["M","?","$","M","$","E","?","R","T","?","R","E","M","M","R","B"],"character_chosen":"IRONCLAD","items_purchased":["MealTicket"],"campfire_rested":2,"item_purchase_floors":[3],"current_hp_per_floor":[79,71,71,76,80,28,28,52,52,52,76,60,68,54,74,0,0],"gold":164,"neow_bonus":"","is_daily":false,"chose_seed":false,"campfire_upgraded":0,"win_rate":0.0,"timestamp":1614026702,"path_taken":["M","?","$","M","?","E","?","R","T","?","R","E","M","M","R","BOSS"],"items_purchased_type":["Relic"],"build_version":"2020-12-22","purchased_purges":0,"victory":false,"max_hp_per_floor":[80,80,80,80,80,80,80,80,80,80,80,80,80,80,80,80,80],"card_choices":[{"not_picked":["Body Slam","Disarm","hubris:ReadiedAction"],"picked":"SKIP","floor":1.0},{"not_picked":["Warcry","Seeing Red"],"picked":"Heavy Blade","floor":4.0},{"not_picked":["Heavy Blade","Armaments"],"picked":"Flex","floor":6.0},{"not_picked":["ReplayTheSpireMod:LeadingStrike","Anger","Rupture"],"picked":"SKIP","floor":12.0},{"not_picked":["Replay:Undeath\u0027s Touch","Berserk"],"picked":"infinitespire:OneForAll","floor":13.0},{"not_picked":["Feel No Pain","Run Through","ReplayTheSpireMod:Strike From Hell"],"picked":"SKIP","floor":14.0}],"player_experience":393020,"relics_obtained":[{"floor":6.0,"key":"reliquary:ExpiredCoupon"},{"floor":9.0,"key":"SpikesRelics:DaevaFist"},{"floor":12.0,"key":"Snack Pack"}],"event_choices":[{"damage_healed":0.0,"max_hp_gain":0.0,"max_hp_loss":0.0,"gold_gain":75.0,"event_name":"FaceTrader","player_choice":"Touch","floor":2.0,"gold_loss":0.0,"damage_taken":8.0},{"damage_healed":0.0,"max_hp_gain":0.0,"max_hp_loss":0.0,"gold_gain":57.0,"event_name":"Golden Wing","player_choice":"Gained Gold","floor":7.0,"gold_loss":0.0,"damage_taken":0.0},{"damage_healed":20.0,"max_hp_gain":0.0,"max_hp_loss":0.0,"gold_gain":0.0,"event_name":"The Cleric","player_choice":"Healed","floor":15.0,"gold_loss":35.0,"damage_taken":0.0}],"is_beta":false,"boss_relics":[],"items_purged_floors":[],"is_endless":false,"potions_floor_spawned":[1,14],"killed_by":"The Guardian","ascension_level":0}}