{"host":"yn5u65xaxuhqfd3k","time":1614027572,"event":{"mods":["BaseMod","Downfall","Minty Spire (QoL Compilation)","Relic Stats","StSLib"],"gold_per_floor":[110,35,35,35,35,65,65,82,82,100,128,12,40,57,57,153,153,171,204,3,3,3,38,51,83,83,415,24,24,42,54,54,150,150,161,161,179,230,230,265,265,285,337,387,387,387,609,609,609],"floor_reached":48,"language":"ENG","playtime":4791,"items_purged":["Regret"],"score":857,"play_id":"9f0f8fb8-2fcc-4285-b568-e5e754d0a3b7","local_time":"20210222155932","is_ascension_mode":true,"campfire_choices":[{"floor":7,"key":"REST"},{"floor":15,"key":"REST"},{"floor":29,"key":"RECALL"},{"data":"Apotheosis","floor":32,"key":"SMITH"},{"floor":41,"key":"REST"},{"floor":46,"key":"REST"}],"circlet_count":0,"master_deck":["Strike_R","Strike_R","Defend_R","Defend_R","Defend_R","Defend_R","Bash","Apotheosis+1","Anger","Flex","Anger","Shrug It Off","Anger","Metallicize","Ghostly Armor","Immolate","Cleave","Flex","Shrug It Off+1","Anger","Battle Trance","Flex","Chrysalis","Anger","Feed","Writhe","Combust","True Grit+1","Anger+1","Flex+1","Panache","Enlightenment","PanicButton"],"relics":["Black Blood","Bronze Scales","Orichalcum","Regal Pillow","Incense Burner","Red Mask","Juzu Bracelet","Eternal Feather","Ornamental Fan","Self Forming Clay","Old Coin","Lantern","Fusion Hammer","Magic Flower","WingedGreaves","Mango"],"acts_visited":["Exordium","TheCity","TheBeyond"],"potions_floor_usage":[11,14,16,16,19,23,25,33,33,38,44],"damage_taken":[{"damage":13,"enemies":"Jaw Worm","floor":1,"turns":4},{"damage":34,"enemies":"3 Sentries","floor":6,"turns":9},{"damage":3,"enemies":"Small Slimes","floor":8,"turns":3},{"damage":0,"enemies":"Cultist","floor":10,"turns":3},{"damage":14,"enemies":"Lagavulin","floor":11,"turns":5},{"damage":7,"enemies":"3 Sentries","floor":13,"turns":7},{"damage":10,"enemies":"Lots of Slimes","floor":14,"turns":4},{"damage":0,"enemies":"Hexaghost","floor":16,"turns":7},{"damage":3,"enemies":"3 Byrds","floor":18,"turns":4},{"damage":6,"enemies":"Masked Bandits","floor":19,"turns":2},{"damage":16,"enemies":"Book of Stabbing","floor":23,"turns":5},{"damage":0,"enemies":"Chosen","floor":24,"turns":5},{"damage":23,"enemies":"Slavers","floor":25,"turns":5},{"damage":9,"enemies":"Book of Stabbing","floor":27,"turns":6},{"damage":20,"enemies":"Centurion and Healer","floor":30,"turns":3},{"damage":6,"enemies":"Snake Plant","floor":31,"turns":4},{"damage":26,"enemies":"Champ","floor":33,"turns":9},{"damage":24,"enemies":"3 Shapes","floor":35,"turns":3},{"damage":29,"enemies":"3 Darklings","floor":37,"turns":7},{"damage":24,"enemies":"2 Orb Walkers","floor":38,"turns":5},{"damage":91,"enemies":"Nemesis","floor":40,"turns":13},{"damage":26,"enemies":"Writhing Mass","floor":42,"turns":8},{"damage":7,"enemies":"Mind Bloom Boss Battle","floor":44,"turns":8},{"damage":99,"enemies":"Reptomancer","floor":48,"turns":7}],"seed_played":"-1441110794602713755","potions_obtained":[{"floor":10,"key":"Block Potion"},{"floor":11,"key":"DuplicationPotion"},{"floor":14,"key":"Block Potion"},{"floor":18,"key":"Ancient Potion"},{"floor":24,"key":"bronze:BurnAndBuffPotion"},{"floor":25,"key":"FairyPotion"},{"floor":31,"key":"SkillPotion"},{"floor":37,"key":"hexamod:SoulburnPotion"},{"floor":42,"key":"Block Potion"}],"is_trial":false,"path_per_floor":["M","$","?","?","?","E","R","M","T","M","E","$","E","M","R","B",null,"M","?","$","?","?","E","M","E","T","E","$","R","M","M","R","B",null,"M","?","M","?","?","E","R","M","T","?","?","R","?","E"],"character_chosen":"IRONCLAD","items_purchased":["Metallicize","DuplicationPotion","Juzu Bracelet","AttackPotion","Lantern","Flex","Chrysalis","PowerPotion"],"campfire_rested":4,"item_purchase_floors":[12,12,20,20,28,28,28,28],"current_hp_per_floor":[65,65,65,80,80,52,76,79,79,80,72,72,71,67,80,80,80,80,80,80,80,80,76,80,69,69,72,72,80,72,78,80,66,77,65,80,63,51,51,28,80,72,72,98,88,98,98,0,0],"gold":609,"neow_bonus":"RANDOM_COLORLESS_2","is_daily":false,"chose_seed":false,"campfire_upgraded":1,"win_rate":0.0,"timestamp":1614027572,"path_taken":["M","$","?","?","?","E","R","M","T","?","E","?","E","M","R","BOSS","M","?","$","?","?","E","M","E","T","E","$","R","M","M","R","BOSS","M","?","M","?","?","E","R","M","T","?","?","R","?","E"],"items_purchased_type":["Card","Potion","Relic","Potion","Relic","Card","Card","Potion"],"build_version":"2020-12-22","purchased_purges":1,"victory":false,"max_hp_per_floor":[80,80,80,80,80,80,80,80,80,80,80,80,80,80,80,80,80,80,80,80,80,80,80,80,80,80,80,80,80,80,80,80,80,80,80,80,80,80,80,80,80,80,80,98,98,98,98,98,98],"relic_stats":{"Regal Pillow":13,"counters":[24,136],"Ornamental Fan":[112],"Self Forming Clay":[183],"Bronze Scales":[405],"Black Blood":207,"Magic Flower":[27],"Eternal Feather":35,"Juzu Bracelet":1,"Orichalcum":[138],"obtain_stats":[{"Regal Pillow":11,"Lantern":28,"Self Forming Clay":26,"Black Blood":17,"Magic Flower":38,"Eternal Feather":23,"Mango":44,"Incense Burner":13,"Juzu Bracelet":20,"Orichalcum":9,"Burning Blood":0,"Old Coin":27,"Ornamental Fan":25,"Bronze Scales":6,"Fusion Hammer":34,"WingedGreaves":40,"Red Mask":19},{"Regal Pillow":5,"Lantern":14,"Self Forming Clay":13,"Black Blood":8,"Magic Flower":20,"Eternal Feather":11,"Mango":23,"Incense Burner":6,"Juzu Bracelet":10,"Orichalcum":3,"Burning Blood":0,"Old Coin":14,"Ornamental Fan":13,"Bronze Scales":2,"Fusion Hammer":17,"WingedGreaves":21,"Red Mask":10},{"Regal Pillow":24,"Lantern":69,"Self Forming Clay":63,"Black Blood":42,"Magic Flower":100,"Eternal Feather":53,"Mango":129,"Incense Burner":31,"Juzu Bracelet":48,"Orichalcum":16,"Burning Blood":0,"Old Coin":69,"Ornamental Fan":63,"Bronze Scales":13,"Fusion Hammer":85,"WingedGreaves":113,"Red Mask":48}]},"card_choices":[{"not_picked":["Secret Weapon","Violence"],"picked":"Apotheosis","floor":0},{"not_picked":["Iron Wave","Entrench","Headbutt"],"picked":"SKIP","floor":1},{"not_picked":["Dual Wield","Clash"],"picked":"Flex","floor":6},{"not_picked":["Iron Wave","Clothesline"],"picked":"Anger","floor":8},{"not_picked":["Havoc","Feel No Pain"],"picked":"Shrug It Off","floor":10},{"not_picked":["Iron Wave","Shrug It Off"],"picked":"Anger","floor":11},{"not_picked":["Reckless Charge","Infernal Blade"],"picked":"Ghostly Armor","floor":13},{"not_picked":["Bloodletting","Havoc","Clothesline"],"picked":"SKIP","floor":14},{"not_picked":["Limit Break","Corruption"],"picked":"Immolate","floor":16},{"not_picked":["Infernal Blade+1","Flex"],"picked":"Cleave","floor":18},{"not_picked":["Clothesline+1","Pommel Strike"],"picked":"Flex","floor":19},{"not_picked":["Clash","Fiend Fire"],"picked":"Shrug It Off+1","floor":23},{"not_picked":["Shrug It Off","Twin Strike"],"picked":"Anger","floor":24},{"not_picked":["Entrench","Power Through","Shrug It Off"],"picked":"SKIP","floor":25},{"not_picked":["Perfected Strike","Wild Strike"],"picked":"Battle Trance","floor":27},{"not_picked":["Sentinel","Warcry"],"picked":"Anger","floor":30},{"not_picked":["Iron Wave","Headbutt","Body Slam"],"picked":"SKIP","floor":31},{"not_picked":["Exhume","Offering"],"picked":"Feed","floor":33},{"not_picked":["Blood for Blood+1","Havoc","Dark Embrace+1"],"picked":"SKIP","floor":35},{"not_picked":["Warcry+1","Rage"],"picked":"Combust","floor":37},{"not_picked":["Wild Strike+1","Clash"],"picked":"True Grit+1","floor":38},{"not_picked":["Brutality","Shrug It Off"],"picked":"Anger+1","floor":40},{"not_picked":["Thunderclap","Clash"],"picked":"Flex+1","floor":42},{"not_picked":["PanicButton","Metamorphosis"],"picked":"Panache","floor":45},{"not_picked":["PanicButton","Jack Of All Trades"],"picked":"Enlightenment","floor":45},{"not_picked":["Mind Blast","Transmutation"],"picked":"PanicButton","floor":45}],"player_experience":1049478,"relics_obtained":[{"floor":6,"key":"Bronze Scales"},{"floor":9,"key":"Orichalcum"},{"floor":11,"key":"Regal Pillow"},{"floor":13,"key":"Incense Burner"},{"floor":19,"key":"Red Mask"},{"floor":23,"key":"Eternal Feather"},{"floor":25,"key":"Ornamental Fan"},{"floor":26,"key":"Self Forming Clay"},{"floor":27,"key":"Old Coin"},{"floor":38,"key":"Magic Flower"},{"floor":40,"key":"WingedGreaves"},{"floor":44,"key":"Mango"}],"event_choices":[{"damage_healed":0,"gold_gain":0,"player_choice":"Ignored","damage_taken":0,"max_hp_gain":0,"max_hp_loss":0,"event_name":"Liars Game","floor":3,"gold_loss":0},{"damage_healed":26,"gold_gain":0,"player_choice":"Banana","damage_taken":0,"max_hp_gain":0,"max_hp_loss":0,"event_name":"Big Fish","floor":4,"gold_loss":0},{"damage_healed":0,"gold_gain":0,"cards_transformed":["Strike_R"],"player_choice":"Transformed","damage_taken":0,"max_hp_gain":0,"max_hp_loss":0,"event_name":"Transmorgrifier","floor":5,"gold_loss":0,"cards_obtained":["Anger"]},{"damage_healed":0,"gold_gain":0,"player_choice":"Fought Bandits","damage_taken":0,"max_hp_gain":0,"max_hp_loss":0,"event_name":"Masked Bandits","floor":19,"gold_loss":0},{"cards_removed":["Strike_R"],"damage_healed":0,"gold_gain":0,"player_choice":"Elegance","damage_taken":0,"max_hp_gain":0,"max_hp_loss":0,"event_name":"Back to Basics","floor":21,"gold_loss":0},{"damage_healed":0,"gold_gain":0,"player_choice":"Ignored","damage_taken":0,"max_hp_gain":0,"max_hp_loss":0,"event_name":"Vampires","floor":22,"gold_loss":0},{"damage_healed":20,"gold_gain":0,"player_choice":"Writhe","damage_taken":0,"max_hp_gain":0,"max_hp_loss":0,"event_name":"Winding Halls","floor":36,"gold_loss":0,"cards_obtained":["Writhe"]},{"damage_healed":0,"gold_gain":0,"player_choice":"Fight","damage_taken":0,"max_hp_gain":0,"max_hp_loss":0,"event_name":"Mysterious Sphere","floor":38,"gold_loss":0},{"cards_removed":["Strike_R"],"damage_healed":0,"gold_gain":0,"player_choice":"Removed Attack","damage_taken":0,"max_hp_gain":0,"max_hp_loss":0,"event_name":"Falling","floor":39,"gold_loss":0},{"damage_healed":0,"gold_gain":0,"player_choice":"Fight","damage_taken":0,"max_hp_gain":0,"max_hp_loss":0,"event_name":"MindBloom","floor":44,"gold_loss":0},{"damage_healed":0,"gold_gain":0,"player_choice":"Memory 3","damage_taken":10,"max_hp_gain":0,"max_hp_loss":0,"event_name":"SensoryStone","floor":45,"gold_loss":0},{"damage_healed":0,"gold_gain":222,"player_choice":"Wore Mask","damage_taken":0,"max_hp_gain":0,"max_hp_loss":0,"event_name":"Tomb of Lord Red Mask","floor":47,"gold_loss":0}],"is_beta":false,"boss_relics":[{"not_picked":["Sozu","Tiny House"],"picked":"Black Blood"},{"not_picked":["Busted Crown","Runic Pyramid"],"picked":"Fusion Hammer"}],"items_purged_floors":[2],"is_endless":false,"potions_floor_spawned":[10,11,14,18,24,25,31,37,42],"killed_by":"Reptomancer","ascension_level":6}}