{"host":"s0nrlal5fls38heo","time":1614028553,"event":{"mods":["AchievementEnabler","BaseMod","Colored Powertips","Dark Map","Displayed Cursed Tome","Downfall","Faster Ascension Climbing","GifTheSpireLib","Minty Spire (QoL Compilation)","Permanent Neow","Rare Cards Sparkle","Relic Filter Mod","StSLib"],"gold_per_floor":[0,18,18,118,133,147,147,147,181,201,234,250,260,285,295,398,398,398,418,3,22,107,257,257,257,267,278,305,325,353,370,381,484,484,384,399,416,59,78,78,78,111,130,161,172,182,182,182,192,192],"floor_reached":51,"language":"ENG","playtime":3059,"items_purged":["hexamod:Strike","hexamod:Strike"],"score":2741,"play_id":"acc293c3-ecf0-4758-b728-7384ee345d98","local_time":"20210222221553","is_ascension_mode":true,"campfire_choices":[{"data":"hexamod:Float","floor":1.0,"key":"SMITH"},{"data":"hexamod:SoulSteal","floor":8.0,"key":"SMITH"},{"data":"hexamod:HexaLevel","floor":18.0,"key":"SMITH"},{"data":"hexamod:Hexaguard","floor":25.0,"key":"SMITH"},{"data":"hexamod:GiftsFromTheDead","floor":35.0,"key":"SMITH"},{"floor":40,"key":"RECALL"}],"circlet_count":0,"master_deck":["AscendersBane","hexamod:Strike+1","hexamod:Strike+1","hexamod:Defend","hexamod:Defend","hexamod:Defend","hexamod:Defend","hexamod:Sear","hexamod:Float+1","Sadistic Nature","hexamod:FirstSeal","hexamod:SoulSteal+1","hexamod:GhostShield","hexamod:ExtraCrispy","hexamod:FourthSeal","hexamod:HexaLevel+1","hexamod:InspiringFlames","hexamod:Incineration+1","hexamod:SpectersWail+1","hexamod:NightmareStrike+1","hexamod:WildfireWeapon","hexamod:Hexaguard+1","hexamod:GhostLash+1","hexamod:ThermalTransfer+1","hexamod:SwordOfDarkness+1","hexamod:SpectersWail+1","hexamod:Rewind","hexamod:RadiantFlame+1","hexamod:GhostOfSpireFuture+1","hexamod:ForkedFlame+1","hexamod:WildfireWeapon","hexamod:GiftsFromTheDead+1","hexamod:NightmareGuise+1","expansioncontent:DashGenerateEvil+1","hexamod:EmpoweredFlame","hexamod:SpectralAdrenaline+1","hexamod:Hexaguard+1","hexamod:RecurringNightmare","hexamod:Hexaguard+1","hexamod:VolcanoVisage","hexamod:HeatShield+1"],"relics":["hexamod:SpiritBrand","downfall:ShatteredFragment","Molten Egg 2","Bag of Preparation","PreservedInsect","expansioncontent:StudyCardRelic","Potion Belt","Chemical X","Nunchaku","Peace Pipe","Pen Nib","hexamod:IceCube","downfall:HeartBlessingGreen","Juzu Bracelet","OrangePellets","hexamod:SoulConsumer","Toy Ornithopter","Lantern"],"acts_visited":["Exordium","TheCity","TheBeyond"],"potions_floor_usage":[36,38,39,42,42,44,45,45,50,50],"damage_taken":[{"damage":2.0,"enemies":"Jaw Worm","floor":2.0,"turns":3.0},{"damage":0.0,"enemies":"2 Louse","floor":5.0,"turns":3.0},{"damage":1.0,"enemies":"Cultist","floor":6.0,"turns":3.0},{"damage":2.0,"enemies":"Gremlin Nob","floor":9.0,"turns":3.0},{"damage":1.0,"enemies":"2 Fungi Beasts","floor":10.0,"turns":3.0},{"damage":35.0,"enemies":"3 Sentries","floor":11.0,"turns":5.0},{"damage":3.0,"enemies":"Blue Slaver","floor":12.0,"turns":3.0},{"damage":4.0,"enemies":"Red Slaver","floor":13.0,"turns":3.0},{"damage":18.0,"enemies":"Gremlin Nob","floor":14.0,"turns":3.0},{"damage":0.0,"enemies":"downfall:LooterAlt","floor":15.0,"turns":2.0},{"damage":3.0,"enemies":"WA_ARCHETYPE_RETAIN","floor":16.0,"turns":8.0},{"damage":7.0,"enemies":"3 Byrds","floor":19.0,"turns":3.0},{"damage":0.0,"enemies":"downfall:FleeingMerchant","floor":20.0,"turns":4.0},{"damage":6.0,"enemies":"Spheric Guardian","floor":21.0,"turns":3.0},{"damage":0.0,"enemies":"3 Cultists","floor":26.0,"turns":3.0},{"damage":3.0,"enemies":"Snecko","floor":27.0,"turns":3.0},{"damage":0.0,"enemies":"Gremlin Leader","floor":28.0,"turns":3.0},{"damage":21.0,"enemies":"Snake Plant","floor":29.0,"turns":3.0},{"damage":0.0,"enemies":"Book of Stabbing","floor":30.0,"turns":3.0},{"damage":0.0,"enemies":"Chosen and Byrds","floor":31.0,"turns":3.0},{"damage":0.0,"enemies":"Centurion and Healer","floor":32.0,"turns":4.0},{"damage":26.0,"enemies":"DF_ARCHETYPE_CLAW","floor":33.0,"turns":6.0},{"damage":0.0,"enemies":"3 Darklings","floor":36.0,"turns":2.0},{"damage":0,"enemies":"Orb Walker","floor":37,"turns":3},{"damage":0,"enemies":"downfall:FleeingMerchant","floor":38,"turns":4},{"damage":27,"enemies":"3 Darklings","floor":39,"turns":5},{"damage":0,"enemies":"Giant Head","floor":42,"turns":4},{"damage":0,"enemies":"Spire Growth","floor":43,"turns":4},{"damage":3,"enemies":"Reptomancer","floor":44,"turns":4},{"damage":14,"enemies":"Transient","floor":45,"turns":5},{"damage":0,"enemies":"3 Darklings","floor":46,"turns":5},{"damage":3,"enemies":"Writhing Mass","floor":49,"turns":5},{"damage":3,"enemies":"SI_POISON_ARCHETYPE","floor":50,"turns":8}],"seed_played":"-5519245533698007542","potions_obtained":[{"floor":2.0,"key":"Ancient Potion"},{"floor":5.0,"key":"LiquidMemories"},{"floor":6.0,"key":"Energy Potion"},{"floor":10.0,"key":"SkillPotion"},{"floor":11.0,"key":"sneckomod:MuddlingPotion"},{"floor":12.0,"key":"Guardian:BlockOnCardUsePotion"},{"floor":13.0,"key":"Dexterity Potion"},{"floor":16.0,"key":"GamblersBrew"},{"floor":19.0,"key":"Swift Potion"},{"floor":20.0,"key":"Fire Potion"},{"floor":21.0,"key":"Guardian:BlockOnCardUsePotion"},{"floor":26.0,"key":"AttackPotion"},{"floor":26.0,"key":"CultistPotion"},{"floor":27.0,"key":"hexamod:EctoCoolerPotion"},{"floor":27.0,"key":"Slimebound:ThreeZeroPotion"},{"floor":28.0,"key":"FearPotion"},{"floor":29.0,"key":"ColorlessPotion"},{"floor":29.0,"key":"AttackPotion"},{"floor":30.0,"key":"hexamod:SoulburnPotion"},{"floor":31.0,"key":"Strength Potion"},{"floor":32.0,"key":"DuplicationPotion"},{"floor":32.0,"key":"Dexterity Potion"},{"floor":33.0,"key":"hexamod:DoubleChargePotion"},{"floor":36,"key":"Fruit Juice"},{"floor":36,"key":"Ancient Potion"},{"floor":38,"key":"hexamod:EctoCoolerPotion"},{"floor":39,"key":"Dexterity Potion"},{"floor":42,"key":"Fruit Juice"},{"floor":42,"key":"Regen Potion"},{"floor":44,"key":"DuplicationPotion"},{"floor":45,"key":"EntropicBrew"},{"floor":46,"key":"ColorlessPotion"}],"is_trial":false,"path_per_floor":["R","M","?","?","M","M","T","R","E","M","E","M","M","E","M","B",null,"R","M","$","M","?","?","T","R","M","M","E","M","E","M","M","B",null,"R","M","M","$","M","R","T","E","M","E","M","M","?","?","M","B",null],"character_chosen":"THE_SPIRIT","items_purchased":["Potion Belt","Chemical X","hexamod:ThermalTransfer+1","expansioncontent:DashGenerateEvil","Juzu Bracelet","OrangePellets","hexamod:EmpoweredFlame"],"campfire_rested":0,"item_purchase_floors":[20,20,20,38,38,38,38],"current_hp_per_floor":[63,61,40,40,47,53,53,53,58,64,36,40,43,32,32,36,62,62,62,69,70,56,56,56,56,56,60,67,53,53,60,67,41,63,63,68,68,68,48,48,48,60,64,65,80,80,80,80,80,80],"gold":192,"neow_bonus":"RANDOM_COLORLESS_2","is_daily":false,"chose_seed":false,"campfire_upgraded":5,"win_rate":0.0,"timestamp":1614028553,"path_taken":["R","M","?","?","M","M","T","R","E","?","E","M","M","E","M","BOSS","R","M","$","M","?","?","T","R","M","M","E","?","E","M","M","BOSS","R","M","M","$","M","R","T","E","M","E","M","M","?","?","M","BOSS"],"items_purchased_type":["Relic","Relic","Card","Card","Relic","Relic","Card"],"build_version":"2020-12-22","purchased_purges":2,"victory":true,"max_hp_per_floor":[70,70,70,70,70,70,70,70,70,70,70,70,70,70,70,70,70,70,70,70,70,70,70,70,70,70,70,70,70,70,70,70,70,70,70,75,75,75,75,75,75,80,80,80,80,80,80,80,80,80],"card_choices":[{"not_picked":["HandOfGreed","Secret Technique"],"picked":"Sadistic Nature","floor":0.0},{"not_picked":["hexamod:FlamesFromBeyond","hexamod:PhantomCloak"],"picked":"hexamod:FirstSeal","floor":2.0},{"not_picked":["hexamod:EmpoweredFlame","hexamod:StepThrough"],"picked":"hexamod:SoulSteal","floor":5.0},{"not_picked":["hexamod:Again","hexamod:BacktrackSmack"],"picked":"hexamod:GhostShield","floor":6.0},{"not_picked":["hexamod:RecurringNightmare","hexamod:BurningTouch"],"picked":"hexamod:ExtraCrispy","floor":9.0},{"not_picked":["hexamod:GhostShield","hexamod:Hexaguard"],"picked":"hexamod:FourthSeal","floor":10.0},{"not_picked":["hexamod:GhostOfSpirePast","hexamod:Haunt"],"picked":"hexamod:HexaLevel","floor":11.0},{"not_picked":["hexamod:PhantomFireball+1","hexamod:RetreatToShadows"],"picked":"hexamod:InspiringFlames","floor":12.0},{"not_picked":["hexamod:FirstSeal","hexamod:InspiringFlames"],"picked":"hexamod:Incineration+1","floor":13.0},{"not_picked":["hexamod:RainOfEmbers+1","hexamod:SoulSteal"],"picked":"hexamod:SpectersWail+1","floor":14.0},{"not_picked":["hexamod:HauntingEcho+1","hexamod:Again"],"picked":"hexamod:NightmareStrike+1","floor":15.0},{"not_picked":["hexamod:SearingWound","hexamod:Toasty+1"],"picked":"hexamod:WildfireWeapon","floor":16.0},{"not_picked":["hexamod:HauntingEcho+1","hexamod:CatchUp"],"picked":"hexamod:Hexaguard","floor":19.0},{"not_picked":["hexamod:ThermalTransfer+1","hexamod:PhantomFireball+1"],"picked":"hexamod:GhostLash+1","floor":20.0},{"not_picked":["hexamod:NightmareGuise","hexamod:SuperheatedStrike+1"],"picked":"hexamod:SwordOfDarkness+1","floor":21.0},{"not_picked":["hexamod:ExtraCrispy","hexamod:NightmareGuise"],"picked":"hexamod:SpectersWail+1","floor":26.0},{"not_picked":["hexamod:SoulSteal","hexamod:ExtraCrispy"],"picked":"hexamod:Rewind","floor":27.0},{"not_picked":["hexamod:EmpoweredFlame","hexamod:SpectersWail+1"],"picked":"hexamod:RadiantFlame+1","floor":28.0},{"not_picked":["hexamod:HeatMetal+1","hexamod:ThermalTransfer+1"],"picked":"hexamod:GhostOfSpireFuture+1","floor":29.0},{"not_picked":["hexamod:Rewind+1","hexamod:BacktrackSmack+1"],"picked":"hexamod:ForkedFlame+1","floor":30.0},{"not_picked":["hexamod:BacktrackSmack+1","hexamod:SwordOfDarkness+1","hexamod:AdvancingGuard+1"],"picked":"SKIP","floor":31.0},{"not_picked":["hexamod:HeatMetal+1","hexamod:FlamesFromBeyond"],"picked":"hexamod:WildfireWeapon","floor":32.0},{"not_picked":["hexamod:TurnItUp","hexamod:Toasty+1"],"picked":"hexamod:GiftsFromTheDead","floor":33.0},{"not_picked":["hexamod:NightmareStrike+1","hexamod:GhostLash+1","hexamod:AdvancingGuard"],"picked":"SKIP","floor":36},{"not_picked":["hexamod:InspiringFlames+1","hexamod:BurningTouch","hexamod:ThermalTransfer+1"],"picked":"SKIP","floor":37},{"not_picked":["hexamod:InspiringFlames+1","hexamod:BurningTouch","hexamod:ThermalTransfer+1"],"picked":"SKIP","floor":37},{"not_picked":["hexamod:GhostLash+1","hexamod:Firestarter+1"],"picked":"hexamod:NightmareGuise+1","floor":38},{"not_picked":["hexamod:Toasty+1","hexamod:SkipABeat+1"],"picked":"hexamod:SpectralAdrenaline+1","floor":39},{"not_picked":["hexamod:GhostShield+1","hexamod:HauntingEcho+1"],"picked":"hexamod:Hexaguard+1","floor":42},{"not_picked":["hexamod:PhantomFireball+1","hexamod:NightmareStrike+1"],"picked":"hexamod:RecurringNightmare","floor":43},{"not_picked":["hexamod:StepThrough+1","hexamod:GhostShield+1"],"picked":"hexamod:Hexaguard+1","floor":44},{"not_picked":["hexamod:AdvancingGuard+1","hexamod:FastForward","hexamod:BurningTouch+1"],"picked":"SKIP","floor":45},{"not_picked":["hexamod:HeatMetal+1","hexamod:ShieldOfDarkness+1"],"picked":"hexamod:VolcanoVisage","floor":46},{"not_picked":["hexamod:SpectersWail+1","hexamod:CatchUp+1"],"picked":"hexamod:HeatShield+1","floor":49}],"player_experience":63787,"relics_obtained":[{"floor":7.0,"key":"Molten Egg 2"},{"floor":9.0,"key":"Whetstone"},{"floor":11.0,"key":"Bag of Preparation"},{"floor":14.0,"key":"PreservedInsect"},{"floor":24.0,"key":"Nunchaku"},{"floor":28.0,"key":"Peace Pipe"},{"floor":30.0,"key":"Pen Nib"},{"floor":42,"key":"hexamod:SoulConsumer"},{"floor":44,"key":"Toy Ornithopter"},{"floor":47,"key":"Lantern"}],"event_choices":[],"is_beta":false,"boss_relics":[{"not_picked":["Black Star","Fusion Hammer"],"picked":"expansioncontent:StudyCardRelic"},{"not_picked":["hexamod:UnbrokenSoul","Astrolabe"],"picked":"hexamod:IceCube"}],"items_purged_floors":[20,38],"is_endless":false,"potions_floor_spawned":[2,5,6,10,14,15,19,26,27,29,32,33,36,37,42,44,46],"ascension_level":10}}