{"host":"kig4ty9d1aubg29s","time":1614000171,"event":{"mods":["BaseMod","Minty Spire (QoL Compilation)","READ ME - Guardian Mod","READ ME - Snecko Mod","StSLib","The Cursed","The Gatherer","The Hierophant","The Runesmith"],"gold_per_floor":[362,77,97,109,120,120,149,149,227,253,218,218,218],"floor_reached":12,"language":"KOR","playtime":326,"items_purged":[],"score":167,"play_id":"466995ed-1796-4000-b9df-b15d8f74f7d7","local_time":"20210222222251","is_ascension_mode":true,"campfire_choices":[{"floor":6,"key":"REST"},{"floor":8,"key":"REST"}],"circlet_count":0,"master_deck":["AscendersBane","Strike_G","Strike_G","Strike_G","Strike_G","Strike_G","Defend_G","Defend_G","Defend_G","Defend_G","Defend_G","Survivor","Neutralize","Dagger Spray","Caltrops","Dagger Spray","Slice","Poisoned Stab","Blade Dance"],"relics":["Ring of the Snake","Question Card","CaptainsWheel","Frozen Egg 2","Oddly Smooth Stone"],"acts_visited":["Exordium"],"potions_floor_usage":[],"damage_taken":[{"damage":0,"enemies":"Cultist","floor":1,"turns":4},{"damage":0,"enemies":"Small Slimes","floor":3,"turns":3},{"damage":0,"enemies":"2 Louse","floor":4,"turns":3},{"damage":2,"enemies":"2 Fungi Beasts","floor":5,"turns":2},{"damage":32,"enemies":"3 Sentries","floor":7,"turns":6},{"damage":41,"enemies":"Lagavulin","floor":10,"turns":7},{"damage":27,"enemies":"Gremlin Nob","floor":12,"turns":4}],"seed_played":"7592837623143557498","potions_obtained":[],"is_trial":false,"path_per_floor":["M","$","M","M","M","R","E","R","T","E","?","E"],"character_chosen":"THE_SILENT","items_purchased":["Question Card"],"campfire_rested":2,"item_purchase_floors":[2],"current_hp_per_floor":[44,44,44,44,42,61,29,48,48,7,23,0,0],"gold":218,"neow_bonus":"TWO_FIFTY_GOLD","is_daily":false,"chose_seed":false,"campfire_upgraded":0,"win_rate":0.0,"timestamp":1614000171,"path_taken":["M","$","?","M","M","R","E","R","T","E","?","E"],"items_purchased_type":["Relic"],"build_version":"2020-12-22","purchased_purges":0,"victory":false,"max_hp_per_floor":[66,66,66,66,66,66,66,66,66,66,66,66,66],"card_choices":[{"not_picked":["Distraction","Sucker Punch"],"picked":"Dagger Spray","floor":1},{"not_picked":["Acrobatics","Riddle With Holes","Flechettes"],"picked":"Caltrops","floor":3},{"not_picked":["Slice","Skewer","Crippling Poison"],"picked":"Dagger Spray","floor":4},{"not_picked":["Deflect","Storm of Steel","Underhanded Strike"],"picked":"Slice","floor":5},{"not_picked":["Grand Finale","Acrobatics","Burst"],"picked":"Poisoned Stab","floor":7},{"not_picked":["Bane","Slice","Sucker Punch"],"picked":"Blade Dance","floor":10}],"player_experience":2009413,"relics_obtained":[{"floor":7,"key":"CaptainsWheel"},{"floor":9,"key":"Frozen Egg 2"},{"floor":10,"key":"Oddly Smooth Stone"}],"event_choices":[{"damage_healed":16,"gold_gain":0,"player_choice":"Healed","damage_taken":0,"max_hp_gain":0,"max_hp_loss":0,"event_name":"The Cleric","floor":11,"gold_loss":35}],"is_beta":false,"boss_relics":[],"items_purged_floors":[],"is_endless":false,"potions_floor_spawned":[],"killed_by":"Gremlin Nob","ascension_level":18}}