{"host":"mzi5fmi0sxohsdsn","time":1614007329,"event":{"mods":["AchievementEnabler","BaseMod","DeckTracker","Filter the Spire","Minty Spire (QoL Compilation)","Quick Restart","Shop Mod","StSLib"],"gold_per_floor":[117,135,60,74,85,98,98,110,184,184,194,47,63,80,80,182,182,199,215,115,131,142,142,154,154,154,154,169,180,180,180],"floor_reached":30,"language":"RUS","playtime":1450,"items_purged":["Strike_P","Defend_P"],"score":232,"play_id":"5e9b6097-a3cc-4091-8ee7-c3de9cd21002","local_time":"20210222222209","is_ascension_mode":false,"campfire_choices":[{"data":"Worship","floor":7.0,"key":"SMITH"},{"data":"CarveReality","floor":15.0,"key":"SMITH"},{"data":"Brilliance","floor":23.0,"key":"SMITH"},{"data":"Prostrate","floor":25.0,"key":"SMITH"},{"data":"BowlingBash","floor":27.0,"key":"SMITH"}],"circlet_count":0,"master_deck":["Strike_P","Strike_P","Strike_P","Defend_P","Defend_P","Defend_P","Eruption","Vigilance","Prostrate","CutThroughFate","Worship+1","CarveReality+1","FlyingSleeves","CutThroughFate","Swivel","Prostrate+1","DevaForm","BowlingBash+1","BowlingBash","ThirdEye+1","Brilliance+1","Normality"],"relics":["Cursed Key","Pantograph","Pen Nib","Sozu","Sundial"],"acts_visited":["Exordium","TheCity"],"potions_floor_usage":[],"damage_taken":[{"damage":0.0,"enemies":"Small Slimes","floor":1.0,"turns":2.0},{"damage":0.0,"enemies":"Cultist","floor":2.0,"turns":3.0},{"damage":5.0,"enemies":"Jaw Worm","floor":4.0,"turns":5.0},{"damage":16.0,"enemies":"3 Louse","floor":5.0,"turns":4.0},{"damage":11.0,"enemies":"Looter","floor":6.0,"turns":3.0},{"damage":0.0,"enemies":"Exordium Thugs","floor":8.0,"turns":5.0},{"damage":3.0,"enemies":"Blue Slaver","floor":11.0,"turns":3.0},{"damage":5.0,"enemies":"3 Louse","floor":13.0,"turns":3.0},{"damage":9.0,"enemies":"Exordium Wildlife","floor":14.0,"turns":3.0},{"damage":26.0,"enemies":"The Guardian","floor":16.0,"turns":6.0},{"damage":3.0,"enemies":"Chosen","floor":18.0,"turns":4.0},{"damage":11.0,"enemies":"Shell Parasite","floor":19.0,"turns":4.0},{"damage":6.0,"enemies":"Snecko","floor":21.0,"turns":5.0},{"damage":9.0,"enemies":"Centurion and Healer","floor":22.0,"turns":6.0},{"damage":24.0,"enemies":"Sentry and Sphere","floor":24.0,"turns":5.0},{"damage":15.0,"enemies":"Snake Plant","floor":28.0,"turns":4.0},{"damage":1.0,"enemies":"Cultist and Chosen","floor":29.0,"turns":2.0},{"damage":8,"enemies":"Shelled Parasite and Fungi","floor":30,"turns":2}],"seed_played":"4257178937262444600","potions_obtained":[{"floor":1.0,"key":"BlessingOfTheForge"},{"floor":4.0,"key":"SpeedPotion"},{"floor":11.0,"key":"PowerPotion"},{"floor":16.0,"key":"LiquidBronze"}],"is_trial":false,"path_per_floor":["M","M","$","M","M","M","R","M","T","?","M","$","M","M","R","B",null,"M","M","$","M","M","R","M","R","T","R","M","M","M"],"character_chosen":"WATCHER","items_purchased":["Pen Nib"],"campfire_rested":0,"item_purchase_floors":[12],"current_hp_per_floor":[72,72,72,67,51,40,40,40,40,40,37,37,32,23,23,22,72,69,58,58,52,43,43,19,19,19,19,4,3,0,0],"gold":180,"neow_bonus":"BOSS_RELIC","is_daily":false,"chose_seed":false,"campfire_upgraded":5,"win_rate":0.0,"timestamp":1614007329,"path_taken":["M","M","$","M","M","M","R","M","T","?","?","$","M","M","R","BOSS","M","M","$","M","M","R","M","R","T","R","M","M","M"],"items_purchased_type":["Relic"],"build_version":"2020-12-22","purchased_purges":2,"victory":false,"max_hp_per_floor":[72,72,72,72,72,72,72,72,72,72,72,72,72,72,72,72,72,72,72,72,72,72,72,72,72,72,72,72,72,72,72],"card_choices":[{"not_picked":["MentalFortress","Swivel"],"picked":"Prostrate","floor":1.0},{"not_picked":["ThirdEye","EmptyMind"],"picked":"CutThroughFate","floor":2.0},{"not_picked":["CutThroughFate","ThirdEye"],"picked":"Worship","floor":4.0},{"not_picked":["SpiritShield","SandsOfTime"],"picked":"CarveReality","floor":5.0},{"not_picked":["ThirdEye","SashWhip"],"picked":"FlyingSleeves","floor":6.0},{"not_picked":["LikeWater","Crescendo"],"picked":"CutThroughFate","floor":8.0},{"not_picked":["Wallop","Sanctity","ClearTheMind"],"picked":"SKIP","floor":11.0},{"not_picked":["PathToVictory","ThirdEye"],"picked":"Swivel","floor":13.0},{"not_picked":["Swivel","WheelKick"],"picked":"Prostrate","floor":14.0},{"not_picked":["SpiritShield","DeusExMachina"],"picked":"DevaForm","floor":16.0},{"not_picked":["Prostrate","Collect"],"picked":"BowlingBash","floor":18.0},{"not_picked":["SignatureMove","Nirvana"],"picked":"BowlingBash","floor":19.0},{"not_picked":["ForeignInfluence","Wireheading"],"picked":"ThirdEye+1","floor":21.0},{"not_picked":["Prostrate","Protect+1"],"picked":"Brilliance","floor":22.0},{"not_picked":["EmptyFist","CutThroughFate","Consecrate"],"picked":"SKIP","floor":24.0},{"not_picked":["SashWhip","LikeWater","CutThroughFate+1"],"picked":"SKIP","floor":28.0},{"not_picked":["FlyingSleeves","FearNoEvil+1","Collect"],"picked":"SKIP","floor":29.0}],"player_experience":188235,"relics_obtained":[{"floor":9.0,"key":"Pantograph"},{"floor":26.0,"key":"Sundial"}],"event_choices":[{"cards_removed":["Doubt"],"damage_healed":0.0,"max_hp_gain":0.0,"max_hp_loss":0.0,"gold_gain":0.0,"event_name":"Fountain of Cleansing","player_choice":"Removed Curses","floor":10.0,"gold_loss":0.0,"damage_taken":0.0}],"is_beta":false,"boss_relics":[{"not_picked":["Snecko Eye","Velvet Choker"],"picked":"Sozu"}],"items_purged_floors":[3,20],"is_endless":false,"potions_floor_spawned":[1,4,11,14,16,24,29],"killed_by":"Shelled Parasite and Fungi","ascension_level":0}}