{"host":"yx5rao87132cy5xq","time":1614003008,"event":{"mods":["2.2 Compatiblity","AchievementEnabler","BaseMod","Bestiary","Colored Map","Colored Powertips","Highlight Path","Minty Spire (QoL Compilation)","Quick Restart","Relic Stats","Slay-I","SuperFastMode"],"gold_per_floor":[113,132,144,144,162,190,190,224,247,172,7,7,26,67,67,163,163,177,177,192,204,239,271,271,288,288,288,288,288],"floor_reached":28,"language":"ENG","playtime":2416,"items_purged":[],"score":502,"play_id":"3f68a3c4-8ae8-4c74-a402-18b176f37350","local_time":"20210222151008","is_ascension_mode":true,"campfire_choices":[{"data":"Seeing Red","floor":12.0,"key":"SMITH"},{"data":"Armaments","floor":15.0,"key":"SMITH"},{"data":"Dark Embrace","floor":24.0,"key":"SMITH"}],"circlet_count":0,"master_deck":["AscendersBane","Strike_R","Strike_R","Strike_R","Strike_R","Defend_R","Defend_R","Defend_R","Defend_R","Bash","Cleave+1","Uppercut+1","Power Through","Spot Weakness","Reaper","Seeing Red+1","Armaments+1","Exhume","Impervious","Power Through","Evolve","Dark Embrace+1","Sever Soul","Second Wind+1","Spot Weakness"],"relics":["Burning Blood","Spirit Poop","Ancient Tea Set","Bloody Idol","Akabeko","Happy Flower","Bronze Scales","Centennial Puzzle","Snecko Eye","Red Mask","Whetstone","Shuriken"],"acts_visited":["Exordium","TheCity"],"potions_floor_usage":[],"damage_taken":[{"damage":9.0,"enemies":"Cultist","floor":1.0,"turns":4.0},{"damage":12.0,"enemies":"Small Slimes","floor":2.0,"turns":3.0},{"damage":11.0,"enemies":"Jaw Worm","floor":3.0,"turns":4.0},{"damage":12.0,"enemies":"Exordium Wildlife","floor":5.0,"turns":5.0},{"damage":24.0,"enemies":"Gremlin Nob","floor":6.0,"turns":4.0},{"damage":20.0,"enemies":"3 Sentries","floor":8.0,"turns":6.0},{"damage":0.0,"enemies":"Looter","floor":13.0,"turns":2.0},{"damage":21.0,"enemies":"Lagavulin","floor":14.0,"turns":6.0},{"damage":41.0,"enemies":"Slime Boss","floor":16.0,"turns":8.0},{"damage":0.0,"enemies":"Chosen","floor":18.0,"turns":4.0},{"damage":6.0,"enemies":"2 Thieves","floor":20.0,"turns":2.0},{"damage":4.0,"enemies":"Centurion and Healer","floor":21.0,"turns":11.0},{"damage":58.0,"enemies":"Masked Bandits","floor":22.0,"turns":6.0},{"damage":2.0,"enemies":"Gremlin Leader","floor":23.0,"turns":7.0},{"damage":18.0,"enemies":"Snake Plant","floor":25.0,"turns":3.0},{"damage":68,"enemies":"Slavers","floor":28,"turns":8}],"seed_played":"-4122268461446680868","potions_obtained":[{"floor":1.0,"key":"SkillPotion"},{"floor":5.0,"key":"Explosive Potion"},{"floor":6.0,"key":"SkillPotion"},{"floor":16.0,"key":"AttackPotion"},{"floor":18.0,"key":"FearPotion"},{"floor":25.0,"key":"Strength Potion"}],"is_trial":false,"path_per_floor":["M","M","M","?","M","E","?","E","T","?","$","R","M","E","R","B",null,"M","?","M","M","?","E","R","M","T","?","E"],"character_chosen":"IRONCLAD","items_purchased":["Bronze Scales"],"campfire_rested":0,"item_purchase_floors":[11],"current_hp_per_floor":[79,73,68,68,62,44,44,51,51,51,51,51,72,64,64,29,68,80,80,81,81,39,69,69,62,62,62,0,0],"gold":288,"neow_bonus":"TWENTY_PERCENT_HP_BONUS","is_daily":false,"chose_seed":false,"campfire_upgraded":3,"win_rate":0.0,"timestamp":1614003008,"path_taken":["M","M","M","?","?","E","?","E","T","?","$","R","M","E","R","BOSS","M","?","M","M","?","E","R","M","T","?","E"],"items_purchased_type":["Relic"],"build_version":"2020-12-22","purchased_purges":0,"victory":false,"max_hp_per_floor":[89,89,89,89,89,89,81,81,81,81,81,81,81,81,81,81,81,81,81,81,81,81,81,81,81,81,81,81,81],"relic_stats":{"Centennial Puzzle":[21],"Happy Flower":[19],"counters":[16,83],"Shuriken":[1],"Bloody Idol":15,"Bronze Scales":[144],"Snecko Eye":[71,71,65,76],"Whetstone":["Uppercut","Cleave"],"obtain_stats":[{"Happy Flower":9,"Golden Idol":7,"Spirit Poop":4,"Whetstone":23,"Ancient Tea Set":6,"Burning Blood":0,"Akabeko":8,"Centennial Puzzle":14,"Shuriken":26,"Bronze Scales":11,"Bloody Idol":19,"Snecko Eye":17,"Red Mask":22},{"Happy Flower":6,"Golden Idol":5,"Spirit Poop":3,"Whetstone":14,"Ancient Tea Set":5,"Burning Blood":0,"Akabeko":6,"Centennial Puzzle":8,"Shuriken":15,"Bronze Scales":6,"Bloody Idol":10,"Snecko Eye":9,"Red Mask":13},{"Happy Flower":26,"Golden Idol":20,"Spirit Poop":11,"Whetstone":72,"Ancient Tea Set":20,"Burning Blood":0,"Akabeko":26,"Centennial Puzzle":34,"Shuriken":75,"Bronze Scales":26,"Bloody Idol":46,"Snecko Eye":42,"Red Mask":65}],"Burning Blood":79},"card_choices":[{"not_picked":["Havoc","Ghostly Armor"],"picked":"Cleave","floor":1.0},{"not_picked":["Sentinel","Iron Wave"],"picked":"Uppercut","floor":2.0},{"not_picked":["Searing Blow","Heavy Blade"],"picked":"Power Through","floor":3.0},{"not_picked":["Warcry","Feel No Pain"],"picked":"Spot Weakness","floor":5.0},{"not_picked":["Havoc","Anger"],"picked":"Reaper","floor":6.0},{"not_picked":["Hemokinesis","Havoc"],"picked":"Seeing Red","floor":8.0},{"not_picked":["Infernal Blade","Warcry"],"picked":"Armaments","floor":13.0},{"not_picked":["Twin Strike","Brutality"],"picked":"Exhume","floor":14.0},{"not_picked":["Corruption","Juggernaut"],"picked":"Impervious","floor":16.0},{"not_picked":["Wild Strike","Flex"],"picked":"Power Through","floor":18.0},{"not_picked":["Rampage","Clothesline"],"picked":"Evolve","floor":20.0},{"not_picked":["Iron Wave","Rage"],"picked":"Dark Embrace","floor":21.0},{"not_picked":["Hemokinesis","Body Slam"],"picked":"Sever Soul","floor":22.0},{"not_picked":["Fire Breathing","Pommel Strike+1"],"picked":"Second Wind+1","floor":23.0},{"not_picked":["Thunderclap","Searing Blow"],"picked":"Spot Weakness","floor":25.0}],"player_experience":1118947,"relics_obtained":[{"floor":6.0,"key":"Ancient Tea Set"},{"floor":8.0,"key":"Akabeko"},{"floor":9.0,"key":"Happy Flower"},{"floor":14.0,"key":"Centennial Puzzle"},{"floor":22.0,"key":"Red Mask"},{"floor":23.0,"key":"Whetstone"},{"floor":26.0,"key":"Shuriken"}],"event_choices":[{"cards_removed":["Decay"],"damage_healed":0.0,"max_hp_gain":0.0,"max_hp_loss":0.0,"gold_gain":0.0,"event_name":"Bonfire Elementals","player_choice":"Offered Curse","floor":4.0,"gold_loss":0.0,"damage_taken":0.0,"relics_obtained":["Spirit Poop"]},{"damage_healed":0.0,"max_hp_gain":0.0,"max_hp_loss":8.0,"gold_gain":0.0,"event_name":"Golden Idol","player_choice":"Lose Max HP","floor":7.0,"gold_loss":0.0,"damage_taken":0.0,"relics_obtained":["Golden Idol"]},{"cards_removed":["Strike_R"],"damage_healed":0.0,"max_hp_gain":0.0,"max_hp_loss":0.0,"gold_gain":0.0,"event_name":"The Cleric","player_choice":"Card Removal","floor":10.0,"gold_loss":75.0,"damage_taken":0.0},{"damage_healed":0.0,"max_hp_gain":0.0,"max_hp_loss":0.0,"gold_gain":0.0,"event_name":"Forgotten Altar","player_choice":"Gave Idol","floor":19.0,"relics_lost":["Golden Idol"],"gold_loss":0.0,"damage_taken":0.0,"relics_obtained":["Bloody Idol"]},{"damage_healed":0.0,"max_hp_gain":0.0,"max_hp_loss":0.0,"gold_gain":0.0,"event_name":"Masked Bandits","player_choice":"Fought Bandits","floor":22.0,"gold_loss":0.0,"damage_taken":0.0},{"damage_healed":0.0,"max_hp_gain":0.0,"max_hp_loss":0.0,"gold_gain":0.0,"event_name":"Vampires","player_choice":"Ignored","floor":27.0,"gold_loss":0.0,"damage_taken":0.0}],"is_beta":false,"boss_relics":[{"not_picked":["Philosopher\u0027s Stone","Pandora\u0027s Box"],"picked":"Snecko Eye"}],"items_purged_floors":[],"is_endless":false,"potions_floor_spawned":[1,5,6,16,18,25],"killed_by":"Slavers","ascension_level":19}}