{"host":"0ghi9uxs64f8c30g","time":1614023727,"event":{"mods":["BaseMod","Downfall","Minty Spire (QoL Compilation)","StSLib"],"gold_per_floor":[211,222,222,238,238,238,238,513,513,513,527,47,47,57,57,157,157,170,182,4,4,4,21,21,21],"floor_reached":24,"language":"ENG","playtime":778,"items_purged":["Regret","Strike_R"],"score":251,"play_id":"01f1d1fc-3be7-411d-bd4c-c222cdcb5880","local_time":"20210222205527","is_ascension_mode":true,"campfire_choices":[{"floor":7,"key":"REST"},{"data":"Thunderclap","floor":10,"key":"SMITH"},{"floor":13,"key":"REST"},{"floor":15,"key":"REST"}],"circlet_count":0,"master_deck":["Strike_R","Strike_R","Strike_R","Strike_R","Defend_R","Defend_R","Defend_R","Defend_R","Bash","Armaments+1","Thunderclap+1","Blood for Blood","Blood for Blood","Necronomicurse","RitualDagger","Rampage+1"],"relics":["Burning Blood","Kunai","Oddly Smooth Stone","Pen Nib","MealTicket","Singing Bowl","Busted Crown","Necronomicon"],"acts_visited":["Exordium","TheCity"],"potions_floor_usage":[16,16,16],"damage_taken":[{"damage":16,"enemies":"Cultist","floor":1,"turns":4},{"damage":5,"enemies":"Small Slimes","floor":2,"turns":3},{"damage":5,"enemies":"2 Louse","floor":4,"turns":2},{"damage":17,"enemies":"2 Fungi Beasts","floor":11,"turns":3},{"damage":34,"enemies":"Gremlin Gang","floor":14,"turns":4},{"damage":32,"enemies":"The Guardian","floor":16,"turns":7},{"damage":19,"enemies":"2 Thieves","floor":18,"turns":3},{"damage":27,"enemies":"Shell Parasite","floor":19,"turns":3},{"damage":15,"enemies":"Chosen and Byrds","floor":23,"turns":4},{"damage":34,"enemies":"3 Cultists","floor":24,"turns":4}],"seed_played":"8479700454775163645","potions_obtained":[{"floor":2,"key":"Fire Potion"},{"floor":4,"key":"ColorlessPotion"},{"floor":14,"key":"Swift Potion"},{"floor":16,"key":"sneckomod:MuddlingPotion"},{"floor":23,"key":"SteroidPotion"}],"is_trial":false,"path_per_floor":["M","M","T","M","?","?","R","?","T","R","M","$","R","M","R","B",null,"M","M","$","?","?","M","M"],"character_chosen":"IRONCLAD","items_purchased":["MealTicket","Singing Bowl","Blood for Blood"],"campfire_rested":3,"item_purchase_floors":[12,12,20],"current_hp_per_floor":[62,63,63,64,39,39,63,63,63,63,52,52,76,50,74,50,76,65,46,61,45,39,30,0,0],"gold":21,"neow_bonus":"HUNDRED_GOLD","is_daily":false,"chose_seed":false,"campfire_upgraded":1,"win_rate":0.0,"timestamp":1614023727,"path_taken":["M","M","?","M","?","?","R","?","T","R","M","$","R","M","R","BOSS","M","?","$","?","?","M","M"],"items_purchased_type":["Relic","Relic","Card"],"build_version":"2020-12-22","purchased_purges":2,"victory":false,"max_hp_per_floor":[80,80,80,80,80,80,80,80,80,80,80,80,80,82,82,84,84,86,88,88,88,88,88,88,88],"card_choices":[{"not_picked":["Headbutt","Infernal Blade"],"picked":"Armaments","floor":1},{"not_picked":["Cleave","Headbutt"],"picked":"Thunderclap","floor":2},{"not_picked":["Fire Breathing","True Grit","Headbutt"],"picked":"SKIP","floor":4},{"not_picked":["Disarm","Battle Trance"],"picked":"Blood for Blood","floor":11},{"not_picked":["Cleave","Sword Boomerang","Warcry"],"picked":"Singing Bowl","floor":14},{"not_picked":["Demon Form","Exhume","Bludgeon"],"picked":"Singing Bowl","floor":16},{"not_picked":["Warcry"],"picked":"Singing Bowl","floor":18},{"not_picked":["Body Slam"],"picked":"Singing Bowl","floor":19},{"not_picked":[],"picked":"Rampage+1","floor":23}],"player_experience":216989,"relics_obtained":[{"floor":3,"key":"Kunai"},{"floor":9,"key":"Pen Nib"},{"floor":21,"key":"Necronomicon"}],"event_choices":[{"damage_healed":0,"gold_gain":0,"player_choice":"Success","damage_taken":25,"relics_obtained":["Oddly Smooth Stone"],"max_hp_gain":0,"max_hp_loss":0,"event_name":"Scrap Ooze","floor":5,"gold_loss":0},{"damage_healed":0,"gold_gain":0,"player_choice":"Grow","damage_taken":0,"max_hp_gain":0,"max_hp_loss":0,"event_name":"Living Wall","floor":6,"gold_loss":0,"cards_upgraded":["Armaments"]},{"damage_healed":0,"gold_gain":275,"player_choice":"Desecrate","damage_taken":0,"max_hp_gain":0,"max_hp_loss":0,"event_name":"Golden Shrine","floor":8,"gold_loss":0,"cards_obtained":["Regret"]},{"damage_healed":0,"gold_gain":0,"player_choice":"Obtained Book","damage_taken":16,"max_hp_gain":0,"max_hp_loss":0,"event_name":"Cursed Tome","floor":21,"gold_loss":0},{"damage_healed":0,"gold_gain":0,"player_choice":"Joined the Cult","damage_taken":6,"max_hp_gain":0,"max_hp_loss":0,"event_name":"Nest","floor":22,"gold_loss":0,"cards_obtained":["RitualDagger"]}],"is_beta":false,"boss_relics":[{"not_picked":["Calling Bell","Philosopher\u0027s Stone"],"picked":"Busted Crown"}],"items_purged_floors":[12,20],"is_endless":false,"potions_floor_spawned":[2,4,14,16,23],"killed_by":"3 Cultists","ascension_level":7}}