{"host":"cfqfeqi6u2qx5u0e","time":1614011929,"event":{"mods":["AchievementEnabler","BaseMod","Colored Powertips","Minty Spire (QoL Compilation)","Quick Restart","StSLib"],"gold_per_floor":[161,178,192,207,226,226,258,258,258,258,276,302,302,314,314,418,418,431,449,467,482,397,427,444,459,483,14,14,14,414,443,443,545,545,556,327,327,339,355,384,384,416,416,416,416,436,0,12,12,12,12,12,4161,4195,4195],"floor_reached":56,"language":"ENG","playtime":4943,"items_purged":["Strike_B","Defend_B","Strike_B"],"score":1535,"play_id":"d8e55449-55cf-4803-b624-08ae66448360","local_time":"20210222083849","is_ascension_mode":true,"campfire_choices":[{"floor":6,"key":"REST"},{"floor":10,"key":"REST"},{"floor":13,"key":"REST"},{"floor":15,"key":"REST"},{"data":"Double Energy","floor":28,"key":"SMITH"},{"data":"Rainbow","floor":32,"key":"SMITH"},{"floor":41,"key":"REST"},{"floor":44,"key":"REST"},{"floor":49,"key":"RECALL"},{"data":"Stack","floor":52,"key":"SMITH"}],"circlet_count":0,"master_deck":["Strike_B+1","Defend_B","Defend_B","Defend_B","Zap","Dualcast","Double Energy+1","Aggregate","White Noise","Steam+1","Stack","Loop","Defragment+1","Capacitor+1","Coolheaded+1","White Noise","Rainbow+1","Double Energy+1","Loop+1","Biased Cognition+1","White Noise","Core Surge+1","Conserve Battery+1","Static Discharge+1","Capacitor+1","Stack+1","Static Discharge+1","Echo Form+1","CurseOfTheBell","Barrage+1","Fusion","Glacier+1","White Noise+1","Tempest","Defragment+1","Heatsinks+1","Core Surge+1"],"relics":["Tiny House","Frozen Egg 2","Bag of Marbles","Nuclear Battery","Molten Egg 2","Singing Bowl","Boot","Cables","Chemical X","Tiny Chest","Old Coin","Letter Opener","Vajra","Calling Bell","Oddly Smooth Stone","Ornamental Fan","Gambling Chip","MealTicket","Sundial","Pocketwatch","Mummified Hand","Torii","Lantern","War Paint","Mango","ClockworkSouvenir","Lizard Tail"],"acts_visited":["Exordium","TheCity","TheBeyond","TheEnding"],"potions_floor_usage":[7,11,12,12,12,18,24,24,24,31,40,50,55],"damage_taken":[{"damage":9,"enemies":"Cultist","floor":1,"turns":5},{"damage":13,"enemies":"Small Slimes","floor":2,"turns":5},{"damage":5,"enemies":"2 Louse","floor":3,"turns":3},{"damage":12,"enemies":"Red Slaver","floor":4,"turns":5},{"damage":18,"enemies":"3 Louse","floor":5,"turns":6},{"damage":38,"enemies":"Lagavulin","floor":7,"turns":8},{"damage":35,"enemies":"Gremlin Gang","floor":11,"turns":8},{"damage":9,"enemies":"3 Sentries","floor":12,"turns":7},{"damage":8,"enemies":"Blue Slaver","floor":14,"turns":5},{"damage":29,"enemies":"The Guardian","floor":16,"turns":13},{"damage":28,"enemies":"3 Byrds","floor":18,"turns":6},{"damage":11,"enemies":"Chosen","floor":19,"turns":7},{"damage":40,"enemies":"Snecko","floor":20,"turns":9},{"damage":0,"enemies":"Centurion and Healer","floor":21,"turns":1},{"damage":0,"enemies":"Slavers","floor":23,"turns":1},{"damage":0,"enemies":"Cultist and Chosen","floor":24,"turns":3},{"damage":8,"enemies":"3 Cultists","floor":25,"turns":3},{"damage":18,"enemies":"Colosseum Slavers","floor":30,"turns":3},{"damage":0,"enemies":"Colosseum Nobs","floor":30,"turns":2},{"damage":9,"enemies":"Gremlin Leader","floor":31,"turns":7},{"damage":41,"enemies":"Champ","floor":33,"turns":9},{"damage":41,"enemies":"3 Darklings","floor":35,"turns":10},{"damage":16,"enemies":"Orb Walker","floor":38,"turns":5},{"damage":0,"enemies":"Maw","floor":39,"turns":4},{"damage":18,"enemies":"Reptomancer","floor":40,"turns":3},{"damage":29,"enemies":"Nemesis","floor":42,"turns":7},{"damage":14,"enemies":"Sphere and 2 Shapes","floor":46,"turns":4},{"damage":0,"enemies":"Transient","floor":48,"turns":5},{"damage":30,"enemies":"Awakened One","floor":50,"turns":7},{"damage":27,"enemies":"Shield and Spear","floor":54,"turns":4},{"damage":44,"enemies":"The Heart","floor":55,"turns":6}],"seed_played":"1589446150261857111","potions_obtained":[{"floor":0,"key":"Dexterity Potion"},{"floor":3,"key":"Ancient Potion"},{"floor":5,"key":"Regen Potion"},{"floor":7,"key":"Strength Potion"},{"floor":11,"key":"BlessingOfTheForge"},{"floor":16,"key":"LiquidMemories"},{"floor":18,"key":"LiquidBronze"},{"floor":19,"key":"Energy Potion"},{"floor":23,"key":"Weak Potion"},{"floor":30,"key":"AttackPotion"},{"floor":38,"key":"PotionOfCapacity"},{"floor":39,"key":"FocusPotion"},{"floor":40,"key":"Ancient Potion"}],"is_trial":false,"path_per_floor":["M","M","M","M","M","R","E","?","T","R","M","E","R","M","R","B",null,"M","M","M","M","?","E","M","M","T","$","R","?","?","E","R","B",null,"M","$","?","M","M","E","R","E","T","R","T","M","$","M","R","B",null,"R","$","E","B",null],"character_chosen":"DEFECT","items_purchased":["Cables","Capacitor+1","Chemical X","MealTicket","Tempest","FairyPotion","Lantern","War Paint","Mango","ClockworkSouvenir","SpeedPotion","Heatsinks+1"],"campfire_rested":6,"item_purchase_floors":[27,27,27,36,47,47,47,53,53,53,53,53],"current_hp_per_floor":[71,58,53,41,23,47,24,24,24,48,13,4,28,20,44,15,80,52,41,1,1,1,1,1,43,43,43,43,43,75,66,66,25,80,41,41,41,27,27,11,36,7,7,32,32,18,33,33,33,3,86,86,100,73,29],"gold":4195,"neow_bonus":"BOSS_RELIC","is_daily":false,"chose_seed":false,"campfire_upgraded":3,"win_rate":0.0,"timestamp":1614011929,"path_taken":["M","M","M","M","M","R","E","?","T","R","M","E","R","M","R","BOSS","M","M","M","M","?","E","M","M","T","$","R","?","?","E","R","BOSS","M","$","?","?","M","E","R","E","T","R","?","M","$","M","R","BOSS","R","$","E","BOSS"],"items_purchased_type":["Relic","Card","Relic","Relic","Card","Potion","Relic","Relic","Relic","Relic","Potion","Card"],"build_version":"2020-12-22","purchased_purges":3,"victory":true,"max_hp_per_floor":[80,80,80,80,80,80,80,80,80,80,80,80,80,80,80,80,80,80,80,80,80,80,80,80,80,80,80,80,80,80,80,80,80,80,82,82,82,84,84,86,86,86,86,86,86,86,86,86,86,86,86,86,100,100,100],"card_choices":[{"not_picked":["Leap","Rebound"],"picked":"Double Energy","floor":0},{"not_picked":["Skim","Barrage"],"picked":"Aggregate","floor":1},{"not_picked":["Compile Driver","Conserve Battery"],"picked":"White Noise","floor":2},{"not_picked":["Gash","Compile Driver"],"picked":"Steam","floor":3},{"not_picked":["Glacier","Hologram"],"picked":"Stack","floor":4},{"not_picked":["Beam Cell","Meteor Strike"],"picked":"Loop","floor":5},{"not_picked":["White Noise","Gash"],"picked":"Defragment+1","floor":7},{"not_picked":["Sweeping Beam","Turbo"],"picked":"Capacitor+1","floor":11},{"not_picked":["Scrape","Undo"],"picked":"Coolheaded","floor":12},{"not_picked":["Scrape","Reprogram"],"picked":"White Noise","floor":14},{"not_picked":["Machine Learning+1","Fission"],"picked":"Rainbow","floor":16},{"not_picked":["Conserve Battery","Sweeping Beam+1"],"picked":"Double Energy+1","floor":18},{"not_picked":["Genetic Algorithm+1","Stack"],"picked":"Loop+1","floor":19},{"not_picked":["Hologram","Beam Cell+1"],"picked":"Biased Cognition+1","floor":20},{"not_picked":["Recycle","Compile Driver"],"picked":"White Noise","floor":21},{"not_picked":["Coolheaded+1","Barrage+1"],"picked":"Core Surge+1","floor":23},{"not_picked":["Ball Lightning+1","Chaos"],"picked":"Conserve Battery+1","floor":24},{"not_picked":["Beam Cell+1","Skim"],"picked":"Static Discharge+1","floor":25},{"not_picked":["Redo","Chaos"],"picked":"Stack","floor":30},{"not_picked":["Auto Shields+1","Cold Snap+1"],"picked":"Static Discharge+1","floor":31},{"not_picked":["Multi-Cast","Hyperbeam+1"],"picked":"Echo Form+1","floor":33},{"not_picked":["Ball Lightning+1","Coolheaded","Go for the Eyes+1"],"picked":"Singing Bowl","floor":35},{"not_picked":["Ball Lightning+1","Barrage+1","Go for the Eyes+1"],"picked":"Singing Bowl","floor":38},{"not_picked":["Compile Driver+1","Beam Cell+1"],"picked":"Fusion","floor":39},{"not_picked":["Hello World+1","Cold Snap+1","Rebound+1"],"picked":"Singing Bowl","floor":40},{"not_picked":["Go for the Eyes+1","Gash+1"],"picked":"Glacier+1","floor":42},{"not_picked":["Blizzard+1","Stack+1"],"picked":"White Noise+1","floor":46},{"not_picked":["Sweeping Beam+1","Turbo"],"picked":"Defragment+1","floor":48},{"not_picked":["Rebound+1","Gash+1"],"picked":"Core Surge+1","floor":54}],"player_experience":111755,"relics_obtained":[{"floor":7,"key":"Frozen Egg 2"},{"floor":12,"key":"Bag of Marbles"},{"floor":23,"key":"Singing Bowl"},{"floor":26,"key":"Boot"},{"floor":30,"key":"Old Coin"},{"floor":30,"key":"Letter Opener"},{"floor":31,"key":"Vajra"},{"floor":34,"key":"Oddly Smooth Stone"},{"floor":34,"key":"Ornamental Fan"},{"floor":34,"key":"Gambling Chip"},{"floor":40,"key":"Sundial"},{"floor":42,"key":"Pocketwatch"},{"floor":43,"key":"Mummified Hand"},{"floor":45,"key":"Torii"},{"floor":54,"key":"Lizard Tail"}],"event_choices":[{"damage_healed":0,"gold_gain":0,"player_choice":"Ignored","damage_taken":0,"max_hp_gain":0,"max_hp_loss":0,"event_name":"Golden Wing","floor":8,"gold_loss":0},{"damage_healed":0,"gold_gain":0,"player_choice":"Obtained Relic","damage_taken":0,"relics_obtained":["Molten Egg 2"],"max_hp_gain":0,"max_hp_loss":0,"event_name":"Addict","floor":22,"gold_loss":85},{"damage_healed":0,"gold_gain":0,"player_choice":"Opened","damage_taken":0,"relics_obtained":["Tiny Chest"],"max_hp_gain":0,"max_hp_loss":0,"event_name":"The Mausoleum","floor":29,"gold_loss":0},{"damage_healed":0,"gold_gain":0,"player_choice":"Fight","damage_taken":0,"max_hp_gain":0,"max_hp_loss":0,"event_name":"Colosseum","floor":30,"gold_loss":0},{"damage_healed":0,"gold_gain":0,"player_choice":"Fought Nobs","damage_taken":0,"max_hp_gain":0,"max_hp_loss":0,"event_name":"Colosseum","floor":30,"gold_loss":0},{"damage_healed":0,"gold_gain":0,"cards_transformed":["Strike_B"],"player_choice":"Transformed","damage_taken":0,"max_hp_gain":0,"max_hp_loss":0,"event_name":"Transmorgrifier","floor":37,"gold_loss":0,"cards_obtained":["Barrage"]}],"is_beta":false,"boss_relics":[{"not_picked":["Cursed Key","Fusion Hammer"],"picked":"Nuclear Battery"},{"not_picked":["SacredBark","Astrolabe"],"picked":"Calling Bell"}],"items_purged_floors":[36,47,53],"is_endless":false,"potions_floor_spawned":[3,5,7,11,16,18,19,23,30,38,39,40],"ascension_level":2}}