{"host":"qiddgr1lyn3b7c88","time":1614014702,"event":{"mods":["Aspiration","BaseMod","Colored Map","Highlight Path","Minty Spire (QoL Compilation)","Replay The Spire","Shop Mod","StSLib","Synergy Search","The Alterego","egg"],"gold_per_floor":[114,131,148,0,11,11,28,28,28,28,54,54,74,86,86,190,190,203,217,231,245,595,595,62,62,89,120,168,105,117,117],"floor_reached":30,"language":"ENG","playtime":1587,"items_purged":["Doubt","ReplayTheSpireMod:Splinters"],"score":426,"play_id":"bee3fb1c-2562-4cce-92f6-622b08493d84","local_time":"20210222122502","is_ascension_mode":true,"campfire_choices":[{"data":"Apotheosis","floor":6,"key":"SMITH"},{"data":"FIFO Queue","floor":8,"key":"SMITH"},{"data":"Storm","floor":12,"key":"SMITH"},{"data":"Recycle","floor":23,"key":"SMITH"},{"floor":25,"key":"REST"}],"circlet_count":0,"master_deck":["Strike_B","Strike_B","Defend_B","Defend_B","Defend_B","Defend_B","Zap","Dualcast","Apotheosis+1","Conserve Battery","Darkness","FTL","Barrage","Coolheaded","Genetic Algorithm","FIFO Queue+1","Storm+1","Rebound","Coolheaded","Steam","ReplayRNGCard","ReplayTheSpireMod:Calculation Training+1","White Noise","Doom and Gloom","Sweeping Beam","ReplayTheSpireMod:Calculation Training","Recycle+1","Sickly","Loop","Cold Snap","Stack+1","Lockon+1","Spreading Infection","Leap+1"],"relics":["Cracked Core","Happy Flower","Potion Belt","aspiration:RitualDagger","Prayer Wheel","ReplayTheSpireMod:Ring of Addiction","Toy Ornithopter","White Beast Statue","Ring of Greed","Old Coin","Golden Idol","DataDisk","Sling","MawBank","Omamori"],"acts_visited":["Exordium","TheCity"],"potions_floor_usage":[11,11,16,19,27,28,30],"damage_taken":[{"damage":4,"enemies":"Small Slimes","floor":1,"turns":3},{"damage":0,"enemies":"Cultist","floor":2,"turns":4},{"damage":3,"enemies":"2 Louse","floor":3,"turns":4},{"damage":4,"enemies":"2 Fungi Beasts","floor":5,"turns":4},{"damage":8,"enemies":"Exordium Wildlife","floor":7,"turns":5},{"damage":20,"enemies":"Gremlin Nob","floor":11,"turns":4},{"damage":15,"enemies":"3 Louse","floor":13,"turns":4},{"damage":0,"enemies":"2 Fungi Beasts","floor":14,"turns":3},{"damage":0,"enemies":"Hexaghost","floor":16,"turns":7},{"damage":22,"enemies":"Spheric Guardian","floor":18,"turns":4},{"damage":34,"enemies":"2 Thieves","floor":19,"turns":5},{"damage":24,"enemies":"Centurion and Healer","floor":20,"turns":6},{"damage":71,"enemies":"3 Cultists","floor":21,"turns":6},{"damage":35,"enemies":"Snecko","floor":27,"turns":7},{"damage":49,"enemies":"Gremlin Leader","floor":28,"turns":5},{"damage":23,"enemies":"Sentry and Sphere","floor":30,"turns":3}],"seed_played":"-1444157684768757514","potions_obtained":[{"floor":2,"key":"PowerPotion"},{"floor":3,"key":"Languid Potion"},{"floor":7,"key":"Adrenaline Potion"},{"floor":16,"key":"Swift Potion"},{"floor":19,"key":"Strength Potion"},{"floor":22,"key":"Flashbang"},{"floor":22,"key":"Elixir"},{"floor":22,"key":"BlessingOfTheForge"},{"floor":27,"key":"Venom Potion"},{"floor":28,"key":"EssenceOfSteel"}],"is_trial":false,"path_per_floor":["M","M","M","$","M","R","M","R","T","?","E","R","M","M","R_BF","B",null,"M","M","M","M","?","R","$","R","T","M","E","?","M"],"character_chosen":"DEFECT","items_purchased":["Barrage","Coolheaded","DataDisk","Loop","Sling","Cold Snap"],"campfire_rested":1,"item_purchase_floors":[4,4,24,24,24,24],"current_hp_per_floor":[64,64,61,61,57,57,49,49,49,49,29,29,14,14,14,14,60,38,4,75,25,25,25,25,47,47,33,9,9,0,0],"gold":117,"neow_bonus":"RANDOM_COLORLESS_2","is_daily":false,"chose_seed":false,"campfire_upgraded":4,"win_rate":0.0,"timestamp":1614014702,"path_taken":["M","M","M","$","M","R","M","R","T","?","E","R","M","?","R_BF","BOSS","M","M","M","M","?","R","$","R","T","M","E","?","?"],"items_purchased_type":["Card","Card","Relic","Card","Relic","Card"],"build_version":"2020-12-22","purchased_purges":2,"victory":false,"max_hp_per_floor":[75,75,75,75,75,75,75,75,75,75,75,75,75,75,75,75,75,75,75,75,75,75,75,75,75,73,73,73,73,73,73],"card_choices":[{"not_picked":["Panache","Master of Strategy"],"picked":"Apotheosis","floor":0},{"not_picked":["Gash","ReplayTheSpireMod:System Scan"],"picked":"Conserve Battery","floor":1},{"not_picked":["Steam","aspiration:Polymerization"],"picked":"Darkness","floor":2},{"not_picked":["Reprogram","ReplayTheSpireMod:System Scan"],"picked":"FTL","floor":3},{"not_picked":["Compile Driver","Leap"],"picked":"Genetic Algorithm","floor":5},{"not_picked":["Streamline","Hologram"],"picked":"FIFO Queue","floor":7},{"not_picked":["Compile Driver","aspiration:Polymerization"],"picked":"Rebound","floor":11},{"not_picked":["Genetic Algorithm","ReplaySort"],"picked":"Coolheaded","floor":13},{"not_picked":["ReplayTheSpireMod:GoodbyeWorld","Auto Shields"],"picked":"Steam","floor":14},{"not_picked":["ReplayTheSpireMod:Omega Cannon","Rainbow"],"picked":"ReplayTheSpireMod:Fabricate Wheel","floor":16},{"not_picked":["Gash","Undo"],"picked":"ReplayTheSpireMod:Calculation Training+1","floor":18},{"not_picked":["Coolheaded","ReplayTheSpireMod:Reroute Power","Leap"],"picked":"SKIP","floor":18},{"not_picked":["Gash","Go for the Eyes"],"picked":"White Noise","floor":19},{"not_picked":["Tempest","ReplayTheSpireMod:System Scan","Aggregate+1"],"picked":"SKIP","floor":19},{"not_picked":["BasicCrystalCard+1","Fusion"],"picked":"Doom and Gloom","floor":20},{"not_picked":["Steam","Stack"],"picked":"Sweeping Beam","floor":20},{"not_picked":["Stack","Gash"],"picked":"ReplayTheSpireMod:Calculation Training","floor":21},{"not_picked":["Amplify","Go for the Eyes"],"picked":"Recycle","floor":21},{"not_picked":["Steam Power","Turbo+1"],"picked":"Stack+1","floor":27},{"not_picked":["Crystallizer+1","ReplayTheSpireMod:Reroute Power+1"],"picked":"Lockon+1","floor":27},{"not_picked":["Compile Driver","Chaos"],"picked":"Leap+1","floor":28}],"player_experience":1056062,"relics_obtained":[{"floor":9,"key":"Happy Flower"},{"floor":11,"key":"Potion Belt"},{"floor":22,"key":"ReplayTheSpireMod:Ring of Addiction"},{"floor":22,"key":"Toy Ornithopter"},{"floor":22,"key":"White Beast Statue"},{"floor":22,"key":"Ring of Greed"},{"floor":22,"key":"Old Coin"},{"floor":22,"key":"Golden Idol"},{"floor":26,"key":"MawBank"},{"floor":28,"key":"Omamori"}],"event_choices":[{"damage_healed":0,"gold_gain":0,"cards_transformed":["Strike_B"],"player_choice":"Transformed","damage_taken":0,"max_hp_gain":0,"max_hp_loss":0,"event_name":"Transmorgrifier","floor":10,"gold_loss":0,"cards_obtained":["Storm"]},{"cards_removed":["Overencumbered"],"damage_healed":0,"gold_gain":0,"player_choice":"Gave Gold","damage_taken":0,"max_hp_gain":0,"max_hp_loss":0,"event_name":"Beggar","floor":29,"gold_loss":75}],"is_beta":false,"boss_relics":[{"not_picked":["Calling Bell","Replay:Ancient Bell"],"picked":"aspiration:RitualDagger"}],"items_purged_floors":[4,24],"is_endless":false,"potions_floor_spawned":[2,3,7,16,19,27,28],"killed_by":"Sentry and Sphere","ascension_level":8}}