{"host":"a6m4v7p1efmaozv7","time":1614000173,"event":{"mods":["BaseMod","Colored Map","Colored Powertips","DeckTracker","Keyboard Shortcuts","Minty Spire (QoL Compilation)","Permanent Neow","Relic Stats","StSLib","SuperFastMode"],"gold_per_floor":[115,127,277,277,147,147,175,175,175,207,187,204,216,226,226,300,300,320,320,59,71,89,89,123,141,141,141,175,189,13,32,32,106,106,117,131,131,147,158,177,196,196,223,223,255,275,275,305,305,305,305,305,305,49,78,78],"floor_reached":57,"language":"ENG","playtime":2312,"items_purged":["Doubt","Strike_R","Strike_R","Heavy Blade"],"score":3032,"play_id":"4bbeb156-f843-4ed0-9c87-046236623dd8","local_time":"20210222222253","is_ascension_mode":true,"campfire_choices":[{"data":"Armaments","floor":6.0,"key":"SMITH"},{"data":"Body Slam","floor":8.0,"key":"SMITH"},{"data":"Hemokinesis","floor":15.0,"key":"SMITH"},{"data":"Immolate","floor":23.0,"key":"SMITH"},{"floor":27.0,"key":"REST"},{"data":"Dark Embrace","floor":32.0,"key":"SMITH"},{"data":"Evolve","floor":44,"key":"SMITH"},{"floor":47,"key":"RECALL"},{"data":"Brutality","floor":49,"key":"SMITH"},{"data":"Metallicize","floor":53,"key":"SMITH"}],"circlet_count":0,"master_deck":["AscendersBane","Bash","Hemokinesis+1","Body Slam+1","Armaments+1","Immolate+1","Second Wind+1","Dark Embrace+1","True Grit+1","Power Through+1","Offering+1","True Grit+1","Brutality+1","Metallicize+1","Feed","Limit Break+1","Sever Soul","Shrug It Off+1","Madness+1","Madness+1","Evolve+1","Parasite","Warcry+1","Feel No Pain"],"relics":["Burning Blood","NeowsBlessing","FossilizedHelix","Toxic Egg 2","Nunchaku","Boot","Cursed Key","TheAbacus","Ancient Tea Set","Mercury Hourglass","Pandora\u0027s Box","Ginger","Red Skull","Ice Cream"],"acts_visited":["Exordium","TheCity","TheBeyond","TheEnding"],"potions_floor_usage":[33,33,40,46,56,56],"damage_taken":[{"damage":0.0,"enemies":"Small Slimes","floor":1.0,"turns":1.0},{"damage":0.0,"enemies":"Jaw Worm","floor":2.0,"turns":1.0},{"damage":0.0,"enemies":"Lagavulin","floor":7.0,"turns":1.0},{"damage":24.0,"enemies":"3 Sentries","floor":10.0,"turns":12.0},{"damage":0.0,"enemies":"2 Louse","floor":12.0,"turns":3.0},{"damage":2.0,"enemies":"Gremlin Gang","floor":13.0,"turns":5.0},{"damage":2.0,"enemies":"Blue Slaver","floor":14.0,"turns":4.0},{"damage":4.0,"enemies":"Slime Boss","floor":16.0,"turns":6.0},{"damage":23.0,"enemies":"3 Byrds","floor":18.0,"turns":4.0},{"damage":2.0,"enemies":"Chosen","floor":21.0,"turns":4.0},{"damage":20.0,"enemies":"Snake Plant","floor":22.0,"turns":3.0},{"damage":30.0,"enemies":"Slavers","floor":24.0,"turns":4.0},{"damage":33.0,"enemies":"Cultist and Chosen","floor":25.0,"turns":5.0},{"damage":7.0,"enemies":"Gremlin Leader","floor":28.0,"turns":6.0},{"damage":6.0,"enemies":"3 Cultists","floor":29.0,"turns":4.0},{"damage":19.0,"enemies":"Snecko","floor":31.0,"turns":4.0},{"damage":19,"enemies":"Collector","floor":33,"turns":13},{"damage":10,"enemies":"3 Darklings","floor":35,"turns":3},{"damage":3,"enemies":"3 Shapes","floor":36,"turns":5},{"damage":4,"enemies":"Maw","floor":38,"turns":7},{"damage":34,"enemies":"Spire Growth","floor":39,"turns":6},{"damage":29,"enemies":"3 Darklings","floor":40,"turns":4},{"damage":7,"enemies":"Transient","floor":41,"turns":6},{"damage":6,"enemies":"Reptomancer","floor":45,"turns":5},{"damage":2,"enemies":"Jaw Worm Horde","floor":46,"turns":3},{"damage":10,"enemies":"Giant Head","floor":48,"turns":7},{"damage":26,"enemies":"Donu and Deca","floor":50,"turns":8},{"damage":15,"enemies":"Awakened One","floor":51,"turns":6},{"damage":24,"enemies":"Shield and Spear","floor":55,"turns":4},{"damage":44,"enemies":"The Heart","floor":56,"turns":9}],"seed_played":"-5933734631052609271","potions_obtained":[{"floor":1.0,"key":"DuplicationPotion"},{"floor":2.0,"key":"EssenceOfSteel"},{"floor":10.0,"key":"Ancient Potion"},{"floor":11.0,"key":"DistilledChaos"},{"floor":18.0,"key":"FairyPotion"},{"floor":19.0,"key":"FairyPotion"},{"floor":22.0,"key":"Block Potion"},{"floor":25.0,"key":"Dexterity Potion"},{"floor":31.0,"key":"ColorlessPotion"},{"floor":38,"key":"BloodPotion"},{"floor":40,"key":"SkillPotion"},{"floor":41,"key":"LiquidMemories"},{"floor":46,"key":"AttackPotion"},{"floor":48,"key":"Energy Potion"},{"floor":55,"key":"SpeedPotion"}],"is_trial":false,"path_per_floor":["M","M","?","?","$","R","E","R","T","E","?","M","M","M","R","B",null,"M","?","$","M","M","R","E","M","T","R","E","M","$","M","R","B",null,"M","M","?","M","M","M","M","?","T","R","E","M","R","E","R","B","B",null,"R","$","E","B",null],"character_chosen":"IRONCLAD","items_purchased":["Armaments","TheAbacus","True Grit+1","Warcry+1","Feel No Pain"],"campfire_rested":1,"item_purchase_floors":[5,20,30,54,54],"current_hp_per_floor":[74,75,75,70,70,70,75,75,75,57,57,63,67,71,71,73,75,58,58,58,62,48,48,24,26,26,48,47,47,47,34,34,21,62,58,64,50,55,31,25,24,70,70,70,73,77,77,77,77,61,52,77,77,77,62,24],"gold":78,"neow_bonus":"THREE_ENEMY_KILL","is_daily":false,"chose_seed":false,"campfire_upgraded":8,"win_rate":0.0,"timestamp":1614000173,"path_taken":["M","M","?","?","$","R","E","R","T","E","?","M","?","M","R","BOSS","M","?","$","?","?","R","E","M","T","R","E","M","$","M","R","BOSS","M","M","?","M","M","M","M","?","T","R","E","M","R","E","R","BOSS","BOSS","R","$","E","BOSS"],"items_purchased_type":["Card","Relic","Card","Card","Card"],"build_version":"2020-12-22","purchased_purges":4,"victory":true,"max_hp_per_floor":[75,75,75,75,75,75,75,75,75,75,75,75,75,75,75,75,75,75,75,75,75,75,75,75,75,75,75,75,75,75,75,75,75,75,75,78,78,81,85,85,85,70,70,70,73,77,77,81,81,85,85,85,85,85,88,88],"relic_stats":{"Nunchaku":[24],"TheAbacus":[642],"counters":[30,153],"Pandora\u0027s Box":["True Grit","Brutality","Heavy Blade","Metallicize","Feed","Limit Break","Sever Soul"],"Ginger":[4],"Boot":[18],"Cursed Key":1,"obtain_stats":[{"Ice Cream":55,"NeowsBlessing":0,"Ginger":45,"Boot":10,"Cursed Key":17,"Ancient Tea Set":24,"Burning Blood":0,"Mercury Hourglass":28,"Nunchaku":9,"TheAbacus":20,"Pandora\u0027s Box":34,"Toxic Egg 2":7,"FossilizedHelix":4,"Red Skull":48},{"Ice Cream":29,"NeowsBlessing":0,"Ginger":24,"Boot":4,"Cursed Key":8,"Ancient Tea Set":12,"Burning Blood":0,"Mercury Hourglass":14,"Nunchaku":3,"TheAbacus":9,"Pandora\u0027s Box":17,"Toxic Egg 2":3,"FossilizedHelix":2,"Red Skull":26},{"Ice Cream":144,"NeowsBlessing":0,"Ginger":116,"Boot":15,"Cursed Key":33,"Ancient Tea Set":48,"Burning Blood":0,"Mercury Hourglass":59,"Nunchaku":3,"TheAbacus":37,"Pandora\u0027s Box":80,"Toxic Egg 2":3,"FossilizedHelix":2,"Red Skull":126}],"Burning Blood":170,"Mercury Hourglass":[404]},"card_choices":[{"not_picked":["Power Through","Thunderclap"],"picked":"Hemokinesis","floor":1.0},{"not_picked":["Wild Strike","Feel No Pain"],"picked":"Body Slam","floor":2.0},{"not_picked":["Headbutt","Brutality","Perfected Strike"],"picked":"SKIP","floor":7.0},{"not_picked":["Iron Wave","Wild Strike","Sword Boomerang"],"picked":"SKIP","floor":10.0},{"not_picked":["Heavy Blade","Sever Soul","Whirlwind"],"picked":"SKIP","floor":12.0},{"not_picked":["Heavy Blade","Sever Soul","Whirlwind"],"picked":"SKIP","floor":12.0},{"not_picked":["Twin Strike","Thunderclap","Dropkick"],"picked":"SKIP","floor":13.0},{"not_picked":["Seeing Red+1","Cleave","Flex+1"],"picked":"SKIP","floor":14.0},{"not_picked":["Brutality","Corruption"],"picked":"Immolate","floor":16.0},{"not_picked":["Clash+1","Thunderclap"],"picked":"Second Wind+1","floor":18.0},{"not_picked":["Carnage","Iron Wave","Rupture+1"],"picked":"SKIP","floor":21.0},{"not_picked":["Perfected Strike","Anger","Clothesline"],"picked":"SKIP","floor":22.0},{"not_picked":["Pommel Strike","Blood for Blood"],"picked":"Dark Embrace","floor":24.0},{"not_picked":["Wild Strike","Iron Wave","Bloodletting+1"],"picked":"SKIP","floor":25.0},{"not_picked":["Dropkick","Spot Weakness+1","Thunderclap"],"picked":"SKIP","floor":28.0},{"not_picked":["Perfected Strike","Anger","Sever Soul"],"picked":"SKIP","floor":29.0},{"not_picked":["Searing Blow","Heavy Blade"],"picked":"Power Through+1","floor":31.0},{"not_picked":["Juggernaut","Limit Break+1"],"picked":"Offering+1","floor":33},{"not_picked":["Perfected Strike+1","Wild Strike","Sentinel+1"],"picked":"SKIP","floor":35},{"not_picked":["Reckless Charge","Flex+1"],"picked":"Shrug It Off+1","floor":36},{"not_picked":["Clash","Warcry+1"],"picked":"Evolve","floor":38},{"not_picked":["Havoc+1","Reckless Charge","Headbutt"],"picked":"SKIP","floor":39},{"not_picked":["Feel No Pain","Seeing Red+1","Iron Wave"],"picked":"SKIP","floor":40},{"not_picked":["Heavy Blade","Reckless Charge","Combust"],"picked":"SKIP","floor":41},{"not_picked":["Twin Strike","Sever Soul+1","Wild Strike"],"picked":"SKIP","floor":45},{"not_picked":["Heavy Blade","Anger","Thunderclap"],"picked":"SKIP","floor":46},{"not_picked":["Heavy Blade","Immolate","Armaments+1"],"picked":"SKIP","floor":48},{"not_picked":["Armaments+1","Clothesline+1","Rampage+1"],"picked":"SKIP","floor":55}],"player_experience":2008321,"relics_obtained":[{"floor":7.0,"key":"Toxic Egg 2"},{"floor":9.0,"key":"Nunchaku"},{"floor":10.0,"key":"Boot"},{"floor":24.0,"key":"Ancient Tea Set"},{"floor":28.0,"key":"Mercury Hourglass"},{"floor":45,"key":"Ginger"},{"floor":48,"key":"Red Skull"},{"floor":55,"key":"Ice Cream"}],"event_choices":[{"damage_healed":0.0,"max_hp_gain":0.0,"max_hp_loss":0.0,"gold_gain":150.0,"event_name":"Liars Game","player_choice":"AGREE","floor":3.0,"gold_loss":0.0,"damage_taken":0.0,"cards_obtained":["Doubt"]},{"damage_healed":0.0,"max_hp_gain":0.0,"max_hp_loss":0.0,"gold_gain":0.0,"event_name":"Scrap Ooze","player_choice":"Success","floor":4.0,"gold_loss":0.0,"damage_taken":5.0,"relics_obtained":["FossilizedHelix"]},{"damage_healed":0.0,"max_hp_gain":0.0,"max_hp_loss":0.0,"gold_gain":0.0,"event_name":"The Woman in Blue","player_choice":"Bought 1 Potion","floor":11.0,"gold_loss":0.0,"damage_taken":0.0},{"damage_healed":0.0,"max_hp_gain":0.0,"max_hp_loss":0.0,"gold_gain":0.0,"event_name":"Lab","player_choice":"Got Potions","floor":19.0,"gold_loss":0.0,"damage_taken":0.0},{"damage_healed":0,"gold_gain":0,"player_choice":"Embrace Madness","damage_taken":14,"max_hp_gain":0,"max_hp_loss":0,"event_name":"Winding Halls","floor":37,"gold_loss":0,"cards_obtained":["Madness","Madness"]},{"damage_healed":70,"gold_gain":0,"player_choice":"Heal","damage_taken":0,"max_hp_gain":0,"max_hp_loss":15,"event_name":"The Moai Head","floor":42,"gold_loss":0}],"is_beta":false,"boss_relics":[{"not_picked":["Mark of Pain","Black Blood"],"picked":"Cursed Key"},{"not_picked":["Fusion Hammer","Busted Crown"],"picked":"Pandora\u0027s Box"}],"items_purged_floors":[5,20,30,54],"is_endless":false,"potions_floor_spawned":[1,2,10,18,22,25,31,38,40,41,46,48,55],"ascension_level":20}}