{"host":"q0zivyteofxuwz3g","time":1614012424,"event":{"mods":["AchievementEnabler","BaseMod","BetterRewards","Minty Spire (QoL Compilation)","StSLib"],"gold_per_floor":[118,138,157,332,346,346,356,383,459,459,473,473,486,514,514,615,615,630,630,278,343,361,361,693,693,746,777,1102,1102,1119,1147,1147,1250,1250,1261,482,499,569,636,669,60,90,90,116,1,1,51,68,68,68,68,68,40,67,67,67],"floor_reached":55,"language":"ENG","playtime":3899,"items_purged":["Doubt","Regret"],"score":1175,"play_id":"ad9ffd1c-8894-4d30-a906-79d1528b0316","local_time":"20210222134704","is_ascension_mode":true,"campfire_choices":[{"data":"Apotheosis","floor":6,"key":"SMITH"},{"floor":10,"key":"REST"},{"floor":12,"key":"REST"},{"floor":15,"key":"RECALL"},{"floor":23,"key":"REST"},{"floor":25,"key":"REST"},{"floor":29,"key":"REST"},{"floor":32,"key":"REST"},{"floor":46,"key":"REST"},{"floor":49,"key":"REST"},{"floor":52,"key":"REST"}],"circlet_count":0,"master_deck":["Strike_B","Strike_B","Strike_B","Strike_B","Defend_B","Defend_B","Defend_B","Defend_B","Zap","Apotheosis+1","Consume","Rebound","Force Field","Ball Lightning","Fusion","Doom and Gloom","Beam Cell","Chaos","Aggregate","Echo Form","Hello World+1","Streamline","Conserve Battery+1","Auto Shields+1","Loop","Ball Lightning","Streamline","Double Energy+1","Fission+1","Fusion+1","Apotheosis+1","Secret Technique+1","Redo+1","Hello World+1","Sweeping Beam+1","FTL+1","Capacitor","Chrysalis+1","Self Repair+1","Machine Learning+1","Conserve Battery+1","Static Discharge+1","Hologram+1","Storm+1","Calculated Gamble+1"],"relics":["Cracked Core","Mercury Hourglass","Eternal Feather","Lizard Tail","Black Star","SsserpentHead","Toxic Egg 2","Smiling Mask","Old Coin","Pen Nib","Centennial Puzzle","Orichalcum","Boot","Fusion Hammer","MealTicket","Pantograph","DollysMirror","Question Card","Regal Pillow","Bag of Marbles","Mummified Hand","The Courier","Frozen Egg 2","Bronze Scales","Dream Catcher","Anchor","PrismaticShard","Happy Flower","Symbiotic Virus"],"acts_visited":["Exordium","TheCity","TheBeyond","TheEnding"],"potions_floor_usage":[14,14,18,21,24,27,33,33,39,40,42,44,48,55],"damage_taken":[{"damage":4,"enemies":"Jaw Worm","floor":1,"turns":3},{"damage":6,"enemies":"Cultist","floor":2,"turns":3},{"damage":0,"enemies":"Small Slimes","floor":3,"turns":3},{"damage":19,"enemies":"Gremlin Gang","floor":5,"turns":5},{"damage":20,"enemies":"Lots of Slimes","floor":7,"turns":3},{"damage":13,"enemies":"Gremlin Nob","floor":8,"turns":4},{"damage":12,"enemies":"Red Slaver","floor":11,"turns":4},{"damage":11,"enemies":"Looter","floor":13,"turns":2},{"damage":5,"enemies":"3 Sentries","floor":14,"turns":4},{"damage":38,"enemies":"Hexaghost","floor":16,"turns":7},{"damage":44,"enemies":"2 Thieves","floor":18,"turns":4},{"damage":14,"enemies":"Chosen","floor":21,"turns":4},{"damage":51,"enemies":"Shelled Parasite and Fungi","floor":22,"turns":6},{"damage":17,"enemies":"Gremlin Leader","floor":24,"turns":4},{"damage":21,"enemies":"Book of Stabbing","floor":27,"turns":5},{"damage":8,"enemies":"Snake Plant","floor":30,"turns":4},{"damage":49,"enemies":"Gremlin Leader","floor":31,"turns":5},{"damage":50,"enemies":"Champ","floor":33,"turns":9},{"damage":6,"enemies":"Orb Walker","floor":35,"turns":3},{"damage":6,"enemies":"3 Shapes","floor":37,"turns":3},{"damage":19,"enemies":"Writhing Mass","floor":38,"turns":4},{"damage":18,"enemies":"Transient","floor":39,"turns":5},{"damage":23,"enemies":"Nemesis","floor":40,"turns":5},{"damage":13,"enemies":"Giant Head","floor":42,"turns":8},{"damage":18,"enemies":"Nemesis","floor":44,"turns":5},{"damage":12,"enemies":"Jaw Worm Horde","floor":48,"turns":3},{"damage":47,"enemies":"Donu and Deca","floor":50,"turns":7},{"damage":22,"enemies":"Shield and Spear","floor":54,"turns":5},{"damage":76,"enemies":"The Heart","floor":55,"turns":3}],"seed_played":"5911314426365084978","potions_obtained":[{"floor":3,"key":"BlessingOfTheForge"},{"floor":8,"key":"FocusPotion"},{"floor":11,"key":"SkillPotion"},{"floor":16,"key":"ColorlessPotion"},{"floor":18,"key":"EssenceOfSteel"},{"floor":21,"key":"PotionOfCapacity"},{"floor":22,"key":"Explosive Potion"},{"floor":24,"key":"BlessingOfTheForge"},{"floor":37,"key":"Ancient Potion"},{"floor":39,"key":"Regen Potion"},{"floor":40,"key":"Dexterity Potion"},{"floor":42,"key":"Ancient Potion"},{"floor":44,"key":"SteroidPotion"},{"floor":54,"key":"SkillPotion"}],"is_trial":false,"path_per_floor":["M","M","M","?","M","R","M","E","T","R","M","R","M","E","R","B",null,"M","?","$","M","M","R","E","R","T","E","?","R","M","E","R","B",null,"M","$","M","M","M","E","$","E","T","E","$","R","?","M","R","B",null,"R","$","E","B"],"character_chosen":"DEFECT","items_purchased":["Apotheosis","Toxic Egg 2","Streamline","MealTicket","Pantograph","DollysMirror","Secret Technique+1","Bag of Marbles","Mummified Hand","Capacitor","Chrysalis+1","PrismaticShard","Storm+1"],"campfire_rested":9,"item_purchase_floors":[0,20,20,36,36,36,36,41,41,41,41,45,53],"current_hp_per_floor":[71,65,65,65,46,46,26,13,13,44,32,63,52,47,59,21,75,31,31,31,17,7,44,27,64,64,43,43,75,67,18,58,8,75,69,69,63,44,26,17,32,19,19,1,16,75,75,63,75,28,75,75,75,63,0,0],"gold":67,"neow_bonus":"","is_daily":false,"chose_seed":false,"campfire_upgraded":1,"win_rate":0.0,"timestamp":1614012424,"path_taken":["M","M","M","?","M","R","M","E","T","R","M","R","M","E","R","BOSS","M","?","$","?","M","R","E","R","T","E","?","R","M","E","R","BOSS","M","$","M","?","?","E","?","E","T","E","$","R","?","M","R","BOSS","R","$","E","BOSS"],"items_purchased_type":["Card","Relic","Card","Relic","Relic","Relic","Card","Relic","Relic","Card","Card","Relic","Card"],"build_version":"2020-12-22","purchased_purges":2,"victory":false,"max_hp_per_floor":[75,75,75,75,75,75,75,75,75,75,75,75,75,75,75,75,75,75,75,75,75,75,75,75,75,75,75,75,75,75,75,75,75,75,75,75,75,75,75,75,75,75,75,75,75,75,75,75,75,75,75,75,75,75,75,75],"card_choices":[{"not_picked":["Tempest","Beam Cell"],"picked":"Consume","floor":1},{"not_picked":["Steam","Steam Power"],"picked":"Rebound","floor":2},{"not_picked":["Beam Cell","Sweeping Beam"],"picked":"Force Field","floor":3},{"not_picked":["Coolheaded","Lockon"],"picked":"Ball Lightning","floor":5},{"not_picked":["Leap","Streamline"],"picked":"Fusion","floor":7},{"not_picked":["Sunder","Hologram"],"picked":"Doom and Gloom","floor":8},{"not_picked":["Turbo","Barrage"],"picked":"Beam Cell","floor":11},{"not_picked":["Steam Power","Leap"],"picked":"Chaos","floor":13},{"not_picked":["Fusion","Thunder Strike"],"picked":"Aggregate","floor":14},{"not_picked":["Machine Learning","Creative AI"],"picked":"Echo Form","floor":16},{"not_picked":["BootSequence","Auto Shields+1"],"picked":"Hello World+1","floor":18},{"not_picked":["Loop","Turbo+1"],"picked":"Conserve Battery+1","floor":21},{"not_picked":["Conserve Battery+1","Cold Snap"],"picked":"Auto Shields+1","floor":22},{"not_picked":["Meteor Strike","Coolheaded+1"],"picked":"Loop","floor":24},{"not_picked":["Rebound","Doom and Gloom"],"picked":"Ball Lightning","floor":27},{"not_picked":["Sweeping Beam","Turbo+1"],"picked":"Streamline","floor":30},{"not_picked":["Cold Snap","Aggregate+1"],"picked":"Double Energy+1","floor":31},{"not_picked":["All For One","Reboot+1"],"picked":"Fission+1","floor":33},{"not_picked":["Rebound+1","Hologram+1"],"picked":"Fusion+1","floor":35},{"not_picked":["Stack+1","Conserve Battery+1"],"picked":"Redo+1","floor":37},{"not_picked":["Leap+1","Stack+1"],"picked":"Hello World+1","floor":38},{"not_picked":["Compile Driver+1","Gash"],"picked":"Sweeping Beam+1","floor":39},{"not_picked":["Hologram+1","Steam Power+1"],"picked":"FTL+1","floor":40},{"not_picked":["Turbo+1","Compile Driver","Multi-Cast+1"],"picked":"Self Repair+1","floor":42},{"not_picked":["Rebound+1","Gash+1","Hologram+1"],"picked":"Machine Learning+1","floor":44},{"not_picked":["ThirdEye+1","EmptyFist","Wallop+1"],"picked":"Conserve Battery+1","floor":46},{"not_picked":["Compile Driver","DeceiveReality+1","Intimidate+1"],"picked":"Static Discharge+1","floor":48},{"not_picked":["Masterful Stab+1","Self Repair+1","CarveReality"],"picked":"Hologram+1","floor":49},{"not_picked":["Brilliance","Tempest+1","PathToVictory+1"],"picked":"Calculated Gamble+1","floor":54}],"player_experience":176759,"relics_obtained":[{"floor":8,"key":"Mercury Hourglass"},{"floor":9,"key":"Eternal Feather"},{"floor":14,"key":"Lizard Tail"},{"floor":24,"key":"Smiling Mask"},{"floor":24,"key":"Old Coin"},{"floor":27,"key":"Pen Nib"},{"floor":27,"key":"Centennial Puzzle"},{"floor":31,"key":"Orichalcum"},{"floor":31,"key":"Boot"},{"floor":40,"key":"Question Card"},{"floor":40,"key":"Regal Pillow"},{"floor":42,"key":"The Courier"},{"floor":42,"key":"Frozen Egg 2"},{"floor":43,"key":"Bronze Scales"},{"floor":44,"key":"Dream Catcher"},{"floor":44,"key":"Anchor"},{"floor":54,"key":"Happy Flower"},{"floor":54,"key":"Symbiotic Virus"}],"event_choices":[{"damage_healed":0,"gold_gain":175,"player_choice":"AGREE","damage_taken":0,"max_hp_gain":0,"max_hp_loss":0,"event_name":"Liars Game","floor":4,"gold_loss":0,"cards_obtained":["Doubt"]},{"damage_healed":0,"gold_gain":0,"player_choice":"Trade","damage_taken":0,"relics_obtained":["SsserpentHead"],"max_hp_gain":0,"max_hp_loss":0,"event_name":"FaceTrader","floor":19,"gold_loss":0},{"damage_healed":0,"gold_gain":275,"player_choice":"Desecrate","damage_taken":0,"max_hp_gain":0,"max_hp_loss":0,"event_name":"Golden Shrine","floor":28,"gold_loss":0,"cards_obtained":["Regret"]},{"cards_removed":["Dualcast"],"damage_healed":0,"gold_gain":0,"player_choice":"Removed Skill","damage_taken":0,"max_hp_gain":0,"max_hp_loss":0,"event_name":"Falling","floor":47,"gold_loss":0}],"is_beta":false,"boss_relics":[{"not_picked":["Runic Pyramid","FrozenCore"],"picked":"Black Star"},{"not_picked":["Philosopher\u0027s Stone","Coffee Dripper"],"picked":"Fusion Hammer"}],"items_purged_floors":[20,36],"is_endless":false,"potions_floor_spawned":[3,8,11,16,18,21,22,24,37,39,40,42,44,54],"killed_by":"The Heart","ascension_level":2}}