{"host":"ptk1shuto3uimndw","time":1614006202,"event":{"mods":["AchievementEnabler","BaseMod","Bestiary","Colored Map","Colored Powertips","Curses Come First","Minty Spire (QoL Compilation)","Quick Restart","Rare Cards Sparkle","Relic Stats","StSLib","Uncapped"],"gold_per_floor":[112,122,132,132,144,177,187,187,268,303,303,228,32,49,49,122,122,139,183,11,11,60,88,135,135,135,135,175,215,215,215],"floor_reached":30,"language":"ENG","playtime":873,"items_purged":["Strike_P"],"score":432,"play_id":"0a79bced-0bbe-4334-a824-e2048c278564","local_time":"20210222160322","is_ascension_mode":true,"campfire_choices":[{"data":"CrushJoints","floor":8,"key":"SMITH"},{"data":"Wish","floor":11,"key":"SMITH"},{"floor":15,"key":"REST"},{"data":"Wallop","floor":25,"key":"SMITH"},{"floor":27,"key":"REST"}],"circlet_count":0,"master_deck":["AscendersBane","Strike_P","Strike_P","Strike_P","Defend_P","Defend_P","Defend_P","Defend_P","Eruption","Vigilance","JustLucky","Prostrate","CrushJoints+1","Wallop+1","EmptyFist","Wish+1","Wish+1","CutThroughFate","Ragnarok","InnerPeace","EmptyBody","EmptyFist+1","Tantrum","Pray"],"relics":["PureWater","NeowsBlessing","GremlinMask","Tiny Chest","Blue Candle","StoneCalendar","Sozu","Happy Flower","Bag of Preparation","Bag of Marbles","Kunai"],"acts_visited":["Exordium","TheCity"],"potions_floor_usage":[19],"damage_taken":[{"damage":0,"enemies":"Cultist","floor":1,"turns":1},{"damage":0,"enemies":"Jaw Worm","floor":2,"turns":1},{"damage":0,"enemies":"2 Louse","floor":3,"turns":1},{"damage":2,"enemies":"2 Fungi Beasts","floor":5,"turns":6},{"damage":22,"enemies":"Lagavulin","floor":6,"turns":6},{"damage":25,"enemies":"Exordium Thugs","floor":7,"turns":4},{"damage":6,"enemies":"3 Sentries","floor":10,"turns":5},{"damage":0,"enemies":"Looter","floor":14,"turns":5},{"damage":21,"enemies":"Hexaghost","floor":16,"turns":6},{"damage":7,"enemies":"3 Byrds","floor":18,"turns":7},{"damage":3,"enemies":"Spheric Guardian","floor":19,"turns":3},{"damage":8,"enemies":"Shelled Parasite and Fungi","floor":22,"turns":7},{"damage":26,"enemies":"Book of Stabbing","floor":23,"turns":4},{"damage":28,"enemies":"3 Cultists","floor":28,"turns":7},{"damage":2,"enemies":"Chosen and Byrds","floor":29,"turns":4},{"damage":4,"enemies":"Snake Plant","floor":30,"turns":1}],"seed_played":"-3193336813961801453","potions_obtained":[{"floor":1,"key":"BottledMiracle"},{"floor":2,"key":"FearPotion"},{"floor":10,"key":"SteroidPotion"}],"is_trial":false,"path_per_floor":["M","M","M","?","M","E","M","R","T","E","R","$","$","M","R","B",null,"M","M","$","?","M","E","T","R","T","R","M","M","M"],"character_chosen":"WATCHER","items_purchased":["Wish","CutThroughFate","Happy Flower","EmptyBody"],"campfire_rested":2,"item_purchase_floors":[13,13,20,20],"current_hp_per_floor":[65,65,65,65,63,41,16,16,16,10,10,10,10,10,31,10,57,50,47,47,47,39,13,13,13,13,34,6,4,0,0],"gold":215,"neow_bonus":"THREE_ENEMY_KILL","is_daily":false,"chose_seed":false,"campfire_upgraded":3,"win_rate":0.0,"timestamp":1614006202,"path_taken":["M","M","?","?","?","E","M","R","T","E","R","?","$","M","R","BOSS","M","?","$","?","M","E","?","R","T","R","M","M","M"],"items_purchased_type":["Card","Card","Relic","Card"],"build_version":"2020-12-22","purchased_purges":1,"victory":false,"max_hp_per_floor":[72,72,72,72,72,72,72,72,72,72,72,72,72,72,72,72,72,72,72,72,72,72,72,72,72,72,72,72,72,72,72],"relic_stats":{"Sozu":3,"Happy Flower":[7],"counters":[16,68],"Blue Candle":[0],"Tiny Chest":1,"StoneCalendar":[40],"Bag of Preparation":[6],"Kunai":[4],"obtain_stats":[{"Sozu":17,"NeowsBlessing":0,"Happy Flower":20,"Blue Candle":9,"GremlinMask":4,"Tiny Chest":6,"StoneCalendar":10,"Bag of Preparation":23,"Bag of Marbles":24,"Kunai":26,"PureWater":0},{"Sozu":9,"NeowsBlessing":0,"Happy Flower":11,"Blue Candle":6,"GremlinMask":3,"Tiny Chest":5,"StoneCalendar":7,"Bag of Preparation":13,"Bag of Marbles":13,"Kunai":13,"PureWater":0},{"Sozu":35,"NeowsBlessing":0,"Happy Flower":45,"Blue Candle":19,"GremlinMask":3,"Tiny Chest":15,"StoneCalendar":24,"Bag of Preparation":56,"Bag of Marbles":56,"Kunai":56,"PureWater":0}]},"card_choices":[{"not_picked":["WaveOfTheHand","Worship"],"picked":"JustLucky","floor":1},{"not_picked":["JustLucky","Indignation"],"picked":"Prostrate","floor":2},{"not_picked":["EmptyBody","SashWhip"],"picked":"CrushJoints","floor":3},{"not_picked":["Protect","Judgement","SashWhip"],"picked":"SKIP","floor":5},{"not_picked":["ClearTheMind","LikeWater"],"picked":"Wallop","floor":6},{"not_picked":["JustLucky","CrushJoints"],"picked":"EmptyFist","floor":7},{"not_picked":["FlurryOfBlows","WaveOfTheHand"],"picked":"Wish","floor":10},{"not_picked":["EmptyFist","ReachHeaven","Consecrate"],"picked":"SKIP","floor":14},{"not_picked":["DevaForm","Establishment"],"picked":"Ragnarok","floor":16},{"not_picked":["PathToVictory","Protect"],"picked":"InnerPeace","floor":18},{"not_picked":["CrushJoints","Crescendo","Protect"],"picked":"SKIP","floor":19},{"not_picked":["BowlingBash","Halt","EmptyBody"],"picked":"SKIP","floor":22},{"not_picked":["Vengeance","MentalFortress"],"picked":"EmptyFist+1","floor":23},{"not_picked":["FlyingSleeves","Protect"],"picked":"Tantrum","floor":28},{"not_picked":["CrushJoints","LikeWater"],"picked":"Pray","floor":29}],"player_experience":285443,"relics_obtained":[{"floor":6,"key":"Tiny Chest"},{"floor":9,"key":"Blue Candle"},{"floor":10,"key":"StoneCalendar"},{"floor":23,"key":"Bag of Preparation"},{"floor":24,"key":"Bag of Marbles"},{"floor":26,"key":"Kunai"}],"event_choices":[{"damage_healed":0,"gold_gain":0,"player_choice":"Trade","damage_taken":0,"relics_obtained":["GremlinMask"],"max_hp_gain":0,"max_hp_loss":0,"event_name":"FaceTrader","floor":4,"gold_loss":0},{"damage_healed":0,"gold_gain":0,"player_choice":"Upgraded","damage_taken":0,"max_hp_gain":0,"max_hp_loss":0,"event_name":"Upgrade Shrine","floor":21,"gold_loss":0,"cards_upgraded":["Wish"]}],"is_beta":false,"boss_relics":[{"not_picked":["VioletLotus","HolyWater"],"picked":"Sozu"}],"items_purged_floors":[12],"is_endless":false,"potions_floor_spawned":[1,2,5,10,16,22,28,29],"killed_by":"Snake Plant","ascension_level":13}}