{"host":"avq773cl9g5msfol","time":1614001934,"event":{"mods":["100% Spire Juice","AchievementEnabler","Act Like it!","Ascension Unlocker","Aspiration","Astrologer","Bard","Bartender","BaseMod","Better Altar","Better Third Choice","BetterRewards","CapriCore","ChefMod","Colored Map","Colored Powertips","Conspire","Dio Mod","Downfall","Elementarium","Energized Spire","Extra Virgin Snecko Oil","Gensokyo","GifTheSpireLib","Hallownest","Hermit","Highlight Path","Hubris","Humility","Infinite Spire","Jorbs\u0027s Wanderer Trilogy","Koishi","Magitek Elite","Marisa????????","Marked Mod","Menagerie","Minty Spire (QoL Compilation)","Pale of the Ancients","Potionbrewer","Quarter Circle Forward PUNCH!","Rare Cards Sparkle","Reimu??????","Relic Stats","Reliquary","Remilia??????","Replay The Spire","Robot Space Explorer","SacredBarkPlus","Shade Mod","Shapeshifter Mod","Somnambulant","Spicy Shops","Spire Arcade","StSLib","The Administrix","The Blue Laboratory","The Bug Knight","The Construct","The Cursed","The Disciple","The Dragon Tamer","The Exalted","The Hayseed","The Hierophant","The Hydrologist","The Immortal","The Marked","The Mystic","The Problem Sleuth","The Runesmith","The Senshi","The Vixen","The Wild Card","TheFirefly","Wandering Minibosses","Wide Potions","vexMod"],"gold_per_floor":[109,109,184,195,211,238,238,272,299,299,330,345,376,399,399,486,486,504,525,525,525,525,568,597,597,623,672,694,734,734,778,778,855,855,881,734,734,734,756,796,796,853,904,904,904,947,947,947,947,961,969,969,969],"floor_reached":51,"language":"ENG","playtime":5574,"items_purged":["MokouMod:IgnitionBlast+1","MokouMod:EternalBurstReactor+1","MokouMod:Overheat+1"],"score":2334,"play_id":"71cc91c1-948d-4c2b-a774-414c8b021890","local_time":"20210222205214","is_ascension_mode":true,"campfire_choices":[{"floor":7.0,"key":"REST"},{"data":"MokouMod:SearingShot","floor":15,"key":"SMITH"},{"data":"infinitespire:NeuralNetwork","floor":25,"key":"SMITH"},{"floor":32,"key":"REST"},{"data":"MokouMod:FujiyamaVolcano","floor":41,"key":"SMITH"},{"floor":49,"key":"REST"}],"circlet_count":0,"master_deck":["AscendersBane","MokouMod:HeatSpark+1","MokouMod:PhoenixForm+1","MokouMod:RoaringFlare+1","MokouMod:EnchantingBambooForest+1","MokouMod:RetainTemperature+1","MokouMod:RadiantBlade+1","MokouMod:ProfanedFlare+1","MokouMod:DanceofFlames+1","MokouMod:FusionFlare+1","MokouMod:Geothermal+1","MokouMod:Sear+1","MokouMod:FlareStarter+1","MokouMod:IndiscriminateIgnition+1","MokouMod:Ventilation+1","MokouMod:CrimsonArmoury+1","Finesse+1","MokouMod:FlareStarter+1","MokouMod:ResonanceReactor+1","MokouMod:Firecracker+1","MokouMod:Overheat+1","MokouMod:HeartofFire+1","MokouMod:RisingSunBarrier+1","MokouMod:Burn+1","Sadistic Nature+1","MokouMod:ScorchedEarth+1","MokouMod:HouraiForge+1","MokouMod:ResonatingAura+1","MokouMod:SearingShot+1","MokouMod:Rebirth+1","MokouMod:FujiyamaVolcano+1","infinitespire:NeuralNetwork+1","MokouMod:ExplosiveFlame+1","MokouMod:IgnitionBarrier+1","MokouMod:BurningHiddenBullet+1","MokouMod:InfernalWave+1","infinitespire:Fortify+1","MokouMod:SacredFire+1"],"relics":["MokouMod:PhoenixFeather","Quantum Egg","hubris:64BitClover","Happy Flower","ClockworkSouvenir","hubris:CuriousFeather","reliquary:BoilingFlask","OrangePellets","Mummified Hand","Membership Card","RuthlessExorcism:ReiMu","vexMod:HeadHunter","Replay:Bandana","Pandora\u0027s Box","energizedSpire:MagnifyingGlass","Regal Pillow","Golden Egg","wanderingMiniBosses:ThiefScarf","Runesmith:AutoHammer","Golden_Hairpin","HandDrill","Blood Vial","Bromod:ArcaneNullifier","infinitespire:EmpoweringShard","Slimebound:PreparedRelic"],"acts_visited":["Exordium","Hallownest:CityofTears","Gensokyo:Gensokyoest"],"potions_floor_usage":[16,23,23,51],"damage_taken":[{"damage":0.0,"enemies":"2 Louse","floor":1.0,"turns":1.0},{"damage":12.0,"enemies":"Jaw Worm","floor":4.0,"turns":2.0},{"damage":6.0,"enemies":"Small Slimes","floor":5.0,"turns":2.0},{"damage":0.0,"enemies":"Gremlin Nob","floor":6.0,"turns":4.0},{"damage":0.0,"enemies":"Lagavulin","floor":8.0,"turns":2.0},{"damage":0.0,"enemies":"3 Sentries","floor":11.0,"turns":3.0},{"damage":0.0,"enemies":"2 Fungi Beasts","floor":12.0,"turns":2.0},{"damage":3,"enemies":"Replay:BlueRogue","floor":13,"turns":3},{"damage":14,"enemies":"Looter","floor":14,"turns":3},{"damage":0,"enemies":"Fading Forest","floor":16,"turns":10},{"damage":4,"enemies":"Hallownest:Flukemon_and_Top","floor":18,"turns":4},{"damage":62,"enemies":"Hallownest:3_Youths","floor":19,"turns":4},{"damage":11,"enemies":"Hallownest:eliteSoulWarrior","floor":23,"turns":4},{"damage":8152022,"enemies":"Hallownest:Warrior_and_Youth","floor":24,"turns":5},{"damage":9,"enemies":"Hallownest:eliteWatcherKnight","floor":27,"turns":8},{"damage":0,"enemies":"Hallownest:monsterMisterMushroom","floor":28,"turns":4},{"damage":0,"enemies":"Hallownest:Nosk","floor":29,"turns":4},{"damage":31,"enemies":"Hallownest:BossMantisLord","floor":33,"turns":6},{"damage":0,"enemies":"Gensokyo:AncientGuardian","floor":35,"turns":4},{"damage":0,"enemies":"Gensokyo:3_Bats","floor":39,"turns":3},{"damage":0,"enemies":"Gensokyo:Doremy","floor":40,"turns":3},{"damage":34,"enemies":"Gensokyo:Marisa","floor":42,"turns":3},{"damage":27,"enemies":"Gensokyo:Kasen","floor":46,"turns":5},{"damage":53,"enemies":"Gensokyo:Shinki","floor":50,"turns":8},{"damage":16,"enemies":"Gensokyo:Yuyuko","floor":51,"turns":4}],"seed_played":"-7422341197010005114","potions_obtained":[{"floor":18,"key":"Swift Potion"},{"floor":24,"key":"Milkshake"},{"floor":33,"key":"ColorlessPotion"}],"is_trial":false,"path_per_floor":["M","?","?","M","M","E","R","E","T","$","E","M","E","M","R","B",null,"M","M","AVR","?","?","E","M","R","T","E","M","E","?","?","R","B",null,"M","COS","?","?","M","E","R","E","T","AVR","?","E","?","?","R","B","B"],"character_chosen":"MKU","items_purchased":["MokouMod:Geothermal","MokouMod:Sear","MokouMod:FlareStarter","MokouMod:IndiscriminateIgnition","MokouMod:Ventilation","MokouMod:CrimsonArmoury+1","Finesse","MokouMod:FlareStarter","MokouMod:ResonanceReactor","hubris:64BitClover","Happy Flower","ClockworkSouvenir","MokouMod:Firecracker","hubris:CuriousFeather","MokouMod:EternalBurstReactor","reliquary:BoilingFlask","Strength Potion","AttackPotion","MokouMod:Overheat","ColorlessPotion","OrangePellets","MokouMod:HeartofFire","MokouMod:RisingSunBarrier","MokouMod:Burn","Mummified Hand","Sadistic Nature","MokouMod:ScorchedEarth","MokouMod:HouraiForge","Membership Card","RuthlessExorcism:ReiMu"],"campfire_rested":3,"item_purchase_floors":[0,0,0,0,0,0,0,0,0,0,0,0,0,0,0,0,0,0,0,0,0,0,0,0,0,0,0,0,0,0],"current_hp_per_floor":[68,75,64,52,46,46,68,68,68,68,68,68,65,51,51,59,71,67,5,5,5,5,18,18,18,18,9,9,9,9,9,46,15,60,62,62,62,62,62,62,62,28,28,28,28,3,3,3,41,19,0,0,0],"gold":969,"neow_bonus":"","is_daily":false,"chose_seed":false,"campfire_upgraded":3,"win_rate":0.0,"timestamp":1614001934,"path_taken":["M","?","?","M","M","E","R","E","T","$","E","M","E","M","R","BOSS","M","M","AVR","?","?","E","M","R","T","E","M","E","?","?","R","BOSS","M","COS","?","?","M","E","R","E","T","AVR","?","E","?","?","R","BOSS","BOSS"],"items_purchased_type":["Card","Card","Card","Card","Card","Card","Card","Card","Card","Relic","Relic","Relic","Card","Relic","Card","Relic","Potion","Potion","Card","Potion","Relic","Card","Card","Card","Relic","Card","Card","Card","Relic","Relic"],"build_version":"2020-12-22","purchased_purges":3,"victory":false,"max_hp_per_floor":[75,75,75,75,75,75,75,75,75,75,75,75,75,75,75,75,75,75,75,75,75,75,75,75,75,75,75,75,75,75,75,75,75,75,77,77,77,77,77,77,77,77,77,77,77,77,77,77,77,77,1,1,1],"relic_stats":{"Blood Vial":4,"OrangePellets":[56],"Regal Pillow":30,"Happy Flower":[33],"counters":[77,278],"Mummified Hand":[569],"Pandora\u0027s Box":["MokouMod:PhoenixForm","MokouMod:RoaringFlare","MokouMod:IgnitionBlast","MokouMod:EnchantingBambooForest","MokouMod:RetainTemperature","MokouMod:RadiantBlade","MokouMod:ProfanedFlare","MokouMod:DanceofFlames","MokouMod:FusionFlare"],"HandDrill":[10],"obtain_stats":[{"Ice Cream":0,"Bromod:ArcaneUltimatum":0,"reliquary:OuijaBoard":29,"Golden Egg":0,"hubris:CrystalStatue":28,"Bromod:ArcaneNullifier":46,"Hallownest:UnbreakableCardRelic":21,"DemoMod:GlassGuonStoneRelic":1,"Whetstone":44,"Blood Vial":12,"vexMod:InvisibilityCloak":33,"conspire:GlowingRock":5,"HornCleat":30,"MealTicket":45,"Philosopher\u0027s Stone":48,"qcfpunch:Handcuffs":0,"HandDrill":36,"aspiration:DSix":27,"conspire:Dentures":39,"Happy Flower":0,"wanderingMiniBosses:ThiefScarf":24,"Dead Branch":10,"HollowMod:JonisBlessing":55,"hubris:SphereOfDissonance":29,"Replay:Kaleidoscope":39,"Du-Vu Doll":0,"potionbrewer:Torch":0,"OrangePellets":0,"ReplayTheSpireMod:Shallot":26,"Bronze Scales":46,"Snecko Eye":36,"Tintinnabulum":44,"Pandora\u0027s Box":0,"Slimebound:PreparedRelic":51,"conspire:BottledYoYo":13,"ReplayTheSpireMod:TigerMarble":43,"energizedSpire:MagnifyingGlass":20,"infinitespire:EmpoweringShard":51,"Unceasing Top":27,"Bromod:ArcaneFury":40,"vexMod:PlasmaPancake":0,"qcfpunch:Spiky_Bracers":0,"Lantern":28,"Regal Pillow":23,"Snecko Heart":34,"reliquary:BoilingFlask":0,"aspiration:TomeofQuesting":50,"wanderingMiniBosses:AbyssPearl":20,"Juzu Bracelet":0,"Hallownest:DreamNailRelic":4,"hubris:SlimyHat":30,"hubris:EmptyBottle":0,"White_Cape":39,"Pet Ghost":6,"Silver_Glasses":19,"ClockworkSouvenir":0,"Cleaning_Rag":46,"Replay:Bandana":8,"Shovel":40,"Mummified Hand":0,"Bromod:ArcaneTempo":56,"Genji_Glove":0,"WingedGreaves":24,"hubris:CuriousFeather":0,"infinitespire:Eraser":27,"TheVixenMod:UmbreonRelic":39,"hubris:GlazedTorus":0,"Hallownest:BeastSealRelic":37,"hubris:64BitClover":0,"Quantum Egg":0,"hexamod:Sixitude":35,"DemoMod:PartiallyEatenCheese":10,"The Courier":8,"Protect_Vest":55,"aspiration:SecretTechniqueScroll":17,"vexMod:FocusSash":19,"Replay:Arrowhead":41,"Peace Pipe":25,"Anchor":24,"Golden_Hairpin":34,"potionbrewer:BoosterPack":43,"infinitespire:WardingShard":0,"vexMod:HeadHunter":0,"Bromod:ArcaneDeflection":33,"MokouMod:PhoenixFeather":0,"Bottled Lightning":49,"Membership Card":0,"Runesmith:AutoHammer":29,"aspiration:RitualDagger":46,"potionbrewer:Keyblade":0,"FossilizedHelix":0,"RuthlessExorcism:ReiMu":11},{"Ice Cream":29,"Bromod:ArcaneUltimatum":29,"reliquary:OuijaBoard":68,"Golden Egg":0,"hubris:CrystalStatue":67,"Bromod:ArcaneNullifier":23,"Hallownest:UnbreakableCardRelic":9,"DemoMod:GlassGuonStoneRelic":1,"Whetstone":22,"Blood Vial":5,"vexMod:InvisibilityCloak":69,"conspire:GlowingRock":1,"HornCleat":14,"MealTicket":22,"Philosopher\u0027s Stone":50,"qcfpunch:Handcuffs":0,"HandDrill":71,"aspiration:DSix":66,"conspire:Dentures":71,"Happy Flower":52,"wanderingMiniBosses:ThiefScarf":66,"Dead Branch":34,"HollowMod:JonisBlessing":27,"hubris:SphereOfDissonance":68,"Replay:Kaleidoscope":71,"Du-Vu Doll":0,"potionbrewer:Torch":0,"OrangePellets":0,"ReplayTheSpireMod:Shallot":41,"Bronze Scales":49,"Snecko Eye":18,"Tintinnabulum":49,"Pandora\u0027s Box":0,"Slimebound:PreparedRelic":76,"conspire:BottledYoYo":35,"ReplayTheSpireMod:TigerMarble":48,"energizedSpire:MagnifyingGlass":64,"infinitespire:EmpoweringShard":76,"Unceasing Top":12,"Bromod:ArcaneFury":72,"vexMod:PlasmaPancake":29,"qcfpunch:Spiky_Bracers":29,"Lantern":12,"Regal Pillow":65,"Snecko Heart":44,"reliquary:BoilingFlask":52,"aspiration:TomeofQuesting":75,"wanderingMiniBosses:AbyssPearl":9,"Juzu Bracelet":29,"Hallownest:DreamNailRelic":31,"hubris:SlimyHat":43,"hubris:EmptyBottle":0,"White_Cape":20,"Pet Ghost":32,"Silver_Glasses":8,"ClockworkSouvenir":29,"Cleaning_Rag":74,"Replay:Bandana":3,"Shovel":72,"Mummified Hand":52,"Bromod:ArcaneTempo":28,"Genji_Glove":0,"WingedGreaves":10,"hubris:CuriousFeather":52,"infinitespire:Eraser":66,"TheVixenMod:UmbreonRelic":45,"hubris:GlazedTorus":0,"Hallownest:BeastSealRelic":45,"hubris:64BitClover":52,"Quantum Egg":29,"hexamod:Sixitude":70,"DemoMod:PartiallyEatenCheese":4,"The Courier":34,"Protect_Vest":27,"aspiration:SecretTechniqueScroll":37,"vexMod:FocusSash":39,"Replay:Arrowhead":47,"Peace Pipe":11,"Anchor":41,"Golden_Hairpin":70,"potionbrewer:BoosterPack":21,"infinitespire:WardingShard":29,"vexMod:HeadHunter":0,"Bromod:ArcaneDeflection":69,"MokouMod:PhoenixFeather":0,"Bottled Lightning":25,"Membership Card":52,"Runesmith:AutoHammer":69,"aspiration:RitualDagger":74,"potionbrewer:Keyblade":0,"FossilizedHelix":0,"RuthlessExorcism:ReiMu":4},{"Ice Cream":91,"Bromod:ArcaneUltimatum":91,"reliquary:OuijaBoard":238,"Golden Egg":0,"hubris:CrystalStatue":234,"Bromod:ArcaneNullifier":61,"Hallownest:UnbreakableCardRelic":22,"DemoMod:GlassGuonStoneRelic":2,"Whetstone":58,"Blood Vial":14,"vexMod:InvisibilityCloak":242,"conspire:GlowingRock":2,"HornCleat":39,"MealTicket":58,"Philosopher\u0027s Stone":168,"qcfpunch:Handcuffs":0,"HandDrill":252,"aspiration:DSix":226,"conspire:Dentures":252,"Happy Flower":177,"wanderingMiniBosses:ThiefScarf":226,"Dead Branch":102,"HollowMod:JonisBlessing":79,"hubris:SphereOfDissonance":238,"Replay:Kaleidoscope":252,"Du-Vu Doll":0,"potionbrewer:Torch":0,"OrangePellets":0,"ReplayTheSpireMod:Shallot":135,"Bronze Scales":165,"Snecko Eye":50,"Tintinnabulum":165,"Pandora\u0027s Box":0,"Slimebound:PreparedRelic":274,"conspire:BottledYoYo":105,"ReplayTheSpireMod:TigerMarble":162,"energizedSpire:MagnifyingGlass":217,"infinitespire:EmpoweringShard":274,"Unceasing Top":34,"Bromod:ArcaneFury":255,"vexMod:PlasmaPancake":91,"qcfpunch:Spiky_Bracers":91,"Lantern":34,"Regal Pillow":221,"Snecko Heart":150,"reliquary:BoilingFlask":177,"aspiration:TomeofQuesting":266,"wanderingMiniBosses:AbyssPearl":22,"Juzu Bracelet":91,"Hallownest:DreamNailRelic":95,"hubris:SlimyHat":145,"hubris:EmptyBottle":0,"White_Cape":54,"Pet Ghost":99,"Silver_Glasses":18,"ClockworkSouvenir":91,"Cleaning_Rag":261,"Replay:Bandana":8,"Shovel":255,"Mummified Hand":177,"Bromod:ArcaneTempo":84,"Genji_Glove":0,"WingedGreaves":24,"hubris:CuriousFeather":177,"infinitespire:Eraser":226,"TheVixenMod:UmbreonRelic":153,"hubris:GlazedTorus":0,"Hallownest:BeastSealRelic":153,"hubris:64BitClover":177,"Quantum Egg":91,"hexamod:Sixitude":248,"DemoMod:PartiallyEatenCheese":12,"The Courier":102,"Protect_Vest":79,"aspiration:SecretTechniqueScroll":113,"vexMod:FocusSash":124,"Replay:Arrowhead":161,"Peace Pipe":27,"Anchor":135,"Golden_Hairpin":248,"potionbrewer:BoosterPack":56,"infinitespire:WardingShard":91,"vexMod:HeadHunter":0,"Bromod:ArcaneDeflection":242,"MokouMod:PhoenixFeather":0,"Bottled Lightning":69,"Membership Card":177,"Runesmith:AutoHammer":242,"aspiration:RitualDagger":261,"potionbrewer:Keyblade":0,"FossilizedHelix":0,"RuthlessExorcism:ReiMu":12}]},"card_choices":[{"not_picked":["MokouMod:Ember","MokouMod:HeatTransfer","MokouMod:BlazingComet"],"picked":"SKIP","floor":1.0},{"not_picked":["MokouMod:IgnitionBlast","MokouMod:EternalBurstReactor","MokouMod:Burn"],"picked":"SKIP","floor":4.0},{"not_picked":["MokouMod:BlazingComet","MokouMod:WarmUp","MokouMod:Trailblazer"],"picked":"SKIP","floor":5.0},{"not_picked":["MokouMod:UncontrollableSolarReaction","MokouMod:ResonanceReactor","MokouMod:Refresh"],"picked":"SKIP","floor":6.0},{"not_picked":["MokouMod:ResoluteFlare","MokouMod:IndiscriminateIgnition","MokouMod:Overheat"],"picked":"SKIP","floor":8.0},{"not_picked":["MokouMod:Ventilation","MokouMod:RadiantBlade","MokouMod:Geothermal"],"picked":"SKIP","floor":11.0},{"not_picked":["MokouMod:EnchantingBambooForest","MokouMod:IcarusDive","MokouMod:BurningDraft"],"picked":"SKIP","floor":11.0},{"not_picked":["MokouMod:Meltdown","MokouMod:Firecracker","MokouMod:FujiyamaVolcano"],"picked":"SKIP","floor":12},{"not_picked":["MokouMod:Geothermal","MokouMod:SpontaneousHumanCombustion"],"picked":"MokouMod:ResonatingAura","floor":13},{"not_picked":["MokouMod:Ventilation","MokouMod:Scorch","MokouMod:Firecracker"],"picked":"SKIP","floor":13},{"not_picked":["MokouMod:EternalBurstReactor","MokouMod:TemporalFireSeal"],"picked":"MokouMod:SearingShot","floor":14},{"not_picked":["MokouMod:Ventilation","MokouMod:Geothermal"],"picked":"MokouMod:Rebirth","floor":16},{"not_picked":["MokouMod:RisingSunBarrier","MokouMod:ScorchingColumn","MokouMod:Firecracker"],"picked":"SKIP","floor":18},{"not_picked":["MokouMod:CrimsonArmoury","MokouMod:Overheat"],"picked":"MokouMod:FujiyamaVolcano","floor":19},{"not_picked":["MokouMod:HouraiForge","MokouMod:Extinguish","MokouMod:Geothermal"],"picked":"SKIP","floor":23},{"not_picked":["MokouMod:ResonatingAura","MokouMod:Ember","MokouMod:TemporalFireSeal"],"picked":"SKIP","floor":23},{"not_picked":["MokouMod:AdaptivePyromancy","MokouMod:FujiyamaVolcano","MokouMod:FlareStarter"],"picked":"SKIP","floor":24},{"not_picked":["MokouMod:ProfanedFlare","MokouMod:SpontaneousHumanCombustion"],"picked":"MokouMod:ExplosiveFlame","floor":27},{"not_picked":["MokouMod:BurningDraft","MokouMod:FujiyamaVolcano"],"picked":"MokouMod:IgnitionBarrier","floor":27},{"not_picked":["MokouMod:IndiscriminateIgnition","MokouMod:Ember","MokouMod:Singe"],"picked":"SKIP","floor":28},{"not_picked":["MokouMod:ProfanedFlare","MokouMod:Extinguish"],"picked":"MokouMod:BurningHiddenBullet","floor":29},{"not_picked":["MokouMod:Rebirth","MokouMod:Sear"],"picked":"MokouMod:InfernalWave+1","floor":29},{"not_picked":["MokouMod:RoaringFlare","MokouMod:InfernalWave","MokouMod:TemporalFireSeal"],"picked":"SKIP","floor":35},{"not_picked":["MokouMod:ScorchingColumn","MokouMod:TemporalFireSeal","MokouMod:UncontrollableSolarReaction"],"picked":"SKIP","floor":39},{"not_picked":["MokouMod:EnchantingBambooForest","MokouMod:ProfanedFlare","MokouMod:Extinguish"],"picked":"SKIP","floor":40},{"not_picked":["MokouMod:Overheat+1","MokouMod:Stoke","MokouMod:Meltdown"],"picked":"SKIP","floor":40},{"not_picked":["MokouMod:Rebirth","MokouMod:PhoenixForm","MokouMod:ExplosiveFlame"],"picked":"SKIP","floor":42},{"not_picked":["MokouMod:TemporalFireSeal","MokouMod:RoaringFlare","MokouMod:ImperishableFlame"],"picked":"SKIP","floor":42},{"not_picked":["MokouMod:Rekindle","MokouMod:ProfanedFlare"],"picked":"MokouMod:SacredFire","floor":46},{"not_picked":["MokouMod:CrimsonFlare","MokouMod:ExplosiveFlame","MokouMod:PhoenixFeathers+1"],"picked":"SKIP","floor":46}],"player_experience":1482352,"relics_obtained":[{"floor":8.0,"key":"vexMod:HeadHunter"},{"floor":11.0,"key":"Replay:Bandana"},{"floor":23,"key":"Regal Pillow"},{"floor":24,"key":"Golden Egg"},{"floor":24,"key":"wanderingMiniBosses:ThiefScarf"},{"floor":29,"key":"Runesmith:AutoHammer"},{"floor":43,"key":"Blood Vial"},{"floor":46,"key":"Bromod:ArcaneNullifier"}],"event_choices":[{"damage_healed":0.0,"max_hp_gain":0.0,"max_hp_loss":0.0,"gold_gain":75.0,"event_name":"betterThird:BetterGoop","player_choice":"Gold","floor":3.0,"gold_loss":0.0,"damage_taken":11.0},{"damage_healed":0,"gold_gain":44,"player_choice":"Grab what you can","damage_taken":0,"max_hp_gain":0,"max_hp_loss":0,"event_name":"Creature of the Night","floor":31,"gold_loss":0}],"is_beta":false,"boss_relics":[{"not_picked":["hubris:CrackedHourglass","vexMod:FluxCapacitor"],"picked":"Pandora\u0027s Box"},{"not_picked":["Replay:Drink Me","Runic Dome"],"picked":"Golden_Hairpin"}],"items_purged_floors":[0,0,0],"is_endless":false,"potions_floor_spawned":[4,5,13,16,18,24,29,33,35,40],"killed_by":"Gensokyo:Yuyuko","ascension_level":20,"is_humility":true}}