{"host":"a5lz0e76zb3fcwkm","time":1614000804,"event":{"mods":["AchievementEnabler","BaseMod","Colored Map","Colored Powertips","Minty Spire (QoL Compilation)","StSLib","SuperFastMode"],"gold_per_floor":[115,115,40,40,58,84,104,104,104,104,122,132,132,132,132,225,225,243,72,72,97,97,110,110,120,120,20,34,34,34],"floor_reached":29,"language":"KOR","playtime":484,"items_purged":["Defend_B","Strike_B"],"score":500,"play_id":"c74c5f97-218d-4989-b896-12bea3ff29ff","local_time":"20210222223324","is_ascension_mode":true,"campfire_choices":[{"data":"Static Discharge","floor":8,"key":"SMITH"},{"data":"Dualcast","floor":10,"key":"SMITH"},{"data":"Loop","floor":15,"key":"SMITH"},{"data":"White Noise","floor":24,"key":"SMITH"}],"circlet_count":0,"master_deck":["AscendersBane","Strike_B","Strike_B","Strike_B","Defend_B","Defend_B","Defend_B","Zap","Dualcast+1","Sweeping Beam","Static Discharge+1","Leap","Loop","Loop+1","Core Surge","Double Energy","Sunder+1","White Noise+1","Redo+1","Glacier","Self Repair","Capacitor","Hello World+1"],"relics":["Cracked Core","NeowsBlessing","InkBottle","Pantograph","HornCleat","StrikeDummy","Bloody Idol","Sozu","Orrery","Bottled Lightning"],"acts_visited":["Exordium","TheCity"],"potions_floor_usage":[16,16],"damage_taken":[{"damage":0,"enemies":"Small Slimes","floor":1,"turns":1},{"damage":0,"enemies":"2 Louse","floor":5,"turns":1},{"damage":0,"enemies":"Lagavulin","floor":6,"turns":1},{"damage":0,"enemies":"Cultist","floor":7,"turns":3},{"damage":3,"enemies":"3 Louse","floor":11,"turns":2},{"damage":0,"enemies":"Exordium Wildlife","floor":12,"turns":3},{"damage":25,"enemies":"The Guardian","floor":16,"turns":8},{"damage":7,"enemies":"Chosen","floor":18,"turns":4},{"damage":5,"enemies":"3 Byrds","floor":21,"turns":4},{"damage":6,"enemies":"Snecko","floor":23,"turns":5},{"damage":25,"enemies":"3 Cultists","floor":25,"turns":5},{"damage":40,"enemies":"Shelled Parasite and Fungi","floor":28,"turns":5},{"damage":18,"enemies":"Centurion and Healer","floor":29,"turns":3}],"seed_played":"8090622669337470141","potions_obtained":[{"floor":5,"key":"Weak Potion"},{"floor":7,"key":"FocusPotion"}],"is_trial":false,"path_per_floor":["M","?","$","?","M","E","M","R","T","R","M","M","?","?","R","B",null,"M","$","?","M","?","M","R","M","T","$","M","M"],"character_chosen":"DEFECT","items_purchased":["Orrery"],"campfire_rested":0,"item_purchase_floors":[19],"current_hp_per_floor":[64,53,53,53,53,53,53,53,53,53,50,50,55,29,29,29,64,57,57,57,59,59,65,65,52,52,52,17,0,0],"gold":34,"neow_bonus":"THREE_ENEMY_KILL","is_daily":false,"chose_seed":false,"campfire_upgraded":4,"win_rate":0.0,"timestamp":1614000804,"path_taken":["M","?","$","?","?","E","M","R","T","R","M","M","?","?","R","BOSS","M","$","?","M","?","M","R","M","T","?","M","M"],"items_purchased_type":["Relic"],"build_version":"2020-12-22","purchased_purges":2,"victory":false,"max_hp_per_floor":[71,71,71,71,71,71,71,71,71,71,71,71,76,76,76,76,76,76,76,76,76,76,76,76,76,76,76,76,76,76],"card_choices":[{"not_picked":["Leap","Beam Cell"],"picked":"Coolheaded","floor":1},{"not_picked":["Conserve Battery","Steam"],"picked":"Sweeping Beam","floor":5},{"not_picked":["Redo","Rebound"],"picked":"Static Discharge","floor":6},{"not_picked":["Thunder Strike","Beam Cell"],"picked":"Leap","floor":7},{"not_picked":["Sweeping Beam","Conserve Battery"],"picked":"Loop","floor":11},{"not_picked":["Conserve Battery","Sweeping Beam"],"picked":"Loop","floor":12},{"not_picked":["Machine Learning","Buffer"],"picked":"Core Surge","floor":16},{"not_picked":["Reinforced Body","Leap"],"picked":"Double Energy","floor":18},{"not_picked":["Beam Cell","Streamline"],"picked":"Sunder+1","floor":19},{"not_picked":["Steam Power+1","Stack+1"],"picked":"White Noise","floor":19},{"not_picked":["Go for the Eyes","Coolheaded"],"picked":"Redo+1","floor":19},{"not_picked":["Self Repair","Gash"],"picked":"Glacier","floor":19},{"not_picked":["Fusion","Chaos"],"picked":"Self Repair","floor":19},{"not_picked":["Ball Lightning","Barrage"],"picked":"Capacitor","floor":21},{"not_picked":["Go for the Eyes","Stack+1","Redo"],"picked":"SKIP","floor":23},{"not_picked":["Stack","Steam Power"],"picked":"Hello World+1","floor":25},{"not_picked":["Conserve Battery","Self Repair","Auto Shields"],"picked":"SKIP","floor":28}],"player_experience":1914777,"relics_obtained":[{"floor":6,"key":"HornCleat"},{"floor":9,"key":"StrikeDummy"},{"floor":26,"key":"Bottled Lightning"}],"event_choices":[{"damage_healed":0,"gold_gain":0,"player_choice":"Success","damage_taken":11,"relics_obtained":["InkBottle"],"max_hp_gain":0,"max_hp_loss":0,"event_name":"Scrap Ooze","floor":2,"gold_loss":0},{"cards_removed":["Coolheaded"],"damage_healed":0,"gold_gain":0,"player_choice":"Gave Card","damage_taken":0,"relics_obtained":["Pantograph"],"max_hp_gain":0,"max_hp_loss":0,"event_name":"WeMeetAgain","floor":4,"gold_loss":0},{"damage_healed":0,"gold_gain":0,"player_choice":"Donut","damage_taken":0,"max_hp_gain":5,"max_hp_loss":0,"event_name":"Big Fish","floor":13,"gold_loss":0},{"damage_healed":0,"gold_gain":0,"player_choice":"Take Damage","damage_taken":26,"relics_obtained":["Golden Idol"],"max_hp_gain":0,"max_hp_loss":0,"event_name":"Golden Idol","floor":14,"gold_loss":0},{"damage_healed":0,"gold_gain":0,"player_choice":"Gave Idol","damage_taken":0,"relics_obtained":["Bloody Idol"],"max_hp_gain":0,"max_hp_loss":0,"event_name":"Forgotten Altar","floor":22,"relics_lost":["Golden Idol"],"gold_loss":0}],"is_beta":false,"boss_relics":[{"not_picked":["Busted Crown","Runic Pyramid"],"picked":"Sozu"}],"items_purged_floors":[3,27],"is_endless":false,"potions_floor_spawned":[5,7,11,18,23,25],"killed_by":"Centurion and Healer","ascension_level":20}}