{"host":"w71ztq0fmb7m1c2b","time":1614031837,"event":{"mods":["BaseMod","Colored Map","Colored Powertips","Downfall","Hermit","Minty Spire (QoL Compilation)","Robot Space Explorer","StSLib","The Cursed","The Servant 0.9.4"],"gold_per_floor":[117,129,149,149,68,93,110,135,135,146,146,173,192,192,192,294,294,308,322,322,322,39,73,73,87,110,35,35,53,53,69,69,168,168,186,146,166,178,195,195,195],"floor_reached":40,"language":"ENG","playtime":2527,"items_purged":[],"score":482,"play_id":"f0ddc77c-a2e2-432a-aff8-3d89b45151e6","local_time":"20210222231037","is_ascension_mode":false,"campfire_choices":[{"floor":15.0,"key":"REST"},{"floor":28.0,"key":"REST"},{"floor":30.0,"key":"REST"},{"floor":32.0,"key":"REST"}],"circlet_count":0,"master_deck":["hermit:Strike_Hermit","hermit:Strike_Hermit","hermit:Strike_Hermit","hermit:Strike_Hermit","hermit:Defend_Hermit","hermit:Defend_Hermit","hermit:Defend_Hermit","hermit:Defend_Hermit","hermit:Snapshot","hermit:Covet","CurseOfTheBell","hermit:Maintenance+1","hermit:BodyArmor","hermit:Quickdraw","hermit:Coalescence","hermit:HighNoon+1","hermit:TrackingShot","hermit:TakeCover","hermit:Maintenance","hermit:Quickdraw","hermit:HighNoon","hermit:Desperado","hermit:Maintenance","Necronomicurse","Trip","hermit:Headshot+1","hermit:Showdown+1","hermit:Showdown+1","hermit:Determination","hermit:GoldenBullet+1","hermit:Shortfuse+1","hermit:BodyArmor","hermit:Gambit","hermit:Coalescence+1","hermit:Maintenance","Parasite","hermit:Gestalt+1","hermit:Glare"],"relics":["Calling Bell","Oddly Smooth Stone","The Courier","WingedGreaves","Question Card","Happy Flower","Akabeko","Bottled Tornado","Philosopher\u0027s Stone","Necronomicon","Letter Opener","Dream Catcher","Fusion Hammer"],"acts_visited":["Exordium","TheCity","TheBeyond"],"potions_floor_usage":[39],"damage_taken":[{"damage":1.0,"enemies":"Jaw Worm","floor":1.0,"turns":3.0},{"damage":0.0,"enemies":"Cultist","floor":2.0,"turns":4.0},{"damage":0.0,"enemies":"Small Slimes","floor":3.0,"turns":4.0},{"damage":36.0,"enemies":"Gremlin Nob","floor":6.0,"turns":4.0},{"damage":3.0,"enemies":"2 Fungi Beasts","floor":7.0,"turns":3.0},{"damage":2.0,"enemies":"Lagavulin","floor":8.0,"turns":7.0},{"damage":0.0,"enemies":"Looter","floor":10.0,"turns":2.0},{"damage":25.0,"enemies":"Gremlin Nob","floor":12.0,"turns":5.0},{"damage":5.0,"enemies":"3 Louse","floor":13.0,"turns":5.0},{"damage":8.0,"enemies":"Hexaghost","floor":16.0,"turns":10.0},{"damage":2.0,"enemies":"Spheric Guardian","floor":18.0,"turns":5.0},{"damage":35.0,"enemies":"3 Byrds","floor":19.0,"turns":8.0},{"damage":25.0,"enemies":"Book of Stabbing","floor":23.0,"turns":6.0},{"damage":0.0,"enemies":"Centurion and Healer","floor":24.0,"turns":1.0},{"damage":0.0,"enemies":"Snecko","floor":25.0,"turns":3.0},{"damage":16.0,"enemies":"Cultist and Chosen","floor":29.0,"turns":6.0},{"damage":17.0,"enemies":"Centurion and Healer","floor":31.0,"turns":5.0},{"damage":78.0,"enemies":"Automaton","floor":33.0,"turns":11.0},{"damage":19.0,"enemies":"3 Shapes","floor":35.0,"turns":4.0},{"damage":30.0,"enemies":"3 Darklings","floor":37.0,"turns":4.0},{"damage":10.0,"enemies":"Writhing Mass","floor":38.0,"turns":5.0},{"damage":14,"enemies":"Sphere and 2 Shapes","floor":39,"turns":4},{"damage":7,"enemies":"Reptomancer","floor":40,"turns":1}],"seed_played":"-6057717542439816914","potions_obtained":[{"floor":1.0,"key":"Fire Potion"},{"floor":3.0,"key":"SkillPotion"},{"floor":7.0,"key":"FearPotion"},{"floor":12.0,"key":"sneckomod:MuddlingPotion"},{"floor":19.0,"key":"SmokeBomb"},{"floor":25.0,"key":"FairyPotion"},{"floor":31.0,"key":"Ancient Potion"},{"floor":36.0,"key":"Guardian:BlockOnCardUsePotion"},{"floor":36.0,"key":"PowerPotion"},{"floor":36.0,"key":"DuplicationPotion"}],"is_trial":false,"path_per_floor":["M","M","M","?","$","E","M","E","T","M","?","E","M","?","R","B",null,"M","M","?","?","$","E","M","M","T","?","R","M","R","M","R","B",null,"M","?","M","M","M","E"],"character_chosen":"HERMIT","items_purchased":["hermit:Quickdraw","hermit:Coalescence","Letter Opener","Trip"],"campfire_rested":4,"item_purchase_floors":[5,5,22,22],"current_hp_per_floor":[74,74,74,74,74,38,35,33,33,33,33,8,3,28,50,42,75,73,38,22,27,27,2,2,2,2,2,24,8,30,13,35,7,75,56,56,26,16,2,0,0],"gold":195,"neow_bonus":"BOSS_RELIC","is_daily":false,"chose_seed":false,"campfire_upgraded":0,"win_rate":0.0,"timestamp":1614031837,"path_taken":["M","M","M","?","?","E","M","E","T","M","?","E","M","?","R","BOSS","M","M","?","?","$","E","M","?","T","?","R","M","R","M","R","BOSS","M","?","M","M","M","E"],"items_purchased_type":["Card","Card","Relic","Card"],"build_version":"2020-12-22","purchased_purges":0,"victory":false,"max_hp_per_floor":[75,75,75,75,75,75,75,75,75,75,75,75,75,75,75,75,75,75,75,75,75,75,75,75,75,75,75,75,75,75,75,75,75,75,75,75,75,75,75,75,75],"card_choices":[{"not_picked":["hermit:Quickdraw","hermit:Ricochet"],"picked":"hermit:Maintenance","floor":1.0},{"not_picked":["hermit:Cheat","hermit:Glare"],"picked":"hermit:BodyArmor","floor":2.0},{"not_picked":["hermit:Roulette","hermit:Feint"],"picked":"hermit:HoleUp","floor":3.0},{"not_picked":["hermit:Coalescence","hermit:Dive"],"picked":"hermit:Showdown","floor":6.0},{"not_picked":["hermit:TrackingShot","hermit:Gestalt","hermit:Combo"],"picked":"hermit:HighNoon","floor":7.0},{"not_picked":["hermit:ItchyTrigger","hermit:Ricochet","hermit:Determination"],"picked":"hermit:TrackingShot","floor":8.0},{"not_picked":["hermit:Snipe","hermit:Roulette","hermit:Desperado"],"picked":"hermit:TakeCover","floor":10.0},{"not_picked":["hermit:CursedWeapon","hermit:Magnum","hermit:Gestalt"],"picked":"hermit:Maintenance","floor":12.0},{"not_picked":["hermit:Virtue","hermit:DeadMansHand","hermit:HoleUp"],"picked":"hermit:Quickdraw","floor":13.0},{"not_picked":["hermit:Adapt","hermit:Purgatory","hermit:Reprieve"],"picked":"hermit:HighNoon","floor":16.0},{"not_picked":["hermit:Ricochet","hermit:Misfire","hermit:Headshot"],"picked":"hermit:Desperado","floor":18.0},{"not_picked":["hermit:CalledShot+1","hermit:EyeOfTheStorm","hermit:BodyArmor+1"],"picked":"hermit:Maintenance","floor":19.0},{"not_picked":["hermit:Glare+1","hermit:Quickdraw","hermit:LowProfile+1"],"picked":"hermit:Headshot+1","floor":23.0},{"not_picked":["hermit:TrackingShot","hermit:Ricochet","hermit:Vantage"],"picked":"hermit:Showdown+1","floor":25.0},{"not_picked":["hermit:Feint","hermit:GoldenBullet","hermit:DeadOrAlive"],"picked":"hermit:Showdown+1","floor":28.0},{"not_picked":["hermit:Ricochet","hermit:LoneWolf","hermit:BigShot"],"picked":"hermit:Determination","floor":29.0},{"not_picked":["hermit:Combo+1","hermit:Midnight+1","hermit:SprayPray"],"picked":"hermit:GoldenBullet+1","floor":30.0},{"not_picked":["hermit:Ricochet+1","hermit:HoleUp","hermit:SprayPray+1"],"picked":"hermit:Shortfuse+1","floor":31.0},{"not_picked":["hermit:Headshot","hermit:Desperado","hermit:ItchyTrigger"],"picked":"hermit:BodyArmor","floor":32.0},{"not_picked":["hermit:Magnum","hermit:HeroicBravado","hermit:Reprieve"],"picked":"hermit:Gambit","floor":33.0},{"not_picked":["hermit:Grudge","hermit:CursedWeapon+1","hermit:LowProfile"],"picked":"hermit:Coalescence+1","floor":35.0},{"not_picked":["hermit:TakeAim+1","hermit:Dive","hermit:Enervate+1"],"picked":"hermit:Maintenance","floor":37.0},{"not_picked":["hermit:Determination+1","hermit:BodyArmor","hermit:Headshot+1"],"picked":"hermit:Gestalt+1","floor":38.0},{"not_picked":["hermit:Roulette+1","hermit:Midnight+1","hermit:TrackingShot"],"picked":"hermit:Glare","floor":39}],"player_experience":229486,"relics_obtained":[{"floor":0.0,"key":"Oddly Smooth Stone"},{"floor":0.0,"key":"The Courier"},{"floor":0.0,"key":"WingedGreaves"},{"floor":6.0,"key":"Question Card"},{"floor":8.0,"key":"Happy Flower"},{"floor":9.0,"key":"Akabeko"},{"floor":12.0,"key":"Bottled Tornado"},{"floor":20.0,"key":"Necronomicon"},{"floor":23.0,"key":"Dream Catcher"}],"event_choices":[{"damage_healed":0.0,"max_hp_gain":0.0,"max_hp_loss":0.0,"gold_gain":0.0,"event_name":"Upgrade Shrine","player_choice":"Upgraded","floor":4.0,"gold_loss":0.0,"damage_taken":0.0,"cards_upgraded":["hermit:Maintenance"]},{"damage_healed":0.0,"max_hp_gain":0.0,"max_hp_loss":0.0,"gold_gain":0.0,"event_name":"Living Wall","player_choice":"Grow","floor":11.0,"gold_loss":0.0,"damage_taken":0.0,"cards_upgraded":["hermit:HighNoon"]},{"damage_healed":25.0,"max_hp_gain":0.0,"max_hp_loss":0.0,"gold_gain":0.0,"event_name":"Big Fish","player_choice":"Banana","floor":14.0,"gold_loss":0.0,"damage_taken":0.0},{"damage_healed":0.0,"max_hp_gain":0.0,"max_hp_loss":0.0,"gold_gain":0.0,"event_name":"Cursed Tome","player_choice":"Obtained Book","floor":20.0,"gold_loss":0.0,"damage_taken":16.0},{"cards_removed":["hermit:HoleUp"],"damage_healed":5.0,"max_hp_gain":0.0,"max_hp_loss":0.0,"gold_gain":0.0,"event_name":"Bonfire Elementals","player_choice":"Offered Common","floor":21.0,"gold_loss":0.0,"damage_taken":0.0},{"cards_removed":["hermit:HoleUp"],"damage_healed":5.0,"max_hp_gain":0.0,"max_hp_loss":0.0,"gold_gain":0.0,"event_name":"Bonfire Elementals","player_choice":"Offered Special","floor":21.0,"gold_loss":0.0,"damage_taken":0.0},{"cards_removed":["hermit:Showdown"],"damage_healed":0.0,"max_hp_gain":0.0,"max_hp_loss":0.0,"gold_gain":0.0,"event_name":"Beggar","player_choice":"Gave Gold","floor":27.0,"gold_loss":75.0,"damage_taken":0.0},{"damage_healed":0.0,"max_hp_gain":0.0,"max_hp_loss":0.0,"gold_gain":0.0,"event_name":"The Woman in Blue","player_choice":"Bought 3 Potions","floor":36.0,"gold_loss":0.0,"damage_taken":0.0}],"is_beta":false,"boss_relics":[{"not_picked":["Runic Dome","Astrolabe"],"picked":"Philosopher\u0027s Stone"},{"not_picked":["Empty Cage","Sozu"],"picked":"Fusion Hammer"}],"items_purged_floors":[],"is_endless":false,"potions_floor_spawned":[1,3,7,12,19,24,25,31],"killed_by":"Reptomancer","ascension_level":0}}