{"host":"0qlrtuw7bw78ucw4","time":1614004838,"event":{"mods":["BaseMod","Downfall","Minty Spire (QoL Compilation)","StSLib"],"gold_per_floor":[99,114,125,136,46,46,46,57,57,92,376,417,417,17,38,123,123,123,137,92,77,106,106,192,236,264,291,291,291,319,257,272,350,350,250,266,116,552,571,571,580,622,522,547,63,82,82,107,122,122,122,122],"floor_reached":50,"language":"ENG","playtime":3777,"items_purged":["Slimebound:Defend_Slimebound","Regret","Slimebound:Gluttony","Slimebound:Strike_Slimebound","Slimebound:Strike_Slimebound"],"score":1274,"play_id":"c6b3f0d1-51bb-4a6e-9595-2b3d0ef2ecbb","local_time":"20210223014038","is_ascension_mode":true,"campfire_choices":[{"data":"Slimebound:CorrosiveSpit","floor":1,"key":"SMITH"},{"data":"Slimebound:DuplicatedForm","floor":13,"key":"SMITH"},{"data":"Slimebound:SamplingLick","floor":18,"key":"SMITH"},{"data":"Slimebound:DouseInSlime","floor":28,"key":"SMITH"},{"data":"Slimebound:LevelUp","floor":35,"key":"SMITH"},{"data":"Slimebound:LevelUp","floor":40,"key":"SMITH"},{"data":"Slimebound:Recycling","floor":43,"key":"SMITH"}],"circlet_count":0,"master_deck":["AscendersBane","Slimebound:Tackle","Slimebound:Defend_Slimebound","Slimebound:Defend_Slimebound","Slimebound:Split","Slimebound:CorrosiveSpit+1","Slimebound:DuplicatedForm+1","Slimebound:GoopSpray","Slimebound:Prepare","Slimebound:SplitAcid","Slimebound:Prepare","Slimebound:SpikyOuterGoop","Slimebound:LevelUp+1","Slimebound:GrowthPunch","Slimebound:SamplingLick+1","Slimebound:Recycling+1","Slimebound:LeadByExample","Slimebound:HauntingLick+1","Doubt","Slimebound:DouseInSlime+1","Slimebound:LevelUp+1","Slimebound:LeechingTouch","CurseOfTheBell","CurseOfTheBell","Doubt","Normality","Slimebound:SpikyOuterGoop+1","downfall:Malfunctioning","Slimebound:Prepare"],"relics":["Slimebound:AbsorbEndCombat","Darkstone Periapt","CeramicFish","Anchor","Art of War","champ:DeflectingBracers","Cursed Key","Kunai","Blue Candle","Mummified Hand","Slimebound:PotencyRelic","Philosopher\u0027s Stone","downfall:HeartBlessingGreen","downfall:ExtraCursedBell","Bag of Marbles","Singing Bowl","Old Coin","hexamod:CandleOfCauterizing","downfall:HeartBlessingBlue","Mercury Hourglass","Du-Vu Doll","Thread and Needle"],"acts_visited":["Exordium","TheCity","TheBeyond"],"potions_floor_usage":[10,12,22,25,25,30,33],"damage_taken":[{"damage":3,"enemies":"Small Slimes","floor":2,"turns":4},{"damage":11,"enemies":"Jaw Worm","floor":3,"turns":4},{"damage":0,"enemies":"2 Louse","floor":4,"turns":3},{"damage":16,"enemies":"downfall:FleeingMerchant","floor":5,"turns":4},{"damage":10,"enemies":"Lots of Slimes","floor":8,"turns":4},{"damage":23,"enemies":"Lagavulin","floor":10,"turns":6},{"damage":24,"enemies":"3 Sentries","floor":12,"turns":7},{"damage":21,"enemies":"downfall:FleeingMerchant","floor":14,"turns":4},{"damage":0,"enemies":"2 Fungi Beasts","floor":15,"turns":3},{"damage":29,"enemies":"IC_STATUS_ARCHETYPE","floor":16,"turns":9},{"damage":15,"enemies":"Shell Parasite","floor":19,"turns":5},{"damage":15,"enemies":"downfall:FleeingMerchant","floor":20,"turns":4},{"damage":30,"enemies":"downfall:FleeingMerchant","floor":21,"turns":4},{"damage":21,"enemies":"Chosen","floor":22,"turns":4},{"damage":21,"enemies":"Book of Stabbing","floor":25,"turns":5},{"damage":29,"enemies":"Shelled Parasite and Fungi","floor":26,"turns":5},{"damage":20,"enemies":"Snecko","floor":27,"turns":3},{"damage":48,"enemies":"Slavers","floor":30,"turns":5},{"damage":16,"enemies":"downfall:FleeingMerchant","floor":31,"turns":3},{"damage":21,"enemies":"3 Cultists","floor":32,"turns":4},{"damage":17,"enemies":"DF_ARCHETYPE_CLAW","floor":33,"turns":5},{"damage":18,"enemies":"Orb Walker","floor":36,"turns":3},{"damage":15,"enemies":"3 Shapes","floor":39,"turns":4},{"damage":29,"enemies":"Giant Head","floor":42,"turns":7},{"damage":99,"enemies":"Reptomancer","floor":44,"turns":5},{"damage":35,"enemies":"3 Darklings","floor":46,"turns":5},{"damage":19,"enemies":"Giant Head","floor":48,"turns":5},{"damage":1,"enemies":"4 Shapes","floor":49,"turns":5},{"damage":49,"enemies":"WA_ARCHETYPE_DIVINITY","floor":50,"turns":7}],"seed_played":"-3868957395694801486","potions_obtained":[{"floor":8,"key":"Slimebound:SlimedPotion"},{"floor":10,"key":"AttackPotion"},{"floor":12,"key":"sneckomod:MuddlingPotion"},{"floor":22,"key":"EntropicBrew"},{"floor":25,"key":"Slimebound:SlimedPotion"},{"floor":26,"key":"Swift Potion"},{"floor":30,"key":"champ:CounterPotion"},{"floor":46,"key":"Ancient Potion"}],"is_trial":false,"path_per_floor":["R","M","M","M","$","?","T","M","T","E","?","E","R","$","M","B",null,"R","M","$","$","M","?","T","E","M","M","R","?","E","$","M","B",null,"R","M","$","?","M","R","T","E","R","E","$","M","$","E","M","B"],"character_chosen":"SLIMEBOUND","items_purchased":["champ:DeflectingBracers","Slimebound:LeadByExample","Slimebound:PotencyRelic","Du-Vu Doll"],"campfire_rested":0,"item_purchase_floors":[14,20,31,45],"current_hp_per_floor":[53,54,49,53,54,54,54,50,50,48,54,51,51,51,55,49,61,61,65,65,56,52,52,58,60,54,53,53,67,42,47,49,55,67,67,68,68,97,100,100,106,98,108,34,34,24,24,30,33,0,0,0],"gold":122,"neow_bonus":"TRANSFORM_CARD","is_daily":false,"chose_seed":false,"campfire_upgraded":7,"win_rate":0.0,"timestamp":1614004838,"path_taken":["R","M","M","M","$","?","T","M","?","E","?","E","R","$","M","BOSS","R","M","?","$","M","?","T","E","M","?","R","?","E","?","M","BOSS","R","M","$","?","M","R","T","E","R","E","$","M","?","E","M","BOSS"],"items_purchased_type":["Relic","Card","Relic","Relic"],"build_version":"2020-12-22","purchased_purges":5,"victory":false,"max_hp_per_floor":[59,59,59,59,59,59,59,59,59,59,65,65,65,65,65,65,65,65,65,65,65,65,65,71,71,71,71,71,71,71,71,71,71,71,71,71,71,100,100,100,106,106,116,118,118,120,120,122,124,124,124,124],"card_choices":[{"not_picked":["Slimebound:HauntingLick","Slimebound:Schlurp"],"picked":"Slimebound:GoopSpray","floor":2},{"not_picked":["Slimebound:ItLooksTasty","Slimebound:SplitLeeching"],"picked":"Slimebound:Prepare","floor":3},{"not_picked":["Slimebound:GoopTackle","Slimebound:SplitBruiser"],"picked":"Slimebound:SplitAcid","floor":4},{"not_picked":["Slimebound:LeechingTouch","Slimebound:Schlurp"],"picked":"Slimebound:Prepare","floor":5},{"not_picked":["Slimebound:SplitLeeching","Slimebound:LivingWall"],"picked":"Slimebound:SpikyOuterGoop","floor":8},{"not_picked":["Slimebound:RollThrough","Slimebound:FirmFortitude"],"picked":"Slimebound:LevelUp","floor":10},{"not_picked":["Slimebound:PressTheAttack","Slimebound:Darklings"],"picked":"Slimebound:GrowthPunch","floor":12},{"not_picked":["Slimebound:Prepare","Slimebound:LivingWall"],"picked":"Slimebound:Gluttony","floor":14},{"not_picked":["Slimebound:SplitLeeching","Slimebound:LivingWall"],"picked":"Slimebound:SamplingLick","floor":15},{"not_picked":["Slimebound:MassRepurpose","Slimebound:Overexert"],"picked":"Slimebound:Recycling","floor":16},{"not_picked":["Slimebound:RollThrough","Slimebound:GoopTackle","Slimebound:GoopSpray"],"picked":"SKIP","floor":19},{"not_picked":["Slimebound:Chomp","Slimebound:FirmFortitude","Slimebound:RollThrough+1"],"picked":"SKIP","floor":20},{"not_picked":["Slimebound:RejuvenatingLick","Slimebound:MegaLick","Slimebound:LeechEnergy+1"],"picked":"SKIP","floor":21},{"not_picked":["Slimebound:LivingWall","Slimebound:ComboTackle"],"picked":"Slimebound:HauntingLick+1","floor":22},{"not_picked":["Slimebound:LivingWall","Slimebound:ComboTackle"],"picked":"Slimebound:DouseInSlime","floor":25},{"not_picked":["Slimebound:ItLooksTasty","Slimebound:SplitMire"],"picked":"Slimebound:LevelUp","floor":26},{"not_picked":["Slimebound:Prepare","Slimebound:LeechEnergy"],"picked":"Slimebound:LeechingTouch","floor":27},{"not_picked":["Slimebound:TongueLash","Slimebound:LivingWall","Slimebound:GoopSpray"],"picked":"SKIP","floor":30},{"not_picked":["Slimebound:GoopTackle","Slimebound:ItLooksTasty","Slimebound:Chomp"],"picked":"SKIP","floor":31},{"not_picked":["Slimebound:SplitLeeching","Slimebound:SelfFormingGoo","Slimebound:TongueLash"],"picked":"SKIP","floor":32},{"not_picked":["Slimebound:Schlurp","Slimebound:GoopTackle","Slimebound:SamplingLick"],"picked":"SKIP","floor":36},{"not_picked":["Slimebound:Prepare+1","Slimebound:SplitLeeching"],"picked":"Slimebound:SpikyOuterGoop+1","floor":39},{"not_picked":["Slimebound:LeechingTouch","Slimebound:PressTheAttack"],"picked":"Slimebound:Prepare","floor":42},{"not_picked":["Slimebound:WasteNot","Slimebound:Chomp+1","Slimebound:Prepare"],"picked":"Singing Bowl","floor":44},{"not_picked":["Slimebound:DivideAndConquer","Slimebound:HauntingLick+1","Slimebound:LeechingTouch"],"picked":"Singing Bowl","floor":46},{"not_picked":["Slimebound:Gluttony","Slimebound:SlimeBarrage","Slimebound:GoopSpray"],"picked":"Singing Bowl","floor":48},{"not_picked":["Slimebound:Prepare","Slimebound:LeechingTouch+1","Slimebound:LeechEnergy"],"picked":"Singing Bowl","floor":49}],"player_experience":1033634,"relics_obtained":[{"floor":7,"key":"Darkstone Periapt"},{"floor":9,"key":"CeramicFish"},{"floor":10,"key":"Anchor"},{"floor":12,"key":"Art of War"},{"floor":24,"key":"Kunai"},{"floor":25,"key":"Blue Candle"},{"floor":30,"key":"Mummified Hand"},{"floor":38,"key":"Bag of Marbles"},{"floor":38,"key":"Singing Bowl"},{"floor":38,"key":"Old Coin"},{"floor":42,"key":"hexamod:CandleOfCauterizing"},{"floor":44,"key":"Mercury Hourglass"},{"floor":48,"key":"Thread and Needle"}],"event_choices":[{"cards_removed":["Slimebound:Defend_Slimebound"],"damage_healed":0,"gold_gain":0,"player_choice":"Card Removal","damage_taken":0,"max_hp_gain":0,"max_hp_loss":0,"event_name":"The Cleric","floor":6,"gold_loss":0},{"damage_healed":14,"gold_gain":0,"player_choice":"Heal","damage_taken":0,"max_hp_gain":0,"max_hp_loss":0,"event_name":"The Library","floor":29,"gold_loss":0}],"is_beta":false,"boss_relics":[{"not_picked":["Slimebound:TarBlob","Astrolabe"],"picked":"Cursed Key"},{"not_picked":["Snecko Eye","Slimebound:AbsorbEndCombatUpgraded"],"picked":"Philosopher\u0027s Stone"}],"items_purged_floors":[5,14,31,37,45],"is_endless":false,"potions_floor_spawned":[8,10,12,22,25,26,30,32,46,48,49],"killed_by":"WA_ARCHETYPE_DIVINITY","ascension_level":15}}