{"host":"vk2xyavtylxbvrfq","time":1614021894,"event":{"mods":["Bard","BaseMod","Bestiary","Better Altar","Better Match","Better Note","Better Sensory Stone","Better Skull","Better Vampires","Block Reminder","Bossed Relics","Colored Map","Curses Come First","Displayed Cursed Tome","Downfall","Extra Virgin Snecko Oil","Fox Events","Hermit","Ironclad Rager","Marked Mod","Minty Spire (QoL Compilation)","Quick Restart","Rare Cards Sparkle","Relic Sorter","Reliquary","Robot Space Explorer","StSLib","The Hayseed","The Runesmith","Unceasing Turn Reminder"],"gold_per_floor":[118,134,49,68,84,118,118,128,128,160,160,160,193,193,193,295,295,306,356,378,420,13,13,13,47,47,66,66,80,80],"floor_reached":29,"language":"ENG","playtime":1374,"items_purged":[],"score":332,"play_id":"c3ce0df8-dfe2-4621-986a-b76218d572d9","local_time":"20210222142454","is_ascension_mode":true,"campfire_choices":[{"floor":7.0,"key":"REST"},{"data":"hermit:Combo","floor":12.0,"key":"SMITH"},{"data":"hermit:Scavenge","floor":15.0,"key":"SMITH"},{"floor":23.0,"key":"REST"},{"floor":28,"key":"REST"}],"circlet_count":0,"master_deck":["hermit:Strike_Hermit","hermit:Strike_Hermit","hermit:Strike_Hermit","hermit:Strike_Hermit","hermit:Defend_Hermit","hermit:Defend_Hermit","hermit:Defend_Hermit","hermit:Defend_Hermit","hermit:Snapshot","hermit:Covet","Flash of Steel","hermit:EyeOfTheStorm","hermit:WideOpen","hermit:Combo+1","hermit:Headshot","hermit:Dive","hermit:CalledShot","hermit:Headshot","hermit:Scavenge+1","hermit:DeadOrAlive","Pain","hermit:Vantage","Parasite","hermit:OverwhelmingPower","hermit:Dive","hermit:LuckOfTheDraw","hermit:Combo","hermit:Vantage","hermit:CalledShot"],"relics":["hermit:Momento","reliquary:ExpiredCoupon","hermit:Horseshoe","reliquary:BoilingFlask","WarpedTongs","reliquary:ThirdArm","Membership Card","Bottled Lightning","CeramicFish","Bottled Flame"],"acts_visited":["Exordium","TheCity"],"potions_floor_usage":[25,29,29],"damage_taken":[{"damage":0.0,"enemies":"Cultist","floor":1.0,"turns":4.0},{"damage":2.0,"enemies":"Jaw Worm","floor":2.0,"turns":3.0},{"damage":1.0,"enemies":"Small Slimes","floor":4.0,"turns":3.0},{"damage":4.0,"enemies":"2 Fungi Beasts","floor":5.0,"turns":2.0},{"damage":21.0,"enemies":"Lagavulin","floor":6.0,"turns":6.0},{"damage":0.0,"enemies":"Gremlin Gang","floor":8.0,"turns":2.0},{"damage":5.0,"enemies":"3 Sentries","floor":10.0,"turns":8.0},{"damage":8.0,"enemies":"Lots of Slimes","floor":13.0,"turns":4.0},{"damage":24.0,"enemies":"The Guardian","floor":16.0,"turns":9.0},{"damage":0.0,"enemies":"Spheric Guardian","floor":18.0,"turns":1.0},{"damage":17.0,"enemies":"2 Thieves","floor":20.0,"turns":4.0},{"damage":26.0,"enemies":"Centurion and Healer","floor":21.0,"turns":6.0},{"damage":15,"enemies":"Chosen and Byrds","floor":25,"turns":6},{"damage":10,"enemies":"Shelled Parasite and Fungi","floor":27,"turns":6},{"damage":18,"enemies":"Colosseum Slavers","floor":29,"turns":6},{"damage":14,"enemies":"Colosseum Nobs","floor":29,"turns":3}],"seed_played":"-764911269633682144","potions_obtained":[{"floor":1.0,"key":"champ:CounterPotion"},{"floor":2.0,"key":"GamblersBrew"},{"floor":5.0,"key":"Weak Potion"},{"floor":6.0,"key":"Ancient Potion"},{"floor":8.0,"key":"hexamod:SoulburnPotion"},{"floor":27,"key":"Regen Potion"}],"is_trial":false,"path_per_floor":["M","M","$","M","M","E","R","M","T","E","?","R","M","?","R","B",null,"M","?","M","M","$","R","$","M","T","M","R","?"],"character_chosen":"HERMIT","items_purchased":["hermit:Combo","hermit:Headshot","Membership Card","Bottled Lightning","CeramicFish","hermit:Combo","hermit:Vantage"],"campfire_rested":3,"item_purchase_floors":[3,3,22,22,22,22,22],"current_hp_per_floor":[68,66,66,65,61,40,62,62,62,57,57,57,49,67,67,43,67,67,67,50,24,24,46,46,31,31,21,43,20,20],"gold":80,"neow_bonus":"RANDOM_COLORLESS","is_daily":false,"chose_seed":false,"campfire_upgraded":2,"win_rate":0.0,"timestamp":1614021894,"path_taken":["M","M","$","?","M","E","R","M","T","E","?","R","?","?","R","BOSS","M","?","M","?","$","R","?","M","T","M","R","?"],"items_purchased_type":["Card","Card","Relic","Relic","Relic","Card","Card"],"build_version":"2020-12-22","purchased_purges":0,"victory":false,"max_hp_per_floor":[75,75,75,75,75,75,75,75,75,75,75,75,75,75,75,75,75,75,75,75,75,75,75,75,75,75,75,75,75,75],"card_choices":[{"not_picked":["Deep Breath","Trip"],"picked":"Flash of Steel","floor":0.0},{"not_picked":["hermit:Deadeye","hermit:BodyArmor"],"picked":"hermit:EyeOfTheStorm","floor":1.0},{"not_picked":["hermit:Manifest","hermit:Grudge"],"picked":"hermit:WideOpen","floor":2.0},{"not_picked":["hermit:Roulette","hermit:LowProfile"],"picked":"hermit:Dive","floor":4.0},{"not_picked":["hermit:ItchyTrigger","hermit:Showdown"],"picked":"hermit:CalledShot","floor":5.0},{"not_picked":["hermit:Desperado","hermit:LoneWolf"],"picked":"hermit:Headshot","floor":6.0},{"not_picked":["hermit:Combo","hermit:Dive"],"picked":"hermit:Scavenge","floor":8.0},{"not_picked":["hermit:TakeCover","hermit:CursedWeapon"],"picked":"hermit:DeadOrAlive","floor":10.0},{"not_picked":["hermit:ItchyTrigger","hermit:WideOpen"],"picked":"hermit:Vantage","floor":13.0},{"not_picked":["hermit:EternalForm","hermit:HighNoon"],"picked":"hermit:OverwhelmingPower","floor":16.0},{"not_picked":["hermit:NoHoldsBarred+1","hermit:Ricochet","hermit:Coalescence"],"picked":"SKIP","floor":18.0},{"not_picked":["hermit:Manifest","hermit:ShadowCloak"],"picked":"hermit:Dive","floor":20.0},{"not_picked":["hermit:DeadMansHand","hermit:Glare"],"picked":"hermit:LuckOfTheDraw","floor":21.0},{"not_picked":["hermit:Misfire+1","hermit:FullyLoaded+1"],"picked":"hermit:CalledShot","floor":25},{"not_picked":["hermit:WideOpen","hermit:LowProfile","hermit:NoHoldsBarred"],"picked":"SKIP","floor":27}],"player_experience":1461674,"relics_obtained":[{"floor":6.0,"key":"reliquary:ExpiredCoupon"},{"floor":9.0,"key":"hermit:Horseshoe"},{"floor":10.0,"key":"reliquary:BoilingFlask"},{"floor":26,"key":"Bottled Flame"}],"event_choices":[{"damage_healed":0.0,"max_hp_gain":0.0,"max_hp_loss":0.0,"gold_gain":0.0,"event_name":"Accursed Blacksmith","player_choice":"Rummage","floor":11.0,"gold_loss":0.0,"damage_taken":0.0,"relics_obtained":["WarpedTongs"],"cards_obtained":["Pain"]},{"damage_healed":18.0,"max_hp_gain":0.0,"max_hp_loss":0.0,"gold_gain":0.0,"event_name":"Mushrooms","player_choice":"Healed and dodged fight","floor":14.0,"gold_loss":0.0,"damage_taken":0.0,"cards_obtained":["Parasite"]},{"damage_healed":0.0,"max_hp_gain":0.0,"max_hp_loss":0.0,"gold_gain":100.0,"event_name":"The Joust","player_choice":"Bet on Murderer","floor":19.0,"gold_loss":50.0,"damage_taken":0.0},{"damage_healed":0,"gold_gain":0,"player_choice":"Fight","damage_taken":0,"max_hp_gain":0,"max_hp_loss":0,"event_name":"Colosseum","floor":29,"gold_loss":0},{"damage_healed":0,"gold_gain":0,"player_choice":"Fought Nobs","damage_taken":0,"max_hp_gain":0,"max_hp_loss":0,"event_name":"Colosseum","floor":29,"gold_loss":0}],"is_beta":false,"boss_relics":[{"not_picked":["Runesmith:UraniumAnvil","Cursed Key"],"picked":"reliquary:ThirdArm"}],"items_purged_floors":[],"is_endless":false,"potions_floor_spawned":[1,2,5,6,8,27],"killed_by":"Colosseum Nobs","ascension_level":8}}