{"host":"xsuxkwaivmtd234a","time":1614024004,"event":{"mods":["BaseMod","Bestiary","Colored Map","Minty Spire (QoL Compilation)","Relic Stats","StSLib"],"gold_per_floor":[112,125,47,57,69,69,102,161,161,179,179,193,193,223,223,325,325,342,359,458,458,458,458,458,484,530,545,545,545,545,18,18,115,115,129,144,163,174,174,174],"floor_reached":39,"language":"ENG","playtime":2022,"items_purged":[],"score":707,"play_id":"ad552950-d3b7-4a07-9c3b-92bf863ab4c9","local_time":"20210222150004","is_ascension_mode":true,"campfire_choices":[{"data":"Catalyst","floor":6.0,"key":"SMITH"},{"floor":11.0,"key":"REST"},{"data":"Deadly Poison","floor":15.0,"key":"SMITH"},{"data":"Deadly Poison","floor":23.0,"key":"SMITH"},{"floor":28,"key":"REST"},{"floor":30,"key":"REST"},{"data":"Bullet Time","floor":32,"key":"SMITH"}],"circlet_count":0,"master_deck":["AscendersBane","Strike_G+1","Strike_G","Strike_G","Strike_G+1","Strike_G","Defend_G+1","Defend_G","Defend_G","Defend_G","Defend_G","Survivor","Neutralize","Catalyst+1","Deadly Poison","Noxious Fumes","Quick Slash","PiercingWail","Glass Knife","Deadly Poison+1","Deadly Poison+1","Well Laid Plans","Acrobatics+1","Bullet Time+1","Poisoned Stab+1","Acrobatics+1","Catalyst+1","Footwork","PanicButton","Calculated Gamble","Corpse Explosion","Dash","Malaise","Deadly Poison+1","Backflip+1"],"relics":["Ring of the Serpent","NeowsBlessing","Unceasing Top","Paper Crane","White Beast Statue","Omamori","Blue Candle","War Paint","Medical Kit","Whetstone","Busted Crown"],"acts_visited":["Exordium","TheCity","TheBeyond"],"potions_floor_usage":[24,25,27,33,35,37,37,37,39],"damage_taken":[{"damage":0.0,"enemies":"Cultist","floor":1.0,"turns":1.0},{"damage":0.0,"enemies":"Small Slimes","floor":2.0,"turns":1.0},{"damage":0.0,"enemies":"2 Louse","floor":4.0,"turns":1.0},{"damage":0.0,"enemies":"Large Slime","floor":5.0,"turns":6.0},{"damage":38.0,"enemies":"Gremlin Nob","floor":7.0,"turns":5.0},{"damage":16.0,"enemies":"Gremlin Nob","floor":8.0,"turns":5.0},{"damage":0.0,"enemies":"Red Slaver","floor":10.0,"turns":3.0},{"damage":8.0,"enemies":"Gremlin Gang","floor":12.0,"turns":4.0},{"damage":4.0,"enemies":"Lagavulin","floor":14.0,"turns":4.0},{"damage":8.0,"enemies":"Hexaghost","floor":16.0,"turns":8.0},{"damage":23.0,"enemies":"2 Thieves","floor":18.0,"turns":4.0},{"damage":2.0,"enemies":"3 Byrds","floor":19.0,"turns":5.0},{"damage":0,"enemies":"Snecko","floor":24,"turns":1},{"damage":36,"enemies":"Slavers","floor":25,"turns":8},{"damage":8,"enemies":"Centurion and Healer","floor":27,"turns":5},{"damage":33,"enemies":"Champ","floor":33,"turns":7},{"damage":6,"enemies":"3 Shapes","floor":35,"turns":3},{"damage":15,"enemies":"Orb Walker","floor":36,"turns":4},{"damage":1,"enemies":"Spire Growth","floor":37,"turns":4},{"damage":18,"enemies":"Jaw Worm Horde","floor":38,"turns":3},{"damage":17,"enemies":"Maw","floor":39,"turns":4}],"seed_played":"3723099798606504587","potions_obtained":[{"floor":1.0,"key":"Poison Potion"},{"floor":2.0,"key":"Energy Potion"},{"floor":7.0,"key":"SmokeBomb"},{"floor":10.0,"key":"AttackPotion"},{"floor":12.0,"key":"Weak Potion"},{"floor":13.0,"key":"Poison Potion"},{"floor":14.0,"key":"CultistPotion"},{"floor":19.0,"key":"DuplicationPotion"},{"floor":25,"key":"ColorlessPotion"},{"floor":27,"key":"Explosive Potion"},{"floor":33,"key":"EssenceOfSteel"},{"floor":35,"key":"CunningPotion"},{"floor":36,"key":"Energy Potion"},{"floor":37,"key":"DistilledChaos"},{"floor":38,"key":"Ancient Potion"}],"is_trial":false,"path_per_floor":["M","M","$","M","M","R","E","?","T","M","R","M","?","E","R","B",null,"M","M","?","?","?","R","M","E","T","M","R","?","R","$","R","B",null,"M","M","M","M","M"],"character_chosen":"THE_SILENT","items_purchased":["Noxious Fumes","Corpse Explosion","Medical Kit","Dash","Whetstone"],"campfire_rested":3,"item_purchase_floors":[3,31,31,31,31],"current_hp_per_floor":[63,63,63,63,63,63,25,9,9,9,30,22,22,18,18,10,55,32,30,30,53,53,53,53,17,17,9,30,30,51,51,51,18,57,51,36,35,17,0,0],"gold":174,"neow_bonus":"THREE_ENEMY_KILL","is_daily":false,"chose_seed":false,"campfire_upgraded":4,"win_rate":0.0,"timestamp":1614024004,"path_taken":["M","?","$","M","M","R","E","?","T","M","R","M","?","E","R","BOSS","M","?","?","?","?","R","M","E","T","?","R","?","R","$","R","BOSS","M","M","?","?","M"],"items_purchased_type":["Card","Card","Relic","Card","Relic"],"build_version":"2020-12-22","purchased_purges":0,"victory":false,"max_hp_per_floor":[70,70,70,70,70,70,70,70,70,70,70,70,70,70,70,70,70,70,70,70,70,70,70,70,70,70,70,70,70,70,70,70,70,70,70,70,70,70,70,70],"relic_stats":{"Busted Crown":8,"counters":[21,86],"Blue Candle":[1],"Whetstone":["Strike_G","Strike_G"],"War Paint":["Acrobatics","Defend_G"],"Medical Kit":[2],"obtain_stats":[{"Busted Crown":34,"NeowsBlessing":0,"Blue Candle":25,"Omamori":14,"Whetstone":31,"Paper Crane":8,"War Paint":26,"Medical Kit":31,"Unceasing Top":7,"White Beast Statue":9,"Ring of the Serpent":17,"Ring of the Snake":0},{"Busted Crown":16,"NeowsBlessing":0,"Blue Candle":14,"Omamori":9,"Whetstone":15,"Paper Crane":5,"War Paint":14,"Medical Kit":15,"Unceasing Top":5,"White Beast Statue":6,"Ring of the Serpent":10,"Ring of the Snake":0},{"Busted Crown":68,"NeowsBlessing":0,"Blue Candle":56,"Omamori":30,"Whetstone":61,"Paper Crane":14,"War Paint":56,"Medical Kit":61,"Unceasing Top":14,"White Beast Statue":19,"Ring of the Serpent":38,"Ring of the Snake":0}],"Unceasing Top":[6]},"card_choices":[{"not_picked":["Concentrate","Distraction"],"picked":"Catalyst","floor":1.0},{"not_picked":["PiercingWail","Cloak And Dagger"],"picked":"Deadly Poison","floor":2.0},{"not_picked":["Concentrate","Dodge and Roll"],"picked":"Quick Slash","floor":4.0},{"not_picked":["Acrobatics","Concentrate"],"picked":"PiercingWail","floor":5.0},{"not_picked":["Deflect","Escape Plan"],"picked":"Glass Knife","floor":7.0},{"not_picked":["Quick Slash","Sucker Punch"],"picked":"Deadly Poison","floor":8.0},{"not_picked":["Skewer","Prepared"],"picked":"Deadly Poison","floor":10.0},{"not_picked":["Deadly Poison","Bane"],"picked":"Well Laid Plans","floor":12.0},{"not_picked":["Bane","Tools of the Trade"],"picked":"Acrobatics","floor":14.0},{"not_picked":["Storm of Steel","Tools of the Trade"],"picked":"Bullet Time","floor":16.0},{"not_picked":["Dagger Spray","Finisher+1"],"picked":"Poisoned Stab+1","floor":18.0},{"not_picked":["Finisher+1","Slice+1"],"picked":"Acrobatics+1","floor":19.0},{"not_picked":["Sucker Punch","Bane+1","All Out Attack+1"],"picked":"SKIP","floor":25},{"not_picked":["Poisoned Stab+1","Setup"],"picked":"Footwork","floor":27},{"not_picked":["Tools of the Trade","Envenom"],"picked":"Malaise","floor":33},{"not_picked":[],"picked":"Deadly Poison+1","floor":35},{"not_picked":["Prepared"],"picked":"SKIP","floor":36},{"not_picked":[],"picked":"Backflip+1","floor":37},{"not_picked":["Terror"],"picked":"SKIP","floor":38}],"player_experience":1342572,"relics_obtained":[{"floor":7.0,"key":"Unceasing Top"},{"floor":9.0,"key":"White Beast Statue"},{"floor":14.0,"key":"Omamori"},{"floor":25,"key":"Blue Candle"},{"floor":26,"key":"War Paint"}],"event_choices":[{"damage_healed":0.0,"max_hp_gain":0.0,"max_hp_loss":0.0,"gold_gain":30.0,"event_name":"Dead Adventurer","player_choice":"Searched \u00273\u0027 times","floor":8.0,"gold_loss":0.0,"damage_taken":0.0,"relics_obtained":["Paper Crane"]},{"damage_healed":0.0,"max_hp_gain":0.0,"max_hp_loss":0.0,"gold_gain":0.0,"event_name":"Lab","player_choice":"Got Potions","floor":13.0,"gold_loss":0.0,"damage_taken":0.0},{"damage_healed":0.0,"max_hp_gain":0.0,"max_hp_loss":0.0,"gold_gain":99.0,"event_name":"Nest","player_choice":"Stole From Cult","floor":20.0,"gold_loss":0.0,"damage_taken":0.0},{"damage_healed":23.0,"max_hp_gain":0.0,"max_hp_loss":0.0,"gold_gain":0.0,"event_name":"The Library","player_choice":"Heal","floor":21.0,"gold_loss":0.0,"damage_taken":0.0},{"damage_healed":0.0,"max_hp_gain":0.0,"max_hp_loss":0.0,"gold_gain":0.0,"event_name":"Duplicator","player_choice":"Copied","floor":22.0,"gold_loss":0.0,"damage_taken":0.0,"cards_obtained":["Catalyst"]},{"damage_healed":0,"gold_gain":0,"player_choice":"2 cards matched","damage_taken":0,"max_hp_gain":0,"max_hp_loss":0,"event_name":"Match and Keep!","floor":29,"gold_loss":0,"cards_obtained":["PanicButton","Calculated Gamble"]}],"is_beta":false,"boss_relics":[{"not_picked":["WristBlade","Sozu"],"picked":"Ring of the Serpent"},{"not_picked":["SlaversCollar","HoveringKite"],"picked":"Busted Crown"}],"items_purged_floors":[],"is_endless":false,"potions_floor_spawned":[1,2,7,10,12,14,16,18,19,24,25,27,33,35,36,37,38],"killed_by":"Maw","ascension_level":10}}