{"host":"h3ogdo6no3ehk88q","time":1614017748,"event":{"mods":["AchievementEnabler","BaseMod","Downfall","Minty Spire (QoL Compilation)","StSLib","SuperFastMode"],"gold_per_floor":[109,128,128,47,66,66,66,92,102,117,117,142,242,261,275,300,70,70,90,90,187,187,205,217,231,146,160,160,190,200,227,237,255,255,285,285,285,386,386,405,155,173,188,34,84,84,113,113,159,182,201,226,226,258,276,276,276,276,276,51,78,78,78],"floor_reached":62,"language":"ENG","playtime":2049,"items_purged":["Strike_B","Strike_B+1"],"score":1381,"play_id":"8981b8cc-876c-4b7b-a8be-eb7abc9547ad","local_time":"20210222131548","is_ascension_mode":true,"campfire_choices":[{"data":"Discovery","floor":7,"key":"SMITH"},{"data":"Sunder","floor":11,"key":"SMITH"},{"data":"Buffer","floor":18,"key":"SMITH"},{"data":"Electrodynamics","floor":20,"key":"SMITH"},{"data":"Reinforced Body","floor":28,"key":"SMITH"},{"data":"Genetic Algorithm","floor":34,"key":"SMITH"},{"data":"Conserve Battery","floor":37,"key":"SMITH"},{"floor":46,"key":"RECALL"},{"data":"Fission","floor":53,"key":"SMITH"},{"data":"Darkness","floor":56,"key":"SMITH"},{"data":"Self Repair","floor":59,"key":"SMITH"}],"circlet_count":0,"master_deck":["AscendersBane","Strike_B+1","Defend_B","Defend_B","Defend_B","Defend_B","Zap","Dualcast","Self Repair+1","Discovery+1","Melter","White Noise","Sunder+1","Conserve Battery+1","Ball Lightning","Buffer+1","Electrodynamics+1","Echo Form","Darkness+1","Coolheaded+1","Self Repair+1","Reinforced Body+1","Genetic Algorithm+1","Core Surge","Echo Form","Fission+1","Consume+1","Loop","Seek"],"relics":["Cracked Core","CaptainsWheel","Whetstone","Strawberry","Snecko Eye","Bag of Preparation","Question Card","Boot","Gremlin Horn","Inserter","Chemical X","Medical Kit","Dead Branch","Shuriken","Akabeko","Bottled Flame","Centennial Puzzle","DataDisk","Lantern"],"acts_visited":["Exordium","TheCity","TheBeyond","TheEnding"],"potions_floor_usage":[10,62,62],"damage_taken":[{"damage":8,"enemies":"Jaw Worm","floor":1,"turns":4},{"damage":4,"enemies":"2 Louse","floor":2,"turns":3},{"damage":1,"enemies":"Cultist","floor":5,"turns":3},{"damage":35,"enemies":"3 Sentries","floor":8,"turns":9},{"damage":4,"enemies":"3 Louse","floor":9,"turns":3},{"damage":24,"enemies":"Exordium Thugs","floor":10,"turns":3},{"damage":5,"enemies":"Gremlin Gang","floor":14,"turns":4},{"damage":4,"enemies":"Looter","floor":15,"turns":2},{"damage":16,"enemies":"Gremlin Nob","floor":16,"turns":4},{"damage":0,"enemies":"2 Fungi Beasts","floor":19,"turns":4},{"damage":8,"enemies":"Slime Boss","floor":21,"turns":8},{"damage":0,"enemies":"2 Thieves","floor":23,"turns":2},{"damage":0,"enemies":"Spheric Guardian","floor":24,"turns":2},{"damage":0,"enemies":"Snecko","floor":25,"turns":3},{"damage":17,"enemies":"Centurion and Healer","floor":27,"turns":6},{"damage":30,"enemies":"Slavers","floor":29,"turns":4},{"damage":8,"enemies":"Snake Plant","floor":30,"turns":4},{"damage":0,"enemies":"Snecko","floor":32,"turns":5},{"damage":9,"enemies":"3 Cultists","floor":33,"turns":3},{"damage":24,"enemies":"Gremlin Leader","floor":35,"turns":6},{"damage":0,"enemies":"Collector","floor":38,"turns":8},{"damage":0,"enemies":"3 Shapes","floor":40,"turns":2},{"damage":0,"enemies":"3 Darklings","floor":42,"turns":3},{"damage":0,"enemies":"Maw","floor":43,"turns":6},{"damage":0,"enemies":"Mind Bloom Boss Battle","floor":45,"turns":7},{"damage":19,"enemies":"Nemesis","floor":47,"turns":7},{"damage":0,"enemies":"Sphere and 2 Shapes","floor":51,"turns":4},{"damage":0,"enemies":"Giant Head","floor":52,"turns":9},{"damage":16,"enemies":"Reptomancer","floor":54,"turns":6},{"damage":9,"enemies":"Writhing Mass","floor":55,"turns":4},{"damage":14,"enemies":"Donu and Deca","floor":57,"turns":8},{"damage":56,"enemies":"Shield and Spear","floor":61,"turns":6},{"damage":73,"enemies":"The Heart","floor":62,"turns":3}],"seed_played":"-4144066290899297846","potions_obtained":[{"floor":2,"key":"LiquidBronze"},{"floor":5,"key":"Dexterity Potion"},{"floor":16,"key":"FocusPotion"},{"floor":55,"key":"PowerPotion"}],"is_trial":false,"path_per_floor":["M","M","?","$","M","?","R","E","M","M","R","T","?","M","M","E","$","R","M","R","B",null,"M","M","M","?","M","R","E","M","T","M","M","R","E","?","R","B",null,"M","$","M","M","$","?","R","E","?","T","T","M","E","R","E","M","R","B",null,"R","$","E","B"],"character_chosen":"DEFECT","items_purchased":["Discovery","Buffer","Chemical X","Medical Kit","DataDisk","Loop"],"campfire_rested":0,"item_purchase_floors":[4,17,41,44,60,60],"current_hp_per_floor":[67,63,56,56,62,82,82,54,57,40,40,40,40,42,45,43,43,43,50,50,49,79,79,79,79,79,89,89,59,68,68,89,89,89,89,89,89,89,89,89,89,89,89,89,89,89,80,80,80,80,80,85,85,85,85,85,85,85,85,85,69,0,0],"gold":78,"neow_bonus":"TEN_PERCENT_HP_BONUS","is_daily":false,"chose_seed":false,"campfire_upgraded":10,"win_rate":0.0,"timestamp":1614017748,"path_taken":["M","M","?","$","M","?","R","E","M","?","R","T","?","M","?","E","$","R","M","R","BOSS","M","?","M","?","M","R","E","M","T","M","M","R","E","?","R","BOSS","M","$","M","M","$","?","R","E","?","T","T","M","E","R","E","M","R","BOSS","R","$","E","BOSS"],"items_purchased_type":["Card","Card","Relic","Relic","Relic","Card"],"build_version":"2020-12-22","purchased_purges":2,"victory":false,"max_hp_per_floor":[82,82,82,82,82,82,82,82,82,82,82,82,82,82,82,89,89,89,89,89,89,89,89,89,89,89,89,89,89,89,89,89,89,89,89,89,89,89,89,89,89,89,89,89,89,89,89,85,85,85,85,85,85,85,85,85,85,85,85,85,85,85,85],"card_choices":[{"not_picked":["Hologram","Steam","Reprogram"],"picked":"SKIP","floor":1},{"not_picked":["Steam","Leap"],"picked":"Self Repair","floor":2},{"not_picked":["Lockon","Conserve Battery"],"picked":"Genetic Algorithm","floor":5},{"not_picked":["Thunder Strike","Heatsinks"],"picked":"Melter","floor":8},{"not_picked":["Redo","Ball Lightning"],"picked":"White Noise","floor":9},{"not_picked":["Heatsinks","Fusion"],"picked":"Sunder","floor":10},{"not_picked":["Go for the Eyes","Rebound"],"picked":"Conserve Battery","floor":14},{"not_picked":["Conserve Battery","Turbo"],"picked":"Ball Lightning","floor":15},{"not_picked":["Hologram","Compile Driver","Conserve Battery"],"picked":"SKIP","floor":16},{"not_picked":["Sweeping Beam","Reprogram"],"picked":"Electrodynamics","floor":19},{"not_picked":["Seek","Meteor Strike"],"picked":"Echo Form","floor":21},{"not_picked":["Steam+1","Rebound"],"picked":"Darkness","floor":23},{"not_picked":["Redo","Hello World+1"],"picked":"Coolheaded+1","floor":24},{"not_picked":["Skim+1","Turbo"],"picked":"Self Repair+1","floor":25},{"not_picked":["Beam Cell","Barrage"],"picked":"Reinforced Body","floor":27},{"not_picked":["Beam Cell","Sweeping Beam","Hologram"],"picked":"SKIP","floor":29},{"not_picked":["Turbo","Rebound","Skim"],"picked":"Genetic Algorithm","floor":30},{"not_picked":["Aggregate","Stack","Gash+1","Reinforced Body+1"],"picked":"SKIP","floor":32},{"not_picked":["Go for the Eyes","Barrage","Amplify","Steam Power"],"picked":"SKIP","floor":33},{"not_picked":["Stack","Conserve Battery","Heatsinks","Go for the Eyes"],"picked":"SKIP","floor":35},{"not_picked":["All For One","Meteor Strike","Core Surge"],"picked":"Echo Form","floor":38},{"not_picked":["Stack","Beam Cell","Genetic Algorithm","Leap"],"picked":"SKIP","floor":40},{"not_picked":["Hologram+1","Redo","Sweeping Beam","Blizzard"],"picked":"SKIP","floor":42},{"not_picked":["Hologram","Static Discharge","Heatsinks","Conserve Battery"],"picked":"SKIP","floor":43},{"not_picked":["Turbo+1","Rebound","Leap+1"],"picked":"Fission","floor":47},{"not_picked":["Coolheaded+1","Heatsinks+1","Barrage+1","Hologram+1"],"picked":"SKIP","floor":51},{"not_picked":["Blizzard","Coolheaded","Self Repair+1"],"picked":"Consume+1","floor":52},{"not_picked":["Capacitor+1","Skim+1","Reinforced Body+1","Compile Driver"],"picked":"SKIP","floor":54},{"not_picked":["Sunder+1","Leap","Hologram+1","Reprogram+1"],"picked":"SKIP","floor":55},{"not_picked":["Genetic Algorithm","Gash","Cold Snap+1"],"picked":"Seek","floor":61}],"player_experience":957033,"relics_obtained":[{"floor":8,"key":"CaptainsWheel"},{"floor":12,"key":"Whetstone"},{"floor":16,"key":"Strawberry"},{"floor":29,"key":"Question Card"},{"floor":31,"key":"Boot"},{"floor":35,"key":"Gremlin Horn"},{"floor":45,"key":"Dead Branch"},{"floor":47,"key":"Shuriken"},{"floor":50,"key":"Akabeko"},{"floor":52,"key":"Bottled Flame"},{"floor":54,"key":"Centennial Puzzle"},{"floor":61,"key":"Lantern"}],"event_choices":[{"cards_removed":["Strike_B"],"damage_healed":0,"gold_gain":0,"player_choice":"Card Removal","damage_taken":7,"max_hp_gain":0,"max_hp_loss":0,"event_name":"Golden Wing","floor":3,"gold_loss":0},{"cards_removed":["Genetic Algorithm"],"damage_healed":20,"gold_gain":0,"player_choice":"Offered Uncommon","damage_taken":0,"max_hp_gain":0,"max_hp_loss":0,"event_name":"Bonfire Elementals","floor":6,"gold_loss":0},{"damage_healed":0,"gold_gain":100,"player_choice":"Gold","damage_taken":0,"max_hp_gain":0,"max_hp_loss":0,"event_name":"Wheel of Change","floor":13,"gold_loss":0},{"damage_healed":0,"gold_gain":0,"player_choice":"Obtained Relic","damage_taken":0,"relics_obtained":["Bag of Preparation"],"max_hp_gain":0,"max_hp_loss":0,"event_name":"Addict","floor":26,"gold_loss":85},{"damage_healed":0,"gold_gain":0,"player_choice":"Read","damage_taken":0,"max_hp_gain":0,"max_hp_loss":0,"event_name":"The Library","floor":36,"gold_loss":0,"cards_obtained":["Core Surge"]},{"damage_healed":0,"gold_gain":0,"player_choice":"Fight","damage_taken":0,"max_hp_gain":0,"max_hp_loss":0,"event_name":"MindBloom","floor":45,"gold_loss":0},{"damage_healed":0,"gold_gain":0,"player_choice":"Max HP","damage_taken":0,"max_hp_gain":0,"max_hp_loss":4,"event_name":"Winding Halls","floor":48,"gold_loss":0}],"is_beta":false,"boss_relics":[{"not_picked":["Ectoplasm","Black Star"],"picked":"Snecko Eye"},{"not_picked":["Runic Dome","Coffee Dripper"],"picked":"Inserter"}],"items_purged_floors":[17,41],"is_endless":false,"potions_floor_spawned":[2,5,8,9,16,24,29,30,32,35,42,43,51,55,61],"killed_by":"The Heart","ascension_level":11}}