{"host":"cw0gp7779piw2km3","time":1614013166,"event":{"mods":["2.2 Compatiblity","BaseMod","Downfall","Minty Spire (QoL Compilation)","Shapeshifter Mod","Spire Arcade","StSLib"],"gold_per_floor":[110,110,124,139,152,152,117,117,117,133,152,165,178,178,178,178,178],"floor_reached":16,"language":"ENG","playtime":1010,"items_purged":[],"score":96,"play_id":"e3878889-dc0a-4803-8a04-323145b17c24","local_time":"20210222105926","is_ascension_mode":false,"campfire_choices":[{"floor":6,"key":"REST"},{"floor":15,"key":"REST"}],"circlet_count":0,"master_deck":["StSShapeShifter:ShapeShifter_Strike","StSShapeShifter:ShapeShifter_Strike","StSShapeShifter:ShapeShifter_Strike","StSShapeShifter:ShapeShifter_Strike","StSShapeShifter:ShapeShifter_Strike","StSShapeShifter:ShapeShifter_Defend","StSShapeShifter:ShapeShifter_Defend","StSShapeShifter:ShapeShifter_Defend+1","StSShapeShifter:ShapeShifter_Defend+1","StSShapeShifter:ShapeShifter_Defend","StSShapeShifter:Tortoise_Form","StSShapeShifter:Lynx_Form","StSShapeShifter:OwlForm+1","StSShapeShifter:RockSlide","StSShapeShifter:BarkSkin","StSShapeShifter:FruitBasket","StSShapeShifter:HummingbirdForm","StSShapeShifter:MonkeyForm","StSShapeShifter:EntForm","StSShapeShifter:ShiftingStrike","StSShapeShifter:ThornedSkin"],"relics":["StSShapeShifter:AnimalHeart","StSShapeShifter:TheShapeShiftersMagnolia","PreservedInsect"],"acts_visited":["Exordium"],"potions_floor_usage":[12,16],"damage_taken":[{"damage":0,"enemies":"2 Louse","floor":1,"turns":3},{"damage":1,"enemies":"Cultist","floor":3,"turns":4},{"damage":0,"enemies":"Small Slimes","floor":4,"turns":3},{"damage":39,"enemies":"Gremlin Gang","floor":5,"turns":5},{"damage":20,"enemies":"Red Slaver","floor":10,"turns":5},{"damage":0,"enemies":"Lots of Slimes","floor":11,"turns":2},{"damage":10,"enemies":"Exordium Thugs","floor":12,"turns":5},{"damage":12,"enemies":"Looter","floor":13,"turns":4},{"damage":56,"enemies":"Slime Boss","floor":16,"turns":9}],"seed_played":"2387870115556161652","potions_obtained":[{"floor":1,"key":"Fire Potion"},{"floor":3,"key":"bronze:BurnAndBuffPotion"}],"is_trial":false,"path_per_floor":["M","?","M","M","M","R","?","?","T","M","M","M","M","?","R","B"],"character_chosen":"SHAPESHIFTER","items_purchased":[],"campfire_rested":2,"item_purchase_floors":[],"current_hp_per_floor":[78,62,61,61,22,45,64,64,64,46,46,40,28,28,51,0,0],"gold":178,"neow_bonus":"THREE_CARDS","is_daily":false,"chose_seed":false,"campfire_upgraded":0,"win_rate":0.0,"timestamp":1614013166,"path_taken":["M","?","M","M","M","R","?","?","T","M","?","M","M","?","R","BOSS"],"items_purchased_type":[],"build_version":"2020-12-22","purchased_purges":0,"victory":false,"max_hp_per_floor":[78,78,78,78,78,78,78,78,78,78,78,78,78,78,78,78,78],"card_choices":[{"not_picked":["StSShapeShifter:MagicMushrooms","StSShapeShifter:Hunt"],"picked":"StSShapeShifter:OwlForm","floor":0},{"not_picked":["StSShapeShifter:WolfForm","StSShapeShifter:Mystical_Branch"],"picked":"StSShapeShifter:RockSlide","floor":1},{"not_picked":["StSShapeShifter:RockSlide","StSShapeShifter:SpiritOfTheEarth"],"picked":"StSShapeShifter:BarkSkin","floor":3},{"not_picked":["StSShapeShifter:PoisonIvy","StSShapeShifter:ThornToss"],"picked":"StSShapeShifter:FruitBasket","floor":4},{"not_picked":["StSShapeShifter:FallingLeaves","StSShapeShifter:FesteringBite"],"picked":"StSShapeShifter:HummingbirdForm","floor":5},{"not_picked":["StSShapeShifter:BarkSkin","StSShapeShifter:SpiritOfTheEarth"],"picked":"StSShapeShifter:MonkeyForm","floor":10},{"not_picked":["StSShapeShifter:Sapling","StSShapeShifter:ForestFire"],"picked":"StSShapeShifter:EntForm","floor":11},{"not_picked":["StSShapeShifter:Roar","StSShapeShifter:IntimidatingAura"],"picked":"StSShapeShifter:ShiftingStrike","floor":12},{"not_picked":["StSShapeShifter:PhoenixForm","StSShapeShifter:Hunt"],"picked":"StSShapeShifter:ThornedSkin","floor":13}],"player_experience":922414,"relics_obtained":[{"floor":9,"key":"PreservedInsect"}],"event_choices":[{"damage_healed":0,"gold_gain":0,"player_choice":"Entered Light","damage_taken":16,"max_hp_gain":0,"max_hp_loss":0,"event_name":"Shining Light","floor":2,"gold_loss":0,"cards_upgraded":["StSShapeShifter:ShapeShifter_Defend","StSShapeShifter:ShapeShifter_Defend"]},{"damage_healed":19,"gold_gain":0,"player_choice":"Healed","damage_taken":0,"max_hp_gain":0,"max_hp_loss":0,"event_name":"The Cleric","floor":7,"gold_loss":35},{"damage_healed":0,"gold_gain":0,"player_choice":"Forge","damage_taken":0,"max_hp_gain":0,"max_hp_loss":0,"event_name":"Accursed Blacksmith","floor":8,"gold_loss":0,"cards_upgraded":["StSShapeShifter:OwlForm"]},{"damage_healed":0,"gold_gain":0,"player_choice":"Ignored","damage_taken":0,"max_hp_gain":0,"max_hp_loss":0,"event_name":"NoteForYourself","floor":14,"gold_loss":0}],"is_beta":false,"boss_relics":[],"items_purged_floors":[],"is_endless":false,"potions_floor_spawned":[1,3],"killed_by":"Slime Boss","ascension_level":0}}