{"host":"dwyzfvnzfcqffr30","time":1614033747,"event":{"mods":["2.2 Compatiblity","Act Like it!","Aspiration","BaseMod","Beaked The Cultist","Better Altar","Better Match","Better Note","Better Sensory Stone","Better Skull","Better Third Choice","Clockwork Mod","Colored Map","Colored Powertips","Conspire","Downfall","Elementarium","GifTheSpireLib","Halation","Hermit","Hubris","Infinite Spire","Ironclad Rager","Jedi Mod","Menagerie","Mimic Mod","Minty Spire (QoL Compilation)","Permanent Neow","Random Character Button","Relic Filter Mod","Reliquary","Replay The Spire","Shapeshifter Mod","Spicy Shops","Spikes Relics","StSLib","Stuff the Spire","The Construct","The Disciple","The Druid","The Marked","TheFirefly","Trackpad","Wandering Minibosses"],"gold_per_floor":[119,31,31,43,56,92,117,135,135,174,21,40,40,56,56,163,163,193,45,45,61,61,99,125,125,198,233,261,310,364,418,418,549,549,603,603,663,103,133,226,226,275,352,652,652,730,793,865,865,879,879,879,257,314,368],"floor_reached":56,"language":"ENG","playtime":6817,"items_purged":["theMarked:SoldierOfQuellstein+1","theMarked:Strike+1","theMarked:Strike+1","theMarked:Strike+1"],"score":2045,"play_id":"eed3f899-569a-476b-8575-49cdc2741e16","local_time":"20210222144227","is_ascension_mode":true,"campfire_choices":[{"floor":15,"key":"RECALL"},{"data":"StuffTheSpire:Rapture","floor":25,"key":"SMITH"},{"data":"conspire:Banana+1","floor":32,"key":"SMITH"},{"floor":41,"key":"REST"},{"floor":45,"key":"REST"},{"data":"conspire:Banana+2","floor":49,"key":"SMITH"}],"circlet_count":0,"master_deck":["StSShapeShifter:FruitBasket+1","theMarked:Strike+1","theMarked:Defend+1","theMarked:Defend+1","theMarked:Defend+1","theMarked:Defend+1","Apotheosis+1","MasterReality+1","theMarked:WardOff+1","theMarked:ComboAttacks+1","theMarked:SwordAndMagic+1","theMarked:ChainLightning+1","theMarked:Memento+1","theMarked:Challenge+2","theMarked:AttractMetal+1","theMarked:MysticalArsenal+1","theMarked:Abjuration+1","theMarked:Abjuration+1","StuffTheSpire:Rapture+1","theMarked:BanishingStrike+1","conspire:Banana+3","Slimebound:SplitBruiser+1","theMarked:Heritage+1","theMarked:BanishingWave+1","Reforge+1","ReplayTheSpireMod:Private Reserves+1","Specialist+1","theMarked:ContemptForTheProud+1"],"relics":["theMarked:ArtifactOfAir","Frozen Egg 2","Toxic Egg 2","Molten Egg 2","Quantum Egg","infinitespire:EvilPickle","conspire:InfiniteJournal","SacredBark","halation:Prosthetics","hubris:TinFlute","Bottled Tornado","beaked:ShinyBauble","aspiration:StickyExplosives_weak","SpikesRelics:DaevaFist","Prayer Wheel","StuffTheSpire:Saxophone","Replay:Rubber Ducky","Potion Belt","trackpad:SappingStone","construct:ClawGrip","reliquary:PartyBalloon","StuffTheSpire:BottledEssence","aspiration:Lifesprig","halation:IllGainedPizza","hubris:MobiusCoin","halation:PromiseList","Replay:Wax Seal","Elementarium:ElementariumTrophy","reliquary:IridiumChain","Chameleon Ring","ReplayTheSpireMod:ShopPack","Incense Burner","hubris:MysteriousPyramids","Eternal Feather","infinitespire:Beetle Shell","Rawhide","ExplosiveVial","jedi:kaleidoscope","halation:VictoryRuler"],"acts_visited":["Menagerie:Menagerie","Elementarium:Elementarium","TheBeyond","TheEnding"],"potions_floor_usage":[10,27,29,31,33,33,39,42,48,50,50,55,55,55,55],"damage_taken":[{"damage":0,"enemies":"Menagerie:MonstrousExperiment","floor":1,"turns":2},{"damage":3,"enemies":"Menagerie:2_RABBITS","floor":4,"turns":2},{"damage":0,"enemies":"Menagerie:StygianBoar","floor":5,"turns":3},{"damage":2,"enemies":"Menagerie:VoidReaper","floor":6,"turns":5},{"damage":0,"enemies":"Menagerie:BEAST_MAGE_AND_PROWLING_AMALGAM","floor":7,"turns":5},{"damage":5,"enemies":"Menagerie:DREAD_MOTH_AND_GRAFTED_WORMS","floor":8,"turns":3},{"damage":1,"enemies":"Menagerie:MaskedSummoner","floor":10,"turns":2},{"damage":0,"enemies":"Menagerie:EntropyWarlock","floor":12,"turns":3},{"damage":0,"enemies":"Menagerie:BEAST_MAGE_AND_PROWLING_AMALGAM","floor":14,"turns":4},{"damage":0,"enemies":"Menagerie:Chimera","floor":16,"turns":5},{"damage":0,"enemies":"Elementarium:2_ELEMENTALS","floor":18,"turns":3},{"damage":6,"enemies":"Elementarium:MUD_AND_TAR_GOLEMS","floor":21,"turns":4},{"damage":13,"enemies":"Elementarium:FIRE_NOBILITY","floor":23,"turns":6},{"damage":0,"enemies":"Elementarium:VOID_CORRUPTION_AND_ORB_OF_FIRE","floor":27,"turns":4},{"damage":0,"enemies":"Elementarium:VOID_CORRUPTION_AND_TAR_GOLEM","floor":28,"turns":3},{"damage":0,"enemies":"Elementarium:WarGolem","floor":29,"turns":3},{"damage":0,"enemies":"Elementarium:CYCLONE_AND_LIVING_STORMCLOUD","floor":30,"turns":5},{"damage":1,"enemies":"Elementarium:ElementalPortal","floor":31,"turns":4},{"damage":0,"enemies":"Elementarium:GolemEmperor","floor":33,"turns":7},{"damage":0,"enemies":"Orb Walker","floor":35,"turns":3},{"damage":5,"enemies":"3 Darklings","floor":37,"turns":4},{"damage":30,"enemies":"Jaw Worm Horde","floor":39,"turns":4},{"damage":2,"enemies":"Giant Head","floor":40,"turns":5},{"damage":29,"enemies":"Nemesis","floor":42,"turns":5},{"damage":0,"enemies":"Giant Head","floor":46,"turns":6},{"damage":0,"enemies":"Sphere and 2 Shapes","floor":47,"turns":4},{"damage":2,"enemies":"Writhing Mass","floor":48,"turns":4},{"damage":59,"enemies":"Time Eater","floor":50,"turns":11},{"damage":21,"enemies":"Shield and Spear","floor":54,"turns":4},{"damage":34,"enemies":"The Heart","floor":55,"turns":6}],"seed_played":"-7705385205729828742","potions_obtained":[{"floor":5,"key":"Explosive Potion"},{"floor":6,"key":"AttackPotion"},{"floor":12,"key":"Block Potion"},{"floor":14,"key":"Regen Potion"},{"floor":23,"key":"LiquidMemories"},{"floor":28,"key":"FearPotion"},{"floor":29,"key":"SpeedPotion"},{"floor":30,"key":"Block Potion"},{"floor":33,"key":"Dexterity Potion"},{"floor":40,"key":"Languid Potion"},{"floor":42,"key":"Adrenaline Potion"},{"floor":46,"key":"FearPotion"},{"floor":48,"key":"SpeedPotion"},{"floor":52,"key":"Strength Potion"},{"floor":52,"key":"LiquidBronze"}],"is_trial":false,"path_per_floor":["M","$","?","M","M","E","M","M","T","E","$","M","?","M","R","B",null,"M","$","AVR","M","?","E","T","R","T","M","M","E","M","E","R","B",null,"M","?","M","$","M","E","R","E","T","?","R","E","M","M","R","B",null,"R","$","E","B",null],"character_chosen":"THE_DEFAULT","items_purchased":["beaked:ShinyBauble","aspiration:StickyExplosives_weak","SpikesRelics:DaevaFist","Prayer Wheel","StuffTheSpire:Saxophone","theMarked:MysticalArsenal+1","reliquary:PartyBalloon","reliquary:IridiumChain","Chameleon Ring","ReplayTheSpireMod:ShopPack","Rawhide","ExplosiveVial","jedi:kaleidoscope"],"campfire_rested":2,"item_purchase_floors":[2,2,2,2,2,11,19,38,38,38,53,53,53],"current_hp_per_floor":[37,37,37,34,37,36,37,35,35,34,34,37,28,31,31,34,36,37,37,37,37,37,29,29,29,29,37,43,43,44,45,45,50,50,54,54,55,55,44,54,70,45,45,45,74,78,82,84,86,41,83,97,97,81,58],"gold":368,"neow_bonus":"REMOVE_CARD","is_daily":false,"chose_seed":false,"campfire_upgraded":3,"win_rate":0.0,"timestamp":1614033747,"path_taken":["M","$","?","M","M","E","?","M","T","E","?","?","?","M","R","BOSS","M","?","AVR","M","?","E","?","R","T","M","M","E","M","E","R","BOSS","M","?","M","$","?","E","R","E","T","?","R","E","?","M","R","BOSS","R","$","E","BOSS"],"items_purchased_type":["Relic","Relic","Relic","Relic","Relic","Card","Relic","Relic","Relic","Relic","Relic","Relic","Relic"],"build_version":"2020-12-22","purchased_purges":4,"victory":true,"max_hp_per_floor":[37,37,37,37,37,37,37,37,37,37,37,37,37,37,37,37,37,37,37,37,37,37,39,39,39,39,41,44,44,44,46,46,50,50,54,54,57,57,61,70,70,74,74,74,74,78,82,86,86,97,97,97,97,102,113],"card_choices":[{"not_picked":["theMarked:ElectricStrings+1","theMarked:Standoff+1"],"picked":"theMarked:WardOff+1","floor":1},{"not_picked":["theMarked:TwofoldDefense+1","theMarked:TakeCover+1"],"picked":"theMarked:ComboAttacks+1","floor":4},{"not_picked":["theMarked:ResourceFulStrike+1","theMarked:Aftermath+1","theMarked:WastefulAttack+1"],"picked":"SKIP","floor":4},{"not_picked":["theMarked:Parkour+1","theMarked:Indomitable+1"],"picked":"theMarked:SwordAndMagic+1","floor":5},{"not_picked":["theMarked:WardOff+1","theMarked:ResourceFulStrike+1","theMarked:MuscleMemory+1"],"picked":"SKIP","floor":5},{"not_picked":["theMarked:TwofoldDefense+1","theMarked:Aftermath+1","theMarked:ShockingTouch+1"],"picked":"SKIP","floor":6},{"not_picked":["theMarked:WastefulAttack+1","theMarked:SwordAndMagic+1"],"picked":"theMarked:ChainLightning+1","floor":7},{"not_picked":["theMarked:TunnelVision+1","theMarked:ChainLightning+1","theMarked:LightningStrikesTwice+1"],"picked":"SKIP","floor":7},{"not_picked":["theMarked:TwofoldDefense+1","theMarked:SelfDefenseTraining+1"],"picked":"theMarked:Memento+1","floor":8},{"not_picked":["theMarked:Aftermath+1","theMarked:SwordAndMagic+1"],"picked":"theMarked:Challenge+1","floor":8},{"not_picked":["theMarked:Aftermath+1","theMarked:TakeCover+1"],"picked":"theMarked:AttractMetal+1","floor":10},{"not_picked":["theMarked:SelfDefenseTraining+1","theMarked:Memento+1"],"picked":"theMarked:Abjuration+1","floor":12},{"not_picked":["theMarked:ChainLightning+1","theMarked:WardOff+1","theMarked:Indomitable+1"],"picked":"SKIP","floor":12},{"not_picked":["theMarked:Reabsorb+1","theMarked:WastefulAttack+1","theMarked:Memento+1"],"picked":"SKIP","floor":14},{"not_picked":["theMarked:CreepingChasm+1","theMarked:Improvise+1","theMarked:Aftermath+1"],"picked":"SKIP","floor":14},{"not_picked":["theMarked:DispelDoubt+1","theMarked:Challenge+1"],"picked":"theMarked:Abjuration+1","floor":16},{"not_picked":["theMarked:TheMission+1","theMarked:SwordAndMagic+1","theMarked:GodGivenPower+1"],"picked":"SKIP","floor":18},{"not_picked":["theMarked:AttractMetal+1","theMarked:TakeCover+1","theMarked:EnhanceMovement+1"],"picked":"SKIP","floor":18},{"not_picked":["theMarked:Reabsorb+1","theMarked:KeepCalmAndFight+1"],"picked":"theMarked:BanishingStrike+1","floor":21},{"not_picked":["theMarked:Memento+1","theMarked:SwordAndMagic+1","theMarked:Improvise+1"],"picked":"SKIP","floor":21},{"not_picked":["jedi:forcepull+1","Deep Breath+1"],"picked":"conspire:Banana+1","floor":22},{"not_picked":["hermit:Combo+1","StSShapeShifter:OpportuneSwoop+1"],"picked":"Slimebound:SplitBruiser+1","floor":22},{"not_picked":["theMarked:Reabsorb+1","theMarked:Snap+1","theMarked:ThrowWeapon+1"],"picked":"SKIP","floor":23},{"not_picked":["theMarked:Aftermath+1","theMarked:ResourceFulStrike+1"],"picked":"theMarked:Heritage+1","floor":27},{"not_picked":["theMarked:CreepingChasm+1","theMarked:Aftermath+1","theMarked:SwordAndMagic+1"],"picked":"SKIP","floor":27},{"not_picked":["theMarked:Aftermath+1","theMarked:Overthink+1"],"picked":"theMarked:BanishingWave+1","floor":28},{"not_picked":["theMarked:SwordAndMagic+1","theMarked:TakeCover+1","theMarked:WardOff+1"],"picked":"SKIP","floor":28},{"not_picked":["theMarked:Heritage+1","theMarked:ParalyzingBlade+1","theMarked:ElectricStrings+1"],"picked":"SKIP","floor":29},{"not_picked":["theMarked:ElectricStrings+1","theMarked:ParalyzingBlade+1","theMarked:Pokerface+1"],"picked":"SKIP","floor":30},{"not_picked":["theMarked:Electrocute+1","theMarked:WastefulAttack+1","theMarked:ChannelForce+1"],"picked":"SKIP","floor":30},{"not_picked":["theMarked:Panic+1","theMarked:ElectricStrings+1","theMarked:Electrify+1"],"picked":"SKIP","floor":31},{"not_picked":["theMarked:Static+1","theMarked:WardOff+1","theMarked:TwofoldDefense+1"],"picked":"SKIP","floor":35},{"not_picked":["theMarked:SwordAndMagic+1","theMarked:Improvise+1","theMarked:MysticalArsenal+1"],"picked":"SKIP","floor":35},{"not_picked":["theMarked:WardOff+1","theMarked:PowerFlow+1","theMarked:EmpowerWeapon+1"],"picked":"SKIP","floor":37},{"not_picked":["theMarked:TwofoldDefense+1","theMarked:Improvise+1","theMarked:ComboAttacks+1"],"picked":"SKIP","floor":37},{"not_picked":["ReplayUltimateDefense","Poisoned Strike"],"picked":"Reforge","floor":38},{"not_picked":["StuffTheSpire:PlasmaPulse","Survey Options"],"picked":"ReplayTheSpireMod:Private Reserves","floor":38},{"not_picked":["Bandage Up","StuffTheSpire:FreeRealEstate"],"picked":"Specialist","floor":38},{"not_picked":["theMarked:ChainLightning+1","theMarked:Frustration+1","theMarked:Heritage+1"],"picked":"SKIP","floor":39},{"not_picked":["theMarked:Frustration+1","theMarked:Friction+1","theMarked:Aftermath+1"],"picked":"SKIP","floor":39},{"not_picked":["theMarked:HeightenedSenses+1","theMarked:Frustration+1"],"picked":"theMarked:ContemptForTheProud+1","floor":40},{"not_picked":["theMarked:BindingBlade+1","theMarked:PowerFlow+1","theMarked:Aftermath+1"],"picked":"SKIP","floor":42},{"not_picked":["theMarked:Challenge+1","theMarked:SelfDefenseTraining+1","theMarked:Frustration+1"],"picked":"SKIP","floor":46},{"not_picked":["theMarked:ResourceFulStrike+1","theMarked:StartUp+1","theMarked:Polarize+1"],"picked":"SKIP","floor":47},{"not_picked":["theMarked:Aftermath+1","theMarked:TakeCover+1","theMarked:ElectricStrings+1"],"picked":"SKIP","floor":47},{"not_picked":["theMarked:Maelstrom+1","theMarked:OneWithTheBlade+1","theMarked:Panic+1"],"picked":"SKIP","floor":48},{"not_picked":["theMarked:HeightenedSenses+1","theMarked:WardOff+1","theMarked:BanishingStrike+1"],"picked":"SKIP","floor":48},{"not_picked":["theMarked:CreepingChasm+1","theMarked:TwofoldDefense+1","theMarked:WastefulAttack+1"],"picked":"SKIP","floor":54}],"player_experience":3511125,"relics_obtained":[{"floor":6,"key":"Replay:Rubber Ducky"},{"floor":10,"key":"Potion Belt"},{"floor":23,"key":"aspiration:Lifesprig"},{"floor":24,"key":"halation:IllGainedPizza"},{"floor":26,"key":"hubris:MobiusCoin"},{"floor":29,"key":"halation:PromiseList"},{"floor":31,"key":"Replay:Wax Seal"},{"floor":40,"key":"Incense Burner"},{"floor":42,"key":"hubris:MysteriousPyramids"},{"floor":43,"key":"Eternal Feather"},{"floor":46,"key":"infinitespire:Beetle Shell"},{"floor":54,"key":"halation:VictoryRuler"}],"event_choices":[{"damage_healed":0,"gold_gain":0,"player_choice":"Simplicity","damage_taken":0,"max_hp_gain":0,"max_hp_loss":8,"event_name":"betterThird:BetterWriting","floor":0,"gold_loss":0},{"damage_healed":0,"gold_gain":0,"player_choice":"RE ","damage_taken":11,"relics_obtained":["trackpad:SappingStone"],"max_hp_gain":0,"max_hp_loss":0,"event_name":"betterSkull:BetterSkull","floor":13,"gold_loss":0,"cards_upgraded":[]},{"damage_healed":0,"gold_gain":0,"player_choice":"RE ","damage_taken":11,"relics_obtained":["trackpad:SappingStone"],"max_hp_gain":0,"max_hp_loss":0,"event_name":"betterSkull:BetterSkull","floor":13,"gold_loss":0,"cards_upgraded":[]},{"damage_healed":0,"gold_gain":0,"player_choice":"Machinery","damage_taken":0,"max_hp_gain":0,"max_hp_loss":0,"event_name":"Elementarium:IncubationChamber","floor":22,"gold_loss":0},{"damage_healed":0,"gold_gain":0,"player_choice":"Upgraded","damage_taken":0,"max_hp_gain":0,"max_hp_loss":0,"event_name":"Upgrade Shrine","floor":36,"gold_loss":0,"cards_upgraded":["theMarked:Challenge"]},{"damage_healed":0,"gold_gain":300,"player_choice":"Gold","damage_taken":0,"max_hp_gain":0,"max_hp_loss":0,"event_name":"Wheel of Change","floor":44,"gold_loss":0}],"is_beta":false,"boss_relics":[{"not_picked":["SlaversCollar","hubris:HollowSoul"],"picked":"construct:ClawGrip"},{"not_picked":["aspiration:FutureDiary","halation:Prosthetics","aspiration:RunicSpoon"]}],"items_purged_floors":[11,20,38,53],"is_endless":false,"potions_floor_spawned":[5,6,8,12,14,23,28,29,30,33,40,42,46,48],"ascension_level":9}}