{"host":"khwpnvgc3av0w6xd","time":1614022537,"event":{"mods":["BaseMod","Block Reminder","Colored Map","DeckTracker","Highlight Path","Minty Spire (QoL Compilation)","Quick Restart"],"gold_per_floor":[214,214,214,1,15,45,45,45,118,118,144,217,235,235,235,235,235],"floor_reached":16,"language":"DEU","playtime":626,"items_purged":[],"score":106,"play_id":"c31e1798-4148-4779-a184-d465455a5bcf","local_time":"20210222203537","is_ascension_mode":true,"campfire_choices":[{"floor":7,"key":"REST"},{"floor":10,"key":"RECALL"},{"floor":15,"key":"REST"}],"circlet_count":0,"master_deck":["Strike_P+1","Strike_P","Strike_P","Strike_P","Defend_P","Defend_P","Defend_P","Defend_P","Eruption","Vigilance","LikeWater+1","LessonLearned+1","Prostrate","ClearTheMind","WindmillStrike","Tantrum","FearNoEvil"],"relics":["PureWater","Ornamental Fan","Pear","Toxic Egg 2","Odd Mushroom"],"acts_visited":["Exordium"],"potions_floor_usage":[16],"damage_taken":[{"damage":0,"enemies":"Small Slimes","floor":1,"turns":2},{"damage":6,"enemies":"Jaw Worm","floor":5,"turns":8},{"damage":43,"enemies":"Lagavulin","floor":6,"turns":10},{"damage":44,"enemies":"The Mushroom Lair","floor":11,"turns":6},{"damage":0,"enemies":"2 Louse","floor":13,"turns":1},{"damage":31,"enemies":"The Guardian","floor":16,"turns":6}],"seed_played":"8628969357677940289","potions_obtained":[{"floor":11,"key":"Strength Potion"}],"is_trial":false,"path_per_floor":["M","?","?","$","M","E","R","?","T","R","?","?","M","?","R","B"],"character_chosen":"WATCHER","items_purchased":["LessonLearned","Prostrate"],"campfire_rested":2,"item_purchase_floors":[4,4],"current_hp_per_floor":[72,65,65,65,59,26,50,50,50,50,6,6,6,6,30,0,0],"gold":235,"neow_bonus":"HUNDRED_GOLD","is_daily":false,"chose_seed":false,"campfire_upgraded":0,"win_rate":0.0,"timestamp":1614022537,"path_taken":["M","?","?","$","M","E","R","?","T","R","?","?","?","?","R","BOSS"],"items_purchased_type":["Card","Card"],"build_version":"2020-12-22","purchased_purges":0,"victory":false,"max_hp_per_floor":[72,72,72,72,72,82,82,82,82,82,82,82,82,82,82,82,82],"card_choices":[{"not_picked":["Consecrate","Nirvana"],"picked":"LikeWater","floor":1},{"not_picked":["InnerPeace","ThirdEye"],"picked":"ClearTheMind","floor":5},{"not_picked":["SpiritShield","EmptyMind"],"picked":"WindmillStrike","floor":6},{"not_picked":["Evaluate+1","CutThroughFate"],"picked":"Tantrum","floor":11},{"not_picked":["FlurryOfBlows","FlyingSleeves"],"picked":"FearNoEvil","floor":13}],"player_experience":122140,"relics_obtained":[{"floor":6,"key":"Pear"},{"floor":9,"key":"Toxic Egg 2"},{"floor":11,"key":"Odd Mushroom"}],"event_choices":[{"damage_healed":0,"gold_gain":0,"player_choice":"Success","damage_taken":7,"relics_obtained":["Ornamental Fan"],"max_hp_gain":0,"max_hp_loss":0,"event_name":"Scrap Ooze","floor":2,"gold_loss":0},{"damage_healed":0,"gold_gain":0,"player_choice":"Leave","damage_taken":0,"max_hp_gain":0,"max_hp_loss":0,"event_name":"The Cleric","floor":3,"gold_loss":0},{"damage_healed":0,"gold_gain":0,"player_choice":"Grow","damage_taken":0,"max_hp_gain":0,"max_hp_loss":0,"event_name":"Living Wall","floor":8,"gold_loss":0,"cards_upgraded":["LessonLearned"]},{"damage_healed":0,"gold_gain":0,"player_choice":"Fought Mushrooms","damage_taken":0,"max_hp_gain":0,"max_hp_loss":0,"event_name":"Mushrooms","floor":11,"gold_loss":0},{"damage_healed":0,"gold_gain":73,"player_choice":"Gained Gold","damage_taken":0,"max_hp_gain":0,"max_hp_loss":0,"event_name":"Golden Wing","floor":12,"gold_loss":0},{"damage_healed":0,"gold_gain":0,"player_choice":"Ignored","damage_taken":0,"max_hp_gain":0,"max_hp_loss":0,"event_name":"Shining Light","floor":14,"gold_loss":0}],"is_beta":false,"boss_relics":[],"items_purged_floors":[],"is_endless":false,"potions_floor_spawned":[11],"killed_by":"The Guardian","ascension_level":2}}