{"host":"2m6tiise24ys9klz","time":1614015390,"event":{"mods":["BaseMod","Better Third Choice","Colored Map","Downfall","Highlight Path","Minty Spire (QoL Compilation)","StSLib"],"gold_per_floor":[99,99,99,24,124,124,148,175,31,31,31,57,42,77,88,88,88,88],"floor_reached":16,"language":"ENG","playtime":707,"items_purged":[],"score":140,"play_id":"790e03da-a3cf-4e69-9cf3-b60310c7e19d","local_time":"20210222093630","is_ascension_mode":true,"campfire_choices":[{"data":"Slimebound:Split","floor":1,"key":"SMITH"}],"circlet_count":0,"master_deck":["Slimebound:Strike_Slimebound","Slimebound:Strike_Slimebound","Slimebound:Tackle","Slimebound:Defend_Slimebound","Slimebound:Defend_Slimebound","Slimebound:Defend_Slimebound","Slimebound:Defend_Slimebound+1","Slimebound:Split+1","Slimebound:CorrosiveSpit","Slimebound:RollThrough","Slimebound:SlimeSpikes","Slimebound:DisruptingSlam","Slimebound:SlimeSpikes+1","Slimebound:RollThrough","Slimebound:ViciousTackle","Slimebound:ComboTackle","Slimebound:GoopSpray","Slimebound:RollThrough","Slimebound:Chomp"],"relics":["Slimebound:AbsorbEndCombat","downfall:HeartsMalice","Slimebound:GreedOozeRelic","Singing Bowl","Slimebound:ScrapOozeRelic","Bronze Scales","War Paint"],"acts_visited":["Exordium"],"potions_floor_usage":[12,16],"damage_taken":[{"damage":0,"enemies":"2 Louse","floor":2,"turns":1},{"damage":0,"enemies":"Jaw Worm","floor":3,"turns":1},{"damage":0,"enemies":"Small Slimes","floor":6,"turns":1},{"damage":31,"enemies":"Lagavulin","floor":8,"turns":5},{"damage":0,"enemies":"downfall:FleeingMerchant","floor":9,"turns":4},{"damage":9,"enemies":"3 Sentries","floor":12,"turns":4},{"damage":3,"enemies":"downfall:FleeingMerchant","floor":13,"turns":4},{"damage":26,"enemies":"Lagavulin","floor":14,"turns":6},{"damage":8,"enemies":"Exordium Thugs","floor":15,"turns":4},{"damage":28,"enemies":"DF_ARCHETYPE_STREAMLINE","floor":16,"turns":6}],"seed_played":"1011302381145309211","potions_obtained":[{"floor":8,"key":"Block Potion"},{"floor":12,"key":"Fire Potion"},{"floor":15,"key":"AttackPotion"}],"is_trial":false,"path_per_floor":["R","M","M","?","?","M","T","E","$","?","?","E","$","E","M","B"],"character_chosen":"SLIMEBOUND","items_purchased":["Slimebound:RollThrough","Slimebound:ViciousTackle"],"campfire_rested":0,"item_purchase_floors":[9,9],"current_hp_per_floor":[65,65,65,65,65,65,65,43,47,47,47,40,45,25,21,0,0,0],"gold":88,"neow_bonus":"THREE_ENEMY_KILL","is_daily":false,"chose_seed":false,"campfire_upgraded":1,"win_rate":0.0,"timestamp":1614015390,"path_taken":["R","M","M","?","?","M","T","E","?","?","?","E","$","E","M","BOSS"],"items_purchased_type":["Card","Card"],"build_version":"2020-12-22","purchased_purges":0,"victory":false,"max_hp_per_floor":[65,65,65,65,65,65,65,67,67,67,67,67,67,67,67,67,67,67],"card_choices":[{"not_picked":["Slimebound:FlameTackle","Slimebound:HauntingLick"],"picked":"Slimebound:RollThrough","floor":2},{"not_picked":["Slimebound:PressTheAttack","Slimebound:GoopSpray"],"picked":"Slimebound:SlimeSpikes","floor":3},{"not_picked":["Slimebound:Dissolve","Slimebound:GoopSpray"],"picked":"Slimebound:DisruptingSlam","floor":6},{"not_picked":["Slimebound:SlimeBrawl","Slimebound:ServeAndProtect","Slimebound:ItLooksTasty"],"picked":"Singing Bowl","floor":8},{"not_picked":["Slimebound:TongueLash","Slimebound:Dissolve"],"picked":"Slimebound:SlimeSpikes","floor":9},{"not_picked":["Slimebound:LeechEnergy","Slimebound:DisruptingSlam"],"picked":"Slimebound:ComboTackle","floor":12},{"not_picked":["Slimebound:SplitBruiser","Slimebound:SplitMire"],"picked":"Slimebound:GoopSpray","floor":13},{"not_picked":["Slimebound:SplitMire","Slimebound:HauntingLick"],"picked":"Slimebound:RollThrough","floor":14},{"not_picked":["Slimebound:Dissolve","Slimebound:SamplingLick"],"picked":"Slimebound:Chomp","floor":15}],"player_experience":836299,"relics_obtained":[{"floor":7,"key":"hexamod:BolsterEngine"},{"floor":8,"key":"Singing Bowl"},{"floor":12,"key":"Bronze Scales"},{"floor":14,"key":"War Paint"}],"event_choices":[{"cards_removed":["Slimebound:Strike_Slimebound"],"damage_healed":0,"gold_gain":0,"player_choice":"Offered Basic","damage_taken":0,"max_hp_gain":0,"max_hp_loss":0,"event_name":"Bonfire Elementals","floor":11,"gold_loss":0}],"is_beta":false,"boss_relics":[],"items_purged_floors":[],"is_endless":false,"potions_floor_spawned":[8,12,15],"killed_by":"DF_ARCHETYPE_STREAMLINE","ascension_level":5}}