{"host":"wqwfknj40rilnol1","time":1614015956,"event":{"mods":["BaseMod","BetterRewards","Block Reminder","Colored Map","Hubris","Minty Spire (QoL Compilation)","Permanent Neow","Relic Stats","StSLib","The Cursed"],"gold_per_floor":[212,222,0,14,189,189,215,215,215,215,249,260,260,22,22,119,119,135,135,147,176,176,201,214,214,214,230,230,242,252,279,279,279,279],"floor_reached":33,"language":"ENG","playtime":1135,"items_purged":[],"score":457,"play_id":"6469bf79-e35f-49fb-be0b-1b86a64afc6c","local_time":"20210222184556","is_ascension_mode":true,"campfire_choices":[{"data":"Bash","floor":6,"key":"SMITH"},{"data":"Bludgeon","floor":8,"key":"SMITH"},{"data":"Whirlwind","floor":10,"key":"SMITH"},{"floor":15,"key":"REST"},{"data":"Berserk","floor":25,"key":"SMITH"},{"data":"J.A.X.","floor":28,"key":"SMITH"},{"floor":32,"key":"REST"}],"circlet_count":0,"master_deck":["AscendersBane","Strike_R","Strike_R","Strike_R","Strike_R","Strike_R","Defend_R","Defend_R","Defend_R","Defend_R","Bash+1","Shrug It Off","Iron Wave","Bludgeon+1","Whirlwind+1","Doubt","Ghostly Armor","Blood for Blood+1","Shrug It Off","Reaper","Dual Wield+1","J.A.X.+1","Berserk+1","Shrug It Off+1","Pummel","Limit Break","Heavy Blade"],"relics":["Burning Blood","Frozen Eye","Anchor","Incense Burner","hubris:BottledRain","hubris:Metronome","Philosopher\u0027s Stone","Red Mask","Pocketwatch","Bottled Flame","hubris:DeckOfHolding"],"acts_visited":["Exordium","TheCity"],"potions_floor_usage":[11,21,23,31,33],"damage_taken":[{"damage":11,"enemies":"Jaw Worm","floor":1,"turns":5},{"damage":6,"enemies":"2 Louse","floor":2,"turns":3},{"damage":6,"enemies":"Cultist","floor":4,"turns":3},{"damage":33,"enemies":"Gremlin Nob","floor":7,"turns":5},{"damage":33,"enemies":"Lagavulin","floor":11,"turns":9},{"damage":0,"enemies":"Exordium Wildlife","floor":12,"turns":3},{"damage":42,"enemies":"Hexaghost","floor":16,"turns":8},{"damage":9,"enemies":"2 Thieves","floor":18,"turns":4},{"damage":0,"enemies":"Spheric Guardian","floor":20,"turns":2},{"damage":39,"enemies":"Masked Bandits","floor":21,"turns":4},{"damage":28,"enemies":"Slavers","floor":23,"turns":4},{"damage":3,"enemies":"Cultist and Chosen","floor":24,"turns":3},{"damage":12,"enemies":"Centurion and Healer","floor":27,"turns":3},{"damage":3,"enemies":"3 Cultists","floor":29,"turns":4},{"damage":4,"enemies":"Cultist and Chosen","floor":30,"turns":6},{"damage":19,"enemies":"Book of Stabbing","floor":31,"turns":4},{"damage":93,"enemies":"Collector","floor":33,"turns":7}],"seed_played":"-9130385220966211784","potions_obtained":[{"floor":7,"key":"SpeedPotion"},{"floor":11,"key":"LiquidMemories"},{"floor":12,"key":"BloodPotion"},{"floor":16,"key":"PowerPotion"},{"floor":21,"key":"Fire Potion"},{"floor":23,"key":"AttackPotion"}],"is_trial":false,"path_per_floor":["M","M","$","M","?","R","E","R","T","R","E","M","?","$","R","B",null,"M","?","M","?","?","E","M","R","T","M","R","M","M","E","R","B"],"character_chosen":"IRONCLAD","items_purchased":["Bludgeon","Frozen Eye","hubris:Metronome"],"campfire_rested":2,"item_purchase_floors":[3,3,14],"current_hp_per_floor":[67,67,67,67,67,67,40,40,40,40,13,19,19,19,43,7,62,65,65,71,38,38,31,34,34,34,28,28,43,50,37,61,0,0],"gold":279,"neow_bonus":"HUNDRED_GOLD","is_daily":false,"chose_seed":false,"campfire_upgraded":5,"win_rate":0.0,"timestamp":1614015956,"path_taken":["M","M","$","M","?","R","E","R","T","R","E","M","?","$","R","BOSS","M","?","M","?","?","E","M","R","T","M","R","M","?","E","R","BOSS"],"items_purchased_type":["Card","Relic","Relic"],"build_version":"2020-12-22","purchased_purges":0,"victory":false,"max_hp_per_floor":[80,80,80,80,80,80,80,80,80,80,80,80,80,80,80,80,80,80,80,80,80,80,80,80,80,80,80,80,80,80,80,80,80,80],"relic_stats":{"counters":[17,77],"obtain_stats":[{"Frozen Eye":3,"Anchor":7,"hubris:Metronome":14,"Bottled Flame":26,"Philosopher\u0027s Stone":17,"hubris:DeckOfHolding":31,"Incense Burner":9,"Red Mask":21,"Burning Blood":0,"hubris:BottledRain":11,"Pocketwatch":23},{"Frozen Eye":2,"Anchor":4,"hubris:Metronome":6,"Bottled Flame":12,"Philosopher\u0027s Stone":7,"hubris:DeckOfHolding":16,"Incense Burner":4,"Red Mask":10,"Burning Blood":0,"hubris:BottledRain":5,"Pocketwatch":11},{"Frozen Eye":8,"Anchor":16,"hubris:Metronome":28,"Bottled Flame":53,"Philosopher\u0027s Stone":36,"hubris:DeckOfHolding":70,"Incense Burner":16,"Red Mask":46,"Burning Blood":0,"hubris:BottledRain":25,"Pocketwatch":50}],"Burning Blood":96,"Pocketwatch":[36]},"card_choices":[{"not_picked":["Dual Wield","Headbutt"],"picked":"Shrug It Off","floor":1},{"not_picked":["Havoc","Flex"],"picked":"Iron Wave","floor":2},{"not_picked":["Reckless Charge","Heavy Blade"],"picked":"Whirlwind","floor":4},{"not_picked":["Iron Wave","Rampage"],"picked":"Ghostly Armor","floor":7},{"not_picked":["Brutality","Sword Boomerang"],"picked":"Blood for Blood","floor":11},{"not_picked":["Flex","True Grit"],"picked":"Shrug It Off","floor":12},{"not_picked":["Barricade","Impervious"],"picked":"Reaper","floor":16},{"not_picked":["hubris:ReadiedAction","Warcry+1"],"picked":"Dual Wield+1","floor":18},{"not_picked":["Twin Strike","Anger+1","Armaments+1"],"picked":"SKIP","floor":20},{"not_picked":["Rage","Armaments"],"picked":"Berserk","floor":21},{"not_picked":["True Grit+1","Thunderclap+1","Armaments"],"picked":"SKIP","floor":23},{"not_picked":["hubris:SharpeningStone","Body Slam"],"picked":"Shrug It Off+1","floor":24},{"not_picked":["Flame Barrier+1","Shrug It Off"],"picked":"Pummel","floor":27},{"not_picked":["Fire Breathing+1","Shrug It Off"],"picked":"Limit Break","floor":29},{"not_picked":["Armaments","Infernal Blade"],"picked":"Heavy Blade","floor":30},{"not_picked":["Rampage","Sword Boomerang","Fire Breathing"],"picked":"SKIP","floor":31}],"player_experience":293955,"relics_obtained":[{"floor":7,"key":"Anchor"},{"floor":9,"key":"Incense Burner"},{"floor":11,"key":"hubris:BottledRain"},{"floor":21,"key":"Red Mask"},{"floor":23,"key":"Pocketwatch"},{"floor":26,"key":"Bottled Flame"},{"floor":31,"key":"hubris:DeckOfHolding"}],"event_choices":[{"damage_healed":0,"gold_gain":175,"player_choice":"AGREE","damage_taken":0,"max_hp_gain":0,"max_hp_loss":0,"event_name":"Liars Game","floor":5,"gold_loss":0,"cards_obtained":["Doubt"]},{"damage_healed":0,"gold_gain":0,"player_choice":"Forge","damage_taken":0,"max_hp_gain":0,"max_hp_loss":0,"event_name":"Accursed Blacksmith","floor":13,"gold_loss":0,"cards_upgraded":["Blood for Blood"]},{"damage_healed":0,"gold_gain":0,"player_choice":"Obtain J.A.X.","damage_taken":0,"max_hp_gain":0,"max_hp_loss":0,"event_name":"Drug Dealer","floor":19,"gold_loss":0,"cards_obtained":["J.A.X."]},{"damage_healed":0,"gold_gain":0,"player_choice":"Fought Bandits","damage_taken":0,"max_hp_gain":0,"max_hp_loss":0,"event_name":"Masked Bandits","floor":21,"gold_loss":0},{"damage_healed":0,"gold_gain":0,"player_choice":"Ignored","damage_taken":0,"max_hp_gain":0,"max_hp_loss":0,"event_name":"Ghosts","floor":22,"gold_loss":0}],"is_beta":false,"boss_relics":[{"not_picked":["hubris:Stopwatch","hubris:VirtuousBlindfold"],"picked":"Philosopher\u0027s Stone"}],"items_purged_floors":[],"is_endless":false,"potions_floor_spawned":[7,11,12,16,20,21,23,29],"killed_by":"Collector","ascension_level":11}}