{"host":"e1pm3b7xpcm97e5w","time":1614023760,"event":{"mods":["BaseMod","Better Skull","Googly Eyes","Minty Spire (QoL Compilation)","Relic Stats","Shop Mod","Spicy Shops","StSLib"],"gold_per_floor":[117,128,186,186,31,72,72,86,109,109,184,218,218,241,241,335,335,354,354,377,110,110,110,110,110],"floor_reached":24,"language":"ENG","playtime":793,"items_purged":["Strike_B","Defend_B"],"score":333,"play_id":"34912a69-9f68-439b-8c2c-de22d614898f","local_time":"20210222145600","is_ascension_mode":true,"campfire_choices":[{"floor":7.0,"key":"REST"},{"data":"Zap","floor":10.0,"key":"SMITH"},{"floor":13.0,"key":"REST"},{"data":"Redo","floor":15.0,"key":"SMITH"},{"data":"Creative AI","floor":23,"key":"SMITH"}],"circlet_count":0,"master_deck":["AscendersBane","Defend_B","Defend_B","Defend_B","Zap+1","Dualcast","Melter","Hello World","Redo+1","Static Discharge","Barrage","Self Repair","Coolheaded","Cold Snap","Creative AI+1","Machine Learning"],"relics":["Cracked Core","Golden Idol","PreservedInsect","Orichalcum","Happy Flower","Regal Pillow","Inserter","Membership Card","Anchor","Girya"],"acts_visited":["Exordium","TheCity"],"potions_floor_usage":[18,20],"damage_taken":[{"damage":3.0,"enemies":"Jaw Worm","floor":1.0,"turns":4.0},{"damage":5.0,"enemies":"Small Slimes","floor":2.0,"turns":3.0},{"damage":25.0,"enemies":"3 Sentries","floor":6.0,"turns":5.0},{"damage":0.0,"enemies":"Cultist","floor":8.0,"turns":3.0},{"damage":14.0,"enemies":"Lagavulin","floor":12.0,"turns":5.0},{"damage":6.0,"enemies":"Looter","floor":14.0,"turns":3.0},{"damage":28.0,"enemies":"Slime Boss","floor":16.0,"turns":5.0},{"damage":17,"enemies":"2 Thieves","floor":18,"turns":4},{"damage":11,"enemies":"3 Byrds","floor":20,"turns":4},{"damage":48,"enemies":"Slavers","floor":24,"turns":2}],"seed_played":"7011990220245758465","potions_obtained":[{"floor":6.0,"key":"LiquidMemories"},{"floor":8.0,"key":"DuplicationPotion"},{"floor":18,"key":"Block Potion"}],"is_trial":false,"path_per_floor":["M","M","?","?","$","E","R","M","T","R","?","E","R","M","R","B",null,"M","?","M","$","T","R","E"],"character_chosen":"DEFECT","items_purchased":["PreservedInsect","Membership Card","Anchor"],"campfire_rested":2,"item_purchase_floors":[5,21,21],"current_hp_per_floor":[47,42,42,42,42,17,37,37,37,37,26,19,54,55,55,27,59,49,49,45,45,45,45,0,0],"gold":110,"neow_bonus":"TRANSFORM_TWO_CARDS","is_daily":false,"chose_seed":false,"campfire_upgraded":3,"win_rate":0.0,"timestamp":1614023760,"path_taken":["M","M","?","?","$","E","R","M","T","R","?","E","R","M","R","BOSS","M","?","M","$","?","R","E"],"items_purchased_type":["Relic","Relic","Relic"],"build_version":"2020-12-22","purchased_purges":2,"victory":false,"max_hp_per_floor":[75,75,75,69,69,69,69,69,69,69,69,69,69,69,69,69,69,69,69,69,69,69,69,69,69],"relic_stats":{"Regal Pillow":15,"Inserter":[5],"Happy Flower":[7],"counters":[10,38],"Golden Idol":51,"PreservedInsect":103,"Orichalcum":[84],"obtain_stats":[{"Girya":22,"Regal Pillow":12,"Anchor":21,"Inserter":17,"Happy Flower":9,"Golden Idol":4,"PreservedInsect":5,"Membership Card":21,"Orichalcum":6,"Cracked Core":0},{"Girya":9,"Regal Pillow":5,"Anchor":9,"Inserter":7,"Happy Flower":4,"Golden Idol":2,"PreservedInsect":2,"Membership Card":9,"Orichalcum":3,"Cracked Core":0},{"Girya":36,"Regal Pillow":20,"Anchor":36,"Inserter":28,"Happy Flower":15,"Golden Idol":7,"PreservedInsect":7,"Membership Card":36,"Orichalcum":12,"Cracked Core":0}]},"card_choices":[{"not_picked":["Rip and Tear","BootSequence"],"picked":"Redo","floor":1.0},{"not_picked":["Beam Cell","Compile Driver"],"picked":"Static Discharge","floor":2.0},{"not_picked":["BootSequence","Beam Cell"],"picked":"Barrage","floor":6.0},{"not_picked":["Stack","Rip and Tear"],"picked":"Self Repair","floor":8.0},{"not_picked":["Cold Snap","Meteor Strike"],"picked":"Coolheaded","floor":12.0},{"not_picked":["Beam Cell","Stack"],"picked":"Cold Snap","floor":14.0},{"not_picked":["Reboot","Electrodynamics"],"picked":"Creative AI","floor":16.0},{"not_picked":["Hello World+1","Rebound","Streamline"],"picked":"SKIP","floor":18},{"not_picked":["Barrage","Genetic Algorithm","Conserve Battery+1"],"picked":"SKIP","floor":20}],"player_experience":722603,"relics_obtained":[{"floor":6.0,"key":"Orichalcum"},{"floor":9.0,"key":"Happy Flower"},{"floor":12.0,"key":"Regal Pillow"},{"floor":22,"key":"Girya"}],"event_choices":[{"damage_healed":0.0,"max_hp_gain":0.0,"max_hp_loss":0.0,"gold_gain":58.0,"event_name":"Golden Wing","player_choice":"Gained Gold","floor":3.0,"gold_loss":0.0,"damage_taken":0.0},{"damage_healed":0.0,"max_hp_gain":0.0,"max_hp_loss":6.0,"gold_gain":0.0,"event_name":"Golden Idol","player_choice":"Lose Max HP","floor":4.0,"gold_loss":0.0,"damage_taken":0.0,"relics_obtained":["Golden Idol"]},{"damage_healed":0.0,"max_hp_gain":0.0,"max_hp_loss":0.0,"gold_gain":75.0,"event_name":"World of Goop","player_choice":"Gather Gold","floor":11.0,"gold_loss":0.0,"damage_taken":11.0},{"damage_healed":0,"gold_gain":0,"cards_transformed":["Strike_B"],"player_choice":"Transformed","damage_taken":0,"max_hp_gain":0,"max_hp_loss":0,"event_name":"Transmorgrifier","floor":19,"gold_loss":0,"cards_obtained":["Machine Learning"]}],"is_beta":false,"boss_relics":[{"not_picked":["Sozu","Runic Dome"],"picked":"Inserter"}],"items_purged_floors":[21,21],"is_endless":false,"potions_floor_spawned":[6,8,14,18],"killed_by":"Slavers","ascension_level":13}}