{"host":"xp5rvh2jwe2ejyfm","time":1614007858,"event":{"mods":["2.2 Compatiblity","Aspiration","Bard","BaseMod","Beaked The Cultist","Better Altar","Better Match","Better Note","Better Sensory Stone","Better Skull","BetterRewards","Colored Powertips","Conspire","Downfall","GifTheSpireLib","Gremlin Mod","GungeonMod","Hermit","Hubris","Jorbs\u0027s Wanderer Trilogy","Mad Scientist","Minty Spire (QoL Compilation)","Potionbrewer","Quick Restart","Replay The Spire","Robot Space Explorer","Shade Mod","Somnambulant","StSLib","The Bug Knight","The Clintock","The Construct","The Cursed","The Disciple","The Forsaken","The Hierophant","The Marked","The Mystic","The Necromancer","The Runesmith","The Servant 0.9.4","The Valiant","The Witch","TheFirefly","TheVacant","thorton"],"gold_per_floor":[115,132,132,307,317,24,24,55,78,89,89,124,144,160,160,160,160],"floor_reached":16,"language":"ENG","playtime":522,"items_purged":[],"score":112,"play_id":"280c4ad6-44fb-4bbe-b99e-e4cc64cf1c4e","local_time":"20210222103058","is_ascension_mode":false,"campfire_choices":[{"data":"ReplayUltimateDefense","floor":7,"key":"SMITH"},{"floor":15,"key":"REST"}],"circlet_count":0,"master_deck":["MadScienceMod:Strike_MadScience","MadScienceMod:Strike_MadScience","MadScienceMod:Strike_MadScience","MadScienceMod:Strike_MadScience","MadScienceMod:Defend_MadScience","MadScienceMod:Defend_MadScience","MadScienceMod:Defend_MadScience","MadScienceMod:Defend_MadScience","MadScienceMod:PoweredStrike","MadScienceMod:HideBehindJunk","MadScienceMod:LightOnFire+1","MadScienceMod:TimeDilationField","Doubt","MadScienceMod:OilDrum","MadScienceMod:MinatureWeapons","MadScienceMod:AcidSpray","MadScienceMod:AcidSpray","ReplayUltimateDefense+1","MadScienceMod:AntimatterBomb","MadScienceMod:FragmentationGrenade","downfall:Haunted","downfall:Haunted","MadScienceMod:AcidSpray","MadScienceMod:RadioactiveSword","MadScienceMod:NowOrNever"],"relics":["MadScienceMod:FuelTank","NeowsBlessing","hubris:MysteriousPyramids","Du-Vu Doll","hubris:TenFootPole"],"acts_visited":["Exordium"],"potions_floor_usage":[8,8,8,12],"damage_taken":[{"damage":0,"enemies":"Cultist","floor":1,"turns":1},{"damage":0,"enemies":"Small Slimes","floor":2,"turns":1},{"damage":0,"enemies":"2 Louse","floor":5,"turns":1},{"damage":29,"enemies":"Lagavulin","floor":8,"turns":8},{"damage":7,"enemies":"Looter","floor":10,"turns":3},{"damage":38,"enemies":"3 Sentries","floor":12,"turns":8},{"damage":6,"enemies":"Blue Slaver","floor":13,"turns":3},{"damage":3,"enemies":"Large Slime","floor":14,"turns":5},{"damage":29,"enemies":"Hexaghost","floor":16,"turns":9}],"seed_played":"6011117476972540525","potions_obtained":[{"floor":1,"key":"BlessingOfTheForge"},{"floor":2,"key":"potionbrewer:CleansingPotion"},{"floor":5,"key":"potionbrewer:DiscountPotion"},{"floor":10,"key":"Regen Potion"}],"is_trial":false,"path_per_floor":["M","M","?","?","M","$","R","E","T","M","?","E","M","M","R","B"],"character_chosen":"MAD_SCIENTIST","items_purchased":["MadScienceMod:MinatureWeapons","MadScienceMod:AcidSpray","ReplayUltimateDefense"],"campfire_rested":1,"item_purchase_floors":[6,6,6],"current_hp_per_floor":[75,75,75,75,75,75,75,46,46,39,39,16,10,7,29,0,0],"gold":160,"neow_bonus":"THREE_ENEMY_KILL","is_daily":false,"chose_seed":false,"campfire_upgraded":1,"win_rate":0.0,"timestamp":1614007858,"path_taken":["M","?","?","?","M","$","R","E","T","M","?","E","M","M","R","BOSS"],"items_purchased_type":["Card","Card","Card"],"build_version":"2020-12-22","purchased_purges":0,"victory":false,"max_hp_per_floor":[75,75,75,75,75,75,75,75,75,75,75,75,75,75,75,75,75],"card_choices":[{"not_picked":["MadScienceMod:AutoStrike","MadScienceMod:Lightbulb"],"picked":"MadScienceMod:LightOnFire","floor":1},{"not_picked":["MadScienceMod:BoxOfScraps","MadScienceMod:MindControlBeam"],"picked":"MadScienceMod:TimeDilationField","floor":2},{"not_picked":["MadScienceMod:Strafe","MadScienceMod:FlammableWall"],"picked":"MadScienceMod:OilDrum","floor":5},{"not_picked":["MadScienceMod:ExploreOptions","MadScienceMod:FumeBlast"],"picked":"MadScienceMod:AntimatterBomb","floor":8},{"not_picked":["MadScienceMod:FlameCannon","MadScienceMod:ShrinkRay"],"picked":"MadScienceMod:FragmentationGrenade","floor":10},{"not_picked":["MadScienceMod:MechanicalClaw","MadScienceMod:Strafe"],"picked":"MadScienceMod:AcidSpray","floor":12},{"not_picked":["MadScienceMod:FumeBlast","MadScienceMod:JunkLaser"],"picked":"MadScienceMod:RadioactiveSword","floor":13},{"not_picked":["MadScienceMod:BoxOfScraps","MadScienceMod:Detonate"],"picked":"MadScienceMod:NowOrNever","floor":14}],"player_experience":563315,"relics_obtained":[{"floor":8,"key":"hubris:MysteriousPyramids"},{"floor":12,"key":"hubris:TenFootPole"}],"event_choices":[{"damage_healed":0,"gold_gain":175,"player_choice":"AGREE","damage_taken":0,"max_hp_gain":0,"max_hp_loss":0,"event_name":"Liars Game","floor":4,"gold_loss":0,"cards_obtained":["Doubt"]}],"is_beta":false,"boss_relics":[],"items_purged_floors":[],"is_endless":false,"potions_floor_spawned":[1,2,5,10],"killed_by":"Hexaghost","ascension_level":0}}