{"host":"8rqsnaeml9gxb0kp","time":1614033063,"event":{"mods":["AchievementEnabler","BaseMod","Colored Powertips","Dark Map","Minty Spire (QoL Compilation)","Rare Cards Sparkle","Relic Stats","StSLib","slay the spire mod where everything is the same but ironclad has a cowboy hat"],"gold_per_floor":[111,121,45,45,56,85,85,104,175,187,187,204,219,287,287,386,386,396,59,72,90,104,118,118,152,152,152,152,152,152,169,169,270,270,270,270],"floor_reached":35,"language":"ENG","playtime":2417,"items_purged":[],"score":431,"play_id":"541f9879-0fb7-41f6-b7fa-e0247207349c","local_time":"20210222143103","is_ascension_mode":false,"campfire_choices":[{"data":"Searing Blow","floor":7.0,"key":"SMITH"},{"data":"Searing Blow+1","floor":11.0,"key":"SMITH"},{"data":"Armaments","floor":15.0,"key":"SMITH"},{"floor":24.0,"key":"REST"},{"floor":27.0,"key":"REST"},{"floor":29.0,"key":"REST"},{"floor":32.0,"key":"REST"}],"circlet_count":0,"master_deck":["Strike_R","Strike_R","Defend_R","Defend_R","Defend_R","Defend_R","Bash","Headbutt","Feed","Searing Blow+2","Feed","Inflame","Armaments+1","Power Through","Double Tap","Reaper","Inflame","Seeing Red","Bloodletting","Thunderclap","Power Through","True Grit","Double Tap","Anger","Flame Barrier","Armaments+1","Demon Form"],"relics":["Burning Blood","NeowsBlessing","Ginger","Bottled Tornado","Black Star","Centennial Puzzle","HornCleat","Prayer Wheel","SlaversCollar"],"acts_visited":["Exordium","TheCity","TheBeyond"],"potions_floor_usage":[],"damage_taken":[{"damage":0.0,"enemies":"2 Louse","floor":1.0,"turns":1.0},{"damage":0.0,"enemies":"Small Slimes","floor":2.0,"turns":1.0},{"damage":0.0,"enemies":"Cultist","floor":5.0,"turns":2.0},{"damage":20.0,"enemies":"Gremlin Nob","floor":6.0,"turns":4.0},{"damage":3.0,"enemies":"2 Fungi Beasts","floor":8.0,"turns":3.0},{"damage":17.0,"enemies":"Gremlin Gang","floor":10.0,"turns":10.0},{"damage":34.0,"enemies":"Exordium Thugs","floor":12.0,"turns":6.0},{"damage":0.0,"enemies":"Large Slime","floor":13.0,"turns":4.0},{"damage":41.0,"enemies":"The Guardian","floor":16.0,"turns":14.0},{"damage":26.0,"enemies":"3 Byrds","floor":18.0,"turns":8.0},{"damage":18.0,"enemies":"2 Thieves","floor":20.0,"turns":4.0},{"damage":20.0,"enemies":"Snake Plant","floor":21.0,"turns":5.0},{"damage":55.0,"enemies":"Sentry and Sphere","floor":22.0,"turns":9.0},{"damage":42.0,"enemies":"Snecko","floor":23.0,"turns":8.0},{"damage":52.0,"enemies":"Slavers","floor":25.0,"turns":8.0},{"damage":43.0,"enemies":"Cultist and Chosen","floor":31.0,"turns":8.0},{"damage":85.0,"enemies":"Automaton","floor":33.0,"turns":14.0},{"damage":0,"enemies":"3 Shapes","floor":35,"turns":1}],"seed_played":"-8838562995680230457","potions_obtained":[{"floor":1.0,"key":"AttackPotion"},{"floor":2.0,"key":"EssenceOfSteel"},{"floor":12.0,"key":"Ancient Potion"},{"floor":13.0,"key":"ColorlessPotion"},{"floor":20.0,"key":"Weak Potion"},{"floor":23.0,"key":"BlessingOfTheForge"},{"floor":25.0,"key":"CultistPotion"}],"is_trial":false,"path_per_floor":["M","M","$","?","M","E","R","M","T","M","R","M","M","?","R","B",null,"M","$","M","M","M","M","R","E","T","R","?","R","?","M","R","B",null,"M"],"character_chosen":"IRONCLAD","items_purchased":["Feed","Reaper","Inflame","Seeing Red","Bloodletting"],"campfire_rested":4,"item_purchase_floors":[3,19,19,19,19],"current_hp_per_floor":[80,80,80,80,83,72,72,81,81,76,76,54,64,64,64,33,112,95,95,94,90,48,19,56,36,36,75,75,114,114,104,138,59,138,138,138],"gold":270,"neow_bonus":"THREE_ENEMY_KILL","is_daily":false,"chose_seed":false,"campfire_upgraded":3,"win_rate":0.0,"timestamp":1614033063,"path_taken":["M","M","$","?","M","E","R","M","T","M","R","M","M","?","R","BOSS","M","$","M","M","M","M","R","E","T","R","?","R","?","M","R","BOSS","M"],"items_purchased_type":["Card","Card","Card","Card","Card"],"build_version":"2020-12-22","purchased_purges":0,"victory":false,"max_hp_per_floor":[80,80,80,80,83,86,86,92,92,98,98,104,108,108,108,112,112,115,115,118,121,125,125,125,131,131,131,131,131,131,138,138,138,138,138,138],"relic_stats":{"Centennial Puzzle":[6],"counters":[18,110],"Prayer Wheel":1,"Black Star":1,"Ginger":[18],"obtain_stats":[{"SlaversCollar":34,"Centennial Puzzle":25,"HornCleat":25,"NeowsBlessing":0,"Prayer Wheel":26,"Black Star":17,"Ginger":6,"Bottled Tornado":9,"Burning Blood":0},{"SlaversCollar":17,"Centennial Puzzle":15,"HornCleat":15,"NeowsBlessing":0,"Prayer Wheel":15,"Black Star":9,"Ginger":4,"Bottled Tornado":5,"Burning Blood":0},{"SlaversCollar":109,"Centennial Puzzle":87,"HornCleat":87,"NeowsBlessing":0,"Prayer Wheel":87,"Black Star":45,"Ginger":8,"Bottled Tornado":11,"Burning Blood":0}],"Burning Blood":84},"card_choices":[{"not_picked":["Battle Trance","Iron Wave"],"picked":"Headbutt","floor":1.0},{"not_picked":["Heavy Blade","Cleave","Flex"],"picked":"SKIP","floor":2.0},{"not_picked":["Combust","Carnage","Wild Strike"],"picked":"SKIP","floor":5.0},{"not_picked":["Sentinel","Twin Strike"],"picked":"Feed","floor":6.0},{"not_picked":["Sentinel","Reckless Charge"],"picked":"Inflame","floor":8.0},{"not_picked":["Wild Strike","Thunderclap"],"picked":"Armaments","floor":10.0},{"not_picked":["Thunderclap","Rampage","Iron Wave"],"picked":"SKIP","floor":12.0},{"not_picked":["Intimidate","Flex"],"picked":"Power Through","floor":13.0},{"not_picked":["Barricade","Corruption"],"picked":"Double Tap","floor":16.0},{"not_picked":["Rampage+1","Sword Boomerang","Dark Embrace+1"],"picked":"SKIP","floor":18.0},{"not_picked":["Power Through","Flex"],"picked":"Thunderclap","floor":20.0},{"not_picked":["Iron Wave","Body Slam"],"picked":"Power Through","floor":21.0},{"not_picked":["Pummel","Searing Blow"],"picked":"True Grit","floor":22.0},{"not_picked":["Havoc","Cleave","Flex"],"picked":"SKIP","floor":23.0},{"not_picked":["Iron Wave","Corruption","Body Slam"],"picked":"SKIP","floor":25.0},{"not_picked":["Flex","Clothesline"],"picked":"Flame Barrier","floor":31.0},{"not_picked":["Perfected Strike","Dark Embrace"],"picked":"Armaments+1","floor":31.0},{"not_picked":["Corruption","Feed"],"picked":"Demon Form","floor":33.0}],"player_experience":296081,"relics_obtained":[{"floor":6.0,"key":"Ginger"},{"floor":9.0,"key":"Bottled Tornado"},{"floor":25.0,"key":"Centennial Puzzle"},{"floor":25.0,"key":"HornCleat"},{"floor":26.0,"key":"Prayer Wheel"}],"event_choices":[{"damage_healed":0.0,"max_hp_gain":0.0,"max_hp_loss":0.0,"gold_gain":0.0,"cards_transformed":["Strike_R"],"event_name":"Living Wall","player_choice":"Change","floor":4.0,"gold_loss":0.0,"damage_taken":0.0,"cards_obtained":["Searing Blow"]},{"damage_healed":0.0,"max_hp_gain":0.0,"max_hp_loss":0.0,"gold_gain":68.0,"event_name":"Golden Wing","player_choice":"Gained Gold","floor":14.0,"gold_loss":0.0,"damage_taken":0.0},{"damage_healed":0.0,"max_hp_gain":0.0,"max_hp_loss":0.0,"gold_gain":0.0,"cards_transformed":["Strike_R","Strike_R"],"event_name":"Drug Dealer","player_choice":"Became Test Subject","floor":28.0,"gold_loss":0.0,"damage_taken":0.0,"cards_obtained":["Double Tap","Anger"]},{"damage_healed":0.0,"max_hp_gain":0.0,"max_hp_loss":0.0,"gold_gain":0.0,"event_name":"The Woman in Blue","player_choice":"Bought 0 Potions","floor":30.0,"gold_loss":0.0,"damage_taken":0.0}],"is_beta":false,"boss_relics":[{"not_picked":["Cursed Key","Busted Crown"],"picked":"Black Star"},{"not_picked":["Velvet Choker","SacredBark"],"picked":"SlaversCollar"}],"items_purged_floors":[],"is_endless":false,"potions_floor_spawned":[1,2,12,13,20,23,25],"killed_by":"3 Shapes","ascension_level":0}}