{"host":"nsc6ozq3atyrdr3m","time":1614023055,"event":{"mods":["BaseMod","Colored Map","Minty Spire (QoL Compilation)"],"gold_per_floor":[364,44,64,239,253,282,282,244,271,288,298,298,308,308,308,404,404,387,10,19,47,57,57,57],"floor_reached":23,"language":"FRA","playtime":580,"items_purged":["Doubt"],"score":270,"play_id":"14f28ca5-7168-4e89-a970-f3f9d7861f36","local_time":"20210222204415","is_ascension_mode":true,"campfire_choices":[{"floor":7,"key":"REST"},{"floor":12,"key":"REST"},{"floor":15,"key":"REST"}],"circlet_count":0,"master_deck":["Strike_B","Strike_B","Strike_B","Strike_B","Defend_B","Defend_B","Defend_B","Defend_B","Zap","Dualcast","Capacitor","Static Discharge+1","Thunder Strike","Go for the Eyes","Loop","Undo","Self Repair","Buffer","CurseOfTheBell","Self Repair","Loop"],"relics":["Cracked Core","Mummified Hand","Bag of Preparation","MealTicket","Calling Bell","CeramicFish","Singing Bowl","CaptainsWheel","Torii"],"acts_visited":["Exordium","TheCity"],"potions_floor_usage":[6,6,16],"damage_taken":[{"damage":7,"enemies":"Jaw Worm","floor":1,"turns":3},{"damage":14,"enemies":"Small Slimes","floor":3,"turns":4},{"damage":1,"enemies":"Cultist","floor":5,"turns":3},{"damage":25,"enemies":"Lagavulin","floor":6,"turns":5},{"damage":6,"enemies":"Blue Slaver","floor":10,"turns":3},{"damage":0,"enemies":"Looter","floor":11,"turns":3},{"damage":9,"enemies":"2 Fungi Beasts","floor":13,"turns":3},{"damage":27,"enemies":"Hexaghost","floor":16,"turns":7},{"damage":26,"enemies":"2 Thieves","floor":18,"turns":4},{"damage":2,"enemies":"Chosen","floor":21,"turns":3},{"damage":58,"enemies":"3 Cultists","floor":22,"turns":5},{"damage":47,"enemies":"Chosen and Byrds","floor":23,"turns":4}],"seed_played":"-3449567634822833228","potions_obtained":[{"floor":1,"key":"ColorlessPotion"},{"floor":3,"key":"ColorlessPotion"},{"floor":11,"key":"SneckoOil"},{"floor":22,"key":"SpeedPotion"}],"is_trial":false,"path_per_floor":["M","$","M","?","M","E","R","?","T","M","M","R","M","?","R","B",null,"M","$","?","M","M","M"],"character_chosen":"DEFECT","items_purchased":["Static Discharge","Mummified Hand","Torii"],"campfire_rested":3,"item_purchase_floors":[2,2,19],"current_hp_per_floor":[43,43,29,29,28,3,25,25,25,19,19,41,32,32,54,34,65,48,63,63,75,33,0,0],"gold":57,"neow_bonus":"TWO_FIFTY_GOLD","is_daily":false,"chose_seed":false,"campfire_upgraded":0,"win_rate":0.0,"timestamp":1614023055,"path_taken":["M","$","M","?","M","E","R","?","T","M","M","R","M","?","R","BOSS","M","$","?","M","M","M"],"items_purchased_type":["Card","Relic","Relic"],"build_version":"2020-12-22","purchased_purges":1,"victory":false,"max_hp_per_floor":[75,75,75,75,75,75,75,75,75,75,75,75,75,75,75,75,75,77,77,77,77,79,79,79],"card_choices":[{"not_picked":["Double Energy","Leap"],"picked":"Capacitor","floor":1},{"not_picked":["Turbo","Compile Driver"],"picked":"Thunder Strike","floor":3},{"not_picked":["Ball Lightning","Conserve Battery"],"picked":"Go for the Eyes","floor":5},{"not_picked":["Cold Snap","Steam Power"],"picked":"Loop","floor":6},{"not_picked":["Scrape","Melter"],"picked":"Undo","floor":10},{"not_picked":["FTL","Stack","Scrape"],"picked":"SKIP","floor":11},{"not_picked":["Melter","Go for the Eyes"],"picked":"Self Repair","floor":13},{"not_picked":["Echo Form","Multi-Cast"],"picked":"Buffer","floor":16},{"not_picked":["Coolheaded","Genetic Algorithm","Blizzard"],"picked":"Singing Bowl","floor":18},{"not_picked":["Compile Driver","Beam Cell+1"],"picked":"Loop","floor":21},{"not_picked":["Undo","Seek","Cold Snap"],"picked":"Singing Bowl","floor":22}],"player_experience":443035,"relics_obtained":[{"floor":6,"key":"Bag of Preparation"},{"floor":9,"key":"MealTicket"},{"floor":17,"key":"CeramicFish"},{"floor":17,"key":"Singing Bowl"},{"floor":17,"key":"CaptainsWheel"}],"event_choices":[{"damage_healed":0,"gold_gain":175,"player_choice":"AGREE","damage_taken":0,"max_hp_gain":0,"max_hp_loss":0,"event_name":"Liars Game","floor":4,"gold_loss":0,"cards_obtained":["Doubt"]},{"damage_healed":0,"gold_gain":0,"player_choice":"Left Gold","damage_taken":0,"max_hp_gain":0,"max_hp_loss":0,"event_name":"World of Goop","floor":8,"gold_loss":38},{"damage_healed":0,"gold_gain":0,"player_choice":"Forge","damage_taken":0,"max_hp_gain":0,"max_hp_loss":0,"event_name":"Accursed Blacksmith","floor":14,"gold_loss":0,"cards_upgraded":["Static Discharge"]},{"damage_healed":0,"gold_gain":0,"player_choice":"Read","damage_taken":0,"max_hp_gain":0,"max_hp_loss":0,"event_name":"The Library","floor":20,"gold_loss":0,"cards_obtained":["Self Repair"]}],"is_beta":false,"boss_relics":[{"not_picked":["Inserter","SacredBark"],"picked":"Calling Bell"}],"items_purged_floors":[19],"is_endless":false,"potions_floor_spawned":[1,3,11,22],"killed_by":"Chosen and Byrds","ascension_level":8}}