{"host":"6406jj8da6015sxr","time":1614021570,"event":{"mods":["AchievementEnabler","BaseMod","Colored Map","DeckTracker","Keyboard Shortcuts","Minty Spire (QoL Compilation)","Permanent Neow","Relic Stats","SuperFastMode","everything is the same but u backflip on backflip"],"gold_per_floor":[17,30,30,30,46,77,77,107,107,107,127,144,208,208,208,282,282,298,10,10,10,27,27,40,40,40,69,84,95,109,135,135,214,214,227,47,0,0,16,42,58,88,111,11,46,64,82,98,98,98,98,98,98,17,49,49,49],"floor_reached":56,"language":"KOR","playtime":2616,"items_purged":["Defend_G","Defend_G"],"score":2253,"play_id":"3b6fe1fb-9efa-4d6f-94af-455e901e8422","local_time":"20210223041930","is_ascension_mode":true,"campfire_choices":[{"data":"Panache","floor":7.0,"key":"SMITH"},{"data":"Sucker Punch","floor":10.0,"key":"SMITH"},{"data":"Survivor","floor":15.0,"key":"SMITH"},{"floor":23.0,"key":"REST"},{"floor":25.0,"key":"RECALL"},{"floor":32.0,"key":"REST"},{"floor":49,"key":"REST"},{"floor":53,"key":"REST"}],"circlet_count":0,"master_deck":["AscendersBane","Strike_G","Strike_G","Strike_G","Strike_G","Strike_G","Defend_G+1","Defend_G+1","Defend_G","Survivor+1","Neutralize+1","Panache+1","Sucker Punch+1","Blade Dance+1","Masterful Stab+1","Calculated Gamble+1","Adrenaline+1","Cloak And Dagger+1","Backflip+1","Backflip+1","Acrobatics+1","Cloak And Dagger+1","Blur+1","Concentrate+1","Reflex+1","After Image","Finesse+1","Deep Breath+1","Trip+1","Infinite Blades+1","Prepared+1","Tools of the Trade","Prepared+1","Backflip+1","Concentrate+1","Footwork"],"relics":["Ring of the Snake","Toxic Egg 2","StrikeDummy","Ornamental Fan","Bronze Scales","Fusion Hammer","Shuriken","Ninja Scroll","Bottled Lightning","Tiny Chest","SacredBark","Red Mask","Lantern","PreservedInsect","Turnip","Eternal Feather"],"acts_visited":["Exordium","TheCity","TheBeyond","TheEnding"],"potions_floor_usage":[51,56],"damage_taken":[{"damage":9.0,"enemies":"Jaw Worm","floor":1.0,"turns":7.0},{"damage":1.0,"enemies":"Cultist","floor":2.0,"turns":5.0},{"damage":0.0,"enemies":"2 Louse","floor":5.0,"turns":2.0},{"damage":0.0,"enemies":"3 Sentries","floor":6.0,"turns":4.0},{"damage":0.0,"enemies":"Gremlin Nob","floor":8.0,"turns":2.0},{"damage":0.0,"enemies":"Large Slime","floor":11.0,"turns":2.0},{"damage":0.0,"enemies":"Lots of Slimes","floor":12.0,"turns":2.0},{"damage":0.0,"enemies":"Gremlin Nob","floor":13.0,"turns":3.0},{"damage":11.0,"enemies":"Slime Boss","floor":16.0,"turns":8.0},{"damage":0.0,"enemies":"3 Byrds","floor":18.0,"turns":1.0},{"damage":0.0,"enemies":"Spheric Guardian","floor":22.0,"turns":1.0},{"damage":13.0,"enemies":"Cultist and Chosen","floor":24.0,"turns":5.0},{"damage":10.0,"enemies":"Book of Stabbing","floor":27.0,"turns":4.0},{"damage":0.0,"enemies":"3 Cultists","floor":28.0,"turns":2.0},{"damage":0.0,"enemies":"Snake Plant","floor":29.0,"turns":2.0},{"damage":0.0,"enemies":"Chosen and Byrds","floor":30.0,"turns":1.0},{"damage":12.0,"enemies":"Gremlin Leader","floor":31.0,"turns":3.0},{"damage":26.0,"enemies":"Champ","floor":33.0,"turns":9.0},{"damage":0.0,"enemies":"3 Shapes","floor":35.0,"turns":1.0},{"damage":2.0,"enemies":"3 Darklings","floor":39.0,"turns":3.0},{"damage":0,"enemies":"Reptomancer","floor":40,"turns":3},{"damage":0,"enemies":"Jaw Worm Horde","floor":41,"turns":3},{"damage":0,"enemies":"Giant Head","floor":42,"turns":4},{"damage":0,"enemies":"Reptomancer","floor":45,"turns":2},{"damage":0,"enemies":"Transient","floor":46,"turns":6},{"damage":0,"enemies":"3 Darklings","floor":47,"turns":3},{"damage":0,"enemies":"Spire Growth","floor":48,"turns":2},{"damage":2,"enemies":"Donu and Deca","floor":50,"turns":5},{"damage":33,"enemies":"Awakened One","floor":51,"turns":7},{"damage":34,"enemies":"Shield and Spear","floor":55,"turns":3},{"damage":39,"enemies":"The Heart","floor":56,"turns":3}],"seed_played":"-3340473740810748987","potions_obtained":[{"floor":1.0,"key":"DuplicationPotion"},{"floor":5.0,"key":"DistilledChaos"},{"floor":11.0,"key":"Fruit Juice"},{"floor":13.0,"key":"Weak Potion"},{"floor":16.0,"key":"SpeedPotion"},{"floor":18.0,"key":"SmokeBomb"},{"floor":27.0,"key":"Fire Potion"},{"floor":29.0,"key":"Block Potion"},{"floor":33.0,"key":"LiquidBronze"},{"floor":40,"key":"SkillPotion"},{"floor":41,"key":"BlessingOfTheForge"},{"floor":42,"key":"SteroidPotion"},{"floor":55,"key":"Dexterity Potion"}],"is_trial":false,"path_per_floor":["M","M","?","?","M","E","R","E","T","R","M","M","?","?","R","B",null,"M","$","?","?","M","R","M","R","T","E","M","M","M","E","R","B",null,"M","$","?","?","M","E","M","E","T","$","E","M","M","M","R","B","B",null,"R","$","E","B"],"character_chosen":"THE_SILENT","items_purchased":["Shuriken","Finesse+1","Footwork"],"campfire_rested":4,"item_purchase_floors":[19,36,54],"current_hp_per_floor":[50,49,49,49,49,49,49,49,49,49,49,49,49,29,29,23,59,59,59,59,59,59,71,58,58,58,48,48,48,48,36,57,31,61,61,61,61,51,49,49,49,49,49,49,49,49,49,49,70,68,35,62,71,71,37,0,0],"gold":49,"neow_bonus":"RANDOM_COLORLESS_2","is_daily":false,"chose_seed":false,"campfire_upgraded":3,"win_rate":0.0,"timestamp":1614021570,"path_taken":["M","M","?","?","M","E","R","E","T","R","?","M","?","?","R","BOSS","M","$","?","?","M","R","M","R","T","E","?","M","M","E","R","BOSS","M","$","?","?","M","E","M","E","T","$","E","M","M","M","R","BOSS","BOSS","R","$","E","BOSS"],"items_purchased_type":["Relic","Card","Card"],"build_version":"2020-12-22","purchased_purges":2,"victory":false,"max_hp_per_floor":[66,66,66,66,66,66,66,66,66,66,66,66,66,66,66,71,71,71,71,71,71,71,71,71,71,71,71,71,71,71,71,71,71,71,71,71,71,71,71,71,71,71,71,71,71,71,71,71,71,71,71,71,71,71,71,71,71],"relic_stats":{"counters":[31,108],"Ornamental Fan":[512],"Shuriken":[112],"Bronze Scales":[218],"Tiny Chest":0,"Eternal Feather":0,"PreservedInsect":137,"Turnip":[2],"obtain_stats":[{"Lantern":40,"SacredBark":34,"Eternal Feather":55,"PreservedInsect":42,"Ornamental Fan":9,"Shuriken":19,"Ninja Scroll":26,"Bronze Scales":13,"Tiny Chest":31,"Fusion Hammer":17,"Turnip":45,"Red Mask":37,"Bottled Lightning":27,"Toxic Egg 2":6,"StrikeDummy":8,"Ring of the Snake":0},{"Lantern":21,"SacredBark":18,"Eternal Feather":30,"PreservedInsect":23,"Ornamental Fan":5,"Shuriken":10,"Ninja Scroll":12,"Bronze Scales":8,"Tiny Chest":17,"Fusion Hammer":9,"Turnip":24,"Red Mask":19,"Bottled Lightning":13,"Toxic Egg 2":4,"StrikeDummy":5,"Ring of the Snake":0},{"Lantern":70,"SacredBark":63,"Eternal Feather":105,"PreservedInsect":77,"Ornamental Fan":20,"Shuriken":36,"Ninja Scroll":42,"Bronze Scales":27,"Tiny Chest":54,"Fusion Hammer":35,"Turnip":79,"Red Mask":64,"Bottled Lightning":46,"Toxic Egg 2":18,"StrikeDummy":20,"Ring of the Snake":0}],"Ring of the Snake":[62]},"card_choices":[{"not_picked":["Apotheosis","Metamorphosis"],"picked":"Panache","floor":0.0},{"not_picked":["Bouncing Flask","Bane"],"picked":"Sucker Punch","floor":1.0},{"not_picked":["Poisoned Stab","Calculated Gamble"],"picked":"Blade Dance","floor":2.0},{"not_picked":["Outmaneuver","Dagger Spray"],"picked":"Masterful Stab","floor":5.0},{"not_picked":["Deflect+1","All Out Attack"],"picked":"Calculated Gamble+1","floor":6.0},{"not_picked":["Deadly Poison+1","Calculated Gamble+1"],"picked":"Adrenaline+1","floor":8.0},{"not_picked":["Leg Sweep+1","Acrobatics+1"],"picked":"Cloak And Dagger+1","floor":11.0},{"not_picked":["Prepared+1","Deflect+1"],"picked":"Backflip+1","floor":12.0},{"not_picked":["Dodge and Roll+1","All Out Attack"],"picked":"Backflip+1","floor":13.0},{"not_picked":["Quick Slash","Poisoned Stab"],"picked":"Acrobatics+1","floor":18.0},{"not_picked":["Acrobatics+1","PiercingWail+1"],"picked":"Cloak And Dagger+1","floor":22.0},{"not_picked":["Backflip+1","Outmaneuver+1","Flechettes"],"picked":"SKIP","floor":24.0},{"not_picked":["Quick Slash","Unload"],"picked":"Blur+1","floor":27.0},{"not_picked":["Acrobatics+1","Sucker Punch","Deadly Poison+1"],"picked":"SKIP","floor":28.0},{"not_picked":["Sucker Punch","Underhanded Strike"],"picked":"Concentrate+1","floor":29.0},{"not_picked":["Bane","Poisoned Stab+1"],"picked":"Reflex+1","floor":30.0},{"not_picked":["Sucker Punch","Outmaneuver+1","Masterful Stab"],"picked":"SKIP","floor":31.0},{"not_picked":["Malaise+1","A Thousand Cuts"],"picked":"After Image","floor":33.0},{"not_picked":["Flying Knee","Outmaneuver+1","Dagger Throw"],"picked":"SKIP","floor":35.0},{"not_picked":["Flying Knee","Outmaneuver+1","Dagger Throw"],"picked":"SKIP","floor":35.0},{"not_picked":["Trip+1","Blind+1"],"picked":"Deep Breath+1","floor":38.0},{"not_picked":["Transmutation+1","The Bomb+1"],"picked":"Trip+1","floor":38.0},{"not_picked":["Noxious Fumes+1","Slice"],"picked":"Infinite Blades+1","floor":39.0},{"not_picked":["Flechettes","Poisoned Stab"],"picked":"Prepared+1","floor":40},{"not_picked":["Cloak And Dagger+1","Leg Sweep+1","Predator"],"picked":"SKIP","floor":41},{"not_picked":["Poisoned Stab","Blur+1"],"picked":"Tools of the Trade","floor":42},{"not_picked":["Heel Hook","Flechettes"],"picked":"Prepared+1","floor":45},{"not_picked":["Deadly Poison+1","Dodge and Roll+1"],"picked":"Backflip+1","floor":46},{"not_picked":["Riddle With Holes","Bane+1"],"picked":"Concentrate+1","floor":47},{"not_picked":["Leg Sweep+1","Quick Slash","Underhanded Strike"],"picked":"SKIP","floor":48},{"not_picked":["Underhanded Strike","Dagger Spray+1","Bane"],"picked":"SKIP","floor":55}],"player_experience":79007,"relics_obtained":[{"floor":6.0,"key":"Toxic Egg 2"},{"floor":8.0,"key":"StrikeDummy"},{"floor":9.0,"key":"Ornamental Fan"},{"floor":13.0,"key":"Bronze Scales"},{"floor":26.0,"key":"Ninja Scroll"},{"floor":27.0,"key":"Bottled Lightning"},{"floor":31.0,"key":"Tiny Chest"},{"floor":40,"key":"Lantern"},{"floor":42,"key":"PreservedInsect"},{"floor":45,"key":"Turnip"},{"floor":55,"key":"Eternal Feather"}],"event_choices":[{"damage_healed":0.0,"max_hp_gain":0.0,"max_hp_loss":0.0,"gold_gain":0.0,"event_name":"Living Wall","player_choice":"Grow","floor":3.0,"gold_loss":0.0,"damage_taken":0.0,"cards_upgraded":["Blade Dance"]},{"damage_healed":0.0,"max_hp_gain":0.0,"max_hp_loss":0.0,"gold_gain":0.0,"event_name":"Accursed Blacksmith","player_choice":"Forge","floor":4.0,"gold_loss":0.0,"damage_taken":0.0,"cards_upgraded":["Neutralize"]},{"damage_healed":0.0,"max_hp_gain":0.0,"max_hp_loss":0.0,"gold_gain":0.0,"event_name":"Dead Adventurer","player_choice":"Searched \u00272\u0027 times","floor":13.0,"gold_loss":0.0,"damage_taken":0.0},{"damage_healed":0.0,"max_hp_gain":0.0,"max_hp_loss":0.0,"gold_gain":0.0,"event_name":"Shining Light","player_choice":"Entered Light","floor":14.0,"gold_loss":0.0,"damage_taken":20.0,"cards_upgraded":["Defend_G","Masterful Stab"]},{"damage_healed":0.0,"max_hp_gain":0.0,"max_hp_loss":0.0,"gold_gain":0.0,"event_name":"Vampires","player_choice":"Ignored","floor":20.0,"gold_loss":0.0,"damage_taken":0.0},{"damage_healed":0.0,"max_hp_gain":0.0,"max_hp_loss":0.0,"gold_gain":0.0,"event_name":"Upgrade Shrine","player_choice":"Upgraded","floor":21.0,"gold_loss":0.0,"damage_taken":0.0,"cards_upgraded":["Defend_G"]},{"damage_healed":0.0,"max_hp_gain":0.0,"max_hp_loss":0.0,"gold_gain":0.0,"event_name":"Tomb of Lord Red Mask","player_choice":"Paid","floor":37.0,"gold_loss":47.0,"damage_taken":0.0,"relics_obtained":["Red Mask"]},{"damage_healed":0.0,"max_hp_gain":0.0,"max_hp_loss":0.0,"gold_gain":0.0,"event_name":"SensoryStone","player_choice":"Memory 3","floor":38.0,"gold_loss":0.0,"damage_taken":10.0}],"is_beta":false,"boss_relics":[{"not_picked":["Sozu","Empty Cage"],"picked":"Fusion Hammer"},{"not_picked":["Calling Bell","Velvet Choker"],"picked":"SacredBark"}],"items_purged_floors":[36,44],"is_endless":false,"potions_floor_spawned":[1,5,11,13,16,18,27,29,33,40,41,42,55],"killed_by":"The Heart","ascension_level":20}}