{"host":"dv29tre2e7vje47n","time":1614014331,"event":{"mods":["AchievementEnabler","BaseMod","Beaked The Cultist","Better Altar","Better Match","Better Note","Better Skull","Better Third Choice","BetterRewards","Block Reminder","Bossed Relics","Colored Map","Colored Powertips","DeckTracker","Displayed Cursed Tome","Downfall","Friendly Minions","Googly Eyes","Highlight Path","Key Reminder","Minty Spire (QoL Compilation)","Quick Restart","Random Character Button","Rare Cards Sparkle","Relic Sorter","Relic Stats","Replay The Spire","Spire Arcade","Spire Birthday Party","StSLib","SuperFastMode","Unceasing Turn Reminder","Weighted Paths"],"gold_per_floor":[117,117,134,134,148,148,175,29,105,105,136,148,159,185,185,290,290,308,325,70,84,84,112,112,143,179,216,240,252,284,55,55,55,55,55],"floor_reached":33,"language":"ENG","playtime":1466,"items_purged":[],"score":419,"play_id":"d7410c58-5473-425e-b2a0-15757cfacded","local_time":"20210222181851","is_ascension_mode":true,"campfire_choices":[{"data":"sneckomod:SnekBite","floor":6,"key":"SMITH"},{"data":"Pot Of Greed","floor":15,"key":"SMITH"},{"data":"Pot Of Greed","floor":29,"key":"SMITH"},{"floor":32,"key":"REST"}],"circlet_count":0,"master_deck":["sneckomod:Strike","sneckomod:Strike","sneckomod:Strike","sneckomod:Defend","sneckomod:Defend","sneckomod:Defend","sneckomod:TailWhip","sneckomod:SnekBite+1","sneckomod:Unknown","sneckomod:QuickBite","sneckomod:RainOfDice","sneckomod:QuickMove","sneckomod:UnknownCommonAttack","sneckomod:UnknownBlock","Footwork","Pot Of Greed+1","Pot Of Greed+1","sneckomod:IronFang","sneckomod:UnknownUncommonPower","sneckomod:UnknownX","sneckomod:UnknownRarePower+1","sneckomod:MorePower+1","sneckomod:UnknownExhaust+1","sneckomod:UnknownVulnerable+1","sneckomod:UnendingSupply","Pot Of Greed","sneckomod:UnknownBlock+1","Deep Breath+1","Metamorphosis+1","sneckomod:UnknownBlock+1","sneckomod:Unknown0Cost","Feed+1","sneckomod:UnknownRareAttack+1","sneckomod:UnknownDraw+1"],"relics":["sneckomod:SneckoSoul","Pen Nib","MealTicket","Divine Protection","Grinning Jar","Golden Egg","Snecko Eye","ReplayTheSpireMod:ShopPack","Dream Catcher","MawBank","ReplayTheSpireMod:TigerMarble","Bird Faced Urn","Toxic Egg 2"],"acts_visited":["Exordium","TheCity"],"potions_floor_usage":[],"damage_taken":[{"damage":0.0,"enemies":"Cultist","floor":1.0,"turns":3.0},{"damage":3.0,"enemies":"Jaw Worm","floor":3.0,"turns":5.0},{"damage":6,"enemies":"2 Louse","floor":5,"turns":2},{"damage":18,"enemies":"Lagavulin","floor":7,"turns":5},{"damage":10,"enemies":"3 Sentries","floor":11,"turns":5},{"damage":0,"enemies":"Looter","floor":12,"turns":3},{"damage":0,"enemies":"3 Louse","floor":13,"turns":5},{"damage":0,"enemies":"Gremlin Nob","floor":14,"turns":5},{"damage":16,"enemies":"Hexaghost","floor":16,"turns":10},{"damage":21,"enemies":"Chosen","floor":18,"turns":6},{"damage":4,"enemies":"2 Thieves","floor":19,"turns":3},{"damage":0,"enemies":"Cultist and Chosen","floor":21,"turns":5},{"damage":14,"enemies":"Replay:Snechameleon","floor":23,"turns":4},{"damage":0,"enemies":"Gremlin Leader","floor":25,"turns":6},{"damage":20,"enemies":"Slavers","floor":27,"turns":6},{"damage":18,"enemies":"Snake Plant","floor":28,"turns":4},{"damage":35,"enemies":"3 Cultists","floor":30,"turns":7},{"damage":110,"enemies":"Collector","floor":33,"turns":6}],"seed_played":"-8402285254230457586","potions_obtained":[{"floor":3.0,"key":"Energy Potion"},{"floor":5,"key":"SkillPotion"},{"floor":14,"key":"hexamod:SoulburnPotion"}],"is_trial":false,"path_per_floor":["M","?","M","?","M","R","E","$","T","R","E","M","M","E","R","B",null,"M","M","$","M","?","E","R","E","T","E","M","R","M","$","R","B"],"character_chosen":"THE_SNECKO","items_purchased":["sneckomod:UnknownDexterity","sneckomod:UnknownCommonAttack","sneckomod:UnknownBlock","sneckomod:UnknownBlock+1","Deep Breath","ReplayTheSpireMod:ShopPack","Toxic Egg 2"],"campfire_rested":1,"item_purchase_floors":[8,8,8,20,20,20,31],"current_hp_per_floor":[99,90,87,87,81,81,63,78,78,78,71,71,71,71,71,62,102,81,77,92,92,92,78,78,78,78,62,58,58,33,48,82,0,0,0],"gold":55,"neow_bonus":"TEN_PERCENT_HP_BONUS","is_daily":false,"chose_seed":false,"campfire_upgraded":3,"win_rate":0.0,"timestamp":1614014331,"path_taken":["M","?","?","?","M","R","E","$","T","R","E","M","M","E","R","BOSS","M","?","$","M","?","E","R","E","T","E","M","R","M","?","R","BOSS"],"items_purchased_type":["Card","Card","Card","Card","Card","Relic","Relic"],"build_version":"2020-12-22","purchased_purges":0,"victory":false,"max_hp_per_floor":[99,99,99,99,99,99,99,99,99,99,102,102,102,102,102,102,102,102,102,102,102,102,102,102,102,102,106,110,110,114,114,114,114,114,114],"relic_stats":{"Dream Catcher":1,"counters":[18,90],"Bird Faced Urn":[24],"Snecko Eye":[85,78,107,79],"MealTicket":45,"Pen Nib":[19],"MawBank":72,"obtain_stats":[{"Divine Protection":9,"Golden Egg":14,"Pen Nib":4,"sneckomod:SneckoSoul":0,"MawBank":25,"Dream Catcher":23,"Bird Faced Urn":27,"Snecko Eye":17,"MealTicket":7,"ReplayTheSpireMod:TigerMarble":26,"Grinning Jar":11,"Toxic Egg 2":31,"ReplayTheSpireMod:ShopPack":20},{"Divine Protection":4,"Golden Egg":8,"Pen Nib":2,"sneckomod:SneckoSoul":0,"MawBank":14,"Dream Catcher":13,"Bird Faced Urn":15,"Snecko Eye":9,"MealTicket":4,"ReplayTheSpireMod:TigerMarble":14,"Grinning Jar":5,"Toxic Egg 2":17,"ReplayTheSpireMod:ShopPack":11},{"Divine Protection":15,"Golden Egg":33,"Pen Nib":8,"sneckomod:SneckoSoul":0,"MawBank":67,"Dream Catcher":61,"Bird Faced Urn":73,"Snecko Eye":43,"MealTicket":15,"ReplayTheSpireMod:TigerMarble":67,"Grinning Jar":20,"Toxic Egg 2":84,"ReplayTheSpireMod:ShopPack":52}]},"card_choices":[{"not_picked":["sneckomod:UnknownCommonSkill","sneckomod:DiceBlock"],"picked":"sneckomod:QuickBite","floor":1.0},{"not_picked":["sneckomod:UnknownWeak","sneckomod:SnakeSap"],"picked":"sneckomod:RainOfDice","floor":3.0},{"not_picked":["sneckomod:TrashToTreasure","sneckomod:SoulDraw"],"picked":"sneckomod:QuickMove","floor":5},{"not_picked":["sneckomod:UnknownClassGREEN","sneckomod:RainOfDice","sneckomod:Mudshield"],"picked":"SKIP","floor":7},{"not_picked":["sneckomod:UnknownWeak","sneckomod:UnknownClassGREEN"],"picked":"sneckomod:IronFang","floor":11},{"not_picked":["sneckomod:UnknownBlock","sneckomod:Unknown2Cost"],"picked":"sneckomod:UnknownUncommonPower","floor":12},{"not_picked":["sneckomod:QuickMove","sneckomod:UnknownStrike"],"picked":"sneckomod:UnknownX","floor":13},{"not_picked":["sneckomod:UnknownColorless","sneckomod:ImprovisedGuard"],"picked":"sneckomod:UnknownRarePower","floor":14},{"not_picked":["sneckomod:UnknownBoss","sneckomod:DangerNoodle"],"picked":"sneckomod:MorePower","floor":16},{"not_picked":["sneckomod:UnknownCommonSkill+1","sneckomod:UnknownWeak+1"],"picked":"sneckomod:UnknownExhaust+1","floor":18},{"not_picked":["sneckomod:UnknownUncommonPower","sneckomod:MixItUp","sneckomod:UnknownDraw"],"picked":"SKIP","floor":18},{"not_picked":["sneckomod:Unknown1Cost+1","sneckomod:UnknownWeak+1"],"picked":"sneckomod:UnknownVulnerable+1","floor":19},{"not_picked":["sneckomod:IronFang","sneckomod:UnknownClassRED+1"],"picked":"sneckomod:UnendingSupply","floor":19},{"not_picked":["Master of Strategy","Poisoned Strike"],"picked":"Metamorphosis","floor":20},{"not_picked":["sneckomod:UnknownStrike+1","sneckomod:UnknownVulnerable+1"],"picked":"sneckomod:UnknownBlock+1","floor":21},{"not_picked":["sneckomod:SoulCleanse","sneckomod:UnknownUncommonSkill"],"picked":"sneckomod:Unknown0Cost","floor":21},{"not_picked":["sneckomod:RainOfDice","sneckomod:UnknownBlock+1","sneckomod:SoulDraw"],"picked":"SKIP","floor":23},{"not_picked":["sneckomod:UnknownCommonAttack","sneckomod:UnknownClassRED","sneckomod:IronFang"],"picked":"SKIP","floor":25},{"not_picked":["sneckomod:DangerNoodle","sneckomod:UnknownStrike+1","sneckomod:UnknownCommonSkill"],"picked":"SKIP","floor":27},{"not_picked":["sneckomod:UnknownDexterity","sneckomod:UnknownUncommonSkill","sneckomod:DiceCrush"],"picked":"SKIP","floor":28},{"not_picked":["sneckomod:UnknownColorless+1","sneckomod:UnknownClassGREEN+1"],"picked":"sneckomod:UnknownRareAttack+1","floor":30},{"not_picked":["sneckomod:UnknownWeak","sneckomod:SoulRoll+1","sneckomod:UnknownDraw"],"picked":"SKIP","floor":30},{"not_picked":["sneckomod:UnknownUncommonPower+1","sneckomod:DiceCrush+1"],"picked":"sneckomod:UnknownDraw+1","floor":32}],"player_experience":157064,"relics_obtained":[{"floor":7,"key":"MealTicket"},{"floor":9,"key":"Divine Protection"},{"floor":11,"key":"Grinning Jar"},{"floor":14,"key":"Golden Egg"},{"floor":23,"key":"Dream Catcher"},{"floor":25,"key":"MawBank"},{"floor":26,"key":"ReplayTheSpireMod:TigerMarble"},{"floor":27,"key":"Bird Faced Urn"}],"event_choices":[{"damage_healed":0.0,"max_hp_gain":0.0,"max_hp_loss":0.0,"gold_gain":0.0,"event_name":"Wheel of Change","player_choice":"Damaged","floor":2.0,"gold_loss":0.0,"damage_taken":9.0},{"damage_healed":0,"gold_gain":0,"player_choice":"Bought 0 Potions","damage_taken":0,"max_hp_gain":0,"max_hp_loss":0,"event_name":"The Woman in Blue","floor":22,"gold_loss":0}],"is_beta":false,"boss_relics":[{"not_picked":["Replay:Wanted Poster","Velvet Choker"],"picked":"Snecko Eye"}],"items_purged_floors":[],"is_endless":false,"potions_floor_spawned":[3,5,14,16,27,28,30],"killed_by":"Collector","ascension_level":1}}