{"host":"43a645w54hpfbzri","time":1614012798,"event":{"mods":["AchievementEnabler","BaseMod","BetterRewards","Card Forge","Colored Map","Colored Powertips","Minty Spire (QoL Compilation)","Rare Cards Sparkle","StSLib","The Cursed"],"gold_per_floor":[113,113,10,185,185,218,218,249,330,359,359,379,404,424,424,527,527,537,547,547,547,245,245,257,268,268,268,285,54,54,154,154,252,302,318,318,318,318],"floor_reached":39,"language":"ENG","playtime":2351,"items_purged":["Impervious"],"score":880,"play_id":"8dc6e749-5b8e-4fee-ba17-6e640b726bf8","local_time":"20210222095318","is_ascension_mode":false,"campfire_choices":[{"data":"Seeing Red","floor":7.0,"key":"SMITH"},{"data":"True Grit","floor":15.0,"key":"SMITH"},{"floor":23.0,"key":"REST"},{"floor":30.0,"key":"REST"},{"data":"1","floor":32,"key":"LIFT"}],"circlet_count":0,"master_deck":["Defend_R+1","Defend_R+1","Defend_R+1","Defend_R+1","Seeing Red+1","Pommel Strike+1","Feel No Pain+1","Feel No Pain+1","Flame Barrier+1","Impervious+1","Metallicize+1","Seeing Red+1","Body Slam+1","Barricade+1","Body Slam+1","Barricade+1","Seeing Red+1","Metallicize+1","Body Slam+1","Defend_R+1","Flame Barrier+1","Metallicize+1","Seeing Red+1","Juggernaut+1","Entrench+1","Barricade+1","Metallicize+1","RitualDagger+1","Fire Breathing+1","Madness+1","Shrug It Off+1"],"relics":["Black Blood","Hammer of Thor","Seething Fire","Anvil of the Gods","NeowsBlessing","Mango","Bird Faced Urn","Matryoshka","Potion Belt","Letter Opener","InkBottle","TheAbacus","Nunchaku","Girya","Tiny House"],"acts_visited":["Exordium","TheCity","TheBeyond"],"potions_floor_usage":[33],"damage_taken":[{"damage":0.0,"enemies":"Jaw Worm","floor":1.0,"turns":1.0},{"damage":0.0,"enemies":"Lagavulin","floor":6.0,"turns":1.0},{"damage":0.0,"enemies":"Gremlin Nob","floor":8.0,"turns":1.0},{"damage":1.0,"enemies":"3 Sentries","floor":10.0,"turns":9.0},{"damage":0.0,"enemies":"Small Slimes","floor":12.0,"turns":2.0},{"damage":0.0,"enemies":"Gremlin Nob","floor":13.0,"turns":4.0},{"damage":0.0,"enemies":"2 Louse","floor":14.0,"turns":2.0},{"damage":0.0,"enemies":"The Guardian","floor":16.0,"turns":7.0},{"damage":0.0,"enemies":"Spheric Guardian","floor":18.0,"turns":5.0},{"damage":0.0,"enemies":"Chosen","floor":19.0,"turns":6.0},{"damage":0.0,"enemies":"Centurion and Healer","floor":20.0,"turns":1.0},{"damage":9.0,"enemies":"Chosen and Byrds","floor":24.0,"turns":8.0},{"damage":0.0,"enemies":"Snecko","floor":25.0,"turns":6.0},{"damage":4.0,"enemies":"Cultist and Chosen","floor":28.0,"turns":8.0},{"damage":27.0,"enemies":"Colosseum Slavers","floor":31.0,"turns":5.0},{"damage":0.0,"enemies":"Colosseum Nobs","floor":31.0,"turns":4.0},{"damage":20,"enemies":"Champ","floor":33,"turns":7},{"damage":12,"enemies":"3 Darklings","floor":35,"turns":6},{"damage":0,"enemies":"Donu and Deca","floor":38,"turns":9}],"seed_played":"-6047792821317800304","potions_obtained":[{"floor":8.0,"key":"SpeedPotion"},{"floor":12.0,"key":"BlessingOfTheForge"},{"floor":13.0,"key":"ColorlessPotion"},{"floor":16.0,"key":"SmokeBomb"},{"floor":18.0,"key":"Ancient Potion"},{"floor":24.0,"key":"Fire Potion"},{"floor":28.0,"key":"Block Potion"},{"floor":34,"key":"SteroidPotion"}],"is_trial":false,"path_per_floor":["M","?","$","?","?","E","R","E","T","E","?","M","E","M","R","B",null,"M","M","M","?","$","R","M","M","T","?","M","$","R","?","R","B",null,"M","?","?","B",null],"character_chosen":"IRONCLAD","items_purchased":["Seeing Red","Pommel Strike","TheAbacus","Combust","Madness","Nunchaku"],"campfire_rested":2,"item_purchase_floors":[3,3,22,22,29,29],"current_hp_per_floor":[80,80,80,80,80,94,94,94,94,94,82,90,94,94,94,94,94,94,94,94,94,94,94,94,94,94,88,94,94,94,94,94,92,99,99,99,99,99],"gold":318,"neow_bonus":"THREE_ENEMY_KILL","is_daily":false,"chose_seed":false,"campfire_upgraded":2,"win_rate":0.0,"timestamp":1614012798,"path_taken":["M","?","$","?","?","E","R","E","T","E","?","M","E","?","R","BOSS","M","M","M","?","$","R","M","M","T","?","M","$","R","?","R","BOSS","M","?","?","BOSS"],"items_purchased_type":["Card","Card","Relic","Card","Card","Relic"],"build_version":"2020-12-22","purchased_purges":1,"victory":true,"max_hp_per_floor":[80,80,80,80,80,94,94,94,94,94,94,94,94,94,94,94,94,94,94,94,94,94,94,94,94,94,94,94,94,94,94,94,94,99,99,99,99,99],"card_choices":[{"not_picked":["Heavy Blade","Warcry"],"picked":"Spot Weakness","floor":1.0},{"not_picked":["Perfected Strike","Dropkick"],"picked":"Feel No Pain","floor":6.0},{"not_picked":["Flex","Limit Break"],"picked":"Feel No Pain","floor":8.0},{"not_picked":["Pommel Strike","Reckless Charge"],"picked":"Entrench","floor":10.0},{"not_picked":["Headbutt","Perfected Strike"],"picked":"True Grit","floor":12.0},{"not_picked":["Rupture","Thunderclap"],"picked":"Impervious","floor":13.0},{"not_picked":["Entrench","Clash","Armaments"],"picked":"SKIP","floor":14.0},{"not_picked":["Impervious","Limit Break"],"picked":"Juggernaut","floor":16.0},{"not_picked":["Pummel","Warcry"],"picked":"Entrench+1","floor":18.0},{"not_picked":["Flame Barrier","Twin Strike"],"picked":"Body Slam","floor":19.0},{"not_picked":["Heavy Blade","Cleave"],"picked":"Metallicize","floor":24.0},{"not_picked":["Burning Pact","Anger+1","Flame Barrier+1"],"picked":"SKIP","floor":25.0},{"not_picked":["Iron Wave+1","True Grit+1"],"picked":"Fire Breathing+1","floor":28.0},{"not_picked":["Clothesline","Thunderclap"],"picked":"Shrug It Off+1","floor":31.0},{"not_picked":["True Grit","Shockwave","Dual Wield"],"picked":"SKIP","floor":35}],"player_experience":58287,"relics_obtained":[{"floor":6.0,"key":"Mango"},{"floor":8.0,"key":"Bird Faced Urn"},{"floor":9.0,"key":"Matryoshka"},{"floor":10.0,"key":"Potion Belt"},{"floor":13.0,"key":"InkBottle"},{"floor":31.0,"key":"Girya"}],"event_choices":[{"damage_healed":0.0,"max_hp_gain":0.0,"max_hp_loss":0.0,"gold_gain":0.0,"event_name":"Golden Wing","player_choice":"Ignored","floor":2.0,"gold_loss":0.0,"damage_taken":0.0},{"damage_healed":0.0,"max_hp_gain":0.0,"max_hp_loss":0.0,"gold_gain":175.0,"event_name":"Liars Game","player_choice":"AGREE","floor":4.0,"gold_loss":0.0,"damage_taken":0.0,"cards_obtained":["Doubt"]},{"cards_removed":["Strike_R"],"damage_healed":0.0,"max_hp_gain":0.0,"max_hp_loss":0.0,"gold_gain":0.0,"event_name":"Living Wall","player_choice":"Forget","floor":5.0,"gold_loss":0.0,"damage_taken":0.0},{"damage_healed":0.0,"max_hp_gain":0.0,"max_hp_loss":0.0,"gold_gain":0.0,"event_name":"Scrap Ooze","player_choice":"Success","floor":11.0,"gold_loss":0.0,"damage_taken":12.0,"relics_obtained":["Letter Opener"]},{"cards_removed":["Bash"],"damage_healed":0.0,"max_hp_gain":0.0,"max_hp_loss":0.0,"gold_gain":0.0,"event_name":"Back to Basics","player_choice":"Elegance","floor":21.0,"gold_loss":0.0,"damage_taken":0.0},{"damage_healed":0.0,"max_hp_gain":0.0,"max_hp_loss":0.0,"gold_gain":0.0,"event_name":"Nest","player_choice":"Joined the Cult","floor":27.0,"gold_loss":0.0,"damage_taken":6.0,"cards_obtained":["RitualDagger"]},{"damage_healed":0.0,"max_hp_gain":0.0,"max_hp_loss":0.0,"gold_gain":0.0,"event_name":"Colosseum","player_choice":"Fight","floor":31.0,"gold_loss":0.0,"damage_taken":0.0},{"damage_healed":0.0,"max_hp_gain":0.0,"max_hp_loss":0.0,"gold_gain":0.0,"event_name":"Colosseum","player_choice":"Fought Nobs","floor":31.0,"gold_loss":0.0,"damage_taken":0.0},{"damage_healed":0,"gold_gain":0,"player_choice":"Ignored","damage_taken":0,"max_hp_gain":0,"max_hp_loss":0,"event_name":"Tomb of Lord Red Mask","floor":36,"gold_loss":0},{"damage_healed":0,"gold_gain":0,"player_choice":"Took Portal","damage_taken":0,"max_hp_gain":0,"max_hp_loss":0,"event_name":"SecretPortal","floor":37,"gold_loss":0}],"is_beta":false,"boss_relics":[{"not_picked":["Snecko Eye","Black Star"],"picked":"Black Blood"},{"not_picked":["Velvet Choker","Runic Dome"],"picked":"Tiny House"}],"items_purged_floors":[22],"is_endless":false,"potions_floor_spawned":[8,12,13,16,18,20,24,28],"ascension_level":0}}