{"host":"0fm1w3v00gid44jl","time":1614016122,"event":{"mods":["AchievementEnabler","BaseMod","Colored Map","Colored Powertips","Displayed Cursed Tome","Googly Eyes","Highlight Path","Minty Spire (QoL Compilation)","Permanent Neow","Relic Stats","StSLib","SuperFastMode","slay the spire mod where everything is the same but ironclad has a cowboy hat"],"gold_per_floor":[119,133,144,44,44,44,60,138,191,191,201,201,214,234,234,335,335,352,352,371,371,32,64,78,106,152,152,152],"floor_reached":27,"language":"ENG","playtime":905,"items_purged":["Strike_G","Choke+1"],"score":448,"play_id":"6c743df6-288a-495c-815f-641a913b2147","local_time":"20210222114842","is_ascension_mode":true,"campfire_choices":[{"data":"1","floor":6,"key":"LIFT"},{"data":"2","floor":10,"key":"LIFT"},{"data":"3","floor":15,"key":"LIFT"}],"circlet_count":0,"master_deck":["Strike_G","Defend_G+1","Defend_G","Defend_G","Defend_G","Defend_G","Survivor","Neutralize","Cloak And Dagger","Footwork","Dash","Cloak And Dagger+1","Caltrops","Accuracy","Cloak And Dagger","Infinite Blades","Glass Knife","Distraction+1","Setup+1","Blade Dance","Blade Dance"],"relics":["Ring of the Snake","Girya","Vajra","War Paint","Astrolabe","MutagenicStrength","Ornamental Fan","Shovel","Centennial Puzzle","Blood Vial"],"acts_visited":["Exordium","TheCity"],"potions_floor_usage":[],"damage_taken":[{"damage":16,"enemies":"Jaw Worm","floor":1,"turns":7},{"damage":5,"enemies":"2 Louse","floor":2,"turns":3},{"damage":0,"enemies":"Cultist","floor":3,"turns":4},{"damage":5,"enemies":"3 Louse","floor":7,"turns":3},{"damage":0,"enemies":"Blue Slaver","floor":11,"turns":3},{"damage":1,"enemies":"Looter","floor":13,"turns":3},{"damage":5,"enemies":"Exordium Thugs","floor":14,"turns":5},{"damage":0,"enemies":"Slime Boss","floor":16,"turns":8},{"damage":6,"enemies":"2 Thieves","floor":18,"turns":4},{"damage":5,"enemies":"Chosen","floor":20,"turns":4},{"damage":17,"enemies":"Book of Stabbing","floor":23,"turns":4},{"damage":0,"enemies":"3 Cultists","floor":24,"turns":5},{"damage":26,"enemies":"Gremlin Leader","floor":25,"turns":8},{"damage":5,"enemies":"Snecko","floor":27,"turns":2}],"seed_played":"-6949923661007439925","potions_obtained":[{"floor":2,"key":"SpeedPotion"},{"floor":13,"key":"BlessingOfTheForge"},{"floor":16,"key":"Explosive Potion"}],"is_trial":false,"path_per_floor":["M","M","M","$","?","R","M","?","T","R","M","?","M","M","R","B",null,"M","?","M","?","$","E","M","E","T","M"],"character_chosen":"THE_SILENT","items_purchased":["Cloak And Dagger","Ornamental Fan"],"campfire_rested":0,"item_purchase_floors":[4,22],"current_hp_per_floor":[47,42,42,42,30,30,25,25,25,25,25,46,45,40,40,40,57,51,51,46,46,46,29,29,3,3,0,0],"gold":152,"neow_bonus":"ONE_RARE_RELIC","is_daily":false,"chose_seed":false,"campfire_upgraded":0,"win_rate":0.0,"timestamp":1614016122,"path_taken":["M","M","M","$","?","R","M","?","T","R","M","?","M","M","R","BOSS","M","?","M","?","$","E","M","E","T","M"],"items_purchased_type":["Card","Relic"],"build_version":"2020-12-22","purchased_purges":2,"victory":false,"max_hp_per_floor":[63,63,63,63,63,63,63,63,63,63,63,63,63,63,63,63,63,63,63,63,63,63,63,63,63,63,63,63],"relic_stats":{"Blood Vial":2,"Centennial Puzzle":[0],"Shovel":0,"counters":[14,63],"Ornamental Fan":[52],"Astrolabe":["Choke","Distraction","Setup"],"War Paint":["Defend_G","Cloak And Dagger"],"obtain_stats":[{"Blood Vial":26,"Girya":0,"Centennial Puzzle":25,"Shovel":23,"Ornamental Fan":22,"Astrolabe":17,"MutagenicStrength":19,"Vajra":5,"War Paint":9,"Ring of the Snake":0},{"Blood Vial":13,"Girya":0,"Centennial Puzzle":13,"Shovel":11,"Ornamental Fan":10,"Astrolabe":8,"MutagenicStrength":9,"Vajra":3,"War Paint":4,"Ring of the Snake":0},{"Blood Vial":61,"Girya":0,"Centennial Puzzle":61,"Shovel":48,"Ornamental Fan":44,"Astrolabe":36,"MutagenicStrength":40,"Vajra":14,"War Paint":17,"Ring of the Snake":0}],"Ring of the Snake":[28]},"card_choices":[{"not_picked":["Backflip","Acrobatics"],"picked":"Cloak And Dagger","floor":1},{"not_picked":["Poisoned Stab","Dodge and Roll"],"picked":"Footwork","floor":2},{"not_picked":["Outmaneuver","Flying Knee"],"picked":"Dash","floor":3},{"not_picked":["Envenom","Sucker Punch"],"picked":"Caltrops","floor":7},{"not_picked":["Slice","Dodge and Roll"],"picked":"Accuracy","floor":11},{"not_picked":["Unload","Quick Slash"],"picked":"Cloak And Dagger","floor":13},{"not_picked":["Caltrops","Flying Knee"],"picked":"Infinite Blades","floor":14},{"not_picked":["A Thousand Cuts","Doppelganger"],"picked":"Glass Knife","floor":16},{"not_picked":["Sucker Punch+1","Endless Agony","Flying Knee"],"picked":"SKIP","floor":18},{"not_picked":["Flechettes","Quick Slash"],"picked":"Blade Dance","floor":20},{"not_picked":["Flying Knee","Bane","Tactician"],"picked":"SKIP","floor":23},{"not_picked":["Infinite Blades+1","Concentrate"],"picked":"Blade Dance","floor":24},{"not_picked":["Endless Agony+1","Deadly Poison","Eviscerate+1"],"picked":"SKIP","floor":25}],"player_experience":1127860,"relics_obtained":[{"floor":9,"key":"War Paint"},{"floor":23,"key":"Shovel"},{"floor":25,"key":"Centennial Puzzle"},{"floor":26,"key":"Blood Vial"}],"event_choices":[{"damage_healed":0,"gold_gain":0,"player_choice":"Success","damage_taken":12,"relics_obtained":["Vajra"],"max_hp_gain":0,"max_hp_loss":0,"event_name":"Scrap Ooze","floor":5,"gold_loss":0},{"damage_healed":0,"gold_gain":78,"player_choice":"Gained Gold","damage_taken":0,"max_hp_gain":0,"max_hp_loss":0,"event_name":"Golden Wing","floor":8,"gold_loss":0},{"damage_healed":21,"gold_gain":0,"player_choice":"Banana","damage_taken":0,"max_hp_gain":0,"max_hp_loss":0,"event_name":"Big Fish","floor":12,"gold_loss":0},{"damage_healed":0,"gold_gain":0,"player_choice":"Inject Mutagens","damage_taken":0,"relics_obtained":["MutagenicStrength"],"max_hp_gain":0,"max_hp_loss":0,"event_name":"Drug Dealer","floor":19,"gold_loss":0},{"damage_healed":0,"gold_gain":0,"player_choice":"0 cards matched","damage_taken":0,"max_hp_gain":0,"max_hp_loss":0,"event_name":"Match and Keep!","floor":21,"gold_loss":0,"cards_obtained":[]}],"is_beta":false,"boss_relics":[{"not_picked":["Cursed Key","Fusion Hammer"],"picked":"Astrolabe"}],"items_purged_floors":[4,22],"is_endless":false,"potions_floor_spawned":[2,13,16,20,23],"killed_by":"Snecko","ascension_level":8}}