{"host":"lv7etzzgwahaenh9","time":1614026744,"event":{"mods":["AchievementEnabler","BaseMod","Colored Map","Colored Powertips","Highlight Path","Minty Spire (QoL Compilation)","Permanent Neow","Quick Restart","Random Character Button","StSLib"],"gold_per_floor":[109,120,120,139,25,25,45,64,64,64,84,111,111,124,124,201,201,215,314,1,33,33,33,46,78,131,149,162,178,178,209,209,280,280,298,314,314,332,13,13,13,13,38,38,38,65,76,90,90,90,90,90,17,48,48],"floor_reached":56,"language":"ENG","playtime":2902,"items_purged":["Pain"],"score":2050,"play_id":"8b9c22f0-2826-42d6-a5e5-d8605c2d2738","local_time":"20210222124544","is_ascension_mode":true,"campfire_choices":[{"data":"Zap","floor":6.0,"key":"SMITH"},{"data":"Dualcast","floor":10.0,"key":"SMITH"},{"data":"Sweeping Beam","floor":13.0,"key":"SMITH"},{"data":"Gash","floor":15.0,"key":"SMITH"},{"data":"Fission","floor":23.0,"key":"SMITH"},{"data":"Buffer","floor":30.0,"key":"SMITH"},{"data":"Storm","floor":32.0,"key":"SMITH"},{"data":"Echo Form","floor":40,"key":"SMITH"},{"floor":42,"key":"RECALL"},{"data":"Heatsinks","floor":45,"key":"SMITH"},{"data":"Creative AI","floor":49,"key":"SMITH"},{"data":"Defragment","floor":52,"key":"SMITH"}],"circlet_count":0,"master_deck":["AscendersBane","Zap+1","Dualcast+1","Gash+1","Cold Snap","Leap","Undo","Steam","Ball Lightning","Sweeping Beam+1","Creative AI+1","Fission","Undo","Force Field","Storm+1","Skim","Machine Learning","Buffer+1","Fission+1","Defragment+1","Self Repair","Leap+1","Biased Cognition","Echo Form+1","Conserve Battery+1","Gash","Conserve Battery","Loop","Meteor Strike","Cold Snap","Heatsinks+1","Heatsinks","Static Discharge"],"relics":["Cracked Core","WarpedTongs","Eternal Feather","Cables","Pandora\u0027s Box","Mummified Hand","Red Mask","Bronze Scales","PreservedInsect","Potion Belt","Busted Crown","White Beast Statue","Thread and Needle","Anchor"],"acts_visited":["Exordium","TheCity","TheBeyond","TheEnding"],"potions_floor_usage":[35,50,55,55,55,55,55,55],"damage_taken":[{"damage":5.0,"enemies":"Small Slimes","floor":1.0,"turns":4.0},{"damage":1.0,"enemies":"Cultist","floor":2.0,"turns":3.0},{"damage":0.0,"enemies":"2 Louse","floor":4.0,"turns":1.0},{"damage":0.0,"enemies":"Exordium Wildlife","floor":7.0,"turns":4.0},{"damage":0.0,"enemies":"Large Slime","floor":8.0,"turns":4.0},{"damage":0.0,"enemies":"Blue Slaver","floor":11.0,"turns":3.0},{"damage":16.0,"enemies":"Gremlin Nob","floor":12.0,"turns":4.0},{"damage":0.0,"enemies":"3 Louse","floor":14.0,"turns":2.0},{"damage":0.0,"enemies":"Slime Boss","floor":16.0,"turns":8.0},{"damage":19.0,"enemies":"2 Thieves","floor":18.0,"turns":4.0},{"damage":20.0,"enemies":"Masked Bandits","floor":21.0,"turns":4.0},{"damage":0.0,"enemies":"Spheric Guardian","floor":24.0,"turns":3.0},{"damage":32.0,"enemies":"Book of Stabbing","floor":25.0,"turns":5.0},{"damage":20.0,"enemies":"Snake Plant","floor":27.0,"turns":3.0},{"damage":13.0,"enemies":"Cultist and Chosen","floor":28.0,"turns":6.0},{"damage":14.0,"enemies":"3 Cultists","floor":29.0,"turns":6.0},{"damage":0.0,"enemies":"Gremlin Leader","floor":31.0,"turns":3.0},{"damage":16.0,"enemies":"Automaton","floor":33.0,"turns":7.0},{"damage":21,"enemies":"3 Darklings","floor":35,"turns":5},{"damage":0,"enemies":"Orb Walker","floor":36,"turns":3},{"damage":3,"enemies":"Sphere and 2 Shapes","floor":38,"turns":3},{"damage":0,"enemies":"Giant Head","floor":46,"turns":6},{"damage":0,"enemies":"Transient","floor":47,"turns":5},{"damage":0,"enemies":"Writhing Mass","floor":48,"turns":4},{"damage":6,"enemies":"Awakened One","floor":50,"turns":8},{"damage":0,"enemies":"Shield and Spear","floor":54,"turns":3},{"damage":11,"enemies":"The Heart","floor":55,"turns":6}],"seed_played":"-1388451896422474259","potions_obtained":[{"floor":0.0,"key":"FocusPotion"},{"floor":0.0,"key":"Swift Potion"},{"floor":2.0,"key":"Weak Potion"},{"floor":16.0,"key":"FairyPotion"},{"floor":21.0,"key":"BlessingOfTheForge"},{"floor":29.0,"key":"EntropicBrew"},{"floor":33.0,"key":"DuplicationPotion"},{"floor":36,"key":"Explosive Potion"},{"floor":46,"key":"SteroidPotion"},{"floor":47,"key":"FocusPotion"},{"floor":48,"key":"SpeedPotion"},{"floor":54,"key":"EntropicBrew"}],"is_trial":false,"path_per_floor":["M","M","?","M","$","R","M","M","T","R","M","E","R","M","R","B",null,"M","?","$","?","$","R","M","E","T","M","M","M","R","E","R","B",null,"M","M","?","M","$","R","?","R","T","$","R","E","M","M","R","B",null,"R","$","E","B",null],"character_chosen":"DEFECT","items_purchased":["Undo","Mummified Hand","Self Repair","Heatsinks","White Beast Statue","Heatsinks"],"campfire_rested":0,"item_purchase_floors":[5,20,20,39,39,53],"current_hp_per_floor":[59,58,58,58,58,58,58,58,58,67,67,51,60,60,69,69,71,52,52,52,42,42,54,54,29,29,16,10,28,43,53,68,59,68,54,61,61,58,58,71,67,67,67,67,67,67,67,67,67,67,67,67,67,67,66],"gold":48,"neow_bonus":"THREE_SMALL_POTIONS","is_daily":false,"chose_seed":false,"campfire_upgraded":11,"win_rate":0.0,"timestamp":1614026744,"path_taken":["M","M","?","M","$","R","M","M","T","R","M","E","R","M","R","BOSS","M","?","$","?","?","R","M","E","T","M","M","?","R","E","R","BOSS","M","M","?","M","$","R","?","R","T","$","R","E","M","M","R","BOSS","R","$","E","BOSS"],"items_purchased_type":["Card","Relic","Card","Card","Relic","Card"],"build_version":"2020-12-22","purchased_purges":1,"victory":true,"max_hp_per_floor":[71,71,71,71,71,71,71,71,71,71,71,71,71,71,71,71,71,71,71,71,71,71,71,71,71,71,71,71,71,71,71,71,71,71,71,71,71,71,71,71,67,67,67,67,67,67,67,67,67,67,67,67,67,67,67],"card_choices":[{"not_picked":["Consume","Leap"],"picked":"Gash","floor":1.0},{"not_picked":["Undo","Leap"],"picked":"Cold Snap","floor":2.0},{"not_picked":["Stack","Hologram"],"picked":"Leap","floor":4.0},{"not_picked":["Rip and Tear","Coolheaded"],"picked":"Steam","floor":7.0},{"not_picked":["Recycle","Steam Power"],"picked":"Rebound","floor":8.0},{"not_picked":["Reprogram","Cold Snap"],"picked":"Ball Lightning","floor":11.0},{"not_picked":["Reprogram","Coolheaded"],"picked":"Sweeping Beam","floor":12.0},{"not_picked":["Stack","Force Field","Scrape"],"picked":"SKIP","floor":14.0},{"not_picked":["Reboot","Thunder Strike"],"picked":"Creative AI","floor":16.0},{"not_picked":["White Noise","Compile Driver"],"picked":"Defragment","floor":18.0},{"not_picked":["Self Repair","Conserve Battery"],"picked":"Leap+1","floor":21.0},{"not_picked":["Leap+1","Go for the Eyes"],"picked":"Biased Cognition","floor":24.0},{"not_picked":["All For One","Coolheaded"],"picked":"Echo Form","floor":25.0},{"not_picked":["Redo","Double Energy"],"picked":"Conserve Battery+1","floor":27.0},{"not_picked":["Sunder","Rebound+1"],"picked":"Gash","floor":28.0},{"not_picked":["Rebound","Static Discharge"],"picked":"Conserve Battery","floor":29.0},{"not_picked":["Static Discharge","Thunder Strike"],"picked":"Loop","floor":31.0},{"not_picked":["Seek","Hyperbeam"],"picked":"Meteor Strike","floor":33.0},{"not_picked":["Conserve Battery+1"],"picked":"SKIP","floor":35},{"not_picked":[],"picked":"Cold Snap","floor":36},{"not_picked":["Turbo+1"],"picked":"SKIP","floor":38},{"not_picked":["Gash+1"],"picked":"SKIP","floor":46},{"not_picked":["Redo"],"picked":"SKIP","floor":47},{"not_picked":["Lockon+1"],"picked":"SKIP","floor":48},{"not_picked":[],"picked":"Static Discharge","floor":54}],"player_experience":506357,"relics_obtained":[{"floor":9.0,"key":"Eternal Feather"},{"floor":12.0,"key":"Cables"},{"floor":21.0,"key":"Red Mask"},{"floor":25.0,"key":"Bronze Scales"},{"floor":26.0,"key":"PreservedInsect"},{"floor":31.0,"key":"Potion Belt"},{"floor":46,"key":"Thread and Needle"},{"floor":54,"key":"Anchor"}],"event_choices":[{"damage_healed":0.0,"max_hp_gain":0.0,"max_hp_loss":0.0,"gold_gain":0.0,"event_name":"Accursed Blacksmith","player_choice":"Rummage","floor":3.0,"gold_loss":0.0,"damage_taken":0.0,"relics_obtained":["WarpedTongs"],"cards_obtained":["Pain"]},{"damage_healed":0.0,"max_hp_gain":0.0,"max_hp_loss":0.0,"gold_gain":99.0,"event_name":"Nest","player_choice":"Stole From Cult","floor":19.0,"gold_loss":0.0,"damage_taken":0.0},{"damage_healed":0.0,"max_hp_gain":0.0,"max_hp_loss":0.0,"gold_gain":0.0,"event_name":"Masked Bandits","player_choice":"Fought Bandits","floor":21.0,"gold_loss":0.0,"damage_taken":0.0},{"cards_removed":["Rebound"],"damage_healed":0,"gold_gain":0,"player_choice":"Removed Attack","damage_taken":0,"max_hp_gain":0,"max_hp_loss":0,"event_name":"Falling","floor":37,"gold_loss":0},{"damage_healed":0,"gold_gain":0,"player_choice":"Max HP","damage_taken":0,"max_hp_gain":0,"max_hp_loss":4,"event_name":"Winding Halls","floor":41,"gold_loss":0}],"is_beta":false,"boss_relics":[{"not_picked":["SlaversCollar","SacredBark"],"picked":"Pandora\u0027s Box"},{"not_picked":["Philosopher\u0027s Stone","Cursed Key"],"picked":"Busted Crown"}],"items_purged_floors":[5],"is_endless":false,"potions_floor_spawned":[2,4,16,21,25,28,29,33,36,46,47,48,54],"ascension_level":14}}