{"host":"b1dzdo8uo7e6jx8g","time":1614025310,"event":{"mods":["AchievementEnabler","BaseMod","BetterRewards","Colored Map","Downfall","Highlight Path","Minty Spire (QoL Compilation)","StSLib"],"gold_per_floor":[114,214,289,289,1,36,52,86,139,199,199,27,39,72,72,175,175,189,215,2,13,13,44,58,81,81,111,127,154,1,20,20,124,124,136,136,136,154,169,169,169,196,196,227,227,227,241,274,274,274,274,274,79,105,105,105],"floor_reached":55,"language":"ENG","playtime":2006,"items_purged":["Regret","Clumsy"],"score":1205,"play_id":"99750406-4d8b-4a85-bdb5-2b3580c9dd1d","local_time":"20210222212150","is_ascension_mode":true,"campfire_choices":[{"floor":11,"key":"REST"},{"data":"WindmillStrike","floor":15,"key":"SMITH"},{"floor":32,"key":"REST"},{"floor":40,"key":"RECALL"},{"floor":49,"key":"REST"},{"floor":52,"key":"REST"}],"circlet_count":0,"master_deck":["Defend_P+1","Eruption","Vigilance+1","Consecrate","WindmillStrike+1","CurseOfTheBell","CurseOfTheBell","Establishment","FollowUp","Brilliance","CarveReality","Wish+1","Halt+1","Pray+1","Trip+1","Slimebound:Tackle+1","Slimebound:Tackle+1","Slimebound:Tackle+1","Tantrum+1","Conclude","Prostrate+1","Halt+1","Judgement+1","SandsOfTime+1","Protect+1","Pray+1","Halt+1","Trip+1"],"relics":["PureWater","Membership Card","Anchor","downfall:ExtraCursedBell","Bronze Scales","Darkstone Periapt","CaptainsWheel","Bottled Tornado","Toxic Egg 2","Boot","Tiny Chest","Akabeko","War Paint","HornCleat","Omamori","Empty Cage","Red Mask","TeardropLocket","Kunai","MealTicket","Gremlin Horn","Mercury Hourglass","Question Card","ClockworkSouvenir","Fusion Hammer","Eternal Feather","Oddly Smooth Stone","Toy Ornithopter","Molten Egg 2","Pen Nib","Orichalcum","Art of War","Ginger"],"acts_visited":["Exordium","TheCity","TheBeyond","TheEnding"],"potions_floor_usage":[28,55,55],"damage_taken":[{"damage":0,"enemies":"Small Slimes","floor":1,"turns":2},{"damage":21,"enemies":"3 Sentries","floor":6,"turns":5},{"damage":0,"enemies":"2 Louse","floor":7,"turns":3},{"damage":13,"enemies":"Lagavulin","floor":8,"turns":6},{"damage":3,"enemies":"Lagavulin Event","floor":10,"turns":4},{"damage":0,"enemies":"Cultist","floor":13,"turns":2},{"damage":4,"enemies":"3 Sentries","floor":14,"turns":3},{"damage":5,"enemies":"Slime Boss","floor":16,"turns":4},{"damage":10,"enemies":"Shell Parasite","floor":18,"turns":4},{"damage":5,"enemies":"Masked Bandits","floor":19,"turns":4},{"damage":2,"enemies":"3 Byrds","floor":21,"turns":2},{"damage":22,"enemies":"Book of Stabbing","floor":23,"turns":4},{"damage":0,"enemies":"Cultist and Chosen","floor":24,"turns":4},{"damage":9,"enemies":"Gremlin Leader","floor":27,"turns":4},{"damage":0,"enemies":"Shelled Parasite and Fungi","floor":28,"turns":2},{"damage":8,"enemies":"Slavers","floor":29,"turns":2},{"damage":0,"enemies":"Chosen and Byrds","floor":31,"turns":3},{"damage":28,"enemies":"Collector","floor":33,"turns":4},{"damage":0,"enemies":"Orb Walker","floor":35,"turns":3},{"damage":0,"enemies":"3 Darklings","floor":38,"turns":2},{"damage":0,"enemies":"Writhing Mass","floor":39,"turns":3},{"damage":11,"enemies":"Reptomancer","floor":42,"turns":4},{"damage":7,"enemies":"Giant Head","floor":44,"turns":7},{"damage":10,"enemies":"Jaw Worm Horde","floor":47,"turns":3},{"damage":0,"enemies":"Nemesis","floor":48,"turns":3},{"damage":25,"enemies":"Time Eater","floor":50,"turns":5},{"damage":3,"enemies":"Shield and Spear","floor":54,"turns":5},{"damage":138,"enemies":"The Heart","floor":55,"turns":6}],"seed_played":"-3923874326372488409","potions_obtained":[{"floor":1,"key":"hexamod:SoulburnPotion"},{"floor":10,"key":"PowerPotion"},{"floor":14,"key":"SteroidPotion"},{"floor":24,"key":"Ancient Potion"},{"floor":28,"key":"Fruit Juice"},{"floor":29,"key":"PowerPotion"}],"is_trial":false,"path_per_floor":["M","?","?","?","$","E","M","E","T","?","R","$","M","E","R","B",null,"M","?","$","M","?","E","M","T","T","E","M","E","$","M","R","B",null,"M","?","T","M","M","R","?","E","T","E","?","T","M","E","R","B",null,"R","$","E","B"],"character_chosen":"WATCHER","items_purchased":["Membership Card","Consecrate","Anchor","Bottled Tornado","Toxic Egg 2","HornCleat","TeardropLocket","Pray+1","Trip+1","ClockworkSouvenir","FairyPotion","Prostrate+1","Orichalcum","Art of War","Trip+1"],"campfire_rested":4,"item_purchase_floors":[0,0,0,5,5,12,20,20,20,30,30,30,53,53,53],"current_hp_per_floor":[64,87,76,76,76,55,55,42,42,39,67,67,67,63,63,58,95,85,80,80,78,78,56,56,56,56,47,52,44,59,59,89,61,100,100,100,100,100,100,100,100,89,89,82,82,82,72,72,100,75,100,100,100,97,0,0],"gold":105,"neow_bonus":"","is_daily":false,"chose_seed":false,"campfire_upgraded":1,"win_rate":0.0,"timestamp":1614025310,"path_taken":["M","?","?","?","$","E","M","E","T","?","R","$","M","E","R","BOSS","M","?","$","M","?","E","M","?","T","E","?","E","$","?","R","BOSS","M","?","?","?","M","R","?","E","T","E","?","?","M","E","R","BOSS","R","$","E","BOSS"],"items_purchased_type":["Relic","Card","Relic","Relic","Relic","Relic","Relic","Card","Card","Relic","Potion","Card","Relic","Relic","Card"],"build_version":"2020-12-22","purchased_purges":2,"victory":false,"max_hp_per_floor":[72,95,95,95,95,95,95,95,95,95,95,95,95,95,95,95,95,95,95,95,95,95,95,95,95,95,95,100,100,100,100,100,100,100,100,100,100,100,100,100,100,100,100,100,100,100,100,100,100,100,100,100,100,100,100,100],"card_choices":[{"not_picked":["PathToVictory","JustLucky"],"picked":"WindmillStrike","floor":1},{"not_picked":["BowlingBash","Indignation+1"],"picked":"FollowUp","floor":6},{"not_picked":["Protect+1","FlurryOfBlows"],"picked":"Brilliance","floor":7},{"not_picked":["ThirdEye+1","Protect+1"],"picked":"CarveReality","floor":8},{"not_picked":["WreathOfFlame+1","Wallop","MentalFortress"],"picked":"SKIP","floor":13},{"not_picked":["Meditate+1","FlyingSleeves","Swivel+1"],"picked":"SKIP","floor":14},{"not_picked":["Judgement+1","Vault+1"],"picked":"Wish+1","floor":16},{"not_picked":["Evaluate+1","Collect+1"],"picked":"Halt+1","floor":18},{"not_picked":["SashWhip","CutThroughFate","FlurryOfBlows"],"picked":"SKIP","floor":21},{"not_picked":["EmptyMind+1","ThirdEye+1","Wireheading"],"picked":"SKIP","floor":23},{"not_picked":["FearNoEvil","MasterReality","FlyingSleeves"],"picked":"SKIP","floor":24},{"not_picked":["Vengeance+1","FollowUp"],"picked":"Tantrum+1","floor":27},{"not_picked":["LikeWater","ThirdEye+1","Fasting2"],"picked":"SKIP","floor":28},{"not_picked":["CutThroughFate","Evaluate+1"],"picked":"Conclude","floor":29},{"not_picked":["ThirdEye+1","FollowUp","BowlingBash+1"],"picked":"Halt+1","floor":31},{"not_picked":["MasterReality","ConjureBlade+1","Alpha+1"],"picked":"Judgement+1","floor":33},{"not_picked":["Fasting2+1","ThirdEye+1","Crescendo+1"],"picked":"SandsOfTime+1","floor":35},{"not_picked":["EmptyBody+1","CutThroughFate+1","SandsOfTime","Protect+1"],"picked":"SKIP","floor":38},{"not_picked":["EmptyBody+1","CutThroughFate+1","SandsOfTime"],"picked":"Protect+1","floor":38},{"not_picked":["SashWhip+1","Vengeance+1","CutThroughFate+1","Wireheading"],"picked":"SKIP","floor":39},{"not_picked":["WaveOfTheHand+1","FollowUp","Judgement+1","BowlingBash"],"picked":"SKIP","floor":42},{"not_picked":["WreathOfFlame+1","EmptyFist","Judgement+1","Conclude"],"picked":"SKIP","floor":44},{"not_picked":["CrushJoints+1","PathToVictory+1","SandsOfTime+1"],"picked":"Pray+1","floor":47},{"not_picked":["Consecrate+1","EmptyFist+1","JustLucky+1"],"picked":"Halt+1","floor":48},{"not_picked":["CutThroughFate+1","CrushJoints+1","Fasting2+1","PathToVictory+1"],"picked":"SKIP","floor":54}],"player_experience":263575,"relics_obtained":[{"floor":2,"key":"Bronze Scales"},{"floor":2,"key":"Darkstone Periapt"},{"floor":2,"key":"CaptainsWheel"},{"floor":6,"key":"Boot"},{"floor":8,"key":"Tiny Chest"},{"floor":9,"key":"Akabeko"},{"floor":14,"key":"Omamori"},{"floor":19,"key":"Red Mask"},{"floor":23,"key":"Kunai"},{"floor":25,"key":"MealTicket"},{"floor":26,"key":"Gremlin Horn"},{"floor":27,"key":"Mercury Hourglass"},{"floor":29,"key":"Question Card"},{"floor":42,"key":"Eternal Feather"},{"floor":43,"key":"Oddly Smooth Stone"},{"floor":44,"key":"Toy Ornithopter"},{"floor":46,"key":"Molten Egg 2"},{"floor":48,"key":"Pen Nib"},{"floor":54,"key":"Ginger"}],"event_choices":[{"damage_healed":0,"gold_gain":75,"player_choice":"Gather Gold","damage_taken":11,"max_hp_gain":0,"max_hp_loss":0,"event_name":"World of Goop","floor":3,"gold_loss":0},{"cards_removed":["downfall:Malfunctioning"],"damage_healed":0,"gold_gain":0,"player_choice":"Forget","damage_taken":0,"max_hp_gain":0,"max_hp_loss":0,"event_name":"Living Wall","floor":4,"gold_loss":0},{"damage_healed":0,"gold_gain":0,"player_choice":"Searched \u00272\u0027 times","damage_taken":0,"relics_obtained":["War Paint"],"max_hp_gain":0,"max_hp_loss":0,"event_name":"Dead Adventurer","floor":10,"gold_loss":0},{"damage_healed":0,"gold_gain":0,"player_choice":"Fought Bandits","damage_taken":0,"max_hp_gain":0,"max_hp_loss":0,"event_name":"Masked Bandits","floor":19,"gold_loss":0},{"damage_healed":0,"gold_gain":0,"player_choice":"Ignored","damage_taken":0,"max_hp_gain":0,"max_hp_loss":0,"event_name":"Tomb of Lord Red Mask","floor":36,"gold_loss":0},{"cards_removed":["Defend_P"],"damage_healed":0,"gold_gain":0,"player_choice":"Removed Skill","damage_taken":0,"max_hp_gain":0,"max_hp_loss":0,"event_name":"Falling","floor":41,"gold_loss":0},{"cards_removed":["Defend_P"],"damage_healed":0,"gold_gain":0,"player_choice":"Purged","damage_taken":0,"max_hp_gain":0,"max_hp_loss":0,"event_name":"Purifier","floor":45,"gold_loss":0}],"is_beta":false,"boss_relics":[{"not_picked":["Tiny House","Pandora\u0027s Box"],"picked":"Empty Cage"},{"not_picked":["Runic Dome","Velvet Choker"],"picked":"Fusion Hammer"}],"items_purged_floors":[5,12],"is_endless":false,"potions_floor_spawned":[1,10,14,19,21,24,28,29,42,44,48,54],"killed_by":"The Heart","ascension_level":1}}