{"host":"crmowuwgj9wiiaqp","time":1614021516,"event":{"mods":["Act Like it!","Astrologer","Aya Shameimaru","Bard","BaseMod","ChefMod","Colored Map","Hermit","Mathematician","Mathemortician","Minty Spire (QoL Compilation)","QueenMod","Relic Stats","Ruina","Spire Arcade","StSLib","Wide Potions"],"gold_per_floor":[18,32,32,48,59,93,93,107,107,7,23,37,37,54,54,54,54],"floor_reached":16,"language":"ENG","playtime":936,"items_purged":["QueenMod:Strike"],"score":106,"play_id":"02ced81a-74cc-4986-80e8-3b729d5fcd88","local_time":"20210222121836","is_ascension_mode":false,"campfire_choices":[{"data":"QueenMod:Recruit","floor":7,"key":"SMITH"},{"floor":13,"key":"REST"},{"floor":15,"key":"REST"}],"circlet_count":0,"master_deck":["QueenMod:Strike","QueenMod:Strike","QueenMod:Strike","QueenMod:Defend","QueenMod:Defend","QueenMod:Defend","QueenMod:Defend","QueenMod:QuickJabs","QueenMod:Recruit+1","Metamorphosis","QueenMod:Flyby","QueenMod:AttackOrder","QueenMod:ForcedMarch","QueenMod:Conscripts","QueenMod:Conscripts","QueenMod:Conscripts","QueenMod:HexGuard","QueenMod:InspiringStrike","QueenMod:HoldPosition"],"relics":["QueenMod:QueensBanner","Akabeko","HornCleat"],"acts_visited":["Exordium"],"potions_floor_usage":[],"damage_taken":[{"damage":2,"enemies":"Cultist","floor":1,"turns":4},{"damage":0,"enemies":"2 Louse","floor":2,"turns":2},{"damage":10,"enemies":"Jaw Worm","floor":4,"turns":4},{"damage":8,"enemies":"Red Slaver","floor":5,"turns":6},{"damage":32,"enemies":"Gremlin Nob","floor":6,"turns":5},{"damage":14,"enemies":"Exordium Wildlife","floor":8,"turns":6},{"damage":0,"enemies":"3 Louse","floor":11,"turns":3},{"damage":8,"enemies":"Lots of Slimes","floor":12,"turns":5},{"damage":1,"enemies":"Exordium Wildlife","floor":14,"turns":3},{"damage":48,"enemies":"Slime Boss","floor":16,"turns":9}],"seed_played":"2775712441784483623","potions_obtained":[{"floor":6,"key":"SpeedPotion"},{"floor":8,"key":"Ancient Potion"},{"floor":11,"key":"Dexterity Potion"}],"is_trial":false,"path_per_floor":["M","M","?","M","M","E","R","M","T","$","M","M","R","M","R","B"],"character_chosen":"THE_QUEEN","items_purchased":["QueenMod:HexGuard"],"campfire_rested":2,"item_purchase_floors":[10],"current_hp_per_floor":[73,73,73,63,55,23,23,9,9,9,9,1,23,22,44,0,0],"gold":54,"neow_bonus":"RANDOM_COLORLESS_2","is_daily":false,"chose_seed":false,"campfire_upgraded":1,"win_rate":0.0,"timestamp":1614021516,"path_taken":["M","M","?","M","M","E","R","M","T","$","?","M","R","M","R","BOSS"],"items_purchased_type":["Card"],"build_version":"2020-12-22","purchased_purges":1,"victory":false,"max_hp_per_floor":[75,75,75,75,75,75,75,75,75,75,75,75,75,75,75,75,75],"relic_stats":{"counters":[10,47],"obtain_stats":[{"HornCleat":9,"QueenMod:QueensBanner":0,"Akabeko":6},{"HornCleat":6,"QueenMod:QueensBanner":0,"Akabeko":5},{"HornCleat":27,"QueenMod:QueensBanner":0,"Akabeko":21}]},"card_choices":[{"not_picked":["Apotheosis","Transmutation"],"picked":"Metamorphosis","floor":0},{"not_picked":["QueenMod:PollenBlast","QueenMod:PopulateOrder"],"picked":"QueenMod:Parry","floor":1},{"not_picked":["QueenMod:Fleche","QueenMod:ChainStrike","QueenMod:Feast"],"picked":"SKIP","floor":2},{"not_picked":["QueenMod:Regroup","QueenMod:Rally"],"picked":"QueenMod:Flyby","floor":4},{"not_picked":["QueenMod:SplitStrike","QueenMod:Charge"],"picked":"QueenMod:AttackOrder","floor":5},{"not_picked":["QueenMod:SplitStrike","QueenMod:HiveDefenses"],"picked":"QueenMod:ForcedMarch","floor":6},{"not_picked":["QueenMod:HoneycombSmash","QueenMod:HiveNetwork"],"picked":"QueenMod:Conscripts","floor":8},{"not_picked":["QueenMod:Flyby","QueenMod:OverwhelmingForce","QueenMod:Ravage"],"picked":"SKIP","floor":11},{"not_picked":["QueenMod:PheremoneSwap","QueenMod:Charge"],"picked":"QueenMod:InspiringStrike","floor":12},{"not_picked":["QueenMod:Charge","QueenMod:Ravage"],"picked":"QueenMod:HoldPosition","floor":14}],"player_experience":1438527,"relics_obtained":[{"floor":6,"key":"Akabeko"},{"floor":9,"key":"HornCleat"}],"event_choices":[],"is_beta":false,"boss_relics":[],"items_purged_floors":[10],"is_endless":false,"potions_floor_spawned":[6,8,11,14],"killed_by":"Slime Boss","ascension_level":0}}