{"host":"zlolxa879v8f5dwy","time":1614031410,"event":{"mods":["AchievementEnabler","BaseMod","Downfall","Friendly Minions","Hermit","Hubris","Jorbs\u0027s Wanderer Trilogy","Kiyohime????","Koishi","Marisa????????","Minty Spire (QoL Compilation)","Remilia??????","StSLib","The Animator","The Cursed","The Disciple","The Hierophant","The Servant 0.9.4"],"gold_per_floor":[112,132,207,207,218,247,263,263,263,277,288,300,300,314,314,415,415,426,442,118,118,118,118,143,161,209,209,84,95,95,105,105,200,200,200],"floor_reached":34,"language":"ENG","playtime":2425,"items_purged":["Koishi:BasicStrike"],"score":376,"play_id":"ea1989f9-c45b-406f-a158-d4c447df6ab6","local_time":"20210222230330","is_ascension_mode":false,"campfire_choices":[{"floor":8.0,"key":"REST"},{"data":"Koishi:FreudianInstinct","floor":13.0,"key":"SMITH"},{"floor":15.0,"key":"REST"},{"floor":23,"key":"RECALL"},{"data":"Koishi:EmbryosDream","floor":30,"key":"SMITH"},{"floor":32,"key":"REST"}],"circlet_count":0,"master_deck":["Koishi:BasicStrike","Koishi:BasicDefend","Koishi:BasicDefend","Koishi:BasicDefend","Koishi:BasicDefend","Koishi:Provoke","Koishi:HauntingSlash","Koishi:YoukaiPolygraph","Koishi:RacingHeart","Koishi:EmbryosDream+1","Koishi:SubterraneanRose+1","Koishi:EmbersOfLove+1","Koishi:VengefulSpirit","Koishi:SubconsciousSweep","Koishi:FreudianInstinct+1","Koishi:SubterraneanRose+1","Koishi:ImGoingToCallYouNow+1","Koishi:ApparitionsStalkTheNight+1","Koishi:BloodcurdlingScream","Koishi:RuptureMind","Panacea+1","Envy_TH","Koishi:GrowingPain+1","Koishi:SpiritedAway+1","Koishi:PhantomBarrier+1","Koishi:BramblyRoseGarden","Koishi:HeartAttack+1","Koishi:FidgetySnatcher","Koishi:PerfectMindControl+1"],"relics":["Koishi:ImaginaryFriend","Unceasing Top","Toxic Egg 2","Sozu","Molten Egg 2","Koishi:AHoleWhereASisterShouldBe","Koishi:EchoesOfADeadGirl","Runic Pyramid"],"acts_visited":["Exordium","TheCity","TheBeyond"],"potions_floor_usage":[],"damage_taken":[{"damage":0.0,"enemies":"Small Slimes","floor":1.0,"turns":3.0},{"damage":1.0,"enemies":"Jaw Worm","floor":2.0,"turns":5.0},{"damage":1.0,"enemies":"Cultist","floor":5.0,"turns":4.0},{"damage":28.0,"enemies":"Lagavulin","floor":6.0,"turns":4.0},{"damage":0.0,"enemies":"Looter","floor":7.0,"turns":3.0},{"damage":7.0,"enemies":"Blue Slaver","floor":10.0,"turns":4.0},{"damage":3.0,"enemies":"Gremlin Gang","floor":11.0,"turns":6.0},{"damage":1.0,"enemies":"Looter","floor":12.0,"turns":3.0},{"damage":7.0,"enemies":"Red Slaver","floor":14.0,"turns":4.0},{"damage":22.0,"enemies":"Hexaghost","floor":16.0,"turns":11.0},{"damage":5,"enemies":"2 Thieves","floor":18,"turns":5},{"damage":5,"enemies":"Shell Parasite","floor":19,"turns":8},{"damage":25,"enemies":"Slavers","floor":24,"turns":6},{"damage":9,"enemies":"Snecko","floor":25,"turns":7},{"damage":5,"enemies":"Snake Plant","floor":29,"turns":4},{"damage":20,"enemies":"Centurion and Healer","floor":31,"turns":6},{"damage":37,"enemies":"Champ","floor":33,"turns":12}],"seed_played":"4761787044226483705","potions_obtained":[{"floor":1.0,"key":"Slimebound:ThreeZeroPotion"},{"floor":7.0,"key":"SpeedPotion"},{"floor":10.0,"key":"Guardian:BlockOnCardUsePotion"},{"floor":11.0,"key":"FearPotion"},{"floor":12.0,"key":"Block Potion"}],"is_trial":false,"path_per_floor":["M","M","?","?","M","E","M","R","T","M","M","M","R","M","R","B",null,"M","M","$","?","?","R","E","M","T","T","$","M","R","M","R","B",null],"character_chosen":"KOISHI","items_purchased":["Koishi:RuptureMind","Panacea+1","Koishi:PhantomBarrier+1","Koishi:BramblyRoseGarden"],"campfire_rested":3,"item_purchase_floors":[20,20,28,28],"current_hp_per_floor":[54,54,43,46,46,21,24,41,41,39,37,39,39,33,50,37,57,57,57,57,48,48,48,43,53,53,53,53,51,51,49,62,25,62,62],"gold":200,"neow_bonus":"ONE_RARE_RELIC","is_daily":false,"chose_seed":false,"campfire_upgraded":2,"win_rate":0.0,"timestamp":1614031410,"path_taken":["M","M","?","?","M","E","M","R","T","M","M","?","R","M","R","BOSS","M","M","$","?","?","R","E","M","T","?","$","?","R","M","R","BOSS"],"items_purchased_type":["Card","Card","Card","Card"],"build_version":"2020-12-22","purchased_purges":1,"victory":false,"max_hp_per_floor":[54,54,54,57,57,57,57,57,57,57,57,57,57,57,57,57,57,57,57,57,62,62,62,62,62,62,62,62,62,62,62,62,62,62,62],"card_choices":[{"not_picked":["Koishi:ParalyzingFear","Koishi:RorschachInDanmaku"],"picked":"Koishi:YoukaiPolygraph","floor":1.0},{"not_picked":["Koishi:FleetingPhantom","Koishi:GhostParty"],"picked":"Koishi:RacingHeart","floor":2.0},{"not_picked":["Koishi:PhantomStrike","Koishi:UnansweredLove"],"picked":"Koishi:EmbryosDream","floor":5.0},{"not_picked":["Koishi:DreadfulBlow","Koishi:ReleaseOfTheId+1"],"picked":"Koishi:SubterraneanRose+1","floor":6.0},{"not_picked":["Koishi:ParalyzingFear","Koishi:UnansweredLove+1"],"picked":"Koishi:EmbersOfLove+1","floor":7.0},{"not_picked":["Koishi:FormlessExistence","Koishi:PhilosophyOfTheDespised+1"],"picked":"Koishi:VengefulSpirit","floor":10.0},{"not_picked":["Koishi:RacingHeart","Koishi:PhantomStrike"],"picked":"Koishi:SubconsciousSweep","floor":11.0},{"not_picked":["Koishi:ReflexRadar+1","Koishi:BloodcurdlingScream"],"picked":"Koishi:FreudianInstinct","floor":12.0},{"not_picked":["Koishi:Untouchable","Koishi:ConfinedInnocent"],"picked":"Koishi:SubterraneanRose+1","floor":14.0},{"not_picked":["Koishi:Ego","Koishi:FadingMemory+1"],"picked":"Koishi:ImGoingToCallYouNow+1","floor":16.0},{"not_picked":["Koishi:Prune","Koishi:UnansweredLove+1"],"picked":"Koishi:ApparitionsStalkTheNight+1","floor":18},{"not_picked":["Koishi:DreadfulBlow","Koishi:FreudianInstinct"],"picked":"Koishi:BloodcurdlingScream","floor":19},{"not_picked":["Koishi:Jaunt+1","Koishi:Bloodlust+1"],"picked":"Koishi:GrowingPain+1","floor":24},{"not_picked":["Koishi:YoukaiPolygraph+1","Koishi:EmbersOfLove+1"],"picked":"Koishi:SpiritedAway+1","floor":25},{"not_picked":["Koishi:BloodcurdlingScream+1","Koishi:RacingHeart+1"],"picked":"Koishi:HeartAttack+1","floor":29},{"not_picked":["Koishi:SpiritedAway+1","Koishi:ReflexRadar+1"],"picked":"Koishi:FidgetySnatcher","floor":31},{"not_picked":["Koishi:RuptureMind+1","Koishi:FormlessExistence"],"picked":"Koishi:PerfectMindControl+1","floor":33}],"player_experience":175881,"relics_obtained":[{"floor":6.0,"key":"Toxic Egg 2"},{"floor":24,"key":"Molten Egg 2"},{"floor":26,"key":"Koishi:AHoleWhereASisterShouldBe"},{"floor":27,"key":"Koishi:EchoesOfADeadGirl"}],"event_choices":[{"damage_healed":0.0,"max_hp_gain":0.0,"max_hp_loss":0.0,"gold_gain":75.0,"event_name":"World of Goop","player_choice":"Gather Gold","floor":3.0,"gold_loss":0.0,"damage_taken":11.0},{"damage_healed":0,"gold_gain":0,"player_choice":"Shed Blood","damage_taken":14,"max_hp_gain":5,"max_hp_loss":0,"event_name":"Forgotten Altar","floor":21,"gold_loss":0}],"is_beta":false,"boss_relics":[{"not_picked":["hubris:VirtuousBlindfold","hubris:RunicObelisk"],"picked":"Sozu"},{"not_picked":["Tiny House","Philosopher\u0027s Stone"],"picked":"Runic Pyramid"}],"items_purged_floors":[20],"is_endless":false,"potions_floor_spawned":[1,7,10,11,12,19,24,31,33],"ascension_level":0}}