{"host":"zn0pgtnwheu0ecb0","time":1614030030,"event":{"mods":["Act Like it!","BaseMod","Duelist Mod","GifTheSpireLib","Hallownest","Minty Spire (QoL Compilation)","StSLib","The Bug Knight"],"gold_per_floor":[136,136,153,170,182,213,213,233,233,266,266,266,266,243,243,343,343,355,208,208,227,238,238,264,274,274,274,274,274],"floor_reached":28,"language":"DEU","playtime":2217,"items_purged":[],"score":323,"play_id":"e427907e-81ff-4219-902c-986d254dc923","local_time":"20210222224030","is_ascension_mode":false,"campfire_choices":[{"data":"theDuelist:MeteorDestruction","floor":7,"key":"SMITH"},{"data":"theDuelist:ForbiddenLance","floor":13,"key":"SMITH"},{"data":"theDuelist:SilverApples","floor":15,"key":"SMITH"},{"data":"theDuelist:GravityBlaster","floor":23,"key":"SMITH"}],"circlet_count":0,"master_deck":["theDuelist:BeaverWarrior","theDuelist:BeaverWarrior","theDuelist:CastleWalls","theDuelist:CastleWalls+1","theDuelist:FinalFlame","theDuelist:GiantSoldier","theDuelist:GiantSoldier","theDuelist:ScrapFactory","theDuelist:Sparks","theDuelist:Sparks","theDuelist:BigFire","theDuelist:ForbiddenLance+1","theDuelist:MeteorDestruction+1","theDuelist:GravityBlaster+1","theDuelist:RainbowNeos","theDuelist:RainbowNeos","theDuelist:HappyLover","theDuelist:SilverApples+1","theDuelist:KamionTimelord","theDuelist:FrontierWiseman","theDuelist:DeltaMagnet","theDuelist:HammerShot","theDuelist:BattleguardKing+1","theDuelist:MeteorDestruction","theDuelist:FrontierWiseman"],"relics":["theDuelist:MillenniumPuzzle","theDuelist:CardPoolRelic","theDuelist:CardPoolBasicRelic","theDuelist:BoosterPackPoolRelic","theDuelist:CardPoolAddRelic","theDuelist:CardPoolMinusRelic","theDuelist:CardPoolSaveRelic","theDuelist:CardPoolOptionsRelic","NeowsBlessing","Orichalcum","Pocketwatch","Bird Faced Urn","Hallownest:DreamNailRelic","Inserter","theDuelist:MillenniumArmor","Mango","InkBottle"],"acts_visited":["Hallownest:Greenpath","Hallownest:CityofTears"],"potions_floor_usage":[16],"damage_taken":[{"damage":0,"enemies":"Hallownest:monsterHuskWarrior","floor":1,"turns":1},{"damage":0,"enemies":"Hallownest:2_Baldur","floor":3,"turns":1},{"damage":0,"enemies":"2_ Uuma","floor":4,"turns":1},{"damage":0,"enemies":"Hallownest:Wandering_and_Horned","floor":5,"turns":3},{"damage":18,"enemies":"Hallownest:eliteCrystalGuardian","floor":6,"turns":4},{"damage":8,"enemies":"Hallownest:monsterFoolEater","floor":8,"turns":2},{"damage":0,"enemies":"Hallownest:eliteMossKnight","floor":10,"turns":3},{"damage":0,"enemies":"Hallownest:BossBrokenVessel","floor":16,"turns":6},{"damage":6,"enemies":"Hallownest:2_Mistakes","floor":18,"turns":5},{"damage":0,"enemies":"Hallownest:3_Youths","floor":21,"turns":5},{"damage":0,"enemies":"Hallownest:monsterShrumalOgre","floor":22,"turns":3},{"damage":15,"enemies":"Hallownest:eliteWatcherKnight","floor":24,"turns":13},{"damage":0,"enemies":"Hallownest:Warrior_and_Youth","floor":25,"turns":4},{"damage":0,"enemies":"Hallownest:3_Mistakes","floor":28,"turns":1}],"seed_played":"-5001093659058121078","potions_obtained":[{"floor":1,"key":"DistilledChaos"},{"floor":8,"key":"Block Potion"},{"floor":10,"key":"Block Potion"},{"floor":24,"key":"SteroidPotion"}],"is_trial":false,"path_per_floor":["M","?","M","M","M","E","R","M","T","E","?","?","R","$","R","B",null,"M","$","?","M","M","R","E","M","T","$","M"],"character_chosen":"THE_DUELIST","items_purchased":["theDuelist:SilverApples","theDuelist:MillenniumArmor"],"campfire_rested":0,"item_purchase_floors":[14,19],"current_hp_per_floor":[80,80,80,80,80,62,62,54,54,54,54,54,54,54,54,54,80,74,74,74,74,74,74,73,73,73,73,73,73],"gold":274,"neow_bonus":"THREE_ENEMY_KILL","is_daily":false,"chose_seed":false,"campfire_upgraded":4,"win_rate":0.0,"timestamp":1614030030,"path_taken":["M","?","M","M","M","E","R","M","T","E","?","?","R","$","R","BOSS","M","$","?","M","M","R","E","M","T","$","M"],"items_purchased_type":["Card","Relic"],"build_version":"2020-12-22","purchased_purges":0,"victory":false,"max_hp_per_floor":[80,80,80,80,80,80,80,80,80,80,80,80,80,80,80,80,80,80,80,80,80,80,80,94,94,94,94,94,94],"card_choices":[{"not_picked":["theDuelist:CoreBlaster","theDuelist:MagnumShield","theDuelist:Eva","theDuelist:PowerWall"],"picked":"theDuelist:BigFire","floor":1},{"not_picked":["theDuelist:InfernoFireBlast","theDuelist:Raigeki"],"picked":"theDuelist:ForbiddenLance","floor":3},{"not_picked":["theDuelist:ScrapFactory","theDuelist:SpiritHarp","theDuelist:Downbeat","theDuelist:CharcoalInpachi"],"picked":"theDuelist:MeteorDestruction","floor":4},{"not_picked":["theDuelist:Sangan","theDuelist:ForbiddenLance"],"picked":"theDuelist:GravityBlaster","floor":5},{"not_picked":["theDuelist:MeteorDestruction","theDuelist:Hinotama","theDuelist:DoubleTool","theDuelist:BigFire"],"picked":"theDuelist:RainbowNeos","floor":6},{"not_picked":["theDuelist:BeaverWarrior","theDuelist:GiantSoldier"],"picked":"theDuelist:RainbowNeos","floor":8},{"not_picked":["theDuelist:KamionTimelord","theDuelist:Eva","theDuelist:RainbowKuriboh","theDuelist:RainbowOverdragon"],"picked":"theDuelist:HappyLover","floor":10},{"not_picked":["theDuelist:RainbowNeos","theDuelist:HappyLover","theDuelist:RainbowKuriboh","theDuelist:RainbowOverdragon"],"picked":"theDuelist:KamionTimelord","floor":16},{"not_picked":["theDuelist:WhiteMagicalHat","theDuelist:SpiritHarp+1","theDuelist:HappyLover","theDuelist:Eva"],"picked":"theDuelist:FrontierWiseman","floor":18},{"not_picked":["theDuelist:BattleOx","theDuelist:LightningRodLord","theDuelist:GaiaMidNightSun","theDuelist:GraniteLoyalist"],"picked":"theDuelist:HammerShot","floor":21},{"not_picked":["theDuelist:MillenniumGolem","theDuelist:MudGolem","theDuelist:Sangan","theDuelist:ClearKuriboh"],"picked":"theDuelist:BattleguardKing+1","floor":22},{"not_picked":["theDuelist:DoubleTool","theDuelist:CoreBlaster","theDuelist:CombinationAttack","theDuelist:CrossAttack+1"],"picked":"theDuelist:MeteorDestruction","floor":24},{"not_picked":["theDuelist:BeaverWarrior","theDuelist:GiantSoldier","theDuelist:KamionTimelord","theDuelist:BattleguardKing+1"],"picked":"theDuelist:FrontierWiseman","floor":25}],"player_experience":10763,"relics_obtained":[{"floor":6,"key":"Orichalcum"},{"floor":9,"key":"Pocketwatch"},{"floor":10,"key":"Bird Faced Urn"},{"floor":24,"key":"Mango"},{"floor":26,"key":"InkBottle"}],"event_choices":[{"damage_healed":0,"gold_gain":0,"player_choice":"Leave","duelist":true,"damage_taken":0,"max_hp_gain":0,"max_hp_loss":0,"event_name":"Card Trader","floor":11,"gold_loss":0},{"damage_healed":0,"gold_gain":0,"player_choice":"Delta Electro","duelist":true,"damage_taken":0,"max_hp_gain":0,"max_hp_loss":0,"event_name":"Egyptian Village","floor":20,"gold_loss":0,"cards_obtained":["Delta Electromagnet Warrior"]}],"is_beta":false,"boss_relics":[{"not_picked":["Runic Dome","Runic Pyramid"],"picked":"Inserter"}],"items_purged_floors":[],"is_endless":false,"potions_floor_spawned":[1,8,10,24],"killed_by":"Hallownest:3_Mistakes","ascension_level":0}}