{"host":"p0hktren06injwdf","time":1614004859,"event":{"mods":["AchievementEnabler","BaseMod","Colored Map","DeckTracker","Minty Spire (QoL Compilation)","Permanent Neow","StSLib","SuperFastMode"],"gold_per_floor":[367,384,404,404,42,79,79,79,125,160,181,191,206,230,230,314,314,325,396,396,408,424,453,467,467,521,534,550,550,171,171,171,171,171],"floor_reached":33,"language":"KOR","playtime":726,"items_purged":["Strike_G"],"score":562,"play_id":"fb0b56c4-57bd-4b39-8bc8-c8d214aba98f","local_time":"20210222234059","is_ascension_mode":true,"campfire_choices":[{"floor":7.0,"key":"REST"},{"data":"Blade Dance","floor":15.0,"key":"SMITH"},{"floor":25.0,"key":"REST"},{"floor":29.0,"key":"REST"},{"data":"Prepared","floor":32.0,"key":"SMITH"}],"circlet_count":0,"master_deck":["AscendersBane","Strike_G","Strike_G","Strike_G","Strike_G","Defend_G","Defend_G","Defend_G","Defend_G","Survivor","Neutralize","Dagger Throw","Terror","Poisoned Stab","Blade Dance+1","Finisher","Bouncing Flask","Dash","Tactician","Storm of Steel","PiercingWail","Cloak And Dagger","Flash of Steel","Prepared+1"],"relics":["Ring of the Snake","Dead Branch","CeramicFish","Darkstone Periapt","Akabeko","Lantern","Busted Crown","The Courier","CultistMask","Happy Flower","Orichalcum","Nunchaku"],"acts_visited":["Exordium","TheCity"],"potions_floor_usage":[],"damage_taken":[{"damage":7.0,"enemies":"Small Slimes","floor":1.0,"turns":5.0},{"damage":0.0,"enemies":"Cultist","floor":2.0,"turns":3.0},{"damage":2.0,"enemies":"2 Louse","floor":3.0,"turns":4.0},{"damage":24.0,"enemies":"3 Sentries","floor":6.0,"turns":6.0},{"damage":12.0,"enemies":"Lagavulin","floor":10.0,"turns":7.0},{"damage":3.0,"enemies":"Lots of Slimes","floor":11.0,"turns":3.0},{"damage":0.0,"enemies":"Red Slaver","floor":12.0,"turns":2.0},{"damage":0.0,"enemies":"Blue Slaver","floor":13.0,"turns":1.0},{"damage":2.0,"enemies":"Exordium Thugs","floor":14.0,"turns":4.0},{"damage":9.0,"enemies":"Slime Boss","floor":16.0,"turns":6.0},{"damage":0.0,"enemies":"2 Thieves","floor":18.0,"turns":2.0},{"damage":0.0,"enemies":"3 Byrds","floor":21.0,"turns":3.0},{"damage":16.0,"enemies":"Cultist and Chosen","floor":22.0,"turns":5.0},{"damage":20.0,"enemies":"Slavers","floor":23.0,"turns":2.0},{"damage":15.0,"enemies":"3 Cultists","floor":24.0,"turns":4.0},{"damage":13.0,"enemies":"Shelled Parasite and Fungi","floor":27.0,"turns":4.0},{"damage":0.0,"enemies":"Centurion and Healer","floor":28.0,"turns":3.0},{"damage":32,"enemies":"Champ","floor":33,"turns":3}],"seed_played":"-8311388948637013795","potions_obtained":[{"floor":2.0,"key":"FearPotion"},{"floor":6.0,"key":"ColorlessPotion"},{"floor":11.0,"key":"EssenceOfSteel"},{"floor":16.0,"key":"Fruit Juice"},{"floor":22.0,"key":"SkillPotion"},{"floor":23.0,"key":"Dexterity Potion"},{"floor":27.0,"key":"GamblersBrew"}],"is_trial":false,"path_per_floor":["M","M","M","?","$","E","R","?","T","E","M","M","M","M","R","B",null,"M","T","?","M","M","E","M","R","T","M","M","R","$","?","R","B"],"character_chosen":"THE_SILENT","items_purchased":["Dead Branch","Blade Dance","PiercingWail","Cloak And Dagger","Flash of Steel","Nunchaku","Prepared"],"campfire_rested":3,"item_purchase_floors":[5,5,30,30,30,30,30],"current_hp_per_floor":[52,52,50,43,43,19,37,37,37,25,22,22,22,20,20,11,53,53,53,53,53,37,17,2,21,21,8,8,27,27,27,27,0,0],"gold":171,"neow_bonus":"TWO_FIFTY_GOLD","is_daily":false,"chose_seed":false,"campfire_upgraded":2,"win_rate":0.0,"timestamp":1614004859,"path_taken":["M","M","M","?","$","E","R","?","T","E","?","?","M","M","R","BOSS","M","?","?","M","M","E","?","R","T","M","M","R","$","?","R","BOSS"],"items_purchased_type":["Relic","Card","Card","Card","Card","Relic","Card"],"build_version":"2020-12-22","purchased_purges":1,"victory":false,"max_hp_per_floor":[60,60,60,60,60,60,60,60,60,60,60,60,60,60,60,60,65,65,65,65,65,65,65,65,65,65,65,65,65,65,65,65,65,65],"card_choices":[{"not_picked":["Outmaneuver","Deflect"],"picked":"Dagger Throw","floor":1.0},{"not_picked":["Backflip","Bane"],"picked":"Terror","floor":2.0},{"not_picked":["Well Laid Plans","Flying Knee"],"picked":"Poisoned Stab","floor":3.0},{"not_picked":["Noxious Fumes","Wraith Form v2"],"picked":"Finisher","floor":6.0},{"not_picked":["Escape Plan","Flying Knee"],"picked":"Bouncing Flask","floor":10.0},{"not_picked":["Bane","Underhanded Strike"],"picked":"Dash","floor":11.0},{"not_picked":["Finisher","Deadly Poison","Underhanded Strike"],"picked":"SKIP","floor":12.0},{"not_picked":["Acrobatics","Dodge and Roll","Flying Knee"],"picked":"SKIP","floor":13.0},{"not_picked":["Underhanded Strike","Dagger Throw"],"picked":"Tactician","floor":14.0},{"not_picked":["Grand Finale","Wraith Form v2"],"picked":"Storm of Steel","floor":16.0},{"not_picked":["Quick Slash"],"picked":"SKIP","floor":18.0},{"not_picked":["Deadly Poison+1"],"picked":"SKIP","floor":21.0},{"not_picked":["PiercingWail"],"picked":"SKIP","floor":22.0},{"not_picked":["Heel Hook"],"picked":"SKIP","floor":23.0},{"not_picked":["Bane"],"picked":"SKIP","floor":24.0},{"not_picked":["Flying Knee"],"picked":"SKIP","floor":27.0},{"not_picked":["Bouncing Flask"],"picked":"SKIP","floor":28.0}],"player_experience":1102415,"relics_obtained":[{"floor":6.0,"key":"CeramicFish"},{"floor":9.0,"key":"Akabeko"},{"floor":10.0,"key":"Lantern"},{"floor":19.0,"key":"The Courier"},{"floor":23.0,"key":"Happy Flower"},{"floor":26.0,"key":"Orichalcum"}],"event_choices":[{"cards_removed":["Defend_G"],"damage_healed":0.0,"max_hp_gain":0.0,"max_hp_loss":0.0,"gold_gain":0.0,"event_name":"Golden Wing","player_choice":"Card Removal","floor":4.0,"gold_loss":0.0,"damage_taken":7.0},{"damage_healed":0.0,"max_hp_gain":0.0,"max_hp_loss":0.0,"gold_gain":0.0,"event_name":"WeMeetAgain","player_choice":"Gave Potion","floor":8.0,"gold_loss":0.0,"damage_taken":0.0,"relics_obtained":["Darkstone Periapt"]},{"damage_healed":0.0,"max_hp_gain":0.0,"max_hp_loss":0.0,"gold_gain":0.0,"event_name":"FaceTrader","player_choice":"Trade","floor":20.0,"gold_loss":0.0,"damage_taken":0.0,"relics_obtained":["CultistMask"]},{"damage_healed":0.0,"max_hp_gain":0.0,"max_hp_loss":0.0,"gold_gain":0.0,"event_name":"The Mausoleum","player_choice":"Ignored","floor":31.0,"gold_loss":0.0,"damage_taken":0.0}],"is_beta":false,"boss_relics":[{"not_picked":["Ring of the Serpent","Calling Bell"],"picked":"Busted Crown"}],"items_purged_floors":[30],"is_endless":false,"potions_floor_spawned":[2,6,11,13,16,22,23,27],"killed_by":"Champ","ascension_level":20}}