{"host":"da27qkxi6drzokhl","time":1614028824,"event":{"mods":["BaseMod","Colored Powertips","Conspire","Downfall","Hermit","Infinite Spire","Minty Spire (QoL Compilation)","Replay The Spire","StSLib","The Animator","The Cursed","The Senshi","The Servant 0.9.4"],"gold_per_floor":[209,209,309,13,13,44,56,56,56,81,101,101,136,136,136,234,234,249,249,249,98,98,98,128,53,53,88,88,120,137,164,164,266,266,277,277,277,290,36,36,69,88,88,107,119,119,445,465,465,566,566,572,572,572,332,332,332,357,367,367,367,375,387,398,398,398,488,488,495,510,510,510,522,537,543,550,550,576,585,585,611,619,619,708,708,721,737,745,754,761,761,788,788,815,815,815,839,839,860,860,951,951,966,978,978,1008,1025,1054,1054,1075,1075,1075,1089,1120,1130,1140,1140,1226,1226,1237,1249,1260,1260,1272,1272,1289,1368,1368,1318,1327,1351,1351,1358,1358,1454,1454,1469,1481,1492,1503,1511,1536,1536,1559,1559,1607,1619,1663,1720,1736,1736,1814,1814,1814,1420,1444,1519],"floor_reached":158,"language":"ENG","playtime":3986,"items_purged":["Decay"],"score":5304,"play_id":"64352973-d445-4ee4-9059-732650d15d16","local_time":"20210222222024","is_ascension_mode":true,"campfire_choices":[{"data":"Heavy Blade","floor":8.0,"key":"SMITH"},{"floor":15.0,"key":"RECALL"},{"data":"Heavy Blade","floor":23.0,"key":"SMITH"},{"data":"Bash","floor":28.0,"key":"SMITH"},{"data":"Impervious","floor":32.0,"key":"SMITH"},{"data":"Limit Break","floor":40.0,"key":"SMITH"},{"data":"Limit Break","floor":46.0,"key":"SMITH"},{"data":"ReplayTheSpireMod:Faulty Equipment","floor":49.0,"key":"SMITH"},{"data":"Strike_R","floor":57,"key":"SMITH"},{"data":"Defend_R","floor":61,"key":"SMITH"},{"data":"Defend_R","floor":66,"key":"SMITH"},{"data":"Defend_R","floor":80,"key":"SMITH"},{"floor":100,"key":"DIG"},{"data":"Strike_R+2","floor":117,"key":"SMITH"},{"data":"Strike_R+3","floor":125,"key":"SMITH"},{"data":"Double Tap","floor":151,"key":"SMITH"},{"data":"Strike_R+4","floor":154,"key":"SMITH"}],"circlet_count":0,"master_deck":["Strike_R+1","Strike_R+1","Strike_R+1","Strike_R+1","Strike_R+5","Defend_R+2","Defend_R+1","Defend_R+1","Defend_R+1","Bash+1","Cleave+1","downfall:Haunted","downfall:Haunted","conspire:NecroticWound","Impervious+1","conspire:NecroticWound","Heavy Blade+1","Heavy Blade+1","Limit Break+1","Limit Break+1","Flex+1","Massacre+1","Parasite","Hallucinations","Writhe","Pot Of Greed","Pot Of Greed","Pot Of Greed","downfall:Bewildered","Double Tap+1","ReplayTheSpireMod:Splinters","ReplayTheSpireMod:Limb From Limb+1"],"relics":["Uniform","Du-Vu Doll","Bag of Marbles","Strange Spoon","Onion Ring","Art of War","theSenshi:FeatherClipsRelic","Replay:Rubber Ducky","Coffee Dripper","theSenshi:SailorFukuRelic","Whetstone","Matryoshka","Strawberry","Divine Protection","conspire:BottledYoYo","conspire:SpecialSausage","ReplayTheSpireMod:Shallot","ReplayTheSpireMod:TigerMarble","Pantograph","Bottled Lightning","Old Coin","SlaversCollar","infinitespire:Cubic Diamond","theSenshi:SuperSailorFukuRelic","Shuriken","HornCleat","infinitespire:Eraser","Smiling Mask","infinitespire:Burning Sword","Tiny Chest","Happy Flower","ReplayTheSpireMod:Spearhead","Centennial Puzzle","Garlic","conspire:SlowCooker","Potion Belt","Juzu Bracelet","ReplayTheSpireMod:Ring of Exchange","Ring of Peace","Calipers","Pondfish Scales","Replay:Bottled Snecko","Brimstone","infinitespire:FocusingShard","ReplayFunnel","Lizard Tail","Paper Frog","Bottled Flame","Simple Rune","Philosopher\u0027s Stone","Boot","Chameleon Ring","Replay:WaspNest","MealTicket","Grinning Jar","sneckomod:BabySnecko","Ooze Armor","conspire:TopHat","Gremlin Food","Mercury Hourglass","infinitespire:Lucky Rock","Singing Bowl","conspire:GlowingRock","Pear","Painkiller Herb","Kunai","Bronze Scales","conspire:Boomerang"],"acts_visited":["Exordium","TheCity","TheBeyond","Exordium","TheCity","TheBeyond","Exordium","TheCity","TheBeyond","TheEnding"],"potions_floor_usage":[50,50,75,126,152,157,157,157],"damage_taken":[{"damage":9.0,"enemies":"2 Louse","floor":1.0,"turns":3.0},{"damage":9.0,"enemies":"Replay:BlueRogue","floor":6.0,"turns":2.0},{"damage":0.0,"enemies":"Small Slimes","floor":7.0,"turns":2.0},{"damage":8.0,"enemies":"3 Sentries","floor":10.0,"turns":4.0},{"damage":0.0,"enemies":"Jaw Worm","floor":11.0,"turns":1.0},{"damage":0.0,"enemies":"Lagavulin","floor":13.0,"turns":2.0},{"damage":59.0,"enemies":"The Guardian","floor":16.0,"turns":9.0},{"damage":0.0,"enemies":"Chosen","floor":18.0,"turns":1.0},{"damage":52.0,"enemies":"Nightmare","floor":24.0,"turns":6.0},{"damage":0.0,"enemies":"Gremlin Leader","floor":27.0,"turns":2.0},{"damage":6.0,"enemies":"conspire:Head Lice","floor":29.0,"turns":2.0},{"damage":0.0,"enemies":"3 Byrds","floor":30.0,"turns":4.0},{"damage":0.0,"enemies":"Book of Stabbing","floor":31.0,"turns":2.0},{"damage":31.0,"enemies":"conspire:MysteriousRune","floor":33.0,"turns":5.0},{"damage":0.0,"enemies":"3 Shapes","floor":35.0,"turns":2.0},{"damage":0.0,"enemies":"3 Darklings","floor":38.0,"turns":4.0},{"damage":0.0,"enemies":"R_Hoarder","floor":41.0,"turns":3.0},{"damage":5.0,"enemies":"4 Shapes","floor":42.0,"turns":3.0},{"damage":0.0,"enemies":"Sphere and 2 Shapes","floor":44.0,"turns":2.0},{"damage":0.0,"enemies":"Transient","floor":45.0,"turns":5.0},{"damage":0.0,"enemies":"Reptomancer","floor":47.0,"turns":2.0},{"damage":0.0,"enemies":"Jaw Worm Horde","floor":48.0,"turns":3.0},{"damage":1,"enemies":"Replay:Hell Engine","floor":50,"turns":4},{"damage":0,"enemies":"Jaw Worm","floor":52,"turns":1},{"damage":0,"enemies":"3 Sentries","floor":58,"turns":2},{"damage":0,"enemies":"2 Louse","floor":59,"turns":1},{"damage":0,"enemies":"conspire:RoseBush","floor":62,"turns":1},{"damage":0,"enemies":"Blue Slaver","floor":63,"turns":1},{"damage":0,"enemies":"Looter","floor":64,"turns":1},{"damage":0,"enemies":"The Guardian","floor":67,"turns":2},{"damage":0,"enemies":"3 Byrds","floor":69,"turns":1},{"damage":0,"enemies":"Shell Parasite","floor":70,"turns":1},{"damage":5,"enemies":"Cultist and Chosen","floor":73,"turns":2},{"damage":21,"enemies":"Nightmare","floor":74,"turns":3},{"damage":0,"enemies":"Snake Plant","floor":75,"turns":1},{"damage":0,"enemies":"Centurion and Healer","floor":76,"turns":2},{"damage":0,"enemies":"Book of Stabbing","floor":78,"turns":1},{"damage":0,"enemies":"3 Cultists","floor":79,"turns":1},{"damage":0,"enemies":"conspire:Head Lice","floor":81,"turns":1},{"damage":0,"enemies":"Sentry and Sphere","floor":82,"turns":2},{"damage":2,"enemies":"Champ","floor":84,"turns":2},{"damage":0,"enemies":"3 Shapes","floor":86,"turns":2},{"damage":0,"enemies":"Orb Walker","floor":87,"turns":2},{"damage":13,"enemies":"Jaw Worm Horde","floor":88,"turns":3},{"damage":0,"enemies":"Spire Growth","floor":89,"turns":1},{"damage":0,"enemies":"4 Shapes","floor":90,"turns":3},{"damage":0,"enemies":"R_Hoarder","floor":92,"turns":2},{"damage":0,"enemies":"Reptomancer","floor":97,"turns":1},{"damage":0,"enemies":"R_Hoarder","floor":99,"turns":3},{"damage":0,"enemies":"infinitespire:MassOfShapes","floor":101,"turns":3},{"damage":0,"enemies":"Jaw Worm","floor":103,"turns":1},{"damage":0,"enemies":"Small Slimes","floor":104,"turns":2},{"damage":0,"enemies":"conspire:MimicChest","floor":106,"turns":2},{"damage":0,"enemies":"Cultist","floor":107,"turns":1},{"damage":0,"enemies":"Gremlin Nob","floor":108,"turns":1},{"damage":0,"enemies":"Lagavulin","floor":110,"turns":2},{"damage":0,"enemies":"Exordium Thugs","floor":113,"turns":1},{"damage":0,"enemies":"Gremlin Nob","floor":114,"turns":1},{"damage":0,"enemies":"3 Louse","floor":115,"turns":1},{"damage":0,"enemies":"Red Slaver","floor":116,"turns":1},{"damage":0,"enemies":"Fading Forest","floor":118,"turns":6},{"damage":0,"enemies":"conspire:FuzzyDice","floor":120,"turns":1},{"damage":0,"enemies":"3 Byrds","floor":121,"turns":1},{"damage":0,"enemies":"3 Cultists","floor":122,"turns":1},{"damage":0,"enemies":"Centurion and Healer","floor":124,"turns":1},{"damage":38,"enemies":"Nightmare","floor":126,"turns":4},{"damage":0,"enemies":"Snecko","floor":130,"turns":1},{"damage":0,"enemies":"Gremlin Leader","floor":131,"turns":1},{"damage":0,"enemies":"Snake Plant","floor":133,"turns":1},{"damage":0,"enemies":"Collector","floor":135,"turns":1},{"damage":0,"enemies":"Orb Walker","floor":137,"turns":1},{"damage":0,"enemies":"3 Shapes","floor":138,"turns":1},{"damage":0,"enemies":"Jaw Worm Horde","floor":139,"turns":1},{"damage":0,"enemies":"4 Shapes","floor":140,"turns":1},{"damage":0,"enemies":"Maw","floor":141,"turns":1},{"damage":0,"enemies":"R_Hoarder","floor":142,"turns":1},{"damage":0,"enemies":"Nemesis","floor":144,"turns":1},{"damage":0,"enemies":"Giant Head","floor":147,"turns":4},{"damage":0,"enemies":"2 Orb Walkers","floor":148,"turns":1},{"damage":0,"enemies":"Sphere and 2 Shapes","floor":150,"turns":1},{"damage":49,"enemies":"Awakened One","floor":152,"turns":5},{"damage":0,"enemies":"Shield and Spear","floor":156,"turns":1},{"damage":141,"enemies":"The Heart","floor":157,"turns":6}],"seed_played":"3263899520568235819","potions_obtained":[{"floor":7.0,"key":"hexamod:SoulburnPotion"},{"floor":11.0,"key":"DistilledChaos"},{"floor":24.0,"key":"Elixir"},{"floor":31.0,"key":"Explosive Potion"},{"floor":35.0,"key":"Adrenaline Potion"},{"floor":42.0,"key":"Explosive Potion"},{"floor":50,"key":"Dexterity Potion"},{"floor":64,"key":"Slimebound:ThreeZeroPotion"},{"floor":67,"key":"champ:CounterPotion"},{"floor":75,"key":"hexamod:SoulburnPotion"},{"floor":97,"key":"Regen Potion"},{"floor":103,"key":"SpeedPotion"},{"floor":110,"key":"FairyPotion"},{"floor":126,"key":"Adrenaline Potion"},{"floor":157,"key":"Weak Potion"}],"is_trial":false,"path_per_floor":["M","?","?","$","?","E","M","R","T","E","M","$","E","$","R","B",null,"M","?","?","$","?","R","NM","$","T","E","R","E","M","E","R","B",null,"M","$","?","M","$","R","E","M","T","M","M","R","E","M","R","B",null,"M","?","?","$","?","R","E","M","T","R","M","M","M","?","R","B",null,"M","M","AVR","?","M","NM","M","M","T","E","M","R","E","M","R","B",null,"M","M","M","M","M","R","E","R","T","?","R","E","?","E","R","B",null,"M","M","T","?","M","E","R","E","T","?","M","E","M","M","R","B",null,"M","M","M","?","M","R","NM","T","T","?","M","E","?","M","R","B",null,"M","M","M","M","M","E","?","E","T","T","E","?","?","M","R","B",null,"T","T","E","B",null],"character_chosen":"IRONCLAD","items_purchased":["Bag of Marbles","Strange Spoon","theSenshi:SailorFukuRelic","ReplayTheSpireMod:Shallot","Shuriken","Kunai","Bronze Scales"],"campfire_rested":0,"item_purchase_floors":[4,4,21,39,55,155,155],"current_hp_per_floor":[77,61,66,66,66,63,69,69,69,67,79,79,85,85,85,38,85,85,85,85,85,85,85,45,45,45,64,64,70,82,92,92,73,92,92,92,92,92,92,92,92,92,92,92,92,92,92,92,92,92,92,92,92,92,92,92,92,92,92,92,92,92,92,95,76,76,95,95,95,98,98,98,98,83,89,95,95,98,98,98,98,98,98,98,98,98,98,91,97,101,101,101,101,101,101,101,101,101,101,101,101,101,101,101,101,101,101,101,101,101,101,101,101,101,101,101,101,101,101,101,101,101,101,101,101,74,74,74,74,80,86,86,101,101,101,101,101,101,101,101,101,101,101,101,101,101,103,105,119,121,121,80,123,123,123,124,80],"gold":1519,"neow_bonus":"HUNDRED_GOLD","is_daily":false,"chose_seed":false,"campfire_upgraded":15,"win_rate":0.0,"timestamp":1614028824,"path_taken":["M","?","?","$","?","E","M","R","T","E","M","$","E","$","R","BOSS","M","?","?","$","?","R","NM","?","T","E","R","E","?","E","R","BOSS","M","$","?","?","$","R","E","M","T","M","M","R","E","M","R","BOSS","M","?","?","$","?","R","E","M","T","R","M","M","M","?","R","BOSS","M","M","AVR","?","M","NM","M","M","T","E","M","R","E","M","R","BOSS","M","M","M","M","M","R","E","R","T","?","R","E","?","E","R","BOSS","M","M","?","?","M","E","R","E","T","?","M","E","M","M","R","BOSS","M","M","M","?","M","R","NM","?","T","?","M","E","?","M","R","BOSS","M","M","M","M","M","E","?","E","T","?","E","?","?","M","R","BOSS","T","T","E","BOSS"],"items_purchased_type":["Relic","Relic","Relic","Relic","Relic","Relic","Relic"],"build_version":"2020-12-22","purchased_purges":1,"victory":true,"max_hp_per_floor":[80,80,85,85,85,85,85,85,85,85,85,85,85,85,85,85,85,85,85,85,85,85,85,85,85,85,92,92,92,92,92,92,92,92,92,92,92,92,92,92,92,92,92,92,92,92,92,92,92,92,92,92,92,92,92,92,92,92,92,92,92,92,92,95,95,95,95,95,95,98,98,98,98,98,98,98,98,98,98,98,98,98,98,98,98,98,98,98,98,101,101,101,101,101,101,101,101,101,101,101,101,101,101,101,101,101,101,101,101,101,101,101,101,101,101,101,101,101,101,101,101,101,101,101,101,101,101,101,101,101,101,101,101,101,101,101,101,101,101,101,101,101,101,101,101,101,103,105,119,121,121,123,123,123,123,124,126],"card_choices":[{"not_picked":["True Grit","Pommel Strike"],"picked":"Cleave","floor":1.0},{"not_picked":["Dropkick","True Grit","Shockwave"],"picked":"SKIP","floor":6.0},{"not_picked":["Anger","True Grit"],"picked":"Heavy Blade","floor":7.0},{"not_picked":["Body Slam","Abandon","Spot Weakness"],"picked":"SKIP","floor":10.0},{"not_picked":["Juggernaut","Feel No Pain","Warcry"],"picked":"SKIP","floor":11.0},{"not_picked":["Battle Trance","Wild Strike","Second Wind"],"picked":"SKIP","floor":13.0},{"not_picked":["Sword Boomerang","ReplayTheSpireMod:Strike From Hell","Body Slam"],"picked":"SKIP","floor":18.0},{"not_picked":["Havoc","Cleave","Spot Weakness"],"picked":"SKIP","floor":24.0},{"not_picked":["ReplayTheSpireMod:Strike From Hell+1","Rampage","Clash"],"picked":"SKIP","floor":27.0},{"not_picked":["Burning Pact","Shockwave","Clothesline+1"],"picked":"SKIP","floor":29.0},{"not_picked":["Reckless Charge+1","Armaments+1","Twin Strike"],"picked":"SKIP","floor":30.0},{"not_picked":["Uppercut","Shockwave","Metallicize"],"picked":"SKIP","floor":31.0},{"not_picked":["Demonic Infusion","Replay:Many Hands"],"picked":"Limit Break","floor":33.0},{"not_picked":["Warcry+1","Hemokinesis","Blood for Blood"],"picked":"SKIP","floor":35.0},{"not_picked":["Run Through+1","Hemokinesis"],"picked":"Flex+1","floor":38.0},{"not_picked":["Wild Strike+1","Shrug It Off+1","Warcry+1"],"picked":"SKIP","floor":41.0},{"not_picked":["Body Slam","Sword Boomerang"],"picked":"Massacre+1","floor":42.0},{"not_picked":["Run Through+1","Dark Embrace+1","ReplayTheSpireMod:LeadingStrike+1"],"picked":"SKIP","floor":44.0},{"not_picked":["Shrug It Off","ReplayTheSpireMod:Strike From Hell","ReplayTheSpireMod:Stacked+1"],"picked":"SKIP","floor":45.0},{"not_picked":["Rupture+1","infinitespire:OneForAll+1","Twin Strike+1"],"picked":"SKIP","floor":47.0},{"not_picked":["True Grit","Reaper","Shrug It Off+1"],"picked":"SKIP","floor":48.0},{"not_picked":["True Grit","Clash","Combust"],"picked":"SKIP","floor":52},{"not_picked":["Fiend Fire","Havoc","Bludgeon"],"picked":"SKIP","floor":58},{"not_picked":["Havoc","Dark Embrace","Clothesline"],"picked":"SKIP","floor":59},{"not_picked":["Sentinel","Warcry","Thunderclap"],"picked":"SKIP","floor":62},{"not_picked":["Body Slam","Clothesline","Run Through"],"picked":"SKIP","floor":63},{"not_picked":["Clash","Eclipse","Replay:Undeath\u0027s Touch"],"picked":"SKIP","floor":64},{"not_picked":["Warcry","Clothesline+1","Havoc"],"picked":"SKIP","floor":69},{"not_picked":["Entrench","Heavy Blade","Demonic Infusion"],"picked":"SKIP","floor":70},{"not_picked":["Perfected Strike","Pummel","Flex"],"picked":"SKIP","floor":73},{"not_picked":["Anger+1","Clothesline","ReplayTheSpireMod:LeadingStrike+1"],"picked":"SKIP","floor":74},{"not_picked":["Thunderclap+1","Sword Boomerang","Hemokinesis+1"],"picked":"SKIP","floor":75},{"not_picked":["Perfected Strike","Replay:Undeath\u0027s Touch+1","Pommel Strike"],"picked":"SKIP","floor":76},{"not_picked":["Ghostly Armor","Body Slam","Sever Soul+1"],"picked":"SKIP","floor":78},{"not_picked":["Heavy Blade","Pummel","Clothesline"],"picked":"SKIP","floor":79},{"not_picked":["Heavy Blade","Pummel","Clothesline"],"picked":"SKIP","floor":79},{"not_picked":["Intimidate","conspire:Charge","Anger+1"],"picked":"SKIP","floor":81},{"not_picked":["Warcry","Replay:Undeath\u0027s Touch","Iron Wave"],"picked":"SKIP","floor":82},{"not_picked":["True Grit+1","Warcry","Headbutt+1"],"picked":"SKIP","floor":86},{"not_picked":["Wild Strike+1","Anger+1","Abandon+1"],"picked":"SKIP","floor":87},{"not_picked":["Dual Wield+1","Body Slam","ReplayTheSpireMod:LeadingStrike+1"],"picked":"SKIP","floor":88},{"not_picked":["Clash","Anger+1","Twin Strike"],"picked":"SKIP","floor":89},{"not_picked":["Battle Trance+1","Cleave","Bloodletting"],"picked":"SKIP","floor":90},{"not_picked":["Iron Wave+1","Offering","Heavy Blade"],"picked":"SKIP","floor":92},{"not_picked":["Rage","Havoc+1","Inflame"],"picked":"SKIP","floor":97},{"not_picked":["Intimidate","Rage","Anger"],"picked":"SKIP","floor":99},{"not_picked":["Replay:Undeath\u0027s Touch","Reckless Charge","Flex"],"picked":"SKIP","floor":103},{"not_picked":["ReplayTheSpireMod:Corrosion Curse","Run Through","ReplayTheSpireMod:Strike From Hell"],"picked":"SKIP","floor":104},{"not_picked":["Clothesline","Dark Embrace","Body Slam"],"picked":"SKIP","floor":107},{"not_picked":["Infernal Blade","Anger","Entrench"],"picked":"SKIP","floor":108},{"not_picked":["ReplayTheSpireMod:Strike From Hell","Headbutt","Impervious"],"picked":"SKIP","floor":110},{"not_picked":["Flex","True Grit","Rage"],"picked":"SKIP","floor":113},{"not_picked":["Searing Blow","Rampage","Heavy Blade"],"picked":"SKIP","floor":114},{"not_picked":["Sword Boomerang","Flex","Heavy Blade"],"picked":"SKIP","floor":115},{"not_picked":["Clothesline","Shrug It Off","Sword Boomerang"],"picked":"SKIP","floor":116},{"not_picked":["Sever Soul+1","Disarm","ReplayTheSpireMod:LeadingStrike"],"picked":"SKIP","floor":120},{"not_picked":["Inflame","Havoc","ReplayTheSpireMod:LeadingStrike"],"picked":"SKIP","floor":121},{"not_picked":["Clash","Headbutt+1","Warcry+1"],"picked":"SKIP","floor":122},{"not_picked":["Bloodletting","Cleave","conspire:HitWhereItHurts"],"picked":"SKIP","floor":124},{"not_picked":["ReplayTheSpireMod:Stacked","Headbutt","Anger"],"picked":"SKIP","floor":126},{"not_picked":["Combust","Power Through","True Grit"],"picked":"SKIP","floor":130},{"not_picked":["Warcry+1","Flex","Iron Wave"],"picked":"SKIP","floor":131},{"not_picked":["Immolate","Whirlwind","Defy Death"],"picked":"SKIP","floor":133},{"not_picked":["Demonic Infusion","Offering"],"picked":"Double Tap","floor":135},{"not_picked":["True Grit","Headbutt+1","Dropkick+1"],"picked":"SKIP","floor":137},{"not_picked":["Flame Barrier","Feel No Pain+1","Bloodletting"],"picked":"SKIP","floor":138},{"not_picked":["Flex","ReplayTheSpireMod:Strike From Hell+1","Headbutt+1"],"picked":"SKIP","floor":139},{"not_picked":["Wild Strike","Rage+1","Iron Wave"],"picked":"SKIP","floor":140},{"not_picked":["Havoc","Entrench+1","Shrug It Off"],"picked":"SKIP","floor":141},{"not_picked":["Warcry+1","ReplayTheSpireMod:Muscle Training","Metallicize+1"],"picked":"SKIP","floor":142},{"not_picked":["Bloodletting","Pommel Strike","Shrug It Off"],"picked":"SKIP","floor":144},{"not_picked":["Warcry","True Grit","Entrench"],"picked":"Singing Bowl","floor":147},{"not_picked":["ReplayTheSpireMod:LeadingStrike","Evolve","Clothesline+1"],"picked":"Singing Bowl","floor":148},{"not_picked":["Iron Wave","Replay:Undeath\u0027s Touch+1","Shrug It Off"],"picked":"Singing Bowl","floor":149},{"not_picked":["Twin Strike","Warcry","Run Through+1"],"picked":"Singing Bowl","floor":149},{"not_picked":["Iron Wave","Exhume","Cleave+1"],"picked":"Singing Bowl","floor":150},{"not_picked":["Replay:Many Hands","Immolate","Corruption"],"picked":"Singing Bowl","floor":152},{"not_picked":["Uppercut","Clothesline"],"picked":"ReplayTheSpireMod:Limb From Limb+1","floor":156},{"not_picked":["Barricade","Exhume","Brutality"],"picked":"Singing Bowl","floor":157}],"player_experience":242204,"relics_obtained":[{"floor":5.0,"key":"Onion Ring"},{"floor":6.0,"key":"Art of War"},{"floor":10.0,"key":"theSenshi:FeatherClipsRelic"},{"floor":13.0,"key":"Replay:Rubber Ducky"},{"floor":24.0,"key":"Whetstone"},{"floor":26.0,"key":"Matryoshka"},{"floor":27.0,"key":"Strawberry"},{"floor":29.0,"key":"Divine Protection"},{"floor":31.0,"key":"conspire:BottledYoYo"},{"floor":41.0,"key":"ReplayTheSpireMod:TigerMarble"},{"floor":43.0,"key":"Pantograph"},{"floor":43.0,"key":"Bottled Lightning"},{"floor":47.0,"key":"Old Coin"},{"floor":58,"key":"HornCleat"},{"floor":60,"key":"infinitespire:Eraser"},{"floor":60,"key":"Smiling Mask"},{"floor":74,"key":"Happy Flower"},{"floor":77,"key":"ReplayTheSpireMod:Spearhead"},{"floor":78,"key":"Centennial Puzzle"},{"floor":81,"key":"Garlic"},{"floor":92,"key":"Potion Belt"},{"floor":94,"key":"Juzu Bracelet"},{"floor":95,"key":"ReplayTheSpireMod:Ring of Exchange"},{"floor":95,"key":"Ring of Peace"},{"floor":97,"key":"Calipers"},{"floor":99,"key":"Pondfish Scales"},{"floor":100,"key":"Replay:Bottled Snecko"},{"floor":105,"key":"infinitespire:FocusingShard"},{"floor":106,"key":"ReplayFunnel"},{"floor":108,"key":"Lizard Tail"},{"floor":110,"key":"Paper Frog"},{"floor":111,"key":"Bottled Flame"},{"floor":114,"key":"Simple Rune"},{"floor":126,"key":"Boot"},{"floor":127,"key":"Chameleon Ring"},{"floor":128,"key":"Replay:WaspNest"},{"floor":131,"key":"MealTicket"},{"floor":142,"key":"conspire:TopHat"},{"floor":144,"key":"Gremlin Food"},{"floor":145,"key":"Mercury Hourglass"},{"floor":146,"key":"infinitespire:Lucky Rock"},{"floor":147,"key":"Singing Bowl"},{"floor":148,"key":"conspire:GlowingRock"},{"floor":149,"key":"Pear"},{"floor":156,"key":"conspire:Boomerang"}],"event_choices":[{"damage_healed":0.0,"max_hp_gain":0.0,"max_hp_loss":0.0,"gold_gain":0.0,"event_name":"Shining Light","player_choice":"Entered Light","floor":2.0,"gold_loss":0.0,"damage_taken":16.0,"cards_upgraded":["Defend_R","Strike_R"]},{"damage_healed":0.0,"max_hp_gain":0.0,"max_hp_loss":0.0,"gold_gain":0.0,"event_name":"The Library","player_choice":"Read","floor":19.0,"gold_loss":0.0,"damage_taken":0.0,"cards_obtained":["Heavy Blade"]},{"damage_healed":0.0,"max_hp_gain":0.0,"max_hp_loss":0.0,"gold_gain":0.0,"event_name":"Forgotten Altar","player_choice":"Smashed Altar","floor":22.0,"gold_loss":0.0,"damage_taken":0.0,"cards_obtained":["Decay"]},{"damage_healed":0.0,"max_hp_gain":0.0,"max_hp_loss":0.0,"gold_gain":0.0,"event_name":"Duplicator","player_choice":"Copied","floor":37.0,"gold_loss":0.0,"damage_taken":0.0,"cards_obtained":["Limit Break"]},{"damage_healed":0,"gold_gain":0,"player_choice":"Box","damage_taken":0,"relics_obtained":["theSenshi:SuperSailorFukuRelic"],"max_hp_gain":0,"max_hp_loss":0,"event_name":"Big Fish","floor":54,"gold_loss":0,"cards_obtained":["Regret"]},{"damage_healed":23,"gold_gain":0,"player_choice":"Healed and dodged fight","damage_taken":0,"max_hp_gain":0,"max_hp_loss":0,"event_name":"Mushrooms","floor":56,"gold_loss":0,"cards_obtained":["Parasite"]},{"damage_healed":0,"gold_gain":0,"player_choice":"Entered Light","damage_taken":19,"max_hp_gain":0,"max_hp_loss":0,"event_name":"Shining Light","floor":65,"gold_loss":0,"cards_upgraded":["Strike_R","Strike_R"]},{"damage_healed":0,"gold_gain":0,"player_choice":"Smashed Altar","damage_taken":0,"max_hp_gain":0,"max_hp_loss":0,"event_name":"Forgotten Altar","floor":72,"gold_loss":0,"cards_obtained":["Decay"]},{"cards_removed":["Regret"],"damage_healed":0,"gold_gain":0,"player_choice":"Purged","damage_taken":0,"max_hp_gain":0,"max_hp_loss":0,"event_name":"Purifier","floor":98,"gold_loss":0},{"cards_removed":["Decay"],"damage_healed":0,"gold_gain":0,"player_choice":"Purged","damage_taken":0,"max_hp_gain":0,"max_hp_loss":0,"event_name":"Purifier","floor":112,"gold_loss":0},{"damage_healed":33,"gold_gain":0,"player_choice":"Heal","damage_taken":0,"max_hp_gain":0,"max_hp_loss":0,"event_name":"The Library","floor":123,"gold_loss":0},{"damage_healed":0,"gold_gain":0,"player_choice":"Bet on Murderer","damage_taken":0,"max_hp_gain":0,"max_hp_loss":0,"event_name":"The Joust","floor":129,"gold_loss":50},{"damage_healed":0,"gold_gain":0,"player_choice":"Opened","damage_taken":0,"relics_obtained":["Grinning Jar"],"max_hp_gain":0,"max_hp_loss":0,"event_name":"The Mausoleum","floor":132,"gold_loss":0,"cards_obtained":["Writhe"]},{"damage_healed":0,"gold_gain":0,"player_choice":"Memory 1","damage_taken":0,"max_hp_gain":0,"max_hp_loss":0,"event_name":"SensoryStone","floor":143,"gold_loss":0},{"damage_healed":0,"gold_gain":0,"player_choice":"Fight","damage_taken":0,"max_hp_gain":0,"max_hp_loss":0,"event_name":"Mysterious Sphere","floor":148,"gold_loss":0}],"is_beta":false,"boss_relics":[{"not_picked":["Empty Cage","infinitespire:Cupcake"],"picked":"Coffee Dripper"},{"not_picked":["Kintsugi","Velvet Choker"],"picked":"conspire:SpecialSausage"},{"not_picked":["Pandora\u0027s Box","Honey Jar"],"picked":"SlaversCollar"},{"not_picked":["conspire:SeveredTorchhead","Replay:Ancient Bell"],"picked":"infinitespire:Burning Sword"},{"not_picked":["Replay:Grab Bag","Runic Pyramid"],"picked":"conspire:SlowCooker"},{"not_picked":["Kintsugi","Sling"],"picked":"Brimstone"},{"not_picked":["Velvet Choker","Cursed Key"],"picked":"Philosopher\u0027s Stone"},{"not_picked":["conspire:RoyalGoblet","SacredBark"],"picked":"Ooze Armor"},{"not_picked":["bronze:MakeshiftBattery","ReplayTheSpireMod:DimensionalGlitch"],"picked":"Painkiller Herb"}],"items_purged_floors":[25],"is_endless":true,"potions_floor_spawned":[7,11,24,31,35,42,50,64,67,73,75,76,78,82,88,89,97,101,103,108,110,113,116,121,122,126,135,137,138,139,148,157],"ascension_level":2}}