{"host":"98tf0o44tbkozlsr","time":1614012525,"event":{"mods":["BaseMod","Bestiary","Minty Spire (QoL Compilation)","Relic Stats","ojb\u0027s Info Mod"],"gold_per_floor":[113,130,55,55,75,103,103,132,132,132,132],"floor_reached":10,"language":"ENG","playtime":706,"items_purged":[],"score":152,"play_id":"be4f8403-67be-415e-847a-37611cca555d","local_time":"20210222084845","is_ascension_mode":true,"campfire_choices":[{"data":"Sever Soul","floor":7.0,"key":"SMITH"}],"circlet_count":0,"master_deck":["AscendersBane","Strike_R+1","Strike_R","Strike_R+1","Strike_R","Defend_R","Defend_R","Defend_R","Defend_R","Bash","CurseOfTheBell","Whirlwind","Infernal Blade","Inflame","Sever Soul+1","Pummel"],"relics":["Calling Bell","MealTicket","Letter Opener","Thread and Needle","Toxic Egg 2","Gambling Chip","CaptainsWheel"],"acts_visited":["Exordium"],"potions_floor_usage":[],"damage_taken":[{"damage":0.0,"enemies":"2 Louse","floor":1.0,"turns":3.0},{"damage":0.0,"enemies":"Jaw Worm","floor":2.0,"turns":5.0},{"damage":0.0,"enemies":"Small Slimes","floor":5.0,"turns":3.0},{"damage":3.0,"enemies":"3 Sentries","floor":6.0,"turns":3.0},{"damage":29.0,"enemies":"Gremlin Nob","floor":8.0,"turns":4.0},{"damage":16,"enemies":"Lagavulin","floor":10,"turns":4}],"seed_played":"4987678139918258249","potions_obtained":[{"floor":2.0,"key":"DistilledChaos"}],"is_trial":false,"path_per_floor":["M","M","?","?","M","E","R","E","T","E"],"character_chosen":"IRONCLAD","items_purchased":[],"campfire_rested":0,"item_purchase_floors":[],"current_hp_per_floor":[68,68,68,45,45,42,42,13,13,0,0],"gold":132,"neow_bonus":"BOSS_RELIC","is_daily":false,"chose_seed":false,"campfire_upgraded":1,"win_rate":0.0,"timestamp":1614012525,"path_taken":["M","M","?","?","M","E","R","E","T","E"],"items_purchased_type":[],"build_version":"2020-12-22","purchased_purges":0,"victory":false,"max_hp_per_floor":[75,75,75,75,75,75,75,75,75,75,75],"relic_stats":{"counters":[6,22],"Gambling Chip":[4],"MealTicket":0,"Letter Opener":[0],"obtain_stats":[{"Calling Bell":0,"CaptainsWheel":9,"Gambling Chip":8,"MealTicket":0,"Thread and Needle":0,"Letter Opener":0,"Toxic Egg 2":6,"Burning Blood":0},{"Calling Bell":0,"CaptainsWheel":5,"Gambling Chip":5,"MealTicket":0,"Thread and Needle":0,"Letter Opener":0,"Toxic Egg 2":4,"Burning Blood":0},{"Calling Bell":0,"CaptainsWheel":18,"Gambling Chip":18,"MealTicket":0,"Thread and Needle":0,"Letter Opener":0,"Toxic Egg 2":14,"Burning Blood":0}]},"card_choices":[{"not_picked":["Clash","Flex"],"picked":"Whirlwind","floor":1.0},{"not_picked":["Thunderclap","Whirlwind"],"picked":"Infernal Blade","floor":2.0},{"not_picked":["Armaments","Heavy Blade"],"picked":"Inflame","floor":5.0},{"not_picked":["Juggernaut","Whirlwind"],"picked":"Sever Soul","floor":6.0},{"not_picked":["Heavy Blade","Perfected Strike"],"picked":"Pummel","floor":8.0}],"player_experience":962354,"relics_obtained":[{"floor":0.0,"key":"MealTicket"},{"floor":0.0,"key":"Letter Opener"},{"floor":0.0,"key":"Thread and Needle"},{"floor":6.0,"key":"Toxic Egg 2"},{"floor":8.0,"key":"Gambling Chip"},{"floor":9.0,"key":"CaptainsWheel"}],"event_choices":[{"cards_removed":["Strike_R"],"damage_healed":0.0,"max_hp_gain":0.0,"max_hp_loss":0.0,"gold_gain":0.0,"event_name":"The Cleric","player_choice":"Card Removal","floor":3.0,"gold_loss":75.0,"damage_taken":0.0},{"damage_healed":0.0,"max_hp_gain":0.0,"max_hp_loss":0.0,"gold_gain":0.0,"event_name":"Shining Light","player_choice":"Entered Light","floor":4.0,"gold_loss":0.0,"damage_taken":23.0,"cards_upgraded":["Strike_R","Strike_R"]}],"is_beta":false,"boss_relics":[],"items_purged_floors":[],"is_endless":false,"potions_floor_spawned":[2],"killed_by":"Lagavulin","ascension_level":20}}