{"host":"w14xfy17z3c5mpoi","time":1614028903,"event":{"mods":["AchievementEnabler","BaseMod","Minty Spire (QoL Compilation)","Relic Stats"],"gold_per_floor":[110,123,142,154,167,167,185,185,185,214,214,214,228,239,239,316,316,335,355,370,85,105,105,105],"floor_reached":23,"language":"ENG","playtime":3350,"items_purged":["Strike_G"],"score":381,"play_id":"9eaf46f8-438f-435d-9241-1517194967ba","local_time":"20210222162143","is_ascension_mode":true,"campfire_choices":[{"data":"Blade Dance","floor":6,"key":"SMITH"},{"data":"Night Terror","floor":8,"key":"SMITH"},{"data":"Cloak And Dagger","floor":11,"key":"SMITH"},{"data":"Blade Dance","floor":15,"key":"SMITH"}],"circlet_count":0,"master_deck":["AscendersBane","Strike_G","Strike_G","Strike_G","Strike_G","Defend_G","Defend_G","Defend_G","Defend_G","Defend_G","Survivor","Neutralize","Blade Dance+1","Eviscerate","Accuracy","Blade Dance+1","Cloak And Dagger+1","Night Terror+1","Footwork","Backflip","Distraction","Blade Dance+1","Burst","Accuracy"],"relics":["Ring of the Snake","Bag of Marbles","Thread and Needle","Nunchaku","InkBottle","Philosopher\u0027s Stone"],"acts_visited":["Exordium","TheCity"],"potions_floor_usage":[7,10,16,18,23],"damage_taken":[{"damage":4,"enemies":"Jaw Worm","floor":1,"turns":4},{"damage":3,"enemies":"2 Louse","floor":2,"turns":2},{"damage":0,"enemies":"Small Slimes","floor":3,"turns":2},{"damage":6,"enemies":"2 Fungi Beasts","floor":4,"turns":4},{"damage":0,"enemies":"Looter","floor":5,"turns":2},{"damage":5,"enemies":"Exordium Wildlife","floor":7,"turns":4},{"damage":0,"enemies":"3 Sentries","floor":10,"turns":6},{"damage":8,"enemies":"Large Slime","floor":13,"turns":4},{"damage":2,"enemies":"Blue Slaver","floor":14,"turns":3},{"damage":2,"enemies":"Hexaghost","floor":16,"turns":6},{"damage":0,"enemies":"2 Thieves","floor":18,"turns":2},{"damage":4,"enemies":"Spheric Guardian","floor":19,"turns":4},{"damage":4,"enemies":"Centurion and Healer","floor":20,"turns":7},{"damage":14,"enemies":"Snake Plant","floor":22,"turns":6},{"damage":38,"enemies":"Book of Stabbing","floor":23,"turns":3}],"seed_played":"-2071206578361706336","potions_obtained":[{"floor":3,"key":"Dexterity Potion"},{"floor":4,"key":"Energy Potion"},{"floor":7,"key":"LiquidBronze"},{"floor":10,"key":"Ancient Potion"},{"floor":16,"key":"SteroidPotion"}],"is_trial":false,"path_per_floor":["M","M","M","M","M","R","M","R","T","E","R","?","M","M","R","B",null,"M","M","M","$","M","E"],"character_chosen":"THE_SILENT","items_purchased":["Burst","AttackPotion"],"campfire_rested":0,"item_purchase_floors":[21,21],"current_hp_per_floor":[55,52,52,46,46,46,41,41,41,41,41,29,21,19,19,17,54,54,50,46,46,32,0,0],"gold":105,"neow_bonus":"RANDOM_COMMON_RELIC","is_daily":false,"chose_seed":false,"campfire_upgraded":4,"win_rate":0.0,"timestamp":1614028903,"path_taken":["M","M","M","M","M","R","M","R","T","E","R","?","M","M","R","BOSS","M","M","M","$","M","E"],"items_purchased_type":["Card","Potion"],"build_version":"2020-12-22","purchased_purges":1,"victory":false,"max_hp_per_floor":[66,66,66,66,66,66,66,66,66,66,66,66,66,66,66,66,66,66,66,66,66,66,66,66],"relic_stats":{"Nunchaku":[14],"counters":[15,59],"obtain_stats":[{"Nunchaku":10,"Thread and Needle":9,"Philosopher\u0027s Stone":17,"Bag of Marbles":0,"InkBottle":12,"Ring of the Snake":0},{"Nunchaku":7,"Thread and Needle":6,"Philosopher\u0027s Stone":10,"Bag of Marbles":0,"InkBottle":7,"Ring of the Snake":0},{"Nunchaku":24,"Thread and Needle":18,"Philosopher\u0027s Stone":37,"Bag of Marbles":0,"InkBottle":24,"Ring of the Snake":0}],"InkBottle":[23],"Ring of the Snake":[30]},"card_choices":[{"not_picked":["Escape Plan","Infinite Blades"],"picked":"Blade Dance","floor":1},{"not_picked":["Flying Knee","Slice"],"picked":"Eviscerate","floor":2},{"not_picked":["Bane","Deadly Poison"],"picked":"Accuracy","floor":3},{"not_picked":["Bane","Leg Sweep"],"picked":"Blade Dance","floor":4},{"not_picked":["Prepared","Expertise"],"picked":"Cloak And Dagger","floor":5},{"not_picked":["Underhanded Strike","Deadly Poison"],"picked":"Night Terror","floor":7},{"not_picked":["Predator","Dagger Throw"],"picked":"Footwork","floor":10},{"not_picked":["Bane","Bouncing Flask"],"picked":"Backflip","floor":13},{"not_picked":["Reflex","Backflip","Setup"],"picked":"SKIP","floor":14},{"not_picked":["Distraction","Concentrate","Setup"],"picked":"SKIP","floor":18},{"not_picked":["Poisoned Stab","Catalyst"],"picked":"Distraction","floor":19},{"not_picked":["Quick Slash","Dodge and Roll+1"],"picked":"Blade Dance+1","floor":20},{"not_picked":["Deadly Poison","Quick Slash"],"picked":"Accuracy","floor":22}],"player_experience":778621,"relics_obtained":[{"floor":9,"key":"Thread and Needle"},{"floor":10,"key":"Nunchaku"}],"event_choices":[{"damage_healed":0,"gold_gain":0,"player_choice":"Success","damage_taken":12,"relics_obtained":["InkBottle"],"max_hp_gain":0,"max_hp_loss":0,"event_name":"Scrap Ooze","floor":12,"gold_loss":0}],"is_beta":false,"boss_relics":[{"not_picked":["Tiny House","SlaversCollar"],"picked":"Philosopher\u0027s Stone"}],"items_purged_floors":[21],"is_endless":false,"potions_floor_spawned":[3,4,7,10,16],"killed_by":"Book of Stabbing","ascension_level":14}}