{"host":"lktusdb9orijgc6z","time":1614034703,"event":{"mods":["BaseMod","Bestiary","Colored Map","Colored Powertips","Filter the Spire","Minty Spire (QoL Compilation)","Permanent Neow","Quick Restart","Relic Stats","StSLib","everything is the same but u backflip on backflip","slay the spire mod where everything is the same but ironclad has a cowboy hat"],"gold_per_floor":[114,131,154,173,187,213,224,224,224,224,253,213,240,14,14,86,86,101,112,112,112,129,129,9,36,85,117,117,148,159,177,177,255,255,273,273,273,319,338,338,353,353,353,353,387,404,432,0,0,0,0],"floor_reached":52,"language":"ENG","playtime":3510,"items_purged":[],"score":2151,"play_id":"bfcb9641-b39a-46d3-ad40-66f4c6762423","local_time":"20210222235823","is_ascension_mode":true,"campfire_choices":[{"data":"Bane","floor":8.0,"key":"SMITH"},{"data":"Deadly Poison","floor":10.0,"key":"SMITH"},{"data":"Doppelganger","floor":15.0,"key":"SMITH"},{"data":"Catalyst","floor":23.0,"key":"SMITH"},{"data":"Catalyst","floor":32.0,"key":"SMITH"},{"data":"Blade Dance","floor":40.0,"key":"SMITH"},{"data":"Cloak And Dagger","floor":42.0,"key":"SMITH"},{"data":"Blade Dance","floor":44.0,"key":"SMITH"},{"data":"Acrobatics","floor":49,"key":"SMITH"}],"circlet_count":0,"master_deck":["AscendersBane","Survivor","Neutralize","Dodge and Roll","Blur","PiercingWail","Deadly Poison+1","Endless Agony","Reflex","After Image","Bullet Time","Outmaneuver","Doppelganger+1","Bane+1","Catalyst+1","Masterful Stab","Footwork","Envenom","Acrobatics+1","Leg Sweep","Catalyst+1","After Image","Crippling Poison","Cloak And Dagger+1","Tactician","Tactician","Footwork","Backflip","Writhe","Envenom","Cloak And Dagger+1","Acrobatics","After Image","CurseOfTheBell","Backflip","Writhe","Blade Dance+1","Dagger Spray+1","Blade Dance+1","Pain","Dagger Throw"],"relics":["Pandora\u0027s Box","Centennial Puzzle","MealTicket","Art of War","Bag of Preparation","Bottled Lightning","OrangePellets","Cursed Key","FaceOfCleric","Kunai","Nunchaku","Regal Pillow","MutagenicStrength","Eternal Feather","Calling Bell","Akabeko","Darkstone Periapt","Unceasing Top","StoneCalendar","PreservedInsect","Oddly Smooth Stone","Meat on the Bone","Red Mask"],"acts_visited":["Exordium","TheCity","TheBeyond"],"potions_floor_usage":[51],"damage_taken":[{"damage":0.0,"enemies":"Cultist","floor":1.0,"turns":5.0},{"damage":2.0,"enemies":"Small Slimes","floor":2.0,"turns":5.0},{"damage":1.0,"enemies":"Jaw Worm","floor":4.0,"turns":4.0},{"damage":6.0,"enemies":"Looter","floor":5.0,"turns":3.0},{"damage":30.0,"enemies":"3 Sentries","floor":6.0,"turns":13.0},{"damage":0.0,"enemies":"2 Fungi Beasts","floor":7.0,"turns":4.0},{"damage":11.0,"enemies":"Gremlin Nob","floor":11.0,"turns":3.0},{"damage":4.0,"enemies":"3 Sentries","floor":13.0,"turns":10.0},{"damage":1.0,"enemies":"Slime Boss","floor":16.0,"turns":5.0},{"damage":0.0,"enemies":"3 Byrds","floor":18.0,"turns":5.0},{"damage":4.0,"enemies":"Shell Parasite","floor":19.0,"turns":3.0},{"damage":0.0,"enemies":"Snecko","floor":22.0,"turns":5.0},{"damage":26.0,"enemies":"Gremlin Leader","floor":25.0,"turns":11.0},{"damage":18.0,"enemies":"Book of Stabbing","floor":27.0,"turns":6.0},{"damage":7.0,"enemies":"Gremlin Leader","floor":29.0,"turns":7.0},{"damage":4.0,"enemies":"Centurion and Healer","floor":30.0,"turns":4.0},{"damage":0.0,"enemies":"Snake Plant","floor":31.0,"turns":3.0},{"damage":7.0,"enemies":"Champ","floor":33.0,"turns":7.0},{"damage":0.0,"enemies":"Orb Walker","floor":35.0,"turns":5.0},{"damage":18.0,"enemies":"2 Orb Walkers","floor":38.0,"turns":6.0},{"damage":8.0,"enemies":"3 Darklings","floor":39.0,"turns":7.0},{"damage":6.0,"enemies":"Sphere and 2 Shapes","floor":41.0,"turns":5.0},{"damage":22.0,"enemies":"Nemesis","floor":45.0,"turns":5.0},{"damage":0,"enemies":"Transient","floor":46,"turns":6},{"damage":4,"enemies":"Giant Head","floor":47,"turns":6},{"damage":29,"enemies":"Awakened One","floor":50,"turns":11},{"damage":48,"enemies":"Donu and Deca","floor":51,"turns":14}],"seed_played":"4041510344678171526","potions_obtained":[{"floor":2.0,"key":"Fire Potion"},{"floor":4.0,"key":"Poison Potion"},{"floor":6.0,"key":"Energy Potion"},{"floor":11.0,"key":"Weak Potion"},{"floor":12.0,"key":"CultistPotion"},{"floor":16.0,"key":"Block Potion"},{"floor":22.0,"key":"Dexterity Potion"},{"floor":29.0,"key":"SpeedPotion"},{"floor":30.0,"key":"Swift Potion"},{"floor":31.0,"key":"FairyPotion"},{"floor":38.0,"key":"ColorlessPotion"}],"is_trial":false,"path_per_floor":["M","M","T","M","M","E","M","R","T","R","E","?","E","$","R","B",null,"M","M","T","?","M","R","$","E","T","E","?","E","M","M","R","B",null,"M","?","?","?","M","R","M","R","T","R","E","M","E","?","R","B","B",null],"character_chosen":"THE_SILENT","items_purchased":["OrangePellets","Underhanded Strike","Tactician","Footwork"],"campfire_rested":0,"item_purchase_floors":[14,14,24,24],"current_hp_per_floor":[59,57,57,56,50,20,20,20,20,20,9,9,5,20,20,19,54,54,50,50,50,51,51,66,41,41,24,24,18,15,16,34,28,62,63,80,80,63,56,77,72,83,89,89,68,69,66,66,90,62,27],"gold":0,"neow_bonus":"BOSS_RELIC","is_daily":false,"chose_seed":false,"campfire_upgraded":9,"win_rate":0.0,"timestamp":1614034703,"path_taken":["M","M","?","M","M","E","M","R","T","R","E","?","E","$","R","BOSS","M","M","?","?","?","R","$","E","T","E","?","E","M","M","R","BOSS","M","?","?","?","?","R","?","R","T","R","E","M","E","?","R","BOSS","BOSS"],"items_purchased_type":["Relic","Card","Card","Card"],"build_version":"2020-12-22","purchased_purges":0,"victory":true,"max_hp_per_floor":[66,66,66,66,66,66,66,66,66,66,66,66,66,66,66,66,66,66,66,66,66,67,67,67,68,68,69,69,70,71,72,72,73,73,74,80,80,81,82,82,83,83,89,89,90,91,92,92,92,93,94],"relic_stats":{"Darkstone Periapt":12,"Regal Pillow":0,"counters":[27,168],"Eternal Feather":74,"StoneCalendar":[184],"PreservedInsect":180,"Bag of Preparation":[43],"Cursed Key":2,"OrangePellets":[24],"Centennial Puzzle":[59],"Nunchaku":[24],"FaceOfCleric":16,"Pandora\u0027s Box":["Dodge and Roll","Blur","PiercingWail","Deadly Poison","Endless Agony","Reflex","After Image","Bullet Time","Outmaneuver","Doppelganger"],"MealTicket":30,"Art of War":[30],"Kunai":[58],"obtain_stats":[{"Darkstone Periapt":34,"Regal Pillow":27,"Oddly Smooth Stone":45,"Eternal Feather":29,"StoneCalendar":38,"PreservedInsect":43,"Bag of Preparation":11,"Cursed Key":17,"Akabeko":34,"Calling Bell":34,"OrangePellets":14,"Centennial Puzzle":3,"Nunchaku":26,"FaceOfCleric":21,"MutagenicStrength":28,"Pandora\u0027s Box":0,"MealTicket":6,"Art of War":9,"Red Mask":48,"Bottled Lightning":13,"Kunai":25,"Unceasing Top":34,"Ring of the Snake":0,"Meat on the Bone":47},{"Darkstone Periapt":18,"Regal Pillow":14,"Oddly Smooth Stone":23,"Eternal Feather":15,"StoneCalendar":20,"PreservedInsect":22,"Bag of Preparation":7,"Cursed Key":9,"Akabeko":18,"Calling Bell":18,"OrangePellets":8,"Centennial Puzzle":2,"Nunchaku":13,"FaceOfCleric":11,"MutagenicStrength":14,"Pandora\u0027s Box":0,"MealTicket":5,"Art of War":6,"Red Mask":25,"Bottled Lightning":8,"Kunai":13,"Unceasing Top":18,"Ring of the Snake":0,"Meat on the Bone":25},{"Darkstone Periapt":103,"Regal Pillow":82,"Oddly Smooth Stone":131,"Eternal Feather":89,"StoneCalendar":114,"PreservedInsect":126,"Bag of Preparation":37,"Cursed Key":52,"Akabeko":103,"Calling Bell":103,"OrangePellets":47,"Centennial Puzzle":10,"Nunchaku":76,"FaceOfCleric":60,"MutagenicStrength":82,"Pandora\u0027s Box":0,"MealTicket":30,"Art of War":34,"Red Mask":143,"Bottled Lightning":47,"Kunai":76,"Unceasing Top":103,"Ring of the Snake":0,"Meat on the Bone":143}],"Unceasing Top":[5],"Meat on the Bone":12},"card_choices":[{"not_picked":["Flechettes","Acrobatics"],"picked":"Bane","floor":1.0},{"not_picked":["Escape Plan","Poisoned Stab"],"picked":"Catalyst","floor":2.0},{"not_picked":["Slice","Outmaneuver"],"picked":"Masterful Stab","floor":4.0},{"not_picked":["Choke","Blur"],"picked":"Footwork","floor":5.0},{"not_picked":["Tactician","Backflip"],"picked":"Envenom","floor":6.0},{"not_picked":["Finisher","Deflect"],"picked":"Acrobatics","floor":7.0},{"not_picked":["Dagger Throw","Heel Hook"],"picked":"Leg Sweep","floor":11.0},{"not_picked":["Endless Agony","Acrobatics"],"picked":"Catalyst","floor":13.0},{"not_picked":["Bullet Time","Doppelganger"],"picked":"After Image","floor":16.0},{"not_picked":["Quick Slash","Calculated Gamble"],"picked":"Crippling Poison","floor":18.0},{"not_picked":["Slice","Reflex"],"picked":"Cloak And Dagger","floor":19.0},{"not_picked":["Poisoned Stab","All Out Attack"],"picked":"Tactician","floor":22.0},{"not_picked":["Slice","Finisher"],"picked":"Backflip","floor":25.0},{"not_picked":["Slice","Deadly Poison"],"picked":"Envenom","floor":27.0},{"not_picked":["Poisoned Stab","Doppelganger"],"picked":"Cloak And Dagger+1","floor":29.0},{"not_picked":["Concentrate","Underhanded Strike"],"picked":"Acrobatics","floor":30.0},{"not_picked":["Dash","Accuracy","Poisoned Stab"],"picked":"SKIP","floor":31.0},{"not_picked":["Die Die Die","Phantasmal Killer"],"picked":"After Image","floor":33.0},{"not_picked":["Infinite Blades","Underhanded Strike"],"picked":"Backflip","floor":35.0},{"not_picked":["Flying Knee","Outmaneuver"],"picked":"Blade Dance","floor":38.0},{"not_picked":["Backflip","Phantasmal Killer"],"picked":"Dagger Spray+1","floor":39.0},{"not_picked":["Acrobatics","Finisher"],"picked":"Blade Dance","floor":41.0},{"not_picked":["Predator","Terror","Choke"],"picked":"SKIP","floor":45.0},{"not_picked":["Predator","Terror","Choke"],"picked":"SKIP","floor":45.0},{"not_picked":["Dagger Spray+1","Quick Slash","Flying Knee+1"],"picked":"SKIP","floor":46},{"not_picked":["Deflect","Finisher"],"picked":"Dagger Throw","floor":47}],"player_experience":809045,"relics_obtained":[{"floor":3.0,"key":"Centennial Puzzle"},{"floor":6.0,"key":"MealTicket"},{"floor":9.0,"key":"Art of War"},{"floor":11.0,"key":"Bag of Preparation"},{"floor":13.0,"key":"Bottled Lightning"},{"floor":25.0,"key":"Kunai"},{"floor":26.0,"key":"Nunchaku"},{"floor":27.0,"key":"Regal Pillow"},{"floor":29.0,"key":"Eternal Feather"},{"floor":34.0,"key":"Akabeko"},{"floor":34.0,"key":"Darkstone Periapt"},{"floor":34.0,"key":"Unceasing Top"},{"floor":38.0,"key":"StoneCalendar"},{"floor":43.0,"key":"PreservedInsect"},{"floor":45.0,"key":"Oddly Smooth Stone"},{"floor":47,"key":"Meat on the Bone"}],"event_choices":[{"damage_healed":0.0,"max_hp_gain":0.0,"max_hp_loss":0.0,"gold_gain":0.0,"event_name":"The Woman in Blue","player_choice":"Bought 3 Potions","floor":12.0,"gold_loss":0.0,"damage_taken":0.0},{"damage_healed":0.0,"max_hp_gain":0.0,"max_hp_loss":0.0,"gold_gain":0.0,"event_name":"FaceTrader","player_choice":"Trade","floor":21.0,"gold_loss":0.0,"damage_taken":0.0,"relics_obtained":["FaceOfCleric"]},{"damage_healed":0.0,"max_hp_gain":0.0,"max_hp_loss":0.0,"gold_gain":0.0,"event_name":"Drug Dealer","player_choice":"Inject Mutagens","floor":28.0,"gold_loss":0.0,"damage_taken":0.0,"relics_obtained":["MutagenicStrength"]},{"damage_healed":15.0,"max_hp_gain":0.0,"max_hp_loss":0.0,"gold_gain":0.0,"event_name":"Winding Halls","player_choice":"Writhe","floor":36.0,"gold_loss":0.0,"damage_taken":0.0,"cards_obtained":["Writhe"]},{"cards_removed":["Underhanded Strike"],"damage_healed":0.0,"max_hp_gain":0.0,"max_hp_loss":0.0,"gold_gain":0.0,"event_name":"Falling","player_choice":"Removed Attack","floor":37.0,"gold_loss":0.0,"damage_taken":0.0},{"damage_healed":0.0,"max_hp_gain":0.0,"max_hp_loss":0.0,"gold_gain":0.0,"event_name":"Mysterious Sphere","player_choice":"Fight","floor":38.0,"gold_loss":0.0,"damage_taken":0.0},{"damage_healed":0,"gold_gain":0,"player_choice":"Paid","damage_taken":0,"relics_obtained":["Red Mask"],"max_hp_gain":0,"max_hp_loss":0,"event_name":"Tomb of Lord Red Mask","floor":48,"gold_loss":432}],"is_beta":false,"boss_relics":[{"not_picked":["Runic Dome","Velvet Choker"],"picked":"Cursed Key"},{"not_picked":["Busted Crown","Astrolabe"],"picked":"Calling Bell"}],"items_purged_floors":[],"is_endless":false,"potions_floor_spawned":[2,4,6,11,16,22,29,30,31,38,45,47],"ascension_level":20}}