{"host":"3i0tc1zs9k2bo7un","time":1614007659,"event":{"mods":["Act Like it!","Aspiration","BaseMod","Gensokyo","Minty Spire (QoL Compilation)","MostiFishMod","Quick Restart","Reliquary","Replay The Spire","StSLib","TestMod","Wide Potions","【遗物卡牌】REMEMod"],"gold_per_floor":[17,17,32,43,43,72,87,112,137,150,165,196,224,149,149,228,228,244,144,144,159,559,588,588,619,619,272,312,324,17,48,48,320,320,340,356,306,306,306,331,359,309,332,357,357,357,373,67,67,67,67,67,67,17,42,42],"floor_reached":57,"language":"ZHS","playtime":1829,"items_purged":["Strike_R","Strike_R","Bash","Defend_R","ReplayTheSpireMod:Necrosis"],"score":3699,"play_id":"493c684d-0392-4e50-b711-521e1dfe47f2","local_time":"20210222232739","is_ascension_mode":true,"campfire_choices":[{"data":"Offering","floor":15.0,"key":"SMITH"},{"data":"Second Wind","floor":24.0,"key":"SMITH"},{"data":"Barricade","floor":29.0,"key":"SMITH"},{"data":"Shockwave","floor":32.0,"key":"SMITH"},{"floor":46.0,"key":"RECALL"},{"data":"MostiFishMod:SpreadingSpore","floor":49.0,"key":"SMITH"},{"data":"Demonic Infusion","floor":53.0,"key":"SMITH"}],"circlet_count":0,"master_deck":["AscendersBane","Shockwave+1","Whirlwind+1","Offering+1","Second Wind+1","Exhume","Grand Finale","Barricade+1","Blasphemy","Battle Trance+1","Demonic Infusion+1","Tactician","MostiFishMod:SpreadingSpore+1","Malaise"],"relics":["Burning Blood","testmod-TestBox","REME_ComplimentaryCards","testmod-OneHitWonder","BirthdayGift-Icosahedron","testmod-Maize","SynthV:TestCard","Gensokyo:PortableGap","reliquary:PartyBalloon","Mercury Hourglass","Orichalcum","Shuriken","Philosopher\u0027s Stone","Akabeko","Turnip","MawBank","Medical Kit","PrismaticShard","testmod-IndustrialRevolution","aspiration:HatOfInfinitePower","Smiling Mask","Sundial","testmod-CardMagician","testmod-ArcanaOfDestiny","reliquary:TuningFork","Art of War","reliquary:PrincelyHelmet","BirthdayGift-Tetrahedron","TheAbacus","Oddly Smooth Stone"],"acts_visited":["Gensokyo:Gensokyo","Gensokyo:Gensokyoer","Gensokyo:Gensokyoest","TheEnding"],"potions_floor_usage":[56],"damage_taken":[{"damage":2.0,"enemies":"Gensokyo:2_Kodama","floor":1.0,"turns":1.0},{"damage":0.0,"enemies":"Gensokyo:Gryphon","floor":3.0,"turns":1.0},{"damage":0.0,"enemies":"Gensokyo:Python","floor":4.0,"turns":2.0},{"damage":0.0,"enemies":"Gensokyo:Cirno","floor":6.0,"turns":4.0},{"damage":18.0,"enemies":"Gensokyo:CorruptedTreant","floor":7.0,"turns":1.0},{"damage":0.0,"enemies":"Gensokyo:Mamizou","floor":8.0,"turns":6.0},{"damage":0.0,"enemies":"Gensokyo:2_Rabbits","floor":10.0,"turns":1.0},{"damage":0.0,"enemies":"Gensokyo:Gryphon_and_Rabbit","floor":11.0,"turns":1.0},{"damage":6.0,"enemies":"Gensokyo:Cirno","floor":12.0,"turns":4.0},{"damage":6.0,"enemies":"Gensokyo:Mamizou","floor":13.0,"turns":3.0},{"damage":6.0,"enemies":"Gensokyo:Reimu","floor":16.0,"turns":3.0},{"damage":0.0,"enemies":"Gensokyo:AngelMirror","floor":18.0,"turns":1.0},{"damage":0.0,"enemies":"Gensokyo:3_Dogs","floor":21.0,"turns":2.0},{"damage":11.0,"enemies":"Gensokyo:Tenshi","floor":23.0,"turns":2.0},{"damage":6.0,"enemies":"Gensokyo:Koishi","floor":25.0,"turns":2.0},{"damage":18.0,"enemies":"Gensokyo:Reisen","floor":28.0,"turns":3.0},{"damage":17.0,"enemies":"Gensokyo:Tenshi","floor":31.0,"turns":4.0},{"damage":0.0,"enemies":"Gensokyo:Eternal_Rivals","floor":33.0,"turns":4.0},{"damage":0.0,"enemies":"Gensokyo:AncientGuardian","floor":35.0,"turns":2.0},{"damage":6.0,"enemies":"Gensokyo:3_Bats","floor":36.0,"turns":1.0},{"damage":0.0,"enemies":"Gensokyo:Kasen","floor":40.0,"turns":2.0},{"damage":0.0,"enemies":"Gensokyo:Doremy","floor":41.0,"turns":2.0},{"damage":6.0,"enemies":"Gensokyo:Kasen","floor":44.0,"turns":1.0},{"damage":0.0,"enemies":"Gensokyo:3_Boulders","floor":47.0,"turns":1.0},{"damage":13.0,"enemies":"Gensokyo:Scarlet_Devils","floor":50.0,"turns":2.0},{"damage":4.0,"enemies":"Gensokyo:Shinki","floor":51.0,"turns":3.0},{"damage":0.0,"enemies":"Shield and Spear","floor":55.0,"turns":1.0},{"damage":22,"enemies":"The Heart","floor":56,"turns":5}],"seed_played":"-8987924284902724362","potions_obtained":[{"floor":1.0,"key":"Milkshake"},{"floor":7.0,"key":"Adrenaline Potion"},{"floor":16.0,"key":"REME_GoldPotion"},{"floor":21.0,"key":"PowerPotion"}],"is_trial":false,"path_per_floor":["M","?","M","M","?","E","M","E","T","M","M","E","E","$","R","B",null,"M","$","?","M","?","E","R","E","T","COS","E","R","$","E","R","B",null,"M","M","$","?","?","E","E","$","T","E","?","R","M","COS","R","B","B",null,"R","$","E","B",null],"character_chosen":"IRONCLAD","items_purchased":["aspiration:HatOfInfinitePower"],"campfire_rested":0,"item_purchase_floors":[30],"current_hp_per_floor":[73,73,75,75,64,64,53,60,60,64,64,61,61,61,61,61,61,61,61,61,61,61,57,57,58,58,58,47,47,47,37,37,44,57,61,61,58,55,52,49,46,46,43,40,37,34,31,31,31,25,31,31,31,31,31,16],"gold":42,"neow_bonus":"ONE_RARE_RELIC","is_daily":false,"chose_seed":false,"campfire_upgraded":6,"win_rate":0.0,"timestamp":1614007659,"path_taken":["M","?","M","M","?","E","M","E","T","M","M","E","E","$","R","BOSS","M","$","?","?","?","E","R","E","T","COS","E","R","$","E","R","BOSS","M","?","$","?","?","E","E","$","T","E","?","R","?","COS","R","BOSS","BOSS","R","$","E","BOSS"],"items_purchased_type":["Relic"],"build_version":"2020-12-22","purchased_purges":5,"victory":true,"max_hp_per_floor":[75,75,75,75,64,64,64,64,64,64,64,61,61,61,61,61,61,61,61,61,61,61,61,61,61,61,61,61,61,61,61,61,61,61,61,61,58,55,52,49,46,46,43,40,37,34,31,31,31,31,31,31,31,31,31,31],"card_choices":[{"not_picked":["Flex","Defy Death","Dual Wield"],"picked":"SKIP","floor":1.0},{"not_picked":["ReplayTheSpireMod:Strike From Hell","Pommel Strike","Rage","Pummel","Iron Wave"],"picked":"SKIP","floor":3.0},{"not_picked":["Replay:Undeath\u0027s Touch","Cleave","Sever Soul","Dark Embrace","Infernal Blade"],"picked":"SKIP","floor":4.0},{"not_picked":["Rage","Anger","Power Through","Shockwave"],"picked":"Offering","floor":6.0},{"not_picked":["Heavy Blade","Clash","Uppercut","Flex","Whirlwind"],"picked":"SKIP","floor":7.0},{"not_picked":["Shrug It Off","MostiFishMod:WingOfPhoenix","Iron Wave","Run Through","ReplayTheSpireMod:Corrosion Curse"],"picked":"SKIP","floor":8.0},{"not_picked":["Body Slam","MostiFishMod:BrandingRite","Replay:Undeath\u0027s Touch","Dual Wield","Anger"],"picked":"SKIP","floor":10.0},{"not_picked":["Seeing Red","Second Wind","Blood for Blood","MostiFishMod:OrdinaryWorld","Twin Strike"],"picked":"SKIP","floor":11.0},{"not_picked":["Seeing Red","Blood for Blood","MostiFishMod:OrdinaryWorld","Twin Strike"],"picked":"Second Wind","floor":11.0},{"not_picked":["Heavy Blade","Body Slam","Perfected Strike","Thunderclap","ReplayReversal"],"picked":"SKIP","floor":12.0},{"not_picked":["MostiFishMod:BrandingRite","Intimidate","Searing Blow","MostiFishMod:DarkDeal","Sever Soul"],"picked":"SKIP","floor":13.0},{"not_picked":["Immolate","Bludgeon","MostiFishMod:DarkDeal","Feed"],"picked":"Exhume","floor":16.0},{"not_picked":["ReplayTheSpireMod:Strike From Hell","Havoc","Perfected Strike","Flex","Body Slam"],"picked":"SKIP","floor":18.0},{"not_picked":["ReplayTheSpireMod:Strike From Hell","Cleave","Flex+1","Clothesline","Replay:Undeath\u0027s Touch"],"picked":"SKIP","floor":21.0},{"not_picked":["Disarm+1","REME_Cut","Replay:Undeath\u0027s Touch","Pommel Strike"],"picked":"Barricade","floor":23.0},{"not_picked":["Carnage","Iron Wave","Thunderclap","MostiFishMod:BrandingRite+1","REME_Cut+1"],"picked":"SKIP","floor":25.0},{"not_picked":["Aggregate","EmptyFist","ClearTheMind+1","Rebound+1","MostiFishMod:Neurotoxin"],"picked":"SKIP","floor":28.0},{"not_picked":["Go for the Eyes","Judgement","Compile Driver","Study","Self Repair"],"picked":"SKIP","floor":31.0},{"not_picked":["MostiFishMod:Dust","Brilliance","REME_BuildACard","REME_ProfessionalPlagiarism"],"picked":"Blasphemy","floor":33.0},{"not_picked":["Hidden Blade","Clash+1","Rage+1","Protect+1","REME_FirmDetermination"],"picked":"SKIP","floor":35.0},{"not_picked":["Gash","testmod-SubstituteBySubterfuge+1","Searing Blow","Rampage"],"picked":"Battle Trance+1","floor":36.0},{"not_picked":["Stack","Gensokyo:SalamanderShield","Massacre","MostiFishMod:Mania"],"picked":"Tactician","floor":40.0},{"not_picked":["Bane","ReplaySolidLightProjector+1","ReplayTheSpireMod:Limb From Limb+1","Inflame","CutThroughFate+1"],"picked":"SKIP","floor":41.0},{"not_picked":["Crystallizer","Replay:Poison Smokescreen","Cloak And Dagger","Leg Sweep","Run Through"],"picked":"SKIP","floor":44.0},{"not_picked":["Finisher","ReplayTheSpireMod:Reroute Power","FTL+1","Gensokyo:BrilliantDragonBullet+1","Coolheaded"],"picked":"SKIP","floor":47.0},{"not_picked":["Collect","CrushJoints","Backstab","Tempest","Lockon"],"picked":"SKIP","floor":55.0}],"player_experience":729197,"relics_obtained":[{"floor":1.0,"key":"SynthV:TestCard"},{"floor":6.0,"key":"reliquary:PartyBalloon"},{"floor":8.0,"key":"Mercury Hourglass"},{"floor":12.0,"key":"Orichalcum"},{"floor":13.0,"key":"Shuriken"},{"floor":23.0,"key":"Akabeko"},{"floor":25.0,"key":"Turnip"},{"floor":26.0,"key":"MawBank"},{"floor":28.0,"key":"testmod-IndustrialRevolution"},{"floor":31.0,"key":"Sundial"},{"floor":40.0,"key":"testmod-ArcanaOfDestiny"},{"floor":41.0,"key":"reliquary:TuningFork"},{"floor":43.0,"key":"Art of War"},{"floor":44.0,"key":"reliquary:PrincelyHelmet"},{"floor":55.0,"key":"Oddly Smooth Stone"}],"event_choices":[{"damage_healed":0.0,"max_hp_gain":0.0,"max_hp_loss":0.0,"gold_gain":400.0,"event_name":"恩洛斯的盘子","player_choice":"Sell","floor":22.0,"relics_lost":["DaveBox"],"gold_loss":0.0,"damage_taken":0.0}],"is_beta":false,"boss_relics":[{"not_picked":["Astrolabe","Tiny House"],"picked":"Philosopher\u0027s Stone"},{"not_picked":["Fusion Hammer","aspiration:SilentSkillbook"],"picked":"testmod-CardMagician"}],"items_purged_floors":[14,19,37,42,54],"is_endless":false,"potions_floor_spawned":[1,6,7,8,13,16,21,23,25,28,35,41,44,55],"ascension_level":20}}