{"host":"iudiqz5bwex5meyb","time":1614014792,"event":{"mods":["AchievementEnabler","BaseMod","Block Reminder","Colored Map","Minty Spire (QoL Compilation)","StSLib","ojb\u0027s Better Paths Mod","ojb\u0027s Info Mod"],"gold_per_floor":[20,20,39,62,82,122,122,163,190,190,214,239,253,108,108,108,108],"floor_reached":16,"language":"ENG","playtime":1005,"items_purged":["Strike_B"],"score":125,"play_id":"2189d016-5e86-41df-8a88-96f3bf50ce24","local_time":"20210222112632","is_ascension_mode":true,"campfire_choices":[{"floor":7,"key":"REST"},{"data":"Steam Power","floor":10,"key":"SMITH"},{"floor":15,"key":"REST"}],"circlet_count":0,"master_deck":["Strike_B","Defend_B","Defend_B","Defend_B","Defend_B","Zap","Dualcast","Undo","Conserve Battery","Turbo","Biased Cognition","Sunder","Steam Power+1","Double Energy","Rebound","Self Repair","Skim"],"relics":["Cracked Core","Golden Idol","Orichalcum","Potion Belt"],"acts_visited":["Exordium"],"potions_floor_usage":[],"damage_taken":[{"damage":4,"enemies":"2 Louse","floor":1,"turns":2},{"damage":0,"enemies":"Jaw Worm","floor":3,"turns":3},{"damage":0,"enemies":"Cultist","floor":4,"turns":4},{"damage":4,"enemies":"3 Louse","floor":5,"turns":4},{"damage":40,"enemies":"3 Sentries","floor":6,"turns":11},{"damage":13,"enemies":"Lagavulin","floor":8,"turns":5},{"damage":15,"enemies":"Large Slime","floor":11,"turns":6},{"damage":0,"enemies":"2 Fungi Beasts","floor":12,"turns":4},{"damage":5,"enemies":"3 Louse","floor":13,"turns":2},{"damage":70,"enemies":"Slime Boss","floor":16,"turns":11}],"seed_played":"-1571061088768656234","potions_obtained":[{"floor":1,"key":"FairyPotion"},{"floor":4,"key":"Energy Potion"},{"floor":13,"key":"DuplicationPotion"}],"is_trial":false,"path_per_floor":["M","?","M","M","M","E","R","E","T","R","M","M","M","$","R","B"],"character_chosen":"DEFECT","items_purchased":["Skim"],"campfire_rested":2,"item_purchase_floors":[14],"current_hp_per_floor":[71,69,69,69,65,25,45,32,32,32,17,17,12,12,32,0,0],"gold":108,"neow_bonus":"REMOVE_TWO","is_daily":false,"chose_seed":false,"campfire_upgraded":1,"win_rate":0.0,"timestamp":1614014792,"path_taken":["M","?","M","M","M","E","R","E","T","R","M","M","M","$","R","BOSS"],"items_purchased_type":["Card"],"build_version":"2020-12-22","purchased_purges":1,"victory":false,"max_hp_per_floor":[75,69,69,69,69,69,69,69,69,69,69,69,69,69,69,69,69],"card_choices":[{"not_picked":["Reinforced Body","Chill"],"picked":"Undo","floor":1},{"not_picked":["Go for the Eyes","Coolheaded"],"picked":"Conserve Battery","floor":3},{"not_picked":["Cold Snap","Reinforced Body"],"picked":"Turbo","floor":4},{"not_picked":["Compile Driver","Scrape"],"picked":"Biased Cognition","floor":5},{"not_picked":["Barrage","Hyperbeam"],"picked":"Sunder","floor":6},{"not_picked":["Turbo","Ball Lightning"],"picked":"Steam Power","floor":8},{"not_picked":["Steam Power","Conserve Battery"],"picked":"Double Energy","floor":11},{"not_picked":["Stack","Compile Driver"],"picked":"Rebound","floor":12},{"not_picked":["Coolheaded","Go for the Eyes"],"picked":"Self Repair","floor":13}],"player_experience":363089,"relics_obtained":[{"floor":6,"key":"Orichalcum"},{"floor":8,"key":"Potion Belt"}],"event_choices":[{"damage_healed":0,"gold_gain":0,"player_choice":"Lose Max HP","damage_taken":0,"relics_obtained":["Golden Idol"],"max_hp_gain":0,"max_hp_loss":6,"event_name":"Golden Idol","floor":2,"gold_loss":0}],"is_beta":false,"boss_relics":[],"items_purged_floors":[14],"is_endless":false,"potions_floor_spawned":[1,4,13],"killed_by":"Slime Boss","ascension_level":2}}