{"host":"d9tpyi6mde8z2n96","time":1614035047,"event":{"mods":["100% Spire Juice","2.2 Compatiblity","A Penny For Your Troubles","AchievementEnabler","Act Like it!","AlwaysNeverKeys","Aspiration","BaseMod","Beaked The Cultist","Better Altar","Better Note","Bossed Relics","CapriCore","Challenge The Spire","Colored Map","Colored Powertips","Conspire","Dark Map","Defuse TimeMaze Blight","Dota2Spire","Elementarium","Energized Spire","Fox Events","Friendly Minions","Gensokyo","GifTheSpireLib","Gold Saver","Halation","Hermit","HololiveMod","Hubris","Hyrulean Relics","Infinite Spire","Jess\u0027s Bottle","Jorbs\u0027s Wanderer Trilogy","Marisa????????","Melee Mod","Minty Spire (QoL Compilation)","MostiFishMod","Pale of the Ancients","Permanent Neow","Potionbrewer","Quick Restart","Railgun Mod","Reimu??????","Reliquary","Replay The Spire","Robot Space Explorer","Ruina","RumiaBox-????????","Shop Mod","Spikes Relics","StS++","StSLib","SuperFastMode","TestMod","The Alterego","The Animator","The Blue Laboratory","The Cursed","The Death Knight","The Fake Hero","The Marked","The Servant 0.9.4","The Spell Scribe","Trackpad","Transform Curses","Uncapped","Virulent Crown","Waifu the Spire","Wandering Minibosses","WarShipGirlsR/????R mod","Wide Potions","Yakumo Yukari mod"],"gold_per_floor":[100114,100124,99535,99527,99527,99527,99541,99541,99568,99586,99050,99047,99061,99064,99064,99147,99147,99154,99154,98861,98861,98293,98304,98304,98314,98314,98314,98254,98249,98249,98255,98255,98337,98337,98341,98351,98391,98391,98192,98192,98218,98218,98218,97990,97990,98007,98806,98821,98821,98821,98821],"floor_reached":50,"language":"ENG","playtime":1756,"items_purged":["Moonworks:ImOnFire","Moonworks:Defend","Moonworks:Defend","Moonworks:Strike","Writhe"],"score":631,"play_id":"ae848098-79d1-4031-a2ce-fa8c3ac758b5","local_time":"20210222180407","is_ascension_mode":false,"campfire_choices":[{"data":"Moonworks:JonathanRush","floor":8,"key":"SMITH"},{"data":"Moonworks:CookingTime","floor":15,"key":"SMITH"},{"data":"Moonworks:JonathanRush","floor":24,"key":"SMITH"},{"data":"Moonworks:JonathanRush","floor":32,"key":"SMITH"},{"data":"Moonworks:JonathanRush","floor":40,"key":"SMITH"},{"data":"Moonworks:JonathanRush","floor":49,"key":"SMITH"}],"circlet_count":0,"master_deck":["Moonworks:Strike","Moonworks:Strike","Moonworks:Defend","Moonworks:Defend","Moonworks:Ambush","Moonworks:LongDistanceShot","Moonworks:JonathanRush+1","Moonworks:MiracleRedBeanIceCream","Moonworks:Encore","Moonworks:JonathanRush+1","Moonworks:Assault","Moonworks:CookingTime+1","Moonworks:JonathanRush+1","Moonworks:WindyEnchantment","Moonworks:WindyEnchantment","Moonworks:JonathanRush","Moonworks:Flamethrower","Moonworks:MiracleRedBeanIceCream+1","Moonworks:JonathanRush+1","Moonworks:JonathanRush+1","Moonworks:JonathanRush+1","Moonworks:JonathanRush","Moonworks:SakisCookie+1","Moonworks:MiracleRedBeanIceCream","Moonworks:JonathanRush+1","Moonworks:MiracleRedBeanIceCream"],"relics":["Moonworks:BrokenBomb","Moonworks:Homemark","testmod-TestBox","DaveBox","HaiYi:Twilight","testmod-CardMagician","SynthV:TestCard","Toy Ornithopter","SnailShell","MerchantsRug","Odd Mushroom","BargainBundle","Juzu Bracelet","trackpad:PetRock","reliquary:PorcupineQuills","hubris:TinFlute","Gremlin Horn","Dota2Spire:MaskOfMadness","reliquary:Sideboard","Dota2Spire:AssaultCuirass","halation:PapillonHeart","trackpad:BottledShadow","GiantMaggot","wanderingMiniBosses:MasterThiefsPresence"],"acts_visited":["Exordium","TheCity","TheBeyond"],"potions_floor_usage":[4,10,10,12,12,16,16,28,33,50,50],"damage_taken":[{"damage":11,"enemies":"infinitespire:Voidling","floor":1,"turns":5},{"damage":4,"enemies":"conspire:RoseBush","floor":2,"turns":3},{"damage":3,"enemies":"2 Louse","floor":3,"turns":2},{"damage":15,"enemies":"Gremlin Gang","floor":4,"turns":5},{"damage":12,"enemies":"Blue Slaver","floor":7,"turns":3},{"damage":17,"enemies":"Exordium Wildlife","floor":10,"turns":5},{"damage":13,"enemies":"The Mushroom Lair","floor":12,"turns":5},{"damage":0,"enemies":"3 Louse","floor":13,"turns":3},{"damage":0,"enemies":"2 Fungi Beasts","floor":14,"turns":2},{"damage":15,"enemies":"The Guardian","floor":16,"turns":6},{"damage":17,"enemies":"conspire:FuzzyDice","floor":18,"turns":6},{"damage":5,"enemies":"3 Byrds","floor":21,"turns":4},{"damage":6,"enemies":"conspire:SneckoGhost","floor":23,"turns":4},{"damage":0,"enemies":"3 Cultists","floor":25,"turns":4},{"damage":7,"enemies":"conspire:HollyBat","floor":28,"turns":7},{"damage":35,"enemies":"Nightmare","floor":29,"turns":8},{"damage":17,"enemies":"Cultist and Chosen","floor":31,"turns":4},{"damage":25,"enemies":"conspire:MysteriousRune","floor":33,"turns":7},{"damage":14,"enemies":"3 Darklings","floor":35,"turns":3},{"damage":28,"enemies":"3 Shapes","floor":36,"turns":4},{"damage":20,"enemies":"Mind Bloom Boss Battle","floor":37,"turns":5},{"damage":11,"enemies":"Reptomancer","floor":41,"turns":5},{"damage":29,"enemies":"Jaw Worm Horde","floor":46,"turns":3},{"damage":34,"enemies":"Spire Growth","floor":47,"turns":5},{"damage":10,"enemies":"Maw","floor":48,"turns":5},{"damage":51,"enemies":"Replay:Hell Engine","floor":50,"turns":8}],"seed_played":"-1839315747084624682","potions_obtained":[{"floor":1,"key":"Strength Potion"},{"floor":2,"key":"FearPotion"},{"floor":7,"key":"Venom Potion"},{"floor":12,"key":"Cursed Concoction"},{"floor":14,"key":"potionbrewer:AcidPotion"},{"floor":23,"key":"Energy Potion"},{"floor":35,"key":"Dexterity Potion"},{"floor":47,"key":"SmokeBomb"},{"floor":48,"key":"Swift Potion"}],"is_trial":false,"path_per_floor":["M","M","M","M","?","?","M","R","T","M","$","?","M","M","R","B",null,"M","?","$","M","$","E","R","M","T","?","M","NM","?","M","R","B",null,"M","M","?","?","$","R","E","?","T","$","?","M","M","M","R","B"],"character_chosen":"THE_STARBREAKER","items_purchased":["SnailShell","Dota2Spire:Clarity","ZuzhouPotion:ReiMu","SteroidPotion","MerchantsRug","BargainBundle","Juzu Bracelet","trackpad:PetRock","blueLaboratory:StoneskinPotion","Languid Potion","FearPotion","Moonworks:JonathanRush","reliquary:PorcupineQuills","hubris:TinFlute","Moonworks:JonathanRush","Moonworks:JonathanRush"],"campfire_rested":0,"item_purchase_floors":[11,11,11,11,11,20,20,20,20,20,20,22,22,22,39,44],"current_hp_per_floor":[49,45,42,27,27,27,20,20,20,13,13,21,21,27,27,40,60,47,53,53,60,60,58,58,60,60,60,53,25,25,13,13,6,60,51,41,39,39,39,39,38,52,52,52,52,33,12,15,15,0,0],"gold":98821,"neow_bonus":"REMOVE_CARD","is_daily":false,"chose_seed":false,"campfire_upgraded":6,"win_rate":0.0,"timestamp":1614035047,"path_taken":["M","M","M","?","?","?","M","R","T","?","$","?","M","M","R","BOSS","M","?","$","M","$","E","R","M","T","?","M","NM","?","M","R","BOSS","M","M","?","?","$","R","E","?","T","?","?","M","M","M","R","BOSS"],"items_purchased_type":["Relic","Potion","Potion","Potion","Relic","Relic","Relic","Relic","Potion","Potion","Potion","Card","Relic","Relic","Card","Card"],"build_version":"2020-12-22","purchased_purges":5,"victory":false,"max_hp_per_floor":[60,60,60,60,60,60,60,60,60,60,60,60,60,60,60,60,60,60,60,60,60,60,60,60,60,60,60,60,60,60,60,60,60,60,60,60,60,57,57,57,57,57,57,57,57,57,57,57,57,57,57],"card_choices":[{"not_picked":["Moonworks:DevilHand","Moonworks:UnluckyCharm","Moonworks:SakisCookie"],"picked":"SKIP","floor":1},{"not_picked":["Moonworks:LulusLuckyEgg","Moonworks:NicePresent","Moonworks:IndiscriminateFireSupport","Moonworks:EvilSpyWorkPreparation"],"picked":"Moonworks:JonathanRush","floor":2},{"not_picked":["Moonworks:DevilHand","Moonworks:ImOnFire","Moonworks:BigMagnum","Moonworks:RagingMadness","Moonworks:LulusLuckyEgg"],"picked":"SKIP","floor":3},{"not_picked":["Moonworks:Poppoformation","Moonworks:FullSpeedAlicianrone","Moonworks:NicePresent","Moonworks:MiracleWalker","Moonworks:LulusLuckyEgg"],"picked":"SKIP","floor":4},{"not_picked":["Moonworks:Assault","Moonworks:ExtendedPhotonRifle","Moonworks:ImOnFire","Moonworks:LulusLuckyEgg"],"picked":"Moonworks:CookingTime","floor":7},{"not_picked":["Moonworks:EvilSpyWorkPreparation","Moonworks:ExtendedPhotonRifle","Moonworks:Dinner","Moonworks:Assault"],"picked":"Moonworks:JonathanRush","floor":10},{"not_picked":["Moonworks:IndiscriminateFireSupport","Moonworks:ReflectiveShell","Moonworks:BigMagnum","Moonworks:ImOnFire"],"picked":"Moonworks:WindyEnchantment","floor":12},{"not_picked":["Moonworks:ImmovableObject","Moonworks:BackdoorTrade","Moonworks:Assault","Moonworks:Dash"],"picked":"Moonworks:WindyEnchantment","floor":13},{"not_picked":["Moonworks:Assault","Moonworks:CloudOfSeagulls","Moonworks:NicePresent","Moonworks:EvilSpyWorkPreparation"],"picked":"Moonworks:JonathanRush","floor":14},{"not_picked":["Moonworks:DevilHand","Moonworks:IntelligenceOfficer","Moonworks:ForcedRevival","Moonworks:BigBangBell"],"picked":"Moonworks:Flamethrower","floor":18},{"not_picked":["Moonworks:EvilSpyWorkPreparation","Moonworks:SakisCookie","Moonworks:Bloodlust","Moonworks:RedAndBlue"],"picked":"Moonworks:MiracleRedBeanIceCream+1","floor":21},{"not_picked":["Moonworks:CookingTime","Moonworks:DevilHand+1","Moonworks:TreasureThief+1","Moonworks:BindingChains+1","Moonworks:ImOnFire"],"picked":"SKIP","floor":23},{"not_picked":["Moonworks:MiracleRedBeanIceCream","Moonworks:MiracleWalker","Moonworks:MixPhenomenon+1","Moonworks:BigBangBell","Moonworks:ReproductionOfRecords"],"picked":"SKIP","floor":25},{"not_picked":["Moonworks:ImOnFire+1","Moonworks:CloudOfSeagulls","Moonworks:MixPhenomenon+1","Moonworks:Assault","Moonworks:BeyondHell"],"picked":"SKIP","floor":28},{"not_picked":["infinitespire:Menacing","Replay:Fractal Strike"],"picked":"ReplayTheSpireMod:Chaos Vortex","floor":29},{"not_picked":["Moonworks:ImOnFire+1","Moonworks:SakisCookie","Moonworks:IntelligenceOfficer+1","Moonworks:RedAndBlue"],"picked":"Moonworks:EvilSpyWorkPreparation","floor":29},{"not_picked":["Moonworks:TacticalRetreat+1","Moonworks:IndiscriminateFireSupport","Moonworks:BackdoorTrade","Moonworks:NicePresent"],"picked":"Moonworks:MiracleRedBeanIceCream","floor":31},{"not_picked":["Moonworks:BeyondHell+1","Moonworks:Flamethrower+1","Moonworks:RagingMadness","Moonworks:CompletionReward"],"picked":"Moonworks:SakisCookie","floor":35},{"not_picked":["Moonworks:CompletionReward","Moonworks:BigMagnum+1","Moonworks:Assault","Moonworks:CloudOfSeagulls+1","Moonworks:EvilSpyWorkPreparation"],"picked":"SKIP","floor":36},{"not_picked":["Moonworks:TacticalRetreat","Moonworks:AwakeningOfTalent+1","Moonworks:MiracleRedBeanIceCream+1","Moonworks:IndiscriminateFireSupport","Moonworks:JonathanRush+1"],"picked":"SKIP","floor":41},{"not_picked":["Moonworks:TacticalRetreat","Moonworks:AwakeningOfTalent+1","Moonworks:MiracleRedBeanIceCream+1","Moonworks:IndiscriminateFireSupport"],"picked":"Moonworks:JonathanRush+1","floor":41},{"not_picked":["Moonworks:TacticalRetreat+1","Moonworks:Poppoformation","Moonworks:BigMagnum","Moonworks:MixPhenomenon+1"],"picked":"Moonworks:SakisCookie+1","floor":46},{"not_picked":["Moonworks:EvilSpyWorkPreparation+1","Moonworks:BigMagnum+1","Moonworks:CloudOfSeagulls","Moonworks:IndiscriminateFireSupport+1"],"picked":"Moonworks:MiracleRedBeanIceCream","floor":47},{"not_picked":["Moonworks:UnluckyCharm+1","Moonworks:IndiscriminateFireSupport+1","Moonworks:EvilSpyWorkPreparation+1","Moonworks:LulusLuckyEgg+1"],"picked":"Moonworks:JonathanRush+1","floor":48}],"player_experience":1125601,"relics_obtained":[{"floor":1,"key":"SynthV:TestCard"},{"floor":9,"key":"Toy Ornithopter"},{"floor":12,"key":"Odd Mushroom"},{"floor":23,"key":"Gremlin Horn"},{"floor":26,"key":"Dota2Spire:MaskOfMadness"},{"floor":29,"key":"reliquary:Sideboard"},{"floor":37,"key":"Dota2Spire:AssaultCuirass"},{"floor":41,"key":"trackpad:BottledShadow"},{"floor":43,"key":"GiantMaggot"},{"floor":47,"key":"wanderingMiniBosses:MasterThiefsPresence"}],"event_choices":[{"damage_healed":0,"gold_gain":0,"player_choice":"Leave","damage_taken":0,"max_hp_gain":0,"max_hp_loss":0,"event_name":"FaceTrader","floor":6,"gold_loss":0},{"damage_healed":0,"gold_gain":0,"player_choice":"Fought Mushrooms","damage_taken":0,"max_hp_gain":0,"max_hp_loss":0,"event_name":"Mushrooms","floor":12,"gold_loss":0},{"cards_removed":["Moonworks:JonathanRush"],"damage_healed":0,"gold_gain":0,"player_choice":"Give","damage_taken":0,"max_hp_gain":0,"max_hp_loss":0,"event_name":"betterNote:BetterNote","floor":27,"gold_loss":0,"cards_obtained":["TheCursedMod:ForbiddenAlchemy"]},{"damage_healed":0,"gold_gain":0,"player_choice":"Fight","damage_taken":0,"max_hp_gain":0,"max_hp_loss":0,"event_name":"MindBloom","floor":37,"gold_loss":0},{"damage_healed":14,"gold_gain":0,"player_choice":"Writhe","damage_taken":0,"max_hp_gain":0,"max_hp_loss":0,"event_name":"Winding Halls","floor":42,"gold_loss":0,"cards_obtained":["Writhe"]},{"damage_healed":0,"gold_gain":0,"player_choice":"Ignored","damage_taken":0,"max_hp_gain":0,"max_hp_loss":0,"event_name":"Box For Yourself","floor":45,"gold_loss":0}],"is_beta":false,"boss_relics":[{"not_picked":["RedLine:ReiMu","energizedSpire:RedRose","hubris:RunicObelisk"]},{"not_picked":["jessBottle:WaterBottleRelic","Replay:Bronze Core","testmod-EnergyCheck"]}],"items_purged_floors":[11,20,22,39,44],"is_endless":true,"potions_floor_spawned":[1,2,7,12,14,23,28,29,35,47,48],"killed_by":"Replay:Hell Engine","ascension_level":0}}