{"host":"tl2b574z3x0i4jrg","time":1614007208,"event":{"mods":["AchievementEnabler","BaseMod","Colored Map","Minty Spire (QoL Compilation)","StSLib","The Necromancer"],"gold_per_floor":[109,109,120,137,149,149,174,190,190,190,205,205,230,240,240,344,344,329,340,439,439,450,484,484,484,484],"floor_reached":25,"language":"ENG","playtime":1263,"items_purged":[],"score":260,"play_id":"2247f7f0-eae8-4ff1-9da6-c9a12cad5457","local_time":"20210222102008","is_ascension_mode":false,"campfire_choices":[{"data":"Skeleton_Dragon","floor":6,"key":"SMITH"},{"floor":12,"key":"REST"},{"floor":15,"key":"REST"},{"data":"Bone_Armory","floor":24,"key":"SMITH"}],"circlet_count":0,"master_deck":["Strike_W","Strike_W","Strike_W","Strike_W","Defend_W","Defend_W","Defend_W","Defend_W","Negative_Energy_Arrows","Bone_Wall","Bone_Armory+1","Finger_Of_Death","Skeleton_Dragon+1","Bone_Bullets","Bones_to_Steel","Slay_Living","Negative_Energy_Shield","Summon_Undead+1","Summon_Undead+1","Cloudkill+1","Negative_Energy_Shield+1","Bone_Armor+1","Death_March_Dance","Negative_Energy_Javelin+1","Death_March_Dance+1"],"relics":["Vampire_Amulet","NeowsBlessing","Nunchaku","Gremlin Horn","Toxic Egg 2","Black Star","Blood Vial","Smiling Mask"],"acts_visited":["Exordium","TheCity"],"potions_floor_usage":[5,13,14,25],"damage_taken":[{"damage":0,"enemies":"Cultist","floor":1,"turns":1},{"damage":0,"enemies":"Small Slimes","floor":3,"turns":1},{"damage":0,"enemies":"Jaw Worm","floor":4,"turns":1},{"damage":15,"enemies":"Large Slime","floor":5,"turns":9},{"damage":49,"enemies":"Lagavulin","floor":7,"turns":9},{"damage":8,"enemies":"3 Louse","floor":8,"turns":5},{"damage":14,"enemies":"Looter","floor":11,"turns":4},{"damage":53,"enemies":"Gremlin Nob","floor":13,"turns":6},{"damage":10,"enemies":"Large Slime","floor":14,"turns":5},{"damage":20,"enemies":"Hexaghost","floor":16,"turns":10},{"damage":30,"enemies":"2 Thieves","floor":18,"turns":4},{"damage":23,"enemies":"Spheric Guardian","floor":19,"turns":6},{"damage":17,"enemies":"3 Cultists","floor":22,"turns":6},{"damage":51,"enemies":"Gremlin Leader","floor":23,"turns":8},{"damage":39,"enemies":"Snake Plant","floor":25,"turns":4}],"seed_played":"3814256805902495569","potions_obtained":[{"floor":1,"key":"AttackPotion"},{"floor":3,"key":"Energy Potion"},{"floor":4,"key":"FairyPotion"},{"floor":13,"key":"Fruit Juice"},{"floor":23,"key":"Fruit Juice"}],"is_trial":false,"path_per_floor":["M","?","M","M","M","R","E","M","T","?","M","R","E","M","R","B",null,"M","M","?","?","M","E","R","M"],"character_chosen":"NECROMANCER","items_purchased":[],"campfire_rested":2,"item_purchase_floors":[],"current_hp_per_floor":[75,75,75,75,64,64,17,15,15,40,28,50,24,23,47,29,80,61,49,49,49,47,30,30,0,0],"gold":484,"neow_bonus":"THREE_ENEMY_KILL","is_daily":false,"chose_seed":false,"campfire_upgraded":2,"win_rate":0.0,"timestamp":1614007208,"path_taken":["M","?","M","?","M","R","E","M","T","?","M","R","E","M","R","BOSS","M","M","?","?","M","E","R","M"],"items_purchased_type":[],"build_version":"2020-12-22","purchased_purges":0,"victory":false,"max_hp_per_floor":[75,75,75,75,75,75,75,75,75,75,75,75,75,80,80,80,80,80,80,80,80,80,80,80,85,85],"card_choices":[{"not_picked":["Strike_from_Beyond","Negative_Energy_Burst"],"picked":"Bone_Armory","floor":1},{"not_picked":["Negative_Energy_Shield","Negative_Energy_Mist"],"picked":"Finger_Of_Death","floor":3},{"not_picked":["Bone_Armor","Bone_Armory"],"picked":"Skeleton_Dragon","floor":4},{"not_picked":["Scare","Consume_Illness"],"picked":"Bone_Bullets","floor":5},{"not_picked":["Chill_Blood","Negative_Energy_Burst"],"picked":"Bones_to_Steel","floor":7},{"not_picked":["Violent_Necrosis","Bone_Bullets"],"picked":"Slay_Living","floor":8},{"not_picked":["Death_Coil","Spectral_Armor"],"picked":"Negative_Energy_Shield","floor":11},{"not_picked":["Flesh_Made_Foul","Scare+1"],"picked":"Summon_Undead+1","floor":13},{"not_picked":["Necrotic_Claws","Negative_Energy_Shield+1"],"picked":"Summon_Undead+1","floor":14},{"not_picked":["Blood_Wake","Skeleton_Dragon"],"picked":"Cloudkill+1","floor":16},{"not_picked":["Spectral_Armor+1","Bone_Shift+1"],"picked":"Negative_Energy_Shield+1","floor":18},{"not_picked":["Bones_to_Steel+1","Scare+1"],"picked":"Bone_Armor+1","floor":19},{"not_picked":["Detonate_Bones","Bone_Shift+1"],"picked":"Negative_Energy_Javelin+1","floor":22},{"not_picked":["Hellfire","Detonate_Bones"],"picked":"Death_March_Dance+1","floor":23}],"player_experience":176295,"relics_obtained":[{"floor":7,"key":"Nunchaku"},{"floor":9,"key":"Gremlin Horn"},{"floor":13,"key":"Toxic Egg 2"},{"floor":23,"key":"Blood Vial"},{"floor":23,"key":"Smiling Mask"}],"event_choices":[{"damage_healed":0,"gold_gain":0,"player_choice":"Bought 0 Potions","damage_taken":0,"max_hp_gain":0,"max_hp_loss":0,"event_name":"The Woman in Blue","floor":2,"gold_loss":0},{"damage_healed":25,"gold_gain":0,"player_choice":"Banana","damage_taken":0,"max_hp_gain":0,"max_hp_loss":0,"event_name":"Big Fish","floor":10,"gold_loss":0},{"damage_healed":0,"gold_gain":99,"player_choice":"Stole From Cult","damage_taken":0,"max_hp_gain":0,"max_hp_loss":0,"event_name":"Nest","floor":20,"gold_loss":0},{"damage_healed":0,"gold_gain":0,"player_choice":"Read","damage_taken":0,"max_hp_gain":0,"max_hp_loss":0,"event_name":"The Library","floor":21,"gold_loss":0,"cards_obtained":["Death_March_Dance"]}],"is_beta":false,"boss_relics":[{"not_picked":["Philosopher\u0027s Stone","Velvet Choker"],"picked":"Black Star"}],"items_purged_floors":[],"is_endless":false,"potions_floor_spawned":[1,3,4,13,23],"killed_by":"Snake Plant","ascension_level":0}}