{"host":"v63m4f6t57xrjbnq","time":1614001822,"event":{"mods":["100% Spire Juice","Act Like it!","Arknights","BaseMod","Colored Powertips","Dota2Spire","Downfall","Energized Spire","Gensokyo","Hallownest","KinomotoSakuraMod(木之本樱)","KomeijiMod","LagranYue(拉格朗・月)","Lobotomy","LobotomyExtend","Marisa（F雨　魔理沙）","Marked Mod","Minty Spire (QoL Compilation)","Quick Restart","Reimu（博丽灵梦）","Relic Filter Mod","Remilia（蕾米莉亚）","Replay The Spire","RumiaBox-露米娅的神秘盒子","StSLib","The Administrix","The Senshi","The Servant 0.9.4","Waifu the Spire","WarShipGirlsR/战舰少女R mod","Yakumo Yukari mod","Youmu（魂魄妖梦）","Yuyuko"],"gold_per_floor":[111,111,131,144,159,159,159,159],"floor_reached":7,"language":"ZHS","playtime":764,"items_purged":[],"score":68,"play_id":"ab5ff7ac-8cab-4f2e-aa94-d134c4e75a51","local_time":"20210222215022","is_ascension_mode":false,"campfire_choices":[{"data":"ClowCardTheFlower","floor":6,"key":"SMITH"}],"circlet_count":0,"master_deck":["ClowCardTheSword","ClowCardTheSword","ClowCardTheSword","ClowCardTheSword","ClowCardTheShield","ClowCardTheShield","ClowCardTheShield","ClowCardTheShield","SpellCardSeal","SpellCardRelease","Bloodbath","ClowCardTheLoop","Wellcheers","ClowCardTheDash","WallGazer","ClowCardTheArrow","MHz","ClowCardTheFlower+1"],"relics":["KSMOD_SealedBook","KSMOD_SealedWand","LagranYue:RandomDrawCardRelic","CogitoBucket","Baka","LetterFromLob","Hallownest:DreamNailRelic","Pear","WingedGreaves","WingedGreaves"],"acts_visited":["Hallownest:Greenpath"],"potions_floor_usage":[5],"damage_taken":[{"damage":1,"enemies":"2_ Uuma","floor":1,"turns":6},{"damage":3,"enemies":"Hallownest:2_Tiktiks_and_1_Crawlid","floor":3,"turns":3},{"damage":29,"enemies":"Hallownest:monsterHuskGuard","floor":4,"turns":6},{"damage":38,"enemies":"Hallownest:Guard_and_Warrior","floor":5,"turns":5},{"damage":31,"enemies":"Hallownest:eliteVengeflyKing","floor":7,"turns":6}],"seed_played":"3365450584226047024","potions_obtained":[{"floor":4,"key":"champ:CounterPotion"},{"floor":5,"key":"Fire Potion"}],"is_trial":false,"path_per_floor":["M","?","M","M","M","R","E"],"character_chosen":"KINOMOTOSAKURA","items_purchased":[],"campfire_rested":0,"item_purchase_floors":[],"current_hp_per_floor":[69,69,63,43,28,28,0,0],"gold":159,"neow_bonus":"","is_daily":false,"chose_seed":false,"campfire_upgraded":1,"win_rate":0.0,"timestamp":1614001822,"path_taken":["M","?","?","M","M","R","E"],"items_purchased_type":[],"build_version":"2020-12-22","purchased_purges":0,"victory":false,"max_hp_per_floor":[70,70,88,88,88,88,88,88],"card_choices":[{"not_picked":["MeatLantern","ShyLook"],"picked":"Bloodbath","floor":1},{"not_picked":["ClowCardTheLibra","ClowCardTheSleep"],"picked":"ClowCardTheLoop","floor":1},{"not_picked":["WallGazer","UniverseFragment"],"picked":"Wellcheers","floor":3},{"not_picked":["ClowCardTheLock","ClowCardTheIllusion"],"picked":"ClowCardTheDash","floor":3},{"not_picked":["GalaxyChild","QueenBee","Funeral"],"picked":"Singing Bowl","floor":4},{"not_picked":["GalaxyChild","OSAHOGD"],"picked":"WallGazer","floor":4},{"not_picked":["ClowCardTheIllusion","ClowCardTheDream"],"picked":"ClowCardTheArrow","floor":4},{"not_picked":["WhitesApple","CrumblingArmor","RedShoes"],"picked":"Singing Bowl","floor":5},{"not_picked":["PunishingBird","HappyTeddy"],"picked":"MHz","floor":5},{"not_picked":["ClowCardTheVoice","ClowCardTheWood"],"picked":"ClowCardTheFlower","floor":5}],"player_experience":257265,"relics_obtained":[{"floor":1,"key":"Baka"},{"floor":1,"key":"LetterFromLob"},{"floor":3,"key":"Pear"},{"floor":3,"key":"WingedGreaves"},{"floor":3,"key":"WingedGreaves"}],"event_choices":[],"is_beta":false,"boss_relics":[],"items_purged_floors":[],"is_endless":false,"potions_floor_spawned":[4,5],"killed_by":"Hallownest:eliteVengeflyKing","ascension_level":0}}