{"host":"3c8x8j1h2jyrixpf","time":1614025519,"event":{"mods":["BaseMod","Colored Powertips","Highlight Path","Minty Spire (QoL Compilation)","StSLib"],"gold_per_floor":[111,127,127,52,52,77,77,87,110,141,141,156,186,186,186,263,263,283,294,294,294,308,343,343,368,394,394,425,425,425,12,12,90,90,137,137,180,180,197,213,225,225,225,225,257,105,130,163,163,163,163,163,38,67,67,67],"floor_reached":55,"language":"ENG","playtime":2780,"items_purged":["Defend_P","Strike_P"],"score":1443,"play_id":"f7e47c5f-8eea-42cb-b208-6a5856894cc6","local_time":"20210222142519","is_ascension_mode":true,"campfire_choices":[{"data":"SashWhip","floor":7.0,"key":"SMITH"},{"data":"ReachHeaven","floor":11.0,"key":"SMITH"},{"data":"EmptyFist","floor":15.0,"key":"SMITH"},{"floor":24.0,"key":"REST"},{"data":"Ragnarok","floor":27.0,"key":"SMITH"},{"floor":30.0,"key":"REST"},{"data":"MentalFortress","floor":32.0,"key":"SMITH"},{"floor":42.0,"key":"REST"},{"floor":44.0,"key":"RECALL"},{"data":"Strike_P","floor":49.0,"key":"PURGE"},{"data":"SandsOfTime","floor":52.0,"key":"SMITH"}],"circlet_count":0,"master_deck":["AscendersBane","Strike_P","Strike_P+1","Defend_P","Defend_P","Defend_P","Eruption+1","Vigilance+1","Consecrate","SashWhip+1","EmptyFist+1","ReachHeaven+1","Wireheading+1","Protect+1","JustLucky+1","Wish+1","CurseOfTheBell","FearNoEvil+1","Writhe","Vault+1","MentalFortress+1","Ragnarok+1","EmptyMind","LessonLearned","Adaptation","ClearTheMind+1","SandsOfTime+1","Halt","CrushJoints+1","MentalFortress"],"relics":["Velvet Choker","Bronze Scales","Tiny Chest","Blood Vial","Anchor","Yang","Calling Bell","Regal Pillow","TeardropLocket","Peace Pipe","War Paint","HornCleat","Pear","Lantern","InkBottle","FossilizedHelix","Thread and Needle","SlaversCollar","Art of War","Molten Egg 2","Bag of Preparation","Akabeko","Omamori","Boot"],"acts_visited":["Exordium","TheCity","TheBeyond","TheEnding"],"potions_floor_usage":[55,55],"damage_taken":[{"damage":0.0,"enemies":"Cultist","floor":1.0,"turns":2.0},{"damage":0.0,"enemies":"2 Louse","floor":2.0,"turns":1.0},{"damage":0.0,"enemies":"Gremlin Nob","floor":6.0,"turns":2.0},{"damage":4.0,"enemies":"Jaw Worm","floor":8.0,"turns":3.0},{"damage":12.0,"enemies":"3 Sentries","floor":10.0,"turns":4.0},{"damage":0.0,"enemies":"2 Fungi Beasts","floor":12.0,"turns":2.0},{"damage":6.0,"enemies":"Gremlin Nob","floor":13.0,"turns":3.0},{"damage":8.0,"enemies":"The Guardian","floor":16.0,"turns":8.0},{"damage":17.0,"enemies":"2 Thieves","floor":18.0,"turns":3.0},{"damage":3.0,"enemies":"Spheric Guardian","floor":19.0,"turns":3.0},{"damage":26.0,"enemies":"Shelled Parasite and Fungi","floor":22.0,"turns":6.0},{"damage":0.0,"enemies":"Slavers","floor":23.0,"turns":6.0},{"damage":27.0,"enemies":"Gremlin Leader","floor":25.0,"turns":7.0},{"damage":14.0,"enemies":"Book of Stabbing","floor":28.0,"turns":4.0},{"damage":20.0,"enemies":"Automaton","floor":33.0,"turns":10.0},{"damage":0.0,"enemies":"Orb Walker","floor":35.0,"turns":4.0},{"damage":0.0,"enemies":"3 Darklings","floor":37.0,"turns":5.0},{"damage":0.0,"enemies":"Spire Growth","floor":39.0,"turns":6.0},{"damage":29.0,"enemies":"4 Shapes","floor":40.0,"turns":6.0},{"damage":10.0,"enemies":"Writhing Mass","floor":41.0,"turns":5.0},{"damage":0.0,"enemies":"Nemesis","floor":45.0,"turns":8.0},{"damage":0.0,"enemies":"Giant Head","floor":48.0,"turns":6.0},{"damage":23.0,"enemies":"Time Eater","floor":50.0,"turns":9.0},{"damage":61,"enemies":"Shield and Spear","floor":54,"turns":7},{"damage":21,"enemies":"The Heart","floor":55,"turns":3}],"seed_played":"-7462084217687664115","potions_obtained":[{"floor":2.0,"key":"FearPotion"},{"floor":8.0,"key":"LiquidMemories"},{"floor":16.0,"key":"Fire Potion"},{"floor":19.0,"key":"AttackPotion"},{"floor":23.0,"key":"Strength Potion"},{"floor":25.0,"key":"Ancient Potion"},{"floor":35.0,"key":"Fire Potion"},{"floor":39.0,"key":"SteroidPotion"},{"floor":45.0,"key":"LiquidBronze"}],"is_trial":false,"path_per_floor":["M","M","?","$","?","E","R","M","T","E","R","M","E","?","R","B",null,"M","M","?","?","M","E","R","E","T","R","E","T","R","$","R","B",null,"M","?","M","?","M","M","M","R","T","R","E","$","T","E","R","B",null,"R","$","E","B"],"character_chosen":"WATCHER","items_purchased":["Thread and Needle","Bag of Preparation","Strength Potion","MentalFortress"],"campfire_rested":3,"item_purchase_floors":[31,46,53,53],"current_hp_per_floor":[61,61,47,47,52,52,52,48,48,36,36,38,34,31,31,25,61,46,45,45,45,21,23,59,44,44,44,32,32,71,71,71,53,76,78,78,80,80,82,54,46,83,83,83,83,83,83,83,83,60,77,77,77,18,0,0],"gold":67,"neow_bonus":"BOSS_RELIC","is_daily":false,"chose_seed":false,"campfire_upgraded":6,"win_rate":0.0,"timestamp":1614025519,"path_taken":["M","?","?","$","?","E","R","M","T","E","R","M","E","?","R","BOSS","M","M","?","?","M","E","R","E","T","R","E","?","R","$","R","BOSS","M","?","?","?","M","M","M","R","T","R","E","$","?","E","R","BOSS","R","$","E","BOSS"],"items_purchased_type":["Relic","Relic","Potion","Card"],"build_version":"2020-12-22","purchased_purges":2,"victory":false,"max_hp_per_floor":[68,68,68,68,73,73,73,73,73,73,73,73,73,73,73,73,73,73,73,73,73,73,73,73,83,83,83,83,83,83,83,83,83,83,83,83,83,83,83,83,83,83,83,83,83,83,83,83,83,83,83,83,83,83,83,83],"card_choices":[{"not_picked":["PathToVictory","WaveOfTheHand"],"picked":"Consecrate","floor":1.0},{"not_picked":["WreathOfFlame","FollowUp"],"picked":"SashWhip","floor":2.0},{"not_picked":["Nirvana","ClearTheMind"],"picked":"EmptyFist","floor":6.0},{"not_picked":["EmptyBody","LikeWater"],"picked":"ReachHeaven","floor":8.0},{"not_picked":["Devotion","EmptyFist"],"picked":"Wireheading","floor":10.0},{"not_picked":["FollowUp","FlyingSleeves"],"picked":"Protect","floor":12.0},{"not_picked":["BowlingBash","Perseverance"],"picked":"JustLucky","floor":13.0},{"not_picked":["Devotion","DevaForm"],"picked":"Wish","floor":16.0},{"not_picked":["ClearTheMind","Conclude"],"picked":"FearNoEvil+1","floor":18.0},{"not_picked":["Consecrate","Study","FollowUp"],"picked":"SKIP","floor":19.0},{"not_picked":["Conclude","WaveOfTheHand+1"],"picked":"Vault","floor":22.0},{"not_picked":["CrushJoints","ReachHeaven"],"picked":"MentalFortress","floor":23.0},{"not_picked":["EmptyMind","CutThroughFate"],"picked":"Ragnarok","floor":25.0},{"not_picked":["FearNoEvil","InnerPeace"],"picked":"EmptyMind","floor":28.0},{"not_picked":["Judgement","Brilliance"],"picked":"LessonLearned","floor":33.0},{"not_picked":["Consecrate+1","BattleHymn"],"picked":"Adaptation","floor":35.0},{"not_picked":["BowlingBash","FollowUp"],"picked":"ClearTheMind+1","floor":37.0},{"not_picked":["SignatureMove","FearNoEvil","Adaptation"],"picked":"SKIP","floor":39.0},{"not_picked":["Prostrate","FollowUp"],"picked":"SandsOfTime","floor":40.0},{"not_picked":["FollowUp","PathToVictory"],"picked":"Halt","floor":41.0},{"not_picked":["Prostrate+1","Establishment","Indignation+1"],"picked":"SKIP","floor":45.0},{"not_picked":["Consecrate+1","EmptyFist+1"],"picked":"CrushJoints+1","floor":48.0},{"not_picked":["FlurryOfBlows+1","ConjureBlade","Halt"],"picked":"SKIP","floor":54}],"player_experience":295104,"relics_obtained":[{"floor":6.0,"key":"Bronze Scales"},{"floor":9.0,"key":"Tiny Chest"},{"floor":10.0,"key":"Blood Vial"},{"floor":13.0,"key":"Anchor"},{"floor":17.0,"key":"Regal Pillow"},{"floor":17.0,"key":"TeardropLocket"},{"floor":17.0,"key":"Peace Pipe"},{"floor":23.0,"key":"HornCleat"},{"floor":25.0,"key":"Pear"},{"floor":26.0,"key":"Lantern"},{"floor":28.0,"key":"InkBottle"},{"floor":29.0,"key":"FossilizedHelix"},{"floor":36.0,"key":"Art of War"},{"floor":45.0,"key":"Molten Egg 2"},{"floor":47.0,"key":"Akabeko"},{"floor":48.0,"key":"Omamori"},{"floor":54,"key":"Boot"}],"event_choices":[{"damage_healed":0.0,"max_hp_gain":0.0,"max_hp_loss":0.0,"gold_gain":0.0,"event_name":"Shining Light","player_choice":"Entered Light","floor":3.0,"gold_loss":0.0,"damage_taken":14.0,"cards_upgraded":["Strike_P","Eruption"]},{"damage_healed":0.0,"max_hp_gain":5.0,"max_hp_loss":0.0,"gold_gain":0.0,"event_name":"Big Fish","player_choice":"Donut","floor":5.0,"gold_loss":0.0,"damage_taken":0.0},{"damage_healed":0.0,"max_hp_gain":0.0,"max_hp_loss":0.0,"gold_gain":0.0,"event_name":"Scrap Ooze","player_choice":"Success","floor":14.0,"gold_loss":0.0,"damage_taken":3.0,"relics_obtained":["Yang"]},{"damage_healed":0.0,"max_hp_gain":0.0,"max_hp_loss":0.0,"gold_gain":0.0,"event_name":"The Mausoleum","player_choice":"Opened","floor":20.0,"gold_loss":0.0,"damage_taken":0.0,"relics_obtained":["War Paint"],"cards_obtained":["Writhe"]},{"damage_healed":0.0,"max_hp_gain":0.0,"max_hp_loss":0.0,"gold_gain":0.0,"event_name":"Upgrade Shrine","player_choice":"Upgraded","floor":21.0,"gold_loss":0.0,"damage_taken":0.0,"cards_upgraded":["Wish"]},{"damage_healed":0.0,"max_hp_gain":0.0,"max_hp_loss":0.0,"gold_gain":0.0,"event_name":"Wheel of Change","player_choice":"Relic","floor":36.0,"gold_loss":0.0,"damage_taken":0.0},{"damage_healed":0.0,"max_hp_gain":0.0,"max_hp_loss":0.0,"gold_gain":0.0,"event_name":"Upgrade Shrine","player_choice":"Upgraded","floor":38.0,"gold_loss":0.0,"damage_taken":0.0,"cards_upgraded":["Wireheading"]}],"is_beta":false,"boss_relics":[{"not_picked":["Ectoplasm","VioletLotus"],"picked":"Calling Bell"},{"not_picked":["Cursed Key","SacredBark"],"picked":"SlaversCollar"}],"items_purged_floors":[4,31],"is_endless":false,"potions_floor_spawned":[2,8,16,19,23,25,35,39,45,54],"killed_by":"The Heart","ascension_level":14}}