{"host":"l1pzlbpva2o8t11s","time":1614006005,"event":{"mods":["AchievementEnabler","BaseMod","Block Reminder","Colored Map","Minty Spire (QoL Compilation)","Random Character Button","Relic Stats","StSLib","The Jungle"],"gold_per_floor":[119,136,148,166,183,183,215,215,215,215,245,255,9,35,35,132,132,143,143,143,32,44,72,72,84,84,101,113,113,133,133,133],"floor_reached":31,"language":"ENG","playtime":1475,"items_purged":["Chill"],"score":282,"play_id":"8c76ad57-bb58-4c22-8355-d40df4c08e95","local_time":"20210222160005","is_ascension_mode":true,"campfire_choices":[{"data":"Loop","floor":6,"key":"SMITH"},{"floor":8,"key":"REST"},{"data":"Echo Form","floor":10,"key":"SMITH"},{"data":"Tempest","floor":15,"key":"SMITH"},{"floor":29,"key":"REST"}],"circlet_count":0,"master_deck":["Zap","Dualcast","Loop+1","Cold Snap","Rebound+1","Echo Form+1","Tempest+1","Thunder Strike","Creative AI","Biased Cognition","Buffer","Heatsinks","Barrage+1","Recycle","Capacitor","Defragment","Ball Lightning","Electrodynamics","Tempest+1"],"relics":["Cracked Core","NeowsBlessing","MealTicket","Cables","Pear","Anchor","Pandora\u0027s Box","Kunai","Whetstone"],"acts_visited":["Exordium","TheCity"],"potions_floor_usage":[4,16,25,27,31],"damage_taken":[{"damage":0,"enemies":"2 Louse","floor":1,"turns":1},{"damage":0,"enemies":"Small Slimes","floor":2,"turns":1},{"damage":0,"enemies":"Cultist","floor":3,"turns":1},{"damage":13,"enemies":"Lots of Slimes","floor":4,"turns":2},{"damage":8,"enemies":"Exordium Wildlife","floor":5,"turns":4},{"damage":34,"enemies":"Lagavulin","floor":7,"turns":7},{"damage":2,"enemies":"3 Louse","floor":12,"turns":3},{"damage":32,"enemies":"Gremlin Nob","floor":14,"turns":4},{"damage":31,"enemies":"Slime Boss","floor":16,"turns":5},{"damage":39,"enemies":"2 Thieves","floor":18,"turns":4},{"damage":6,"enemies":"Spheric Guardian","floor":22,"turns":3},{"damage":51,"enemies":"Book of Stabbing","floor":23,"turns":5},{"damage":18,"enemies":"Snake Plant","floor":25,"turns":4},{"damage":0,"enemies":"Cultist and Chosen","floor":27,"turns":3},{"damage":0,"enemies":"Chosen and Byrds","floor":28,"turns":3},{"damage":19,"enemies":"Sentry and Sphere","floor":30,"turns":3},{"damage":10,"enemies":"Centurion and Healer","floor":31,"turns":2}],"seed_played":"3320375970939021291","potions_obtained":[{"floor":1,"key":"PowerPotion"},{"floor":4,"key":"Energy Potion"},{"floor":7,"key":"BlessingOfTheForge"},{"floor":14,"key":"EssenceOfSteel"},{"floor":23,"key":"Regen Potion"}],"is_trial":false,"path_per_floor":["M","M","M","M","M","R","E","R","T","R","?","M","$","E","R","B",null,"M","?","?","$","M","E","$","M","T","M","M","R","M","M"],"character_chosen":"DEFECT","items_purchased":["Pear","Defragment"],"campfire_rested":2,"item_purchase_floors":[13,21],"current_hp_per_floor":[75,75,75,62,54,54,20,42,42,42,42,40,65,33,33,2,85,46,46,46,61,55,4,19,13,13,13,13,38,19,9,9],"gold":133,"neow_bonus":"THREE_ENEMY_KILL","is_daily":false,"chose_seed":false,"campfire_upgraded":3,"win_rate":0.0,"timestamp":1614006005,"path_taken":["M","M","M","M","M","R","E","R","T","R","?","M","$","E","R","BOSS","M","?","?","$","?","E","$","M","T","M","M","R","M","M"],"items_purchased_type":["Relic","Card"],"build_version":"2020-12-22","purchased_purges":1,"victory":false,"max_hp_per_floor":[75,75,75,75,75,75,75,75,75,75,75,75,85,85,85,85,85,85,85,85,85,85,85,85,85,85,85,85,85,85,85,85],"relic_stats":{"counters":[17,53],"MealTicket":45,"Pandora\u0027s Box":["Biased Cognition","Buffer","Heatsinks","Barrage","Darkness","Hyperbeam","Chill","Recycle"],"Kunai":[0],"Whetstone":["Barrage","Rebound"],"obtain_stats":[{"Anchor":14,"Pear":13,"NeowsBlessing":0,"MealTicket":7,"Pandora\u0027s Box":17,"Kunai":23,"Whetstone":26,"Cracked Core":0,"Cables":9},{"Anchor":8,"Pear":7,"NeowsBlessing":0,"MealTicket":6,"Pandora\u0027s Box":9,"Kunai":12,"Whetstone":13,"Cracked Core":0,"Cables":6},{"Anchor":22,"Pear":19,"NeowsBlessing":0,"MealTicket":16,"Pandora\u0027s Box":27,"Kunai":39,"Whetstone":42,"Cracked Core":0,"Cables":16}],"Cables":[34,33,1,0,0]},"card_choices":[{"not_picked":["Reinforced Body","Melter"],"picked":"Loop","floor":1},{"not_picked":["Conserve Battery","Streamline","Lockon"],"picked":"SKIP","floor":2},{"not_picked":["Blizzard","Go for the Eyes","Steam"],"picked":"SKIP","floor":3},{"not_picked":["Barrage","Coolheaded"],"picked":"Cold Snap","floor":4},{"not_picked":["Steam","Reprogram"],"picked":"Rebound","floor":5},{"not_picked":["Rebound","Leap"],"picked":"Echo Form","floor":7},{"not_picked":["Coolheaded","Undo"],"picked":"Tempest","floor":12},{"not_picked":["Gash","Redo"],"picked":"Thunder Strike","floor":14},{"not_picked":["Hyperbeam","Echo Form"],"picked":"Creative AI","floor":16},{"not_picked":["Barrage","Cold Snap"],"picked":"Capacitor","floor":18},{"not_picked":["Doom and Gloom","Turbo"],"picked":"Ball Lightning","floor":22},{"not_picked":["Barrage","Darkness+1"],"picked":"Electrodynamics","floor":23},{"not_picked":["Hello World","Redo","Steam Power"],"picked":"SKIP","floor":25},{"not_picked":["Barrage+1","Coolheaded+1","Beam Cell"],"picked":"SKIP","floor":27},{"not_picked":["Rebound","Chill+1","Reboot"],"picked":"SKIP","floor":28},{"not_picked":["Chill","Barrage"],"picked":"Tempest+1","floor":30}],"player_experience":198892,"relics_obtained":[{"floor":7,"key":"MealTicket"},{"floor":9,"key":"Cables"},{"floor":14,"key":"Anchor"},{"floor":23,"key":"Kunai"},{"floor":26,"key":"Whetstone"}],"event_choices":[{"damage_healed":0,"gold_gain":30,"player_choice":"Searched \u00271\u0027 times","damage_taken":0,"max_hp_gain":0,"max_hp_loss":0,"event_name":"Dead Adventurer","floor":11,"gold_loss":0},{"cards_removed":["Darkness"],"damage_healed":0,"gold_gain":0,"player_choice":"Elegance","damage_taken":0,"max_hp_gain":0,"max_hp_loss":0,"event_name":"Back to Basics","floor":19,"gold_loss":0},{"cards_removed":["Hyperbeam"],"damage_healed":0,"gold_gain":0,"player_choice":"Purged","damage_taken":0,"max_hp_gain":0,"max_hp_loss":0,"event_name":"Purifier","floor":20,"gold_loss":0}],"is_beta":false,"boss_relics":[{"not_picked":["Philosopher\u0027s Stone","Velvet Choker"],"picked":"Pandora\u0027s Box"}],"items_purged_floors":[21],"is_endless":false,"potions_floor_spawned":[1,4,7,14,23],"killed_by":"Centurion and Healer","ascension_level":1}}