{"host":"zwfzlkwql9nyrw94","time":1614031468,"event":{"mods":["AchievementEnabler","BaseMod","Colored Map","Grow up Mod","Highlight Path","Minty Spire (QoL Compilation)","Remove Card Discount Mod"],"gold_per_floor":[113,113,113,123,136,136,211,241,241,14,31,57,57,57,57,160,160,176,23,56,14,94,94,122,122,122,136,151,151,251,264,264,363,363,373,373,373,424,424],"floor_reached":38,"language":"ENG","playtime":1742,"items_purged":["Defend_G","Strike_G","Strike_G","Strike_G","Defend_G","Defend_G","Defend_G","Strike_G","Strike_G","Survivor"],"score":547,"play_id":"2a1359be-3b35-4e32-8de4-8efb6bebd767","local_time":"20210222160428","is_ascension_mode":true,"campfire_choices":[{"data":"Choke","floor":6.0,"key":"SMITH"},{"data":"1","floor":13.0,"key":"LIFT"},{"data":"2","floor":15.0,"key":"LIFT"},{"data":"3","floor":23,"key":"LIFT"},{"data":"Terror","floor":25,"key":"SMITH"},{"floor":29,"key":"DIG"},{"data":"After Image","floor":32,"key":"SMITH"}],"circlet_count":0,"master_deck":["Neutralize","Choke+1","Cloak And Dagger","Cloak And Dagger","Infinite Blades","Blade Dance","Phantasmal Killer","Cloak And Dagger","Blade Dance","Blade Dance","Terror+1","Escape Plan","After Image+1","Night Terror","Infinite Blades+1","Flash of Steel"],"relics":["Ring of the Snake","Torii","Bag of Marbles","Shovel","Sling","Girya","Black Star","Red Mask","Shuriken","FossilizedHelix","Tingsha","Ninja Scroll","Orichalcum","Calipers","White Beast Statue","SlaversCollar","Dead Branch"],"acts_visited":["Exordium","TheCity","TheBeyond"],"potions_floor_usage":[33],"damage_taken":[{"damage":0.0,"enemies":"Jaw Worm","floor":1.0,"turns":6.0},{"damage":0.0,"enemies":"Cultist","floor":4.0,"turns":3.0},{"damage":0.0,"enemies":"Small Slimes","floor":5.0,"turns":3.0},{"damage":35.0,"enemies":"Gremlin Nob","floor":8.0,"turns":6.0},{"damage":1.0,"enemies":"Exordium Wildlife","floor":11.0,"turns":3.0},{"damage":0.0,"enemies":"Lagavulin","floor":12.0,"turns":6.0},{"damage":10.0,"enemies":"Slime Boss","floor":16.0,"turns":6.0},{"damage":11.0,"enemies":"Spheric Guardian","floor":18.0,"turns":4.0},{"damage":1,"enemies":"Masked Bandits","floor":20,"turns":3},{"damage":18,"enemies":"Gremlin Leader","floor":24,"turns":3},{"damage":0,"enemies":"2 Thieves","floor":27,"turns":1},{"damage":0,"enemies":"Shelled Parasite and Fungi","floor":28,"turns":1},{"damage":0,"enemies":"Colosseum Slavers","floor":30,"turns":1},{"damage":0,"enemies":"Colosseum Nobs","floor":30,"turns":1},{"damage":0,"enemies":"Snake Plant","floor":31,"turns":2},{"damage":0,"enemies":"Automaton","floor":33,"turns":5},{"damage":0,"enemies":"3 Darklings","floor":35,"turns":2},{"damage":8,"enemies":"2 Orb Walkers","floor":38,"turns":3}],"seed_played":"-3093217947947989217","potions_obtained":[{"floor":1.0,"key":"DuplicationPotion"},{"floor":11.0,"key":"SkillPotion"},{"floor":12.0,"key":"Swift Potion"},{"floor":16.0,"key":"EssenceOfSteel"},{"floor":18.0,"key":"FearPotion"},{"floor":24,"key":"Explosive Potion"},{"floor":31,"key":"SkillPotion"},{"floor":33,"key":"SteroidPotion"},{"floor":35,"key":"SkillPotion"}],"is_trial":false,"path_per_floor":["M","?","?","M","M","R","?","E","T","$","M","E","R","?","R","B",null,"M","$","?","$","T","R","E","R","T","M","M","R","?","M","R","B",null,"M","?","?","?"],"character_chosen":"THE_SILENT","items_purchased":["Sling","Blade Dance","Blade Dance"],"campfire_rested":0,"item_purchase_floors":[10,19,21],"current_hp_per_floor":[77,82,82,82,82,82,71,36,36,36,35,35,35,28,28,18,82,71,71,80,90,100,110,102,112,122,132,142,152,162,172,182,192,232,242,252,262,254,254],"gold":424,"neow_bonus":"TEN_PERCENT_HP_BONUS","is_daily":false,"chose_seed":false,"campfire_upgraded":3,"win_rate":0.0,"timestamp":1614031468,"path_taken":["M","?","?","M","?","R","?","E","T","?","M","E","R","?","R","BOSS","M","$","?","?","?","R","E","R","T","M","M","R","?","M","R","BOSS","M","?","?","?"],"items_purchased_type":["Relic","Card","Card"],"build_version":"2020-12-22","purchased_purges":10,"victory":false,"max_hp_per_floor":[77,82,82,82,82,82,82,82,82,82,82,82,82,82,82,82,82,82,82,92,102,112,122,132,142,152,162,172,182,192,202,212,222,232,242,252,262,262,262],"card_choices":[{"not_picked":["Dash","Bane"],"picked":"Choke","floor":1.0},{"not_picked":["Sucker Punch","Dodge and Roll"],"picked":"Cloak And Dagger","floor":4.0},{"not_picked":["Poisoned Stab","Tactician"],"picked":"Cloak And Dagger","floor":5.0},{"not_picked":["Leg Sweep","Poisoned Stab"],"picked":"Slice","floor":8.0},{"not_picked":["Sucker Punch","Noxious Fumes"],"picked":"Infinite Blades","floor":11.0},{"not_picked":["Bouncing Flask","Calculated Gamble"],"picked":"Blade Dance","floor":12.0},{"not_picked":["Grand Finale","Night Terror"],"picked":"Phantasmal Killer","floor":16.0},{"not_picked":["Escape Plan","All Out Attack"],"picked":"Cloak And Dagger","floor":18.0},{"not_picked":["Sucker Punch+1","Quick Slash"],"picked":"Terror","floor":24},{"not_picked":["Caltrops","Bouncing Flask"],"picked":"Escape Plan","floor":27},{"not_picked":["Tactician","Dagger Throw+1","Poisoned Stab+1"],"picked":"SKIP","floor":28},{"not_picked":["Dodge and Roll+1","Sucker Punch+1"],"picked":"After Image","floor":31},{"not_picked":["Tools of the Trade","Wraith Form v2"],"picked":"Night Terror","floor":33},{"not_picked":["Flying Knee","Deflect"],"picked":"Infinite Blades+1","floor":35},{"not_picked":["Transmutation","Blind"],"picked":"Flash of Steel","floor":37}],"player_experience":176142,"relics_obtained":[{"floor":8.0,"key":"Bag of Marbles"},{"floor":9.0,"key":"Shovel"},{"floor":12.0,"key":"Girya"},{"floor":20,"key":"Red Mask"},{"floor":22,"key":"Shuriken"},{"floor":24,"key":"FossilizedHelix"},{"floor":24,"key":"Tingsha"},{"floor":26,"key":"Ninja Scroll"},{"floor":29,"key":"Orichalcum"},{"floor":30,"key":"Calipers"},{"floor":30,"key":"White Beast Statue"},{"floor":38,"key":"Dead Branch"}],"event_choices":[{"damage_healed":0.0,"max_hp_gain":5.0,"max_hp_loss":0.0,"gold_gain":0.0,"event_name":"Big Fish","player_choice":"Donut","floor":2.0,"gold_loss":0.0,"damage_taken":0.0},{"damage_healed":0.0,"max_hp_gain":0.0,"max_hp_loss":0.0,"gold_gain":0.0,"event_name":"WeMeetAgain","player_choice":"Gave Potion","floor":3.0,"gold_loss":0.0,"damage_taken":0.0,"relics_obtained":["Torii"]},{"damage_healed":0.0,"max_hp_gain":0.0,"max_hp_loss":0.0,"gold_gain":75.0,"event_name":"World of Goop","player_choice":"Gather Gold","floor":7.0,"gold_loss":0.0,"damage_taken":11.0},{"cards_removed":["Defend_G"],"damage_healed":0.0,"max_hp_gain":0.0,"max_hp_loss":0.0,"gold_gain":0.0,"event_name":"Golden Wing","player_choice":"Card Removal","floor":14.0,"gold_loss":0.0,"damage_taken":7.0},{"damage_healed":0,"gold_gain":0,"player_choice":"Fought Bandits","damage_taken":0,"max_hp_gain":0,"max_hp_loss":0,"event_name":"Masked Bandits","floor":20,"gold_loss":0},{"damage_healed":0,"gold_gain":0,"player_choice":"Fight","damage_taken":0,"max_hp_gain":0,"max_hp_loss":0,"event_name":"Colosseum","floor":30,"gold_loss":0},{"damage_healed":0,"gold_gain":0,"player_choice":"Fought Nobs","damage_taken":0,"max_hp_gain":0,"max_hp_loss":0,"event_name":"Colosseum","floor":30,"gold_loss":0},{"cards_removed":["Slice"],"damage_healed":0,"gold_gain":0,"player_choice":"Removed Attack","damage_taken":0,"max_hp_gain":0,"max_hp_loss":0,"event_name":"Falling","floor":36,"gold_loss":0},{"damage_healed":0,"gold_gain":0,"player_choice":"Memory 1","damage_taken":0,"max_hp_gain":0,"max_hp_loss":0,"event_name":"SensoryStone","floor":37,"gold_loss":0},{"damage_healed":0,"gold_gain":0,"player_choice":"Fight","damage_taken":0,"max_hp_gain":0,"max_hp_loss":0,"event_name":"Mysterious Sphere","floor":38,"gold_loss":0}],"is_beta":false,"boss_relics":[{"not_picked":["Pandora\u0027s Box","Cursed Key"],"picked":"Black Star"},{"not_picked":["Busted Crown","Tiny House"],"picked":"SlaversCollar"}],"items_purged_floors":[10,19,21,21,21,21,21,21,21,21],"is_endless":false,"potions_floor_spawned":[1,11,12,16,18,24,30,31,33,35,38],"killed_by":"2 Orb Walkers","ascension_level":1}}