{"host":"ec2wu4mdnvke243f","time":1614014982,"event":{"mods":["2.2 Compatiblity","AchievementEnabler","BaseMod","Defuse TimeMaze Blight","Downfall","Hermit","Infinite Spire","Minty Spire (QoL Compilation)","StSLib","The Cursed","The Disciple","The Jungle","The Servant 0.9.4"],"gold_per_floor":[112,112,112,112,132,173,197,197,269,269,444,219,244,244,244,365,365,383,383,383,409,409,409,450,450,477,477,477,477,501,551,551,691,691,717,744,744,744,770,810,810,810,835,888,888,888,888,888,888,922],"floor_reached":51,"language":"POL","playtime":2914,"items_purged":["Doubt"],"score":919,"play_id":"e67710da-d0c2-4416-812d-1e3b7e45d4ac","local_time":"20210222182942","daily_mods":["Colorless Cards","Flight"],"is_ascension_mode":true,"campfire_choices":[{"floor":10,"key":"REST"},{"data":"hermit:Showdown","floor":15,"key":"SMITH"},{"data":"hermit:WideOpen","floor":23,"key":"SMITH"},{"floor":25,"key":"REST"},{"floor":28,"key":"REST"},{"data":"hermit:Maintenance","floor":32,"key":"SMITH"},{"data":"infinitespire:TheBestDefense","floor":41,"key":"SMITH"},{"floor":45,"key":"REST"},{"data":"hermit:Covet","floor":49,"key":"SMITH"}],"circlet_count":0,"master_deck":["hermit:Strike_Hermit+1","hermit:Strike_Hermit+1","hermit:Strike_Hermit+1","hermit:Strike_Hermit+1","hermit:Defend_Hermit+1","hermit:Defend_Hermit+1","hermit:Defend_Hermit+1","hermit:Defend_Hermit+1","hermit:Snapshot","hermit:Covet+1","hermit:Showdown+1","Injury","hermit:Quickdraw","Good Instincts","hermit:WideOpen+1","hermit:Roughhouse","hermit:Headshot","hermit:Maintenance+1","infinitespire:Starlight","infinitespire:TheBestDefense+1","Dark Shackles","Shame","Decay","infinitespire:Collect","Secret Weapon","hermit:BodyArmor+1","Bandage Up","Writhe"],"relics":["hermit:ClaspedLocket","Golden Idol","Tiny Chest","hermit:Horseshoe","hexamod:BolsterEngine","Slimebound:StickyStick","sneckomod:BlankCard","Gremlin Horn","Guardian:PocketSentry","infinitespire:Midas Blood","infinitespire:Beetle Shell","Philosopher\u0027s Stone","Guardian:GemstoneGun","Juzu Bracelet","Akabeko","bronze:BronzeIdol","MealTicket","Slimebound:PreparedRelic"],"acts_visited":["Exordium","TheCity","TheBeyond"],"potions_floor_usage":[6,16,24,24,30,33,33,40],"damage_taken":[{"damage":0,"enemies":"2 Louse","floor":1,"turns":2},{"damage":0,"enemies":"Small Slimes","floor":5,"turns":3},{"damage":30,"enemies":"Lagavulin","floor":6,"turns":7},{"damage":0,"enemies":"Cultist","floor":7,"turns":4},{"damage":33,"enemies":"Hexaghost","floor":16,"turns":10},{"damage":4,"enemies":"Chosen","floor":18,"turns":5},{"damage":61,"enemies":"Gremlin Leader","floor":24,"turns":5},{"damage":7,"enemies":"Shell Parasite","floor":30,"turns":4},{"damage":48,"enemies":"Collector","floor":33,"turns":9},{"damage":1,"enemies":"Orb Walker","floor":35,"turns":3},{"damage":16,"enemies":"3 Darklings","floor":36,"turns":6},{"damage":0,"enemies":"Nemesis","floor":40,"turns":1},{"damage":52,"enemies":"Reptomancer","floor":44,"turns":4},{"damage":69,"enemies":"Donu and Deca","floor":50,"turns":15}],"seed_played":"2894827670448240816","potions_obtained":[{"floor":1,"key":"champ:CounterPotion"},{"floor":4,"key":"EntropicBrew"},{"floor":4,"key":"Slimebound:ThreeZeroPotion"},{"floor":6,"key":"Explosive Potion"},{"floor":18,"key":"Ancient Potion"},{"floor":36,"key":"Swift Potion"}],"is_trial":true,"path_per_floor":["M","?","?","?","M","E","M","?","T","R","?","$","T","?","R","B",null,"M","?","?","T","?","R","E","R","T","T","R","AVR","M","T","R","B",null,"M","M","?","T","T","E","R","?","T","E","R","?","?","T","R","B",null],"character_chosen":"HERMIT","items_purchased":["hexamod:BolsterEngine"],"campfire_rested":4,"item_purchase_floors":[12],"current_hp_per_floor":[75,75,75,75,75,45,45,45,45,67,67,67,67,67,67,34,75,71,71,71,71,71,71,10,32,32,32,54,54,56,56,56,18,75,74,68,68,68,68,68,68,68,68,17,39,39,58,58,58,3],"gold":922,"neow_bonus":"","is_daily":false,"chose_seed":false,"campfire_upgraded":5,"win_rate":0.0,"timestamp":1614014982,"path_taken":["M","?","?","?","?","E","M","?","T","R","?","?","?","?","R","BOSS","M","?","?","?","?","R","E","R","T","?","R","AVR","?","?","R","BOSS","M","?","?","?","?","E","R","?","T","E","R","?","?","?","R","BOSS"],"items_purchased_type":["Relic"],"build_version":"2020-12-22","purchased_purges":1,"victory":true,"max_hp_per_floor":[75,75,75,75,75,75,75,75,75,75,75,75,75,75,75,75,75,75,75,75,75,75,75,75,75,75,75,75,75,75,75,75,75,75,75,75,75,75,75,75,75,75,75,75,75,75,75,75,75,75],"card_choices":[{"not_picked":["hermit:Spite","hermit:SprayPray"],"picked":"hermit:Showdown","floor":1},{"not_picked":["hermit:LoneWolf","hermit:Showdown"],"picked":"hermit:Quickdraw","floor":5},{"not_picked":["hermit:HoleUp","Chrysalis"],"picked":"Good Instincts","floor":6},{"not_picked":["Enlightenment","hermit:LuckOfTheDraw"],"picked":"hermit:WideOpen","floor":7},{"not_picked":["hermit:Purgatory","Chrysalis"],"picked":"hermit:Roughhouse","floor":16},{"not_picked":["hermit:Glare","hermit:LowProfile"],"picked":"hermit:Headshot","floor":18},{"not_picked":["Good Instincts","hermit:Snipe"],"picked":"hermit:Maintenance","floor":24},{"not_picked":["hermit:LuckOfTheDraw+1","PanicButton+1"],"picked":"Dark Shackles","floor":30},{"not_picked":["hermit:Midnight+1","hermit:Glare","hermit:LowProfile+1"],"picked":"SKIP","floor":35},{"not_picked":["hermit:Roulette+1","hermit:TrackingShot","hermit:LuckOfTheDraw"],"picked":"SKIP","floor":36},{"not_picked":["infinitespire:Execution","infinitespire:NeuralNetwork"],"picked":"infinitespire:Collect","floor":37},{"not_picked":["hermit:Feint","hermit:Ricochet"],"picked":"Secret Weapon","floor":40},{"not_picked":["hermit:FullyLoaded","hermit:TrackingShot+1"],"picked":"hermit:BodyArmor+1","floor":44},{"not_picked":["The Bomb","Dark Shackles"],"picked":"Bandage Up","floor":46}],"player_experience":605242,"relics_obtained":[{"floor":6,"key":"Tiny Chest"},{"floor":9,"key":"hermit:Horseshoe"},{"floor":13,"key":"Slimebound:StickyStick"},{"floor":21,"key":"sneckomod:BlankCard"},{"floor":24,"key":"Gremlin Horn"},{"floor":26,"key":"Guardian:PocketSentry"},{"floor":27,"key":"infinitespire:Midas Blood"},{"floor":31,"key":"infinitespire:Beetle Shell"},{"floor":38,"key":"Guardian:GemstoneGun"},{"floor":39,"key":"Juzu Bracelet"},{"floor":40,"key":"Akabeko"},{"floor":43,"key":"bronze:BronzeIdol"},{"floor":44,"key":"MealTicket"},{"floor":48,"key":"Slimebound:PreparedRelic"}],"event_choices":[{"damage_healed":0,"gold_gain":0,"player_choice":"Take Wound","damage_taken":0,"relics_obtained":["Golden Idol"],"max_hp_gain":0,"max_hp_loss":0,"event_name":"Golden Idol","floor":2,"gold_loss":0,"cards_obtained":["Injury"]},{"damage_healed":0,"gold_gain":0,"player_choice":"Got Potions","damage_taken":0,"max_hp_gain":0,"max_hp_loss":0,"event_name":"Lab","floor":4,"gold_loss":0},{"damage_healed":0,"gold_gain":0,"player_choice":"Ignored","damage_taken":0,"max_hp_gain":0,"max_hp_loss":0,"event_name":"Shining Light","floor":8,"gold_loss":0},{"damage_healed":0,"gold_gain":175,"player_choice":"AGREE","damage_taken":0,"max_hp_gain":0,"max_hp_loss":0,"event_name":"Liars Game","floor":11,"gold_loss":0,"cards_obtained":["Doubt"]},{"damage_healed":0,"gold_gain":0,"player_choice":"Leave","damage_taken":0,"max_hp_gain":0,"max_hp_loss":0,"event_name":"The Cleric","floor":14,"gold_loss":0},{"damage_healed":0,"gold_gain":0,"player_choice":"Simplicity","damage_taken":0,"max_hp_gain":0,"max_hp_loss":0,"event_name":"Back to Basics","floor":19,"gold_loss":0,"cards_upgraded":["hermit:Strike_Hermit","hermit:Strike_Hermit","hermit:Strike_Hermit","hermit:Strike_Hermit","hermit:Defend_Hermit","hermit:Defend_Hermit","hermit:Defend_Hermit","hermit:Defend_Hermit"]},{"damage_healed":0,"gold_gain":0,"player_choice":"Ignored","damage_taken":0,"max_hp_gain":0,"max_hp_loss":0,"event_name":"Vampires","floor":20,"gold_loss":0},{"damage_healed":0,"gold_gain":0,"player_choice":"Ignored","damage_taken":0,"max_hp_gain":0,"max_hp_loss":0,"event_name":"Ghosts","floor":22,"gold_loss":0},{"damage_healed":0,"gold_gain":0,"player_choice":"Ignored","damage_taken":0,"max_hp_gain":0,"max_hp_loss":0,"event_name":"Tomb of Lord Red Mask","floor":42,"gold_loss":0},{"damage_healed":0,"gold_gain":0,"player_choice":"Memory 1","damage_taken":0,"max_hp_gain":0,"max_hp_loss":0,"event_name":"SensoryStone","floor":46,"gold_loss":0},{"damage_healed":19,"gold_gain":0,"player_choice":"Writhe","damage_taken":0,"max_hp_gain":0,"max_hp_loss":0,"event_name":"Winding Halls","floor":47,"gold_loss":0,"cards_obtained":["Writhe"]}],"is_beta":false,"boss_relics":[{"not_picked":["sneckomod:SneckoTalon","Snecko Eye"],"picked":"hermit:ClaspedLocket"},{"not_picked":["Sozu","SacredBark"],"picked":"Philosopher\u0027s Stone"}],"items_purged_floors":[12],"is_endless":false,"potions_floor_spawned":[1,6,18,36],"ascension_level":1}}