{"host":"zyco7k3wn5zcc8b6","time":1614018747,"event":{"mods":["Aspiration","BaseMod","Colored Map","Conspire","Custom Start","Hubris","Infinite Spire","Minty Spire (QoL Compilation)","Relic Filter","Replay The Spire","Shop Mod","StSLib","Trackpad"],"gold_per_floor":[118,129,129,129,204,204,216,249,249,249,266,108,122,153,153,225,225,236,249,268,285,158,158,175,175,175,187,212,212,240,260,260,331,331,345,365,378,40,57,57,71,71,71,96,96,121,121,132,132,132,132],"floor_reached":52,"language":"ENG","playtime":4277,"items_purged":[],"score":1782,"play_id":"15de7ce1-1eae-4e1f-af1d-bed655b0034a","local_time":"20210222223227","daily_mods":["Vintage","DeadlyEvents"],"is_ascension_mode":true,"campfire_choices":[{"floor":6,"key":"REST"},{"floor":15,"key":"REST"},{"data":"Defragment","floor":23,"key":"SMITH"},{"data":"Buffer","floor":32,"key":"SMITH"},{"data":"hubris:DuctTapeCard","floor":40,"key":"SMITH"},{"data":"Blizzard+1","floor":47,"key":"SMITH"},{"data":"hubris:DuctTapeCard+4","floor":49,"key":"SMITH"}],"circlet_count":0,"master_deck":["Defragment+1","Conserve Battery","Conserve Battery","Glacier+1","Cold Snap+1","Cold Snap","Blizzard+1","Blizzard+2","hubris:DuctTapeCard+6","Buffer+1","Creative AI+1"],"relics":["Cracked Core","trackpad:IceCube","Replay:Kaleidoscope","aspiration:EnhancedActuators","CaptainsWheel","Lantern","Cables","Whetstone","DataDisk","hubris:DuctTape","hubris:HollowSoul","Orichalcum","Singing Bowl","Potion Belt","Unceasing Top","MerchantsRug","conspire:Boomerang","MutagenicStrength","infinitespire:Bottled Soul","Bronze Scales","infinitespire:BottledMercury","hubris:Towel","Akabeko","infinitespire:Lychee Nut","aspiration:PoetsPen","Tiny Chest","Gremlin Horn","Counterbalance","conspire:InfiniteJournal","Guide Book","Replay:Bottled Flurry","Blood Vial","infinitespire:SolderingIron","Replay:Baseball","PrismaticShard","hubris:ScarierMask","hubris:BallOfYels","Vajra"],"acts_visited":["Exordium","TheCity","TheBeyond"],"potions_floor_usage":[41,44,51],"damage_taken":[{"damage":0,"enemies":"2 Louse","floor":1,"turns":4},{"damage":2,"enemies":"Small Slimes","floor":2,"turns":5},{"damage":0,"enemies":"conspire:RoseBush","floor":7,"turns":4},{"damage":11,"enemies":"3 Sentries","floor":8,"turns":8},{"damage":3,"enemies":"conspire:2 RoseBushes","floor":11,"turns":4},{"damage":0,"enemies":"2 Fungi Beasts","floor":13,"turns":3},{"damage":0,"enemies":"Gremlin Nob","floor":14,"turns":4},{"damage":2,"enemies":"The Guardian","floor":16,"turns":9},{"damage":16,"enemies":"2 Thieves","floor":18,"turns":4},{"damage":0,"enemies":"Spheric Guardian","floor":19,"turns":4},{"damage":0,"enemies":"3 Cultists","floor":20,"turns":4},{"damage":0,"enemies":"Cultist and Chosen","floor":21,"turns":6},{"damage":0,"enemies":"Snecko","floor":24,"turns":7},{"damage":0,"enemies":"3 Cultists","floor":27,"turns":3},{"damage":0,"enemies":"Replay:Snechameleon","floor":28,"turns":6},{"damage":12,"enemies":"Slavers","floor":30,"turns":4},{"damage":0,"enemies":"Snake Plant","floor":31,"turns":3},{"damage":0,"enemies":"Automaton","floor":33,"turns":10},{"damage":38,"enemies":"3 Shapes","floor":35,"turns":4},{"damage":0,"enemies":"Orb Walker","floor":36,"turns":3},{"damage":0,"enemies":"Maw","floor":37,"turns":9},{"damage":32,"enemies":"3 Darklings","floor":39,"turns":4},{"damage":22,"enemies":"Jaw Worm Horde","floor":41,"turns":3},{"damage":6,"enemies":"R_Hoarder","floor":44,"turns":9},{"damage":0,"enemies":"Giant Head","floor":46,"turns":8},{"damage":0,"enemies":"Transient","floor":48,"turns":6},{"damage":6,"enemies":"Replay:Hell Engine","floor":50,"turns":8},{"damage":13,"enemies":"conspire:OrnateMirror","floor":51,"turns":9}],"seed_played":"1791307941973807831","potions_obtained":[{"floor":1,"key":"ColorlessPotion"},{"floor":7,"key":"Reflective Coating"},{"floor":21,"key":"Weak Potion"},{"floor":24,"key":"FairyPotion"}],"is_trial":true,"path_per_floor":["M","M","?","?","?","R","M","E","T","T","M","$","M","E","R","B",null,"M","M","M","M","$","R","M","?","T","M","E","?","E","M","R","B",null,"M","M","M","$","M","R","M","?","T","E","AVR","E","R","M","R","B","B",null],"character_chosen":"DEFECT","items_purchased":["Whetstone","MerchantsRug","conspire:InfiniteJournal","Guide Book"],"campfire_rested":2,"item_purchase_floors":[12,22,38,38],"current_hp_per_floor":[64,62,62,41,30,51,51,40,40,40,37,37,37,37,58,56,67,51,51,51,51,51,51,51,51,51,51,53,53,43,43,43,49,54,21,26,32,32,6,6,18,21,21,30,30,40,40,48,48,50,45],"gold":132,"neow_bonus":"","is_daily":false,"chose_seed":false,"campfire_upgraded":5,"win_rate":0.0,"timestamp":1614018747,"path_taken":["M","M","?","?","?","R","M","?","T","?","M","$","?","?","R","BOSS","M","M","M","M","$","R","M","?","T","M","E","?","E","M","R","BOSS","M","M","M","$","M","R","M","?","T","E","AVR","E","R","M","R","BOSS","BOSS"],"items_purchased_type":["Relic","Relic","Relic","Relic"],"build_version":"2020-12-22","purchased_purges":0,"victory":true,"max_hp_per_floor":[71,71,71,71,71,71,71,71,71,71,71,71,71,71,71,71,71,71,71,71,71,71,71,71,71,71,71,73,73,75,56,56,56,56,56,56,56,56,56,56,56,56,56,58,58,60,60,60,60,60,60],"card_choices":[{"not_picked":["Rebound","ReplayTheSpireMod:System Scan","Leap"],"picked":"SKIP","floor":8},{"not_picked":["Undo","ReplayTheSpireMod:Repulse","Thunder Strike"],"picked":"SKIP","floor":14},{"not_picked":["Meteor Strike","Rainbow"],"picked":"Buffer","floor":16},{"not_picked":["Darkness","Redo","Sweeping Beam"],"picked":"Singing Bowl","floor":28},{"not_picked":["Steam","Ball Lightning","ReplaySolidLightProjector"],"picked":"Singing Bowl","floor":30},{"not_picked":["Meteor Strike","Multi-Cast"],"picked":"Creative AI","floor":33},{"not_picked":["ReplaySort","Coolheaded","conspire:SharedLibrary"],"picked":"Singing Bowl","floor":44},{"not_picked":["DeusExMachina","Wallop","Riddle With Holes"],"picked":"Singing Bowl","floor":46}],"player_experience":403327,"relics_obtained":[{"floor":1,"key":"trackpad:IceCube"},{"floor":2,"key":"Replay:Kaleidoscope"},{"floor":7,"key":"aspiration:EnhancedActuators"},{"floor":8,"key":"CaptainsWheel"},{"floor":9,"key":"Lantern"},{"floor":10,"key":"Replay:Mystery Machine"},{"floor":11,"key":"Cables"},{"floor":13,"key":"DataDisk"},{"floor":14,"key":"hubris:DuctTape"},{"floor":18,"key":"Orichalcum"},{"floor":19,"key":"Singing Bowl"},{"floor":20,"key":"Potion Belt"},{"floor":21,"key":"Unceasing Top"},{"floor":24,"key":"conspire:Boomerang"},{"floor":26,"key":"infinitespire:Bottled Soul"},{"floor":27,"key":"Bronze Scales"},{"floor":28,"key":"infinitespire:BottledMercury"},{"floor":30,"key":"Akabeko"},{"floor":31,"key":"infinitespire:Lychee Nut"},{"floor":35,"key":"Tiny Chest"},{"floor":36,"key":"Gremlin Horn"},{"floor":37,"key":"Counterbalance"},{"floor":39,"key":"Replay:Bottled Flurry"},{"floor":41,"key":"Blood Vial"},{"floor":43,"key":"infinitespire:SolderingIron"},{"floor":44,"key":"Replay:Baseball"},{"floor":46,"key":"hubris:BallOfYels"},{"floor":48,"key":"Vajra"}],"event_choices":[{"damage_healed":0,"gold_gain":0,"player_choice":"Entered Light","damage_taken":21,"max_hp_gain":0,"max_hp_loss":0,"event_name":"Shining Light","floor":4,"gold_loss":0,"cards_upgraded":["Blizzard","Defragment"]},{"damage_healed":0,"gold_gain":75,"player_choice":"Gather Gold","damage_taken":11,"max_hp_gain":0,"max_hp_loss":0,"event_name":"World of Goop","floor":5,"gold_loss":0},{"damage_healed":0,"gold_gain":0,"player_choice":"Inject Mutagens","damage_taken":0,"relics_obtained":["MutagenicStrength"],"max_hp_gain":0,"max_hp_loss":0,"event_name":"Drug Dealer","floor":25,"gold_loss":0}],"is_beta":false,"boss_relics":[{"not_picked":["aspiration:RunicSpoon","Replay:Bronze Core"],"picked":"hubris:HollowSoul"},{"not_picked":["Ring of Chaos","Coffee Dripper"],"picked":"aspiration:PoetsPen"}],"items_purged_floors":[],"is_endless":false,"potions_floor_spawned":[1,7,16,19,21,24,30,31,35,36,39],"ascension_level":20}}