{"host":"3n5xmnb54n2y5mb4","time":1614025568,"event":{"mods":["BaseMod","Colored Map","Colored Powertips","Minty Spire (QoL Compilation)","Permanent Neow","StSLib","Unceasing Turn Reminder","everything is the same but u backflip on backflip"],"gold_per_floor":[10,28,28,28,43,85,108,292,316,316,329,329,368,78,78,183,183,206,215,265,2,25,25,25],"floor_reached":23,"language":"ENG","playtime":916,"items_purged":["Doubt","Strike_B"],"score":318,"play_id":"fa4f7068-5eff-437c-9475-de1c72cb89d4","local_time":"20210222152608","is_ascension_mode":true,"campfire_choices":[{"floor":10,"key":"REST"},{"floor":12,"key":"REST"},{"floor":15,"key":"REST"}],"circlet_count":0,"master_deck":["AscendersBane","Strike_B","Strike_B","Strike_B","Defend_B","Defend_B","Defend_B","Defend_B","Zap+1","Dualcast","White Noise","Stack","Aggregate","Echo Form","Undo","Skim","Panacea","Meteor Strike","Darkness","Turbo","Turbo","Force Field"],"relics":["Cracked Core","TungstenRod","Lantern","CeramicFish","Toy Ornithopter","Oddly Smooth Stone","DataDisk","SacredBark","ClockworkSouvenir"],"acts_visited":["Exordium","TheCity"],"potions_floor_usage":[11,13],"damage_taken":[{"damage":6,"enemies":"Jaw Worm","floor":1,"turns":4},{"damage":11,"enemies":"Small Slimes","floor":2,"turns":3},{"damage":0,"enemies":"Cultist","floor":5,"turns":2},{"damage":31,"enemies":"Lagavulin","floor":6,"turns":7},{"damage":0,"enemies":"Large Slime","floor":7,"turns":4},{"damage":7,"enemies":"Exordium Thugs","floor":11,"turns":5},{"damage":14,"enemies":"3 Sentries","floor":13,"turns":8},{"damage":9,"enemies":"Slime Boss","floor":16,"turns":10},{"damage":11,"enemies":"Chosen","floor":18,"turns":5},{"damage":15,"enemies":"3 Byrds","floor":22,"turns":5},{"damage":43,"enemies":"Book of Stabbing","floor":23,"turns":5}],"seed_played":"6938807167850050924","potions_obtained":[{"floor":5,"key":"GamblersBrew"},{"floor":6,"key":"Energy Potion"},{"floor":7,"key":"ColorlessPotion"},{"floor":18,"key":"SpeedPotion"}],"is_trial":false,"path_per_floor":["M","M","?","?","M","E","M","?","T","R","M","R","E","$","R","B",null,"M","?","?","$","M","E"],"character_chosen":"DEFECT","items_purchased":["DataDisk","Panacea","ClockworkSouvenir","Turbo"],"campfire_rested":3,"item_purchase_floors":[14,14,21,21],"current_hp_per_floor":[62,51,51,37,37,6,6,6,6,28,26,48,39,39,61,52,69,58,58,58,58,43,0,0],"gold":25,"neow_bonus":"ONE_RARE_RELIC","is_daily":false,"chose_seed":false,"campfire_upgraded":0,"win_rate":0.0,"timestamp":1614025568,"path_taken":["M","M","?","?","M","E","M","?","T","R","M","R","E","$","R","BOSS","M","?","?","$","M","E"],"items_purchased_type":["Relic","Card","Relic","Card"],"build_version":"2020-12-22","purchased_purges":2,"victory":false,"max_hp_per_floor":[75,75,75,75,75,75,75,75,75,75,75,75,75,75,75,75,75,75,75,75,75,75,75,75],"card_choices":[{"not_picked":["Ball Lightning","Leap"],"picked":"White Noise","floor":1},{"not_picked":["Go for the Eyes","Redo"],"picked":"Stack","floor":2},{"not_picked":["Redo","Genetic Algorithm"],"picked":"Aggregate","floor":5},{"not_picked":["Heatsinks","Cold Snap"],"picked":"Echo Form","floor":6},{"not_picked":["Hologram","Ball Lightning"],"picked":"Undo","floor":7},{"not_picked":["Sweeping Beam","Blizzard","Go for the Eyes"],"picked":"SKIP","floor":11},{"not_picked":["Go for the Eyes","Consume"],"picked":"Skim","floor":13},{"not_picked":["Buffer","Fission"],"picked":"Meteor Strike","floor":16},{"not_picked":["Rip and Tear","Beam Cell"],"picked":"Darkness","floor":18},{"not_picked":["Redo","Stack"],"picked":"Force Field","floor":22}],"player_experience":1002149,"relics_obtained":[{"floor":6,"key":"CeramicFish"},{"floor":9,"key":"Toy Ornithopter"},{"floor":13,"key":"Oddly Smooth Stone"}],"event_choices":[{"damage_healed":0,"gold_gain":0,"player_choice":"Grow","damage_taken":0,"max_hp_gain":0,"max_hp_loss":0,"event_name":"Living Wall","floor":3,"gold_loss":0,"cards_upgraded":["Zap"]},{"damage_healed":0,"gold_gain":0,"player_choice":"Success","damage_taken":18,"relics_obtained":["Lantern"],"max_hp_gain":0,"max_hp_loss":0,"event_name":"Scrap Ooze","floor":4,"gold_loss":0},{"damage_healed":0,"gold_gain":175,"player_choice":"AGREE","damage_taken":0,"max_hp_gain":0,"max_hp_loss":0,"event_name":"Liars Game","floor":8,"gold_loss":0,"cards_obtained":["Doubt"]},{"damage_healed":0,"gold_gain":0,"player_choice":"Read","damage_taken":0,"max_hp_gain":0,"max_hp_loss":0,"event_name":"The Library","floor":19,"gold_loss":0,"cards_obtained":["Turbo"]},{"damage_healed":0,"gold_gain":100,"player_choice":"Bet on Murderer","damage_taken":0,"max_hp_gain":0,"max_hp_loss":0,"event_name":"The Joust","floor":20,"gold_loss":50}],"is_beta":false,"boss_relics":[{"not_picked":["Sozu","Busted Crown"],"picked":"SacredBark"}],"items_purged_floors":[14,21],"is_endless":false,"potions_floor_spawned":[5,6,7,18],"killed_by":"Book of Stabbing","ascension_level":12}}