{"host":"1bux2ns9kwx2qu1n","time":1614024277,"event":{"mods":["BaseMod","Colored Map","Colored Powertips","Hermit","Minty Spire (QoL Compilation)","Quick Restart","Relic Sorter","StSLib"],"gold_per_floor":[366,366,383,86,86,86,116,131,156,156,184,259,259,278,278,350,400,419,334,334,259,3,29,29,58,58,58,72,95,114,124,124,197,197,215,215,215,225,91,91,125,125,148,163,213,233,233,79,79,79,79],"floor_reached":50,"language":"ENG","playtime":1372,"items_purged":["Defend_P"],"score":1303,"play_id":"f7252f4d-20de-47c2-9175-509c80d84450","local_time":"20210222150437","is_ascension_mode":true,"campfire_choices":[{"data":"TalkToTheHand","floor":6.0,"key":"SMITH"},{"floor":10.0,"key":"REST"},{"data":"Panache","floor":15.0,"key":"SMITH"},{"floor":24.0,"key":"REST"},{"floor":32.0,"key":"REST"},{"data":"Apotheosis","floor":40.0,"key":"SMITH"},{"floor":47.0,"key":"REST"},{"floor":49.0,"key":"REST"}],"circlet_count":0,"master_deck":["AscendersBane","Strike_P+1","Strike_P+1","Strike_P","Defend_P","Defend_P","Defend_P","Eruption+1","Vigilance","BowlingBash+1","SignatureMove","TalkToTheHand+1","Panache+1","FollowUp","InnerPeace","Evaluate","Indignation","DeusExMachina","Consecrate","ClearTheMind","Crescendo","MentalFortress","Perseverance+1","Sanctity","Scrawl","Apotheosis+1","Halt+1","Evaluate","MentalFortress","EmptyMind"],"relics":["PureWater","HornCleat","Letter Opener","Pen Nib","Toy Ornithopter","Tiny House","Dream Catcher","MutagenicStrength","PreservedInsect","Matryoshka","Orichalcum","Akabeko","Girya","Nunchaku","Omamori","Busted Crown","Boot","Whetstone"],"acts_visited":[],"potions_floor_usage":[],"damage_taken":[{"damage":4.0,"enemies":"Small Slimes","floor":1.0,"turns":3.0},{"damage":15.0,"enemies":"Cultist","floor":3.0,"turns":6.0},{"damage":0.0,"enemies":"Gremlin Nob","floor":7.0,"turns":3.0},{"damage":9.0,"enemies":"2 Louse","floor":8.0,"turns":2.0},{"damage":0.0,"enemies":"3 Sentries","floor":11.0,"turns":6.0},{"damage":0.0,"enemies":"Blue Slaver","floor":14.0,"turns":4.0},{"damage":0.0,"enemies":"Slime Boss","floor":16.0,"turns":2.0},{"damage":23.0,"enemies":"Shell Parasite","floor":18.0,"turns":4.0},{"damage":30.0,"enemies":"Book of Stabbing","floor":23.0,"turns":5.0},{"damage":24.0,"enemies":"Slavers","floor":25.0,"turns":4.0},{"damage":0.0,"enemies":"Chosen","floor":28.0,"turns":2.0},{"damage":0.0,"enemies":"Shelled Parasite and Fungi","floor":30.0,"turns":2.0},{"damage":3.0,"enemies":"3 Cultists","floor":31.0,"turns":4.0},{"damage":29.0,"enemies":"Champ","floor":33.0,"turns":10.0},{"damage":0.0,"enemies":"3 Shapes","floor":35.0,"turns":3.0},{"damage":19.0,"enemies":"Orb Walker","floor":38.0,"turns":5.0},{"damage":31.0,"enemies":"Nemesis","floor":41.0,"turns":3.0},{"damage":6.0,"enemies":"Jaw Worm Horde","floor":44.0,"turns":3.0},{"damage":0.0,"enemies":"Spire Growth","floor":46.0,"turns":2.0},{"damage":0,"enemies":"Time Eater","floor":50,"turns":1}],"seed_played":"546896505566171409","potions_obtained":[{"floor":7.0,"key":"Strength Potion"},{"floor":8.0,"key":"Energy Potion"},{"floor":16.0,"key":"Fruit Juice"},{"floor":17.0,"key":"CultistPotion"},{"floor":18.0,"key":"Explosive Potion"},{"floor":38.0,"key":"SteroidPotion"}],"is_trial":false,"path_per_floor":["M","?","M","$","T","R","E","M","T","R","E","?","?","M","R","B",null,"M","?","?","?","$","E","R","E","T","$","M","T","M","M","R","B",null,"M","?","?","M","$","R","E","?","T","M","?","M","R","$","R","B"],"character_chosen":"WATCHER","items_purchased":["TalkToTheHand","Panache","FollowUp","PreservedInsect","ClearTheMind","EmptyFist","Evaluate","MentalFortress","EmptyMind"],"campfire_rested":5,"item_purchase_floors":[4,4,4,22,22,22,39,48,48],"current_hp_per_floor":[57,57,42,42,42,42,42,33,33,51,51,40,40,40,40,40,62,49,49,49,49,49,19,40,16,16,16,16,16,16,13,34,10,57,57,57,57,38,38,38,7,7,7,1,1,6,27,27,48,48,48],"gold":79,"neow_bonus":"TWO_FIFTY_GOLD","is_daily":false,"chose_seed":false,"campfire_upgraded":3,"win_rate":0.0,"timestamp":1614024277,"path_taken":["M","?","?","$","?","R","E","M","T","R","E","?","?","M","R","BOSS","M","?","?","?","$","E","R","E","T","?","M","?","M","M","R","BOSS","M","?","?","M","$","R","E","?","T","?","?","M","R","$","R","BOSS"],"items_purchased_type":["Card","Card","Card","Relic","Card","Card","Card","Card","Card"],"build_version":"2020-12-22","purchased_purges":1,"victory":false,"max_hp_per_floor":[62,62,62,62,62,62,62,62,62,62,62,62,62,62,62,62,67,72,72,72,72,72,72,72,72,72,72,72,72,72,72,72,72,72,72,72,72,72,72,72,72,72,72,72,72,72,72,72,72,72,72],"card_choices":[{"not_picked":["EmptyBody","ForeignInfluence"],"picked":"BowlingBash","floor":1.0},{"not_picked":["Fasting2","WindmillStrike"],"picked":"SignatureMove","floor":3.0},{"not_picked":["Weave","Prostrate"],"picked":"InnerPeace","floor":7.0},{"not_picked":["Prostrate","SashWhip"],"picked":"Evaluate","floor":8.0},{"not_picked":["CrushJoints","ConjureBlade"],"picked":"Indignation","floor":11.0},{"not_picked":["WindmillStrike","BowlingBash","CrushJoints"],"picked":"SKIP","floor":14.0},{"not_picked":["Ragnarok","ConjureBlade"],"picked":"DeusExMachina","floor":16.0},{"not_picked":["PathToVictory","EmptyFist"],"picked":"Consecrate","floor":17.0},{"not_picked":["ThirdEye","Crescendo","PathToVictory+1"],"picked":"SKIP","floor":18.0},{"not_picked":["ThirdEye","Crescendo","PathToVictory+1"],"picked":"SKIP","floor":18.0},{"not_picked":["Weave","CrushJoints+1"],"picked":"Crescendo","floor":23.0},{"not_picked":["Protect","ReachHeaven"],"picked":"MentalFortress","floor":24.0},{"not_picked":["Protect+1","Omniscience","Perseverance"],"picked":"SKIP","floor":25.0},{"not_picked":["Wallop","ClearTheMind+1"],"picked":"Perseverance+1","floor":28.0},{"not_picked":["BattleHymn","CarveReality"],"picked":"Sanctity","floor":30.0},{"not_picked":["Protect","Conclude","JustLucky"],"picked":"SKIP","floor":31.0},{"not_picked":["Omniscience","Ragnarok"],"picked":"Scrawl","floor":33.0},{"not_picked":["JustLucky"],"picked":"SKIP","floor":35.0},{"not_picked":[],"picked":"Apotheosis","floor":37.0},{"not_picked":[],"picked":"Halt+1","floor":38.0},{"not_picked":["DeceiveReality"],"picked":"SKIP","floor":41.0},{"not_picked":["Swivel"],"picked":"SKIP","floor":44.0},{"not_picked":["Swivel"],"picked":"SKIP","floor":46.0}],"player_experience":870668,"relics_obtained":[{"floor":5.0,"key":"HornCleat"},{"floor":7.0,"key":"Letter Opener"},{"floor":9.0,"key":"Pen Nib"},{"floor":11.0,"key":"Toy Ornithopter"},{"floor":23.0,"key":"Matryoshka"},{"floor":25.0,"key":"Orichalcum"},{"floor":26.0,"key":"Akabeko"},{"floor":26.0,"key":"Girya"},{"floor":29.0,"key":"Nunchaku"},{"floor":29.0,"key":"Omamori"},{"floor":41.0,"key":"Boot"},{"floor":43.0,"key":"Whetstone"}],"event_choices":[{"damage_healed":0.0,"max_hp_gain":0.0,"max_hp_loss":0.0,"gold_gain":0.0,"event_name":"Upgrade Shrine","player_choice":"Upgraded","floor":2.0,"gold_loss":0.0,"damage_taken":0.0,"cards_upgraded":["Eruption"]},{"damage_healed":0.0,"max_hp_gain":0.0,"max_hp_loss":0.0,"gold_gain":75.0,"event_name":"World of Goop","player_choice":"Gather Gold","floor":12.0,"gold_loss":0.0,"damage_taken":11.0},{"damage_healed":0.0,"max_hp_gain":0.0,"max_hp_loss":0.0,"gold_gain":0.0,"event_name":"Liars Game","player_choice":"Ignored","floor":13.0,"gold_loss":0.0,"damage_taken":0.0},{"damage_healed":0.0,"max_hp_gain":0.0,"max_hp_loss":0.0,"gold_gain":0.0,"event_name":"Addict","player_choice":"Obtained Relic","floor":19.0,"gold_loss":85.0,"damage_taken":0.0,"relics_obtained":["Dream Catcher"]},{"damage_healed":0.0,"max_hp_gain":0.0,"max_hp_loss":0.0,"gold_gain":0.0,"event_name":"Drug Dealer","player_choice":"Inject Mutagens","floor":20.0,"gold_loss":0.0,"damage_taken":0.0,"relics_obtained":["MutagenicStrength"]},{"cards_removed":["Strike_P"],"damage_healed":0.0,"max_hp_gain":0.0,"max_hp_loss":0.0,"gold_gain":0.0,"event_name":"Beggar","player_choice":"Gave Gold","floor":21.0,"gold_loss":75.0,"damage_taken":0.0},{"cards_removed":["EmptyFist"],"damage_healed":0.0,"max_hp_gain":0.0,"max_hp_loss":0.0,"gold_gain":0.0,"event_name":"Falling","player_choice":"Removed Attack","floor":36.0,"gold_loss":0.0,"damage_taken":0.0},{"damage_healed":0.0,"max_hp_gain":0.0,"max_hp_loss":0.0,"gold_gain":0.0,"event_name":"SensoryStone","player_choice":"Memory 1","floor":37.0,"gold_loss":0.0,"damage_taken":0.0},{"damage_healed":0.0,"max_hp_gain":0.0,"max_hp_loss":0.0,"gold_gain":0.0,"event_name":"Match and Keep!","player_choice":"0 cards matched","floor":42.0,"gold_loss":0.0,"damage_taken":0.0,"cards_obtained":[]},{"damage_healed":0.0,"max_hp_gain":0.0,"max_hp_loss":0.0,"gold_gain":50.0,"event_name":"Golden Shrine","player_choice":"Pray","floor":45.0,"gold_loss":0.0,"damage_taken":0.0}],"is_beta":false,"boss_relics":[{"not_picked":["Velvet Choker","Pandora\u0027s Box"],"picked":"Tiny House"},{"not_picked":["Snecko Eye","Fusion Hammer"],"picked":"Busted Crown"}],"items_purged_floors":[39],"is_endless":false,"potions_floor_spawned":[7,8,14,16,18,25,30,31,38],"killed_by":"Time Eater","ascension_level":20}}