{"host":"q0zivyteofxuwz3g","time":1614037330,"event":{"mods":["AchievementEnabler","BaseMod","BetterRewards","Minty Spire (QoL Compilation)","Relic Filter","StSLib"],"gold_per_floor":[110,110,126,141,141,175,175,205,205,231,75,75,88,98,98,198,198,209,226,149,169,169,194,194,194],"floor_reached":24,"language":"ENG","playtime":958,"items_purged":[],"score":463,"play_id":"65e25849-357e-4091-93fa-3cfe105cc4fe","local_time":"20210222204210","is_ascension_mode":true,"campfire_choices":[{"data":"Apotheosis","floor":7,"key":"SMITH"},{"floor":12,"key":"REST"},{"floor":15,"key":"RECALL"}],"circlet_count":0,"master_deck":["Strike_B","Strike_B","Strike_B","Strike_B","Defend_B","Defend_B","Defend_B","Zap+1","Dualcast+1","Apotheosis+1","Capacitor","Ball Lightning","Coolheaded","Regret","Beam Cell","Aggregate","Melter+1","Go for the Eyes+1","Melter+1","Electrodynamics","CurseOfTheBell","Redo+1","Cold Snap+1","Capacitor","Streamline+1","Gash+1"],"relics":["Cracked Core","Lee\u0027s Waffle","War Paint","Question Card","Incense Burner","Ancient Tea Set","Empty Cage","HandDrill","Meat on the Bone","Matryoshka","Bottled Tornado","Mercury Hourglass","Molten Egg 2","Happy Flower","Calling Bell","FossilizedHelix","Mummified Hand","Art of War","Ice Cream"],"acts_visited":["Exordium","TheCity"],"potions_floor_usage":[6,10,16,19,24,24,24,24,24],"damage_taken":[{"damage":4,"enemies":"Small Slimes","floor":1,"turns":3},{"damage":2,"enemies":"Jaw Worm","floor":3,"turns":3},{"damage":0,"enemies":"Cultist","floor":4,"turns":2},{"damage":7,"enemies":"Gremlin Nob","floor":6,"turns":3},{"damage":17,"enemies":"Lagavulin","floor":8,"turns":5},{"damage":12,"enemies":"3 Sentries","floor":10,"turns":6},{"damage":18,"enemies":"3 Louse","floor":13,"turns":2},{"damage":21,"enemies":"Exordium Thugs","floor":14,"turns":3},{"damage":2,"enemies":"Slime Boss","floor":16,"turns":5},{"damage":12,"enemies":"2 Thieves","floor":18,"turns":3},{"damage":1,"enemies":"Shell Parasite","floor":19,"turns":2},{"damage":11,"enemies":"3 Cultists","floor":21,"turns":4},{"damage":48,"enemies":"Gremlin Leader","floor":23,"turns":5},{"damage":22,"enemies":"Snake Plant","floor":24,"turns":2}],"seed_played":"2888527717285394911","potions_obtained":[{"floor":1,"key":"EssenceOfSteel"},{"floor":3,"key":"FearPotion"},{"floor":4,"key":"Dexterity Potion"},{"floor":6,"key":"PotionOfCapacity"},{"floor":10,"key":"DuplicationPotion"},{"floor":16,"key":"LiquidBronze"},{"floor":21,"key":"EntropicBrew"}],"is_trial":false,"path_per_floor":["M","?","M","M","?","E","R","E","T","E","$","R","M","M","R","B",null,"M","M","$","M","?","E","M"],"character_chosen":"DEFECT","items_purchased":["Lee\u0027s Waffle","War Paint","Question Card","Apotheosis","HandDrill","Happy Flower","Capacitor"],"campfire_rested":1,"item_purchase_floors":[0,0,0,0,0,11,20],"current_hp_per_floor":[70,70,68,68,68,61,61,44,44,44,44,68,50,41,41,51,82,70,69,69,58,58,22,0,0],"gold":194,"neow_bonus":"","is_daily":false,"chose_seed":false,"campfire_upgraded":1,"win_rate":0.0,"timestamp":1614037330,"path_taken":["M","?","M","M","?","E","R","E","T","E","?","R","?","M","R","BOSS","M","M","$","M","?","E","M"],"items_purchased_type":["Relic","Relic","Relic","Card","Relic","Relic","Card"],"build_version":"2020-12-22","purchased_purges":0,"victory":false,"max_hp_per_floor":[82,82,82,82,82,82,82,82,82,82,82,82,82,82,82,82,82,82,82,82,82,82,82,82,82],"card_choices":[{"not_picked":["Sweeping Beam","BootSequence","Cold Snap"],"picked":"Capacitor","floor":1},{"not_picked":["Fusion","Chill","Undo"],"picked":"Ball Lightning","floor":3},{"not_picked":["Leap","Sweeping Beam","Echo Form"],"picked":"Coolheaded","floor":4},{"not_picked":["Go for the Eyes","Scrape","Steam"],"picked":"Beam Cell","floor":6},{"not_picked":["Loop","Compile Driver","Chaos"],"picked":"Aggregate","floor":8},{"not_picked":["Sunder+1","Rebound+1","Ball Lightning+1"],"picked":"Melter+1","floor":10},{"not_picked":["Gash+1","Stack","Seek"],"picked":"Go for the Eyes+1","floor":13},{"not_picked":["Gash+1","Steam","Redo"],"picked":"Melter+1","floor":14},{"not_picked":["Reboot","Seek","Fission"],"picked":"Electrodynamics","floor":16},{"not_picked":["Glacier","Stack","Scrape+1"],"picked":"Redo+1","floor":18},{"not_picked":["Self Repair+1","Darkness","BootSequence"],"picked":"Cold Snap+1","floor":19},{"not_picked":["Gash+1","Go for the Eyes+1","Steam"],"picked":"Streamline+1","floor":21},{"not_picked":["Steam Power+1","Leap","Fusion"],"picked":"Gash+1","floor":23}],"player_experience":186658,"relics_obtained":[{"floor":6,"key":"Matryoshka"},{"floor":8,"key":"Bottled Tornado"},{"floor":9,"key":"Mercury Hourglass"},{"floor":10,"key":"Molten Egg 2"},{"floor":17,"key":"FossilizedHelix"},{"floor":17,"key":"Mummified Hand"},{"floor":17,"key":"Art of War"},{"floor":23,"key":"Ice Cream"}],"event_choices":[{"damage_healed":0,"gold_gain":0,"player_choice":"Leave","damage_taken":0,"max_hp_gain":0,"max_hp_loss":0,"event_name":"The Cleric","floor":2,"gold_loss":0},{"damage_healed":0,"gold_gain":0,"player_choice":"Box","damage_taken":0,"relics_obtained":["Meat on the Bone"],"max_hp_gain":0,"max_hp_loss":0,"event_name":"Big Fish","floor":5,"gold_loss":0,"cards_obtained":["Regret"]},{"damage_healed":0,"gold_gain":0,"player_choice":"Ignored","damage_taken":0,"max_hp_gain":0,"max_hp_loss":0,"event_name":"Ghosts","floor":22,"gold_loss":0}],"is_beta":false,"boss_relics":[{"not_picked":["Busted Crown","SlaversCollar"],"picked":"Calling Bell"}],"items_purged_floors":[],"is_endless":false,"potions_floor_spawned":[1,3,4,6,10,16,21,23],"killed_by":"Snake Plant","ascension_level":4}}