{"host":"c6u7e77myxvw4d0m","time":1614028031,"event":{"mods":["AchievementEnabler","BaseMod","Bestiary","Colored Map","Colored Powertips","Minty Spire (QoL Compilation)","Rare Cards Sparkle","Relic Stats","everything is the same but u backflip on backflip"],"gold_per_floor":[114,133,208,208,218,218,246,0,27,27,27,46,59,12,12,86,86,106,123,123,140,38,38,72,72,99,112,212,212,212,212],"floor_reached":30,"language":"ENG","playtime":1671,"items_purged":["Strike_G"],"score":496,"play_id":"b30f6ff4-6d3f-492d-a58b-d4bd7fbdd705","local_time":"20210222230711","is_ascension_mode":true,"campfire_choices":[{"floor":6,"key":"REST"},{"floor":10,"key":"REST"},{"data":"Malaise","floor":15,"key":"SMITH"},{"data":"A Thousand Cuts","floor":23,"key":"SMITH"},{"floor":25,"key":"REST"},{"floor":29,"key":"REST"}],"circlet_count":0,"master_deck":["AscendersBane","Strike_G","Strike_G","Strike_G+1","Strike_G","Defend_G","Defend_G","Defend_G","Defend_G","Defend_G","Survivor","Neutralize+1","Flying Knee+1","Predator","Backstab","Malaise+1","Dash","Well Laid Plans","Infinite Blades","Blade Dance","A Thousand Cuts+1","CurseOfTheBell","Finisher","Masterful Stab","Blade Dance","Footwork","Infinite Blades","Acrobatics"],"relics":["Ring of the Snake","Nunchaku","Art of War","Membership Card","Pen Nib","Calling Bell","Strawberry","Singing Bowl","Gambling Chip","Medical Kit","StoneCalendar","Akabeko","TungstenRod","Paper Crane"],"acts_visited":["Exordium","TheCity"],"potions_floor_usage":[7,19,24,24,30],"damage_taken":[{"damage":2,"enemies":"2 Louse","floor":1,"turns":3},{"damage":0,"enemies":"Jaw Worm","floor":2,"turns":4},{"damage":2,"enemies":"Small Slimes","floor":5,"turns":3},{"damage":31,"enemies":"Lagavulin","floor":7,"turns":6},{"damage":7,"enemies":"Exordium Wildlife","floor":12,"turns":4},{"damage":0,"enemies":"3 Louse","floor":13,"turns":2},{"damage":5,"enemies":"Hexaghost","floor":16,"turns":12},{"damage":11,"enemies":"2 Thieves","floor":18,"turns":5},{"damage":1,"enemies":"Spheric Guardian","floor":19,"turns":3},{"damage":10,"enemies":"Snecko","floor":21,"turns":5},{"damage":25,"enemies":"Book of Stabbing","floor":24,"turns":4},{"damage":0,"enemies":"Sentry and Sphere","floor":27,"turns":2},{"damage":6,"enemies":"Colosseum Slavers","floor":28,"turns":5},{"damage":5,"enemies":"Colosseum Nobs","floor":28,"turns":4},{"damage":48,"enemies":"Slavers","floor":30,"turns":2}],"seed_played":"-2179050314243525153","potions_obtained":[{"floor":2,"key":"DistilledChaos"},{"floor":7,"key":"Ancient Potion"},{"floor":16,"key":"Swift Potion"},{"floor":18,"key":"Strength Potion"},{"floor":21,"key":"FearPotion"},{"floor":28,"key":"PowerPotion"}],"is_trial":false,"path_per_floor":["M","M","?","?","M","R","E","$","T","R","?","M","M","$","R","B",null,"M","M","?","M","$","R","E","R","T","M","?","R","E"],"character_chosen":"THE_SILENT","items_purchased":["Membership Card","Dash","Infinite Blades","Blade Dance","Footwork","Medical Kit"],"campfire_rested":4,"item_purchase_floors":[8,8,14,14,22,22],"current_hp_per_floor":[57,57,46,26,24,43,12,12,12,31,31,24,24,24,24,19,61,50,49,49,39,39,39,14,35,35,37,26,48,0,0],"gold":212,"neow_bonus":"RANDOM_COMMON_RELIC","is_daily":false,"chose_seed":false,"campfire_upgraded":2,"win_rate":0.0,"timestamp":1614028031,"path_taken":["M","M","?","?","M","R","E","?","T","R","?","M","M","$","R","BOSS","M","M","?","M","$","R","E","R","T","M","?","R","E"],"items_purchased_type":["Relic","Card","Card","Card","Card","Relic"],"build_version":"2020-12-22","purchased_purges":1,"victory":false,"max_hp_per_floor":[66,66,66,66,66,66,66,66,66,66,66,66,66,66,66,66,73,73,73,73,73,73,73,73,73,73,75,75,75,75,75],"relic_stats":{"Nunchaku":[19],"Singing Bowl":2,"counters":[15,64],"Gambling Chip":[34],"StoneCalendar":[0],"Pen Nib":[15],"Art of War":[1],"Medical Kit":[1],"obtain_stats":[{"Singing Bowl":17,"StoneCalendar":24,"Pen Nib":9,"Paper Crane":28,"Medical Kit":22,"Akabeko":26,"Calling Bell":17,"Nunchaku":0,"Strawberry":17,"Gambling Chip":17,"Art of War":7,"Membership Card":8,"TungstenRod":28,"Ring of the Snake":0},{"Singing Bowl":7,"StoneCalendar":11,"Pen Nib":4,"Paper Crane":14,"Medical Kit":10,"Akabeko":11,"Calling Bell":7,"Nunchaku":0,"Strawberry":7,"Gambling Chip":7,"Art of War":4,"Membership Card":4,"TungstenRod":14,"Ring of the Snake":0},{"Singing Bowl":34,"StoneCalendar":51,"Pen Nib":16,"Paper Crane":62,"Medical Kit":47,"Akabeko":51,"Calling Bell":34,"Nunchaku":0,"Strawberry":34,"Gambling Chip":34,"Art of War":16,"Membership Card":16,"TungstenRod":62,"Ring of the Snake":0}],"TungstenRod":4,"Ring of the Snake":[30]},"card_choices":[{"not_picked":["PiercingWail","Deflect"],"picked":"Flying Knee","floor":1},{"not_picked":["Blur","All Out Attack"],"picked":"Predator","floor":2},{"not_picked":["Prepared","Outmaneuver"],"picked":"Backstab","floor":5},{"not_picked":["Masterful Stab","Accuracy"],"picked":"Malaise","floor":7},{"not_picked":["Choke","Backflip","Dagger Throw"],"picked":"SKIP","floor":12},{"not_picked":["Dagger Throw","Crippling Poison"],"picked":"Well Laid Plans","floor":13},{"not_picked":["Glass Knife","Phantasmal Killer"],"picked":"A Thousand Cuts","floor":16},{"not_picked":["Quick Slash","Flying Knee"],"picked":"Finisher","floor":18},{"not_picked":["Predator","Flying Knee"],"picked":"Masterful Stab","floor":19},{"not_picked":["Cloak And Dagger","Underhanded Strike"],"picked":"Blade Dance","floor":21},{"not_picked":["Bouncing Flask","Backstab"],"picked":"Infinite Blades","floor":24},{"not_picked":["Catalyst","Acrobatics","Outmaneuver"],"picked":"Singing Bowl","floor":27},{"not_picked":["Footwork","Dodge and Roll"],"picked":"Acrobatics","floor":28}],"player_experience":869326,"relics_obtained":[{"floor":7,"key":"Art of War"},{"floor":9,"key":"Pen Nib"},{"floor":17,"key":"Strawberry"},{"floor":17,"key":"Singing Bowl"},{"floor":17,"key":"Gambling Chip"},{"floor":24,"key":"StoneCalendar"},{"floor":26,"key":"Akabeko"},{"floor":28,"key":"TungstenRod"},{"floor":28,"key":"Paper Crane"}],"event_choices":[{"damage_healed":0,"gold_gain":75,"player_choice":"Gather Gold","damage_taken":11,"max_hp_gain":0,"max_hp_loss":0,"event_name":"World of Goop","floor":3,"gold_loss":0},{"damage_healed":0,"gold_gain":0,"player_choice":"Entered Light","damage_taken":20,"max_hp_gain":0,"max_hp_loss":0,"event_name":"Shining Light","floor":4,"gold_loss":0,"cards_upgraded":["Flying Knee","Strike_G"]},{"damage_healed":0,"gold_gain":0,"player_choice":"Grow","damage_taken":0,"max_hp_gain":0,"max_hp_loss":0,"event_name":"Living Wall","floor":11,"gold_loss":0,"cards_upgraded":["Neutralize"]},{"damage_healed":0,"gold_gain":0,"player_choice":"Ignored","damage_taken":0,"max_hp_gain":0,"max_hp_loss":0,"event_name":"Beggar","floor":20,"gold_loss":0},{"damage_healed":0,"gold_gain":0,"player_choice":"Fight","damage_taken":0,"max_hp_gain":0,"max_hp_loss":0,"event_name":"Colosseum","floor":28,"gold_loss":0},{"damage_healed":0,"gold_gain":0,"player_choice":"Fought Nobs","damage_taken":0,"max_hp_gain":0,"max_hp_loss":0,"event_name":"Colosseum","floor":28,"gold_loss":0}],"is_beta":false,"boss_relics":[{"not_picked":["Ectoplasm","Runic Dome"],"picked":"Calling Bell"}],"items_purged_floors":[8],"is_endless":false,"potions_floor_spawned":[2,7,16,18,21,28],"killed_by":"Slavers","ascension_level":20}}