{"host":"64ub6hloe4gtkym4","time":1614019994,"event":{"mods":["AchievementEnabler","BaseMod","Colored Map","Colored Powertips","Googly Eyes","Hermit","Highlight Path","Hubris","Minty Spire (QoL Compilation)","Reliquary","Shop Mod","StSLib","The Construct","The Runesmith","The Servant 0.9.4"],"gold_per_floor":[118,118,83,0,16,16,97,97,97,97,107,118,42,58,58,157,157,170,190,190,122,122,122,122,134,134,150,150,150,164,264,264,264,264],"floor_reached":33,"language":"ENG","playtime":1651,"items_purged":[],"score":235,"play_id":"4ba53845-4baa-4af0-b5d8-4019d1fe7eed","local_time":"20210222185314","is_ascension_mode":false,"campfire_choices":[{"data":"Chaos","floor":8,"key":"SMITH"},{"floor":15,"key":"REST"},{"floor":23,"key":"REST"},{"floor":29,"key":"REST"},{"floor":32,"key":"REST"}],"circlet_count":0,"master_deck":["Strike_B","Strike_B","Strike_B","Defend_B","Defend_B","Defend_B","Defend_B","Zap","Dualcast","Barrage","Beam Cell","Chaos+1","Stack","Self Repair","Ball Lightning","Melter","Go for the Eyes","Rainbow","Aggregate+1","Leap","Conserve Battery","Leap","Cold Snap+1","hubris:DoWhile","Loop"],"relics":["Cracked Core","NeowsBlessing","Letter Opener","Question Card","Tiny Chest","hubris:Icosahedron","MerchantsRug","Juzu Bracelet","hubris:PeanutButter"],"acts_visited":["Exordium","TheCity"],"potions_floor_usage":[14,18,19],"damage_taken":[{"damage":0,"enemies":"Jaw Worm","floor":1,"turns":1},{"damage":0,"enemies":"Small Slimes","floor":5,"turns":1},{"damage":0,"enemies":"2 Louse","floor":11,"turns":1},{"damage":7,"enemies":"Large Slime","floor":12,"turns":3},{"damage":13,"enemies":"Exordium Thugs","floor":14,"turns":3},{"damage":49,"enemies":"Slime Boss","floor":16,"turns":10},{"damage":25,"enemies":"2 Thieves","floor":18,"turns":4},{"damage":8,"enemies":"Spheric Guardian","floor":19,"turns":4},{"damage":38,"enemies":"Centurion and Healer","floor":25,"turns":10},{"damage":3,"enemies":"Snake Plant","floor":27,"turns":4},{"damage":30,"enemies":"Chosen and Byrds","floor":30,"turns":8},{"damage":73,"enemies":"Collector","floor":33,"turns":8}],"seed_played":"6032175494006898111","potions_obtained":[{"floor":11,"key":"Explosive Potion"},{"floor":14,"key":"BlessingOfTheForge"},{"floor":18,"key":"FocusPotion"}],"is_trial":false,"path_per_floor":["M","?","?","$","M","T","T","R","T","?","M","M","$","M","R","B",null,"M","M","?","$","T","R","?","M","T","M","?","R","M","?","R","B"],"character_chosen":"DEFECT","items_purchased":["Beam Cell","Chaos","Melter","MerchantsRug","Conserve Battery"],"campfire_rested":4,"item_purchase_floors":[4,4,13,21,21],"current_hp_per_floor":[75,75,75,75,75,75,75,75,75,75,75,75,75,69,75,26,75,57,56,56,56,56,75,75,44,44,48,48,70,40,40,62,0,0],"gold":264,"neow_bonus":"THREE_ENEMY_KILL","is_daily":false,"chose_seed":false,"campfire_upgraded":1,"win_rate":0.0,"timestamp":1614019994,"path_taken":["M","?","?","$","M","?","?","R","T","?","?","M","$","M","R","BOSS","M","M","?","$","?","R","?","M","T","M","?","R","M","?","R","BOSS"],"items_purchased_type":["Card","Card","Card","Relic","Card"],"build_version":"2020-12-22","purchased_purges":0,"victory":false,"max_hp_per_floor":[75,75,75,75,75,75,75,75,75,75,75,75,75,75,75,75,75,75,75,75,75,75,75,75,75,75,75,75,75,75,75,75,75,75],"card_choices":[{"not_picked":["Turbo","Hologram"],"picked":"Barrage","floor":1},{"not_picked":["Steam","Hologram"],"picked":"Stack","floor":5},{"not_picked":["Streamline","Storm","Barrage"],"picked":"Self Repair","floor":11},{"not_picked":["Heatsinks","Stack","hubris:PowerSurge"],"picked":"Ball Lightning","floor":12},{"not_picked":["Defragment","Rip and Tear","Tempest"],"picked":"Go for the Eyes","floor":14},{"not_picked":["Fission","All For One","Seek"],"picked":"Rainbow","floor":16},{"not_picked":["Go for the Eyes","Beam Cell","Ball Lightning"],"picked":"Aggregate+1","floor":18},{"not_picked":["Stack","Conserve Battery","Sweeping Beam"],"picked":"Leap","floor":19},{"not_picked":["FTL","Barrage","Rebound"],"picked":"Leap","floor":25},{"not_picked":["Steam","Consume","Melter+1"],"picked":"Cold Snap+1","floor":27},{"not_picked":["Coolheaded","Machine Learning","Rebound"],"picked":"Loop","floor":30}],"player_experience":54194,"relics_obtained":[{"floor":6,"key":"Letter Opener"},{"floor":7,"key":"Question Card"},{"floor":9,"key":"Tiny Chest"},{"floor":22,"key":"Juzu Bracelet"},{"floor":26,"key":"hubris:PeanutButter"}],"event_choices":[{"damage_healed":0,"gold_gain":0,"player_choice":"Fled","damage_taken":0,"max_hp_gain":0,"max_hp_loss":0,"event_name":"Scrap Ooze","floor":2,"gold_loss":0},{"damage_healed":0,"gold_gain":0,"player_choice":"Left Gold","damage_taken":0,"max_hp_gain":0,"max_hp_loss":0,"event_name":"World of Goop","floor":3,"gold_loss":35},{"damage_healed":0,"gold_gain":0,"player_choice":"Ignored","damage_taken":0,"max_hp_gain":0,"max_hp_loss":0,"event_name":"Shining Light","floor":10,"gold_loss":0},{"damage_healed":0,"gold_gain":0,"player_choice":"Ignored","damage_taken":0,"max_hp_gain":0,"max_hp_loss":0,"event_name":"NoteForYourself","floor":24,"gold_loss":0},{"damage_healed":0,"gold_gain":0,"cards_transformed":["Strike_B"],"player_choice":"Transformed","damage_taken":0,"max_hp_gain":0,"max_hp_loss":0,"event_name":"Transmorgrifier","floor":28,"gold_loss":0,"cards_obtained":["hubris:DoWhile"]},{"damage_healed":0,"gold_gain":100,"player_choice":"Pray","damage_taken":0,"max_hp_gain":0,"max_hp_loss":0,"event_name":"Golden Shrine","floor":31,"gold_loss":0}],"is_beta":false,"boss_relics":[{"not_picked":["Snecko Eye","hubris:BlackHole"],"picked":"reliquary:Craggleroot"}],"items_purged_floors":[],"is_endless":false,"potions_floor_spawned":[11,14,18],"killed_by":"Collector","ascension_level":0}}