{"host":"vyrim7c8c6ucsmzk","time":1614036840,"event":{"mods":["BaseMod","Colored Map","Downfall","Minty Spire (QoL Compilation)","StSLib"],"gold_per_floor":[99,119,129,129,146,146,169,200,214,123,149,166,66,77,91,193,193,193,210,225,63,75,75,99,99,99,84,84,84,84,97,109,109,109,109],"floor_reached":33,"language":"ENG","playtime":3905,"items_purged":["champ:Strike"],"score":272,"play_id":"d92cdeab-68e4-4424-a81a-c086fca00686","local_time":"20210222183400","is_ascension_mode":true,"campfire_choices":[{"data":"champ:Taunt","floor":1.0,"key":"SMITH"},{"data":"champ:StanceDance","floor":6.0,"key":"SMITH"},{"data":"champ:EndlessRage","floor":13.0,"key":"SMITH"},{"floor":18.0,"key":"RECALL"},{"data":"champ:Lariat","floor":23.0,"key":"SMITH"},{"data":"champ:Parry","floor":30.0,"key":"SMITH"}],"circlet_count":0,"master_deck":["champ:Strike","champ:Strike","champ:Strike","champ:Defend","champ:Defend","champ:Defend","champ:Defend","champ:Execute","champ:Taunt+1","champ:StanceDance+1","champ:StanceDance","champ:EndlessRage+1","champ:FocusedDefense","champ:Lariat+1","champ:LastStand","champ:Parry+1","champ:AdrenalArmor","champ:EnragedBash","champ:LastStand","champ:Duel","champ:RisingSlash+1","champ:SkillfulDodge+1","champ:IronFortress+1","champ:Backstep","Pain","champ:CrownThrow+1","champ:ShieldSlam","champ:EnGarde+1"],"relics":["champ:ChampionCrown","HornCleat","Juzu Bracelet","PreservedInsect","Bottled Tornado","downfall:HeartBlessingGreen","Cursed Key","Oddly Smooth Stone"],"acts_visited":["Exordium","TheCity"],"potions_floor_usage":[],"damage_taken":[{"damage":10.0,"enemies":"Jaw Worm","floor":2.0,"turns":3.0},{"damage":2.0,"enemies":"Small Slimes","floor":3.0,"turns":3.0},{"damage":0.0,"enemies":"Cultist","floor":5.0,"turns":3.0},{"damage":56.0,"enemies":"3 Sentries","floor":8.0,"turns":11.0},{"damage":26.0,"enemies":"Red Slaver","floor":9.0,"turns":4.0},{"damage":10.0,"enemies":"downfall:FleeingMerchant","floor":10.0,"turns":4.0},{"damage":38.0,"enemies":"Gremlin Nob","floor":11.0,"turns":4.0},{"damage":13.0,"enemies":"Exordium Wildlife","floor":12.0,"turns":3.0},{"damage":2.0,"enemies":"Lots of Slimes","floor":14.0,"turns":3.0},{"damage":10.0,"enemies":"downfall:LooterAlt","floor":15.0,"turns":4.0},{"damage":31.0,"enemies":"WA_ARCHETYPE_RETAIN","floor":16.0,"turns":9.0},{"damage":10.0,"enemies":"downfall:LooterAlt2","floor":19.0,"turns":5.0},{"damage":44.0,"enemies":"Spheric Guardian","floor":20.0,"turns":5.0},{"damage":50.0,"enemies":"downfall:FleeingMerchant","floor":21.0,"turns":4.0},{"damage":23.0,"enemies":"Snake Plant","floor":22.0,"turns":5.0},{"damage":27.0,"enemies":"downfall:FleeingMerchant","floor":27.0,"turns":4.0},{"damage":43.0,"enemies":"Cultist and Chosen","floor":31.0,"turns":5.0},{"damage":27,"enemies":"Snecko","floor":32,"turns":6},{"damage":88,"enemies":"DF_ARCHETYPE_CLAW","floor":33,"turns":7}],"seed_played":"3708294431440396679","potions_obtained":[{"floor":2.0,"key":"champ:TechniquePotion"},{"floor":9.0,"key":"ColorlessPotion"},{"floor":11.0,"key":"Guardian:BlockOnCardUsePotion"},{"floor":12.0,"key":"Dexterity Potion"},{"floor":14.0,"key":"AttackPotion"},{"floor":19.0,"key":"SkillPotion"},{"floor":25.0,"key":"downfall:CursedFountainPotion"},{"floor":31.0,"key":"SteroidPotion"}],"is_trial":false,"path_per_floor":["R","M","M","?","M","R","T","E","M","$","E","M","R","M","M","B",null,"R","M","M","$","M","R","T","?","?","$","?","?","R","M","M","B"],"character_chosen":"THE_CHAMP","items_purchased":["champ:Lariat","champ:IronFortress"],"campfire_rested":0,"item_purchase_floors":[10,21],"current_hp_per_floor":[99,99,97,85,85,85,85,54,38,38,37,34,34,32,32,21,99,99,99,95,95,87,87,87,87,87,80,80,80,80,67,65,0,0,0],"gold":109,"neow_bonus":"TEN_PERCENT_HP_BONUS","is_daily":false,"chose_seed":false,"campfire_upgraded":5,"win_rate":0.0,"timestamp":1614036840,"path_taken":["R","M","M","?","M","R","T","E","M","$","E","M","R","M","M","BOSS","R","M","M","$","M","R","T","?","?","$","?","?","R","M","M","BOSS"],"items_purchased_type":["Card","Card"],"build_version":"2020-12-22","purchased_purges":1,"victory":false,"max_hp_per_floor":[99,99,99,99,99,99,99,99,99,99,99,99,99,99,99,99,99,99,99,99,99,99,99,99,99,99,99,99,99,99,99,99,99,99,99],"card_choices":[{"not_picked":["champ:CrownThrow","champ:Circumvent"],"picked":"champ:StanceDance","floor":2.0},{"not_picked":["champ:PreciseThrust","champ:FalseCounter"],"picked":"champ:StanceDance","floor":3.0},{"not_picked":["champ:BringItOn","champ:FlashCut","champ:PreemptiveStrike"],"picked":"SKIP","floor":5.0},{"not_picked":["champ:Devastate","champ:BringItOn"],"picked":"champ:EndlessRage","floor":8.0},{"not_picked":["champ:PreciseThrust","champ:CrownThrow","champ:FaceSlap"],"picked":"SKIP","floor":9.0},{"not_picked":["champ:FanOfKnives","champ:PreciseThrust"],"picked":"champ:FocusedDefense","floor":10.0},{"not_picked":["champ:ShieldSigil","champ:StanceDance"],"picked":"champ:LastStand","floor":11.0},{"not_picked":["champ:Circumvent","champ:Haymaker"],"picked":"champ:Parry","floor":12.0},{"not_picked":["champ:FanOfKnives","champ:Haymaker"],"picked":"champ:AdrenalArmor","floor":14.0},{"not_picked":["champ:SkillfulDodge","champ:StanceDance"],"picked":"champ:EnragedBash","floor":15.0},{"not_picked":["champ:Devastate","champ:MurderStrike"],"picked":"champ:LastStand","floor":16.0},{"not_picked":["champ:BladeFlurry","champ:PreciseThrust"],"picked":"champ:Duel","floor":19.0},{"not_picked":["champ:DefensiveShout","champ:BerserkersShout"],"picked":"champ:RisingSlash+1","floor":20.0},{"not_picked":["champ:FocusedDefense","champ:BerserkersShout"],"picked":"champ:SkillfulDodge","floor":21.0},{"not_picked":["champ:FanOfKnives","champ:PreemptiveStrike+1"],"picked":"champ:Backstep","floor":22.0},{"not_picked":["champ:ShieldSigil","champ:PerfectedStrike+1"],"picked":"champ:CrownThrow+1","floor":27.0},{"not_picked":["champ:CrookedStrike","champ:HeartStrike"],"picked":"champ:ShieldSlam","floor":31.0},{"not_picked":["champ:GutPunch","champ:Circumvent"],"picked":"champ:EnGarde+1","floor":32}],"player_experience":1408792,"relics_obtained":[{"floor":7.0,"key":"Juzu Bracelet"},{"floor":8.0,"key":"PreservedInsect"},{"floor":11.0,"key":"Bottled Tornado"},{"floor":24.0,"key":"Oddly Smooth Stone"}],"event_choices":[{"damage_healed":0.0,"max_hp_gain":0.0,"max_hp_loss":0.0,"gold_gain":0.0,"event_name":"Scrap Ooze","player_choice":"Success","floor":4.0,"gold_loss":0.0,"damage_taken":12.0,"relics_obtained":["HornCleat"]},{"damage_healed":0.0,"max_hp_gain":0.0,"max_hp_loss":0.0,"gold_gain":0.0,"event_name":"Accursed Blacksmith","player_choice":"Forge","floor":28.0,"gold_loss":0.0,"damage_taken":0.0,"cards_upgraded":["champ:SkillfulDodge"]}],"is_beta":false,"boss_relics":[{"not_picked":["Runic Pyramid","Philosopher\u0027s Stone"],"picked":"Cursed Key"}],"items_purged_floors":[21],"is_endless":false,"potions_floor_spawned":[2,9,11,12,14,19,31],"killed_by":"DF_ARCHETYPE_CLAW","ascension_level":1}}