{"host":"eksvfr80mef7di1h","time":1614036588,"event":{"mods":["AchievementEnabler","BaseMod","Colored Map","Minty Spire (QoL Compilation)","StSLib","SuperFastMode"],"gold_per_floor":[114,114,114,133,148,148,168,196,196,214,229,229,239,259,259,358,358,376,390,409,422,33,33,50,65,65,164,0,0,0,15,15,111,111,123,138,138,155,165,193,193,37,37,37,37,56,56,71,71,71],"floor_reached":51,"language":"ENG","playtime":2143,"items_purged":[],"score":762,"play_id":"548d2aa3-dfa5-43de-a553-92977c8b83c6","local_time":"20210223002948","is_ascension_mode":false,"campfire_choices":[{"data":"Go for the Eyes","floor":6,"key":"SMITH"},{"data":"Zap","floor":12,"key":"SMITH"},{"floor":15,"key":"REST"},{"data":"Buffer","floor":23,"key":"SMITH"},{"data":"Beam Cell","floor":30,"key":"SMITH"},{"data":"All For One","floor":32,"key":"SMITH"},{"data":"Scrape","floor":41,"key":"SMITH"},{"data":"FTL","floor":44,"key":"SMITH"},{"floor":47,"key":"REST"},{"data":"Beam Cell","floor":49,"key":"SMITH"}],"circlet_count":0,"master_deck":["Strike_B","Strike_B","Strike_B","Defend_B","Defend_B","Defend_B","Zap+1","Dualcast+1","Go for the Eyes+1","Rebound","All For One+1","Hologram+1","Streamline","Buffer+1","White Noise+1","CurseOfTheBell","Go for the Eyes","Conserve Battery+1","Go for the Eyes","Beam Cell+1","Hologram+1","Gash","Leap+1","Hologram+1","Reboot+1","Beam Cell+1","Beam Cell+1","White Noise+1","Scrape+1","Steam+1","FTL+1","Gash+1","Hologram+1"],"relics":["Cracked Core","Toxic Egg 2","Question Card","Calling Bell","Vajra","Gremlin Horn","Prayer Wheel","Meat on the Bone","Oddly Smooth Stone","Pantograph","SlaversCollar","Pear","Lee\u0027s Waffle","Sundial"],"acts_visited":["Exordium","TheCity","TheBeyond"],"potions_floor_usage":[11,16,20,31,33,39,39,46,50],"damage_taken":[{"damage":2,"enemies":"Small Slimes","floor":1,"turns":4},{"damage":1,"enemies":"Cultist","floor":4,"turns":3},{"damage":0,"enemies":"2 Louse","floor":5,"turns":2},{"damage":7,"enemies":"Exordium Wildlife","floor":7,"turns":5},{"damage":22,"enemies":"Gremlin Nob","floor":8,"turns":4},{"damage":9,"enemies":"2 Fungi Beasts","floor":10,"turns":3},{"damage":12,"enemies":"Exordium Thugs","floor":11,"turns":3},{"damage":1,"enemies":"Exordium Wildlife","floor":13,"turns":4},{"damage":9,"enemies":"Red Slaver","floor":14,"turns":2},{"damage":16,"enemies":"Hexaghost","floor":16,"turns":8},{"damage":18,"enemies":"Shell Parasite","floor":18,"turns":5},{"damage":0,"enemies":"Chosen","floor":19,"turns":4},{"damage":13,"enemies":"Shelled Parasite and Fungi","floor":20,"turns":6},{"damage":14,"enemies":"3 Cultists","floor":21,"turns":4},{"damage":9,"enemies":"Snake Plant","floor":24,"turns":5},{"damage":0,"enemies":"Snecko","floor":25,"turns":5},{"damage":14,"enemies":"Centurion and Healer","floor":31,"turns":7},{"damage":68,"enemies":"Collector","floor":33,"turns":7},{"damage":13,"enemies":"3 Darklings","floor":35,"turns":8},{"damage":14,"enemies":"3 Shapes","floor":36,"turns":6},{"damage":28,"enemies":"Spire Growth","floor":38,"turns":6},{"damage":5,"enemies":"3 Darklings","floor":39,"turns":4},{"damage":28,"enemies":"Reptomancer","floor":40,"turns":5},{"damage":68,"enemies":"Sphere and 2 Shapes","floor":46,"turns":6},{"damage":35,"enemies":"Writhing Mass","floor":48,"turns":5},{"damage":64,"enemies":"Donu and Deca","floor":50,"turns":9}],"seed_played":"858866458495810882","potions_obtained":[{"floor":5,"key":"PowerPotion"},{"floor":10,"key":"FearPotion"},{"floor":14,"key":"Block Potion"},{"floor":16,"key":"Energy Potion"},{"floor":20,"key":"Ancient Potion"},{"floor":21,"key":"ColorlessPotion"},{"floor":25,"key":"Regen Potion"},{"floor":36,"key":"Strength Potion"},{"floor":38,"key":"Explosive Potion"},{"floor":39,"key":"Fruit Juice"},{"floor":48,"key":"FearPotion"}],"is_trial":false,"path_per_floor":["M","?","?","M","M","R","M","E","T","M","M","R","M","M","R","B",null,"M","M","M","M","$","R","M","M","T","?","?","?","R","M","R","B",null,"M","M","?","M","M","E","R","$","T","R","$","M","R","M","R","B",null],"character_chosen":"DEFECT","items_purchased":["Meat on the Bone","Oddly Smooth Stone","Lee\u0027s Waffle"],"campfire_rested":2,"item_purchase_floors":[22,22,42],"current_hp_per_floor":[80,73,65,64,64,64,57,35,35,26,14,14,13,4,28,12,82,64,64,51,37,37,37,40,52,52,52,52,52,52,53,53,22,82,69,55,55,39,46,40,40,99,99,99,99,48,79,56,56,29],"gold":71,"neow_bonus":"TEN_PERCENT_HP_BONUS","is_daily":false,"chose_seed":false,"campfire_upgraded":8,"win_rate":0.0,"timestamp":1614036588,"path_taken":["M","?","?","M","M","R","M","E","T","M","M","R","M","M","R","BOSS","M","?","M","M","$","R","M","M","T","?","?","?","R","M","R","BOSS","M","M","?","M","M","E","R","$","T","R","?","M","R","M","R","BOSS"],"items_purchased_type":["Relic","Relic","Relic"],"build_version":"2020-12-22","purchased_purges":0,"victory":true,"max_hp_per_floor":[82,82,82,82,82,82,82,82,82,82,82,82,82,82,82,82,82,82,82,82,82,82,82,82,82,82,82,82,82,82,82,82,82,82,82,82,82,82,82,92,92,99,99,99,99,104,104,104,104,104],"card_choices":[{"not_picked":["Darkness","Force Field"],"picked":"Go for the Eyes","floor":1},{"not_picked":["Defragment","Coolheaded"],"picked":"Rebound","floor":4},{"not_picked":["Stack","Turbo","Recycle"],"picked":"SKIP","floor":5},{"not_picked":["Chill","Coolheaded","Compile Driver"],"picked":"SKIP","floor":7},{"not_picked":["Chaos+1","Fission+1"],"picked":"All For One","floor":8},{"not_picked":["Rebound","Steam+1","Coolheaded+1"],"picked":"Hologram+1","floor":10},{"not_picked":["White Noise+1","Self Repair","Conserve Battery+1"],"picked":"Streamline","floor":11},{"not_picked":["Double Energy+1","Hologram+1","Barrage"],"picked":"Buffer","floor":13},{"not_picked":["Redo+1","Force Field+1","Steam+1"],"picked":"White Noise+1","floor":14},{"not_picked":["Defragment","Hello World","Coolheaded+1"],"picked":"Go for the Eyes","floor":18},{"not_picked":["Undo+1","Hyperbeam","Coolheaded+1"],"picked":"Conserve Battery+1","floor":18},{"not_picked":["Turbo+1","Leap+1","Skim+1"],"picked":"Go for the Eyes","floor":19},{"not_picked":["Stack+1","Melter","Leap+1","Sunder+1"],"picked":"SKIP","floor":19},{"not_picked":["Conserve Battery+1","Tempest+1","Steam+1"],"picked":"Beam Cell","floor":20},{"not_picked":["Go for the Eyes","Blizzard","Darkness+1","Redo+1"],"picked":"SKIP","floor":20},{"not_picked":["Melter","Conserve Battery+1","Defragment"],"picked":"Hologram+1","floor":21},{"not_picked":["Biased Cognition","Streamline+1","Conserve Battery+1","Defragment"],"picked":"SKIP","floor":21},{"not_picked":["Barrage","Fusion+1","Heatsinks"],"picked":"Gash","floor":24},{"not_picked":["Rainbow+1","Defragment+1","Steam+1"],"picked":"Leap+1","floor":24},{"not_picked":["Redo+1","Compile Driver","Tempest+1","Coolheaded+1"],"picked":"SKIP","floor":25},{"not_picked":["Hologram+1","Stack+1","Barrage+1","Conserve Battery+1"],"picked":"SKIP","floor":25},{"not_picked":["Rebound","Darkness+1","Ball Lightning+1"],"picked":"Hologram+1","floor":31},{"not_picked":["Streamline","Stack+1","Go for the Eyes","Sweeping Beam+1"],"picked":"SKIP","floor":31},{"not_picked":["Hyperbeam","Core Surge","Fission+1"],"picked":"Reboot+1","floor":33},{"not_picked":["Conserve Battery+1","Cold Snap+1","Streamline+1"],"picked":"Beam Cell","floor":35},{"not_picked":["Hologram+1","Ball Lightning+1","Doom and Gloom+1","Leap+1"],"picked":"SKIP","floor":35},{"not_picked":["Auto Shields+1","Go for the Eyes+1","Redo+1"],"picked":"Beam Cell+1","floor":36},{"not_picked":["Turbo+1","Static Discharge","Doom and Gloom"],"picked":"White Noise+1","floor":36},{"not_picked":["Capacitor","Hello World+1","Multi-Cast+1","Stack+1"],"picked":"SKIP","floor":38},{"not_picked":["Sunder+1","Coolheaded+1","Ball Lightning","Barrage+1"],"picked":"SKIP","floor":38},{"not_picked":["Rebound+1","Barrage","Steam Power+1"],"picked":"Scrape","floor":39},{"not_picked":["Rip and Tear+1","Undo+1","White Noise+1"],"picked":"Steam+1","floor":39},{"not_picked":["Steam+1","Fusion+1","Reboot+1"],"picked":"FTL","floor":40},{"not_picked":["Hologram+1","Chill+1","Capacitor+1"],"picked":"Gash+1","floor":46},{"not_picked":["Beam Cell","Reinforced Body+1","Go for the Eyes+1"],"picked":"Hologram+1","floor":46},{"not_picked":["Compile Driver+1","Blizzard","Go for the Eyes+1","Reinforced Body+1"],"picked":"SKIP","floor":48},{"not_picked":["Thunder Strike","Cold Snap+1","Go for the Eyes","White Noise+1"],"picked":"SKIP","floor":48}],"player_experience":182720,"relics_obtained":[{"floor":8,"key":"Toxic Egg 2"},{"floor":9,"key":"Question Card"},{"floor":17,"key":"Vajra"},{"floor":17,"key":"Gremlin Horn"},{"floor":17,"key":"Prayer Wheel"},{"floor":26,"key":"Pantograph"},{"floor":40,"key":"Pear"},{"floor":43,"key":"Sundial"}],"event_choices":[{"cards_removed":["Strike_B"],"damage_healed":0,"gold_gain":0,"player_choice":"Card Removal","damage_taken":7,"max_hp_gain":0,"max_hp_loss":0,"event_name":"Golden Wing","floor":2,"gold_loss":0},{"damage_healed":0,"gold_gain":0,"player_choice":"Damaged","damage_taken":8,"max_hp_gain":0,"max_hp_loss":0,"event_name":"Wheel of Change","floor":3,"gold_loss":0},{"damage_healed":0,"gold_gain":99,"player_choice":"Stole From Cult","damage_taken":0,"max_hp_gain":0,"max_hp_loss":0,"event_name":"Nest","floor":27,"gold_loss":0},{"damage_healed":0,"gold_gain":0,"player_choice":"Paid Fearfully","damage_taken":0,"max_hp_gain":0,"max_hp_loss":0,"event_name":"Masked Bandits","floor":28,"gold_loss":164},{"damage_healed":0,"gold_gain":0,"player_choice":"Forge","damage_taken":0,"max_hp_gain":0,"max_hp_loss":0,"event_name":"Accursed Blacksmith","floor":29,"gold_loss":0,"cards_upgraded":["Dualcast"]},{"cards_removed":["Defend_B"],"damage_healed":0,"gold_gain":0,"player_choice":"Removed Skill","damage_taken":0,"max_hp_gain":0,"max_hp_loss":0,"event_name":"Falling","floor":37,"gold_loss":0}],"is_beta":false,"boss_relics":[{"not_picked":["Snecko Eye","Fusion Hammer"],"picked":"Calling Bell"},{"not_picked":["Astrolabe","Runic Pyramid"],"picked":"SlaversCollar"}],"items_purged_floors":[],"is_endless":false,"potions_floor_spawned":[5,10,14,16,20,21,25,36,38,39,48],"ascension_level":0}}