{"host":"6z6y4ky8uzsz1dpj","time":1614005669,"event":{"mods":["AchievementEnabler","BaseMod","BetterRewards","Challenge The Spire","Colored Map","Hubris","Minty Spire (QoL Compilation)","Quick Restart","Relic Stats","Replay The Spire","StSLib"],"gold_per_floor":[115,127,142,67,83,114,126,126,126],"floor_reached":8,"language":"ENG","playtime":368,"items_purged":["Strike_P"],"score":72,"play_id":"7cbc73a6-3550-43f2-9366-bef75937add5","local_time":"20210222095429","is_ascension_mode":true,"campfire_choices":[],"circlet_count":0,"master_deck":["Strike_P","Strike_P","Strike_P","Defend_P","Defend_P","Defend_P","Defend_P","Eruption","Vigilance","BattleHymn","Perseverance","Protect","Vengeance","Tantrum","Study","Wallop"],"relics":["PureWater","Ginger","hubris:Metronome"],"acts_visited":["Exordium"],"potions_floor_usage":[5,8],"damage_taken":[{"damage":0,"enemies":"2 Louse","floor":1,"turns":3},{"damage":0,"enemies":"Cultist","floor":2,"turns":2},{"damage":1,"enemies":"Small Slimes","floor":3,"turns":6},{"damage":9,"enemies":"3 Louse","floor":5,"turns":2},{"damage":19,"enemies":"3 Sentries","floor":6,"turns":6},{"damage":0,"enemies":"Looter","floor":7,"turns":3},{"damage":41,"enemies":"Lagavulin","floor":8,"turns":3}],"seed_played":"-3593921679523892587","potions_obtained":[{"floor":2,"key":"Regen Potion"},{"floor":7,"key":"SneckoOil"}],"is_trial":false,"path_per_floor":["M","M","M","$","M","E","M","E"],"character_chosen":"WATCHER","items_purchased":["BattleHymn","Tantrum"],"campfire_rested":0,"item_purchase_floors":[0,4],"current_hp_per_floor":[65,65,64,64,60,41,41,0,0],"gold":126,"neow_bonus":"","is_daily":false,"chose_seed":false,"campfire_upgraded":0,"win_rate":0.0,"timestamp":1614005669,"path_taken":["M","M","M","$","M","E","M","E"],"items_purchased_type":["Card","Card"],"build_version":"2020-12-22","purchased_purges":1,"victory":false,"max_hp_per_floor":[72,72,72,72,72,72,72,72,72],"relic_stats":{"counters":[7,25],"Ginger":[1],"obtain_stats":[{"Emotion Chip":0,"hubris:Metronome":6,"Raider\u0027s Mask":0,"Ginger":0,"Cracked Core":0},{"Emotion Chip":0,"hubris:Metronome":5,"Raider\u0027s Mask":0,"Ginger":0,"Cracked Core":0},{"Emotion Chip":0,"hubris:Metronome":19,"Raider\u0027s Mask":0,"Ginger":0,"Cracked Core":0}]},"card_choices":[{"not_picked":["EmptyBody","SashWhip"],"picked":"Perseverance","floor":1},{"not_picked":["Perseverance","BowlingBash"],"picked":"Protect","floor":2},{"not_picked":["EmptyMind","EmptyFist"],"picked":"Vengeance","floor":3},{"not_picked":["Replay:Battleflow","Consecrate"],"picked":"Study","floor":5},{"not_picked":["Ragnarok","Replay:AllIn"],"picked":"Wallop","floor":6},{"not_picked":["ClearTheMind","Replay:Cycle","Evaluate"],"picked":"SKIP","floor":7}],"player_experience":654402,"relics_obtained":[{"floor":6,"key":"hubris:Metronome"}],"event_choices":[],"is_beta":false,"boss_relics":[],"items_purged_floors":[0],"is_endless":false,"potions_floor_spawned":[2,7],"killed_by":"Lagavulin","ascension_level":4}}