{"host":"at5b10nm0iti0w4x","time":1614035749,"event":{"mods":["2.2 Compatiblity","AchievementEnabler","BaseMod","Bestiary","Block Reminder","Colored Map","Colored Powertips","Highlight Path","Keyboard Shortcuts","Minty Spire (QoL Compilation)","Quick Restart","Relic Stats","Slay the Relics Exporter","StSLib","SuperFastMode","Unknown Chances"],"gold_per_floor":[117,117,117,47,62,90,90,108,108,208,220,237,312,322,322,420,420,434,220,180,180,190,209,124,35,35,35,35,35,35,35,35,35,35],"floor_reached":33,"language":"ENG","playtime":556,"items_purged":[],"score":293,"play_id":"b4c19238-d349-47bb-a9fb-406cda5a108c","local_time":"20210222181549","is_ascension_mode":false,"campfire_choices":[{"data":"Blade Dance","floor":7,"key":"SMITH"},{"data":"Terror","floor":15,"key":"SMITH"},{"data":"Bandage Up","floor":30,"key":"SMITH"},{"data":"Bullet Time","floor":32,"key":"SMITH"}],"circlet_count":0,"master_deck":["Strike_G+1","Strike_G+1","Strike_G+1","Strike_G+1","Strike_G+1","Defend_G+1","Defend_G+1","Defend_G+1","Defend_G+1","Defend_G+1","Survivor","Neutralize","Terror+1","Masterful Stab","Bouncing Flask","Blade Dance+1","Flying Knee","Cloak And Dagger","Backstab","Dash","Bullet Time+1","Backstab","Skewer","Quick Slash","Sucker Punch+1","Bandage Up+1","Ghostly","Ghostly","Ghostly","Ghostly","Ghostly"],"relics":["Ring of the Snake","NeowsBlessing","Pear","Ninja Scroll","Juzu Bracelet","Cursed Key","Oddly Smooth Stone","Bag of Preparation"],"acts_visited":["Exordium","TheCity"],"potions_floor_usage":[16,33,33,33],"damage_taken":[{"damage":0,"enemies":"Cultist","floor":1,"turns":1},{"damage":0,"enemies":"Jaw Worm","floor":5,"turns":1},{"damage":0,"enemies":"3 Sentries","floor":6,"turns":1},{"damage":0,"enemies":"2 Louse","floor":8,"turns":1},{"damage":5,"enemies":"Red Slaver","floor":11,"turns":2},{"damage":0,"enemies":"Exordium Wildlife","floor":12,"turns":3},{"damage":0,"enemies":"Gremlin Gang","floor":14,"turns":1},{"damage":38,"enemies":"Hexaghost","floor":16,"turns":7},{"damage":0,"enemies":"Spheric Guardian","floor":18,"turns":3},{"damage":6,"enemies":"Shell Parasite","floor":22,"turns":3},{"damage":14,"enemies":"Snake Plant","floor":23,"turns":3},{"damage":12,"enemies":"Colosseum Slavers","floor":29,"turns":2},{"damage":53,"enemies":"Champ","floor":33,"turns":12}],"seed_played":"6580834760897431858","potions_obtained":[{"floor":1,"key":"Regen Potion"},{"floor":6,"key":"Poison Potion"},{"floor":8,"key":"LiquidBronze"},{"floor":18,"key":"Strength Potion"},{"floor":20,"key":"GhostInAJar"},{"floor":20,"key":"DistilledChaos"}],"is_trial":false,"path_per_floor":["M","?","?","$","M","E","R","M","T","?","M","M","?","M","R","B",null,"M","$","?","?","M","M","?","$","T","?","T","?","R","?","R","B"],"character_chosen":"THE_SILENT","items_purchased":["Masterful Stab","Oddly Smooth Stone","Skewer","Bandage Up"],"campfire_rested":0,"item_purchase_floors":[4,19,19,25],"current_hp_per_floor":[70,75,82,82,82,82,82,82,82,82,77,77,66,66,66,28,85,85,85,85,69,63,49,49,49,49,49,49,41,41,41,41,0,0],"gold":35,"neow_bonus":"THREE_ENEMY_KILL","is_daily":false,"chose_seed":false,"campfire_upgraded":4,"win_rate":0.0,"timestamp":1614035749,"path_taken":["M","?","?","$","M","E","R","M","T","?","M","M","?","M","R","BOSS","M","$","?","?","M","M","?","$","T","?","?","?","R","?","R","BOSS"],"items_purchased_type":["Card","Relic","Card","Card"],"build_version":"2020-12-22","purchased_purges":0,"victory":false,"max_hp_per_floor":[70,75,85,85,85,85,85,85,85,85,85,85,85,85,85,85,85,85,85,85,90,90,90,90,90,90,90,90,90,90,45,45,45,45],"relic_stats":{"counters":[13,40],"Juzu Bracelet":3,"Bag of Preparation":[0],"Cursed Key":0,"obtain_stats":[{"Pear":3,"NeowsBlessing":0,"Ninja Scroll":6,"Oddly Smooth Stone":19,"Juzu Bracelet":9,"Bag of Preparation":24,"Cursed Key":17,"Ring of the Snake":0},{"Pear":1,"NeowsBlessing":0,"Ninja Scroll":3,"Oddly Smooth Stone":9,"Juzu Bracelet":4,"Bag of Preparation":11,"Cursed Key":8,"Ring of the Snake":0},{"Pear":1,"NeowsBlessing":0,"Ninja Scroll":3,"Oddly Smooth Stone":20,"Juzu Bracelet":4,"Bag of Preparation":26,"Cursed Key":17,"Ring of the Snake":0}],"Ring of the Snake":[26]},"card_choices":[{"not_picked":["Backflip","Blur"],"picked":"Terror","floor":1},{"not_picked":["Blur","Terror"],"picked":"Bouncing Flask","floor":5},{"not_picked":["Skewer","Caltrops"],"picked":"Blade Dance","floor":6},{"not_picked":["PiercingWail","Dodge and Roll"],"picked":"Flying Knee","floor":8},{"not_picked":["Acrobatics","Dodge and Roll"],"picked":"Cloak And Dagger","floor":11},{"not_picked":["Dodge and Roll","Predator"],"picked":"Backstab","floor":12},{"not_picked":["Backflip","Burst"],"picked":"Dash","floor":14},{"not_picked":["Burst","Venomology"],"picked":"Bullet Time","floor":16},{"not_picked":["Finisher","Sucker Punch"],"picked":"Backstab","floor":18},{"not_picked":["Dagger Throw","Bane"],"picked":"Quick Slash","floor":22},{"not_picked":["Backflip+1","Slice"],"picked":"Sucker Punch+1","floor":23}],"player_experience":114890,"relics_obtained":[{"floor":6,"key":"Ninja Scroll"},{"floor":9,"key":"Juzu Bracelet"}],"event_choices":[{"damage_healed":0,"gold_gain":0,"player_choice":"Donut","damage_taken":0,"max_hp_gain":5,"max_hp_loss":0,"event_name":"Big Fish","floor":2,"gold_loss":0},{"damage_healed":0,"gold_gain":0,"player_choice":"Success","damage_taken":3,"relics_obtained":["Pear"],"max_hp_gain":0,"max_hp_loss":0,"event_name":"Scrap Ooze","floor":3,"gold_loss":0},{"damage_healed":0,"gold_gain":100,"player_choice":"Pray","damage_taken":0,"max_hp_gain":0,"max_hp_loss":0,"event_name":"Golden Shrine","floor":10,"gold_loss":0},{"damage_healed":0,"gold_gain":75,"player_choice":"Gather Gold","damage_taken":11,"max_hp_gain":0,"max_hp_loss":0,"event_name":"World of Goop","floor":13,"gold_loss":0},{"damage_healed":0,"gold_gain":0,"player_choice":"Bought 3 Potions","damage_taken":0,"max_hp_gain":0,"max_hp_loss":0,"event_name":"The Woman in Blue","floor":20,"gold_loss":0},{"damage_healed":0,"gold_gain":0,"player_choice":"Shed Blood","damage_taken":21,"max_hp_gain":5,"max_hp_loss":0,"event_name":"Forgotten Altar","floor":21,"gold_loss":0},{"damage_healed":0,"gold_gain":0,"player_choice":"Obtained Relic","damage_taken":0,"relics_obtained":["Bag of Preparation"],"max_hp_gain":0,"max_hp_loss":0,"event_name":"Addict","floor":24,"gold_loss":85},{"damage_healed":0,"gold_gain":0,"player_choice":"Simplicity","damage_taken":0,"max_hp_gain":0,"max_hp_loss":0,"event_name":"Back to Basics","floor":27,"gold_loss":0,"cards_upgraded":["Strike_G","Strike_G","Strike_G","Strike_G","Strike_G","Defend_G","Defend_G","Defend_G","Defend_G","Defend_G"]},{"damage_healed":0,"gold_gain":0,"player_choice":"Fight","damage_taken":0,"max_hp_gain":0,"max_hp_loss":0,"event_name":"Colosseum","floor":29,"gold_loss":0},{"damage_healed":0,"gold_gain":0,"player_choice":"Fled From Nobs","damage_taken":0,"max_hp_gain":0,"max_hp_loss":0,"event_name":"Colosseum","floor":29,"gold_loss":0},{"damage_healed":0,"gold_gain":0,"player_choice":"Became a Ghost","damage_taken":0,"max_hp_gain":0,"max_hp_loss":45,"event_name":"Ghosts","floor":31,"gold_loss":0,"cards_obtained":["Ghostly","Ghostly","Ghostly","Ghostly","Ghostly"]}],"is_beta":false,"boss_relics":[{"not_picked":["Philosopher\u0027s Stone","Ring of the Serpent"],"picked":"Cursed Key"}],"items_purged_floors":[],"is_endless":false,"potions_floor_spawned":[1,6,8,12,18],"killed_by":"Champ","ascension_level":0}}