{"host":"z37g2hkgkh2zjyzk","time":1614033613,"event":{"mods":["2.2 Compatiblity","AchievementEnabler","BaseMod","Bestiary","Colored Map","Colored Powertips","Curses Come First","Highlight Path","Keyboard Shortcuts","Minty Spire (QoL Compilation)","Relic Stats","StSLib","SuperFastMode"],"gold_per_floor":[118,118,131,151,175,209,209,252,305,305,82,102,2,25,25,149,212,232,251,275,298,298,337,337,380,380,403,423,3,3,3,3,122,122,142,142,475,525,545,564,589,601,613,192,211,229,258,9,9,9,9,9,9,35,35,35],"floor_reached":55,"language":"ENG","playtime":4899,"items_purged":["Strike_G","Strike_G","Shame"],"score":1219,"play_id":"0ce87af5-bc0f-4aed-976f-8869cf28df43","local_time":"20210222234013","is_ascension_mode":true,"campfire_choices":[{"data":"Neutralize","floor":7,"key":"SMITH"},{"data":"Infinite Blades","floor":15,"key":"SMITH"},{"data":"Accuracy","floor":24,"key":"SMITH"},{"floor":32,"key":"REST"},{"floor":42,"key":"RECALL"},{"data":"Tools of the Trade","floor":49,"key":"SMITH"},{"floor":52,"key":"REST"}],"circlet_count":0,"master_deck":["Defend_G+1","Defend_G","Defend_G","Defend_G","Survivor","Neutralize+1","Dash","Backflip","Dagger Spray","Cloak And Dagger","Reflex","Blade Dance","Infinite Blades+1","Cloak And Dagger","Dagger Spray","Leg Sweep","Adrenaline","Blade Dance","Dodge and Roll+1","Infinite Blades","Cloak And Dagger","Expertise+1","Accuracy+1","Panache","Bite","Bite","Bite","Bite","Bite","Adrenaline","Blade Dance","Slice+1","Terror","Adrenaline","Outmaneuver","Concentrate","Tools of the Trade+1","Tactician+1","Dodge and Roll+1","Blur+1","Blade Dance"],"relics":["Ring of the Snake","Vajra","Bottled Lightning","Paper Crane","Nunchaku","Tiny House","PreservedInsect","CaptainsWheel","Ornamental Fan","Unceasing Top","WristBlade","Prayer Wheel","MawBank","Bag of Preparation","Strawberry","Shuriken","Bird Faced Urn"],"acts_visited":["Exordium","TheCity","TheBeyond","TheEnding"],"potions_floor_usage":[3,16,16,16,16,20,21,21,23,23,25,28,28,33,40,40,40,45,50,54,55],"damage_taken":[{"damage":2,"enemies":"Jaw Worm","floor":1,"turns":5},{"damage":0,"enemies":"Cultist","floor":3,"turns":4},{"damage":3,"enemies":"2 Louse","floor":4,"turns":2},{"damage":2,"enemies":"2 Fungi Beasts","floor":5,"turns":3},{"damage":14,"enemies":"3 Sentries","floor":6,"turns":7},{"damage":26,"enemies":"Gremlin Nob","floor":8,"turns":5},{"damage":0,"enemies":"3 Louse","floor":12,"turns":2},{"damage":0,"enemies":"Exordium Wildlife","floor":14,"turns":2},{"damage":0,"enemies":"Hexaghost","floor":16,"turns":9},{"damage":0,"enemies":"3 Byrds","floor":18,"turns":4},{"damage":3,"enemies":"Shell Parasite","floor":19,"turns":5},{"damage":11,"enemies":"Centurion and Healer","floor":20,"turns":7},{"damage":12,"enemies":"Snecko","floor":21,"turns":5},{"damage":0,"enemies":"Book of Stabbing","floor":23,"turns":5},{"damage":47,"enemies":"Gremlin Leader","floor":25,"turns":5},{"damage":6,"enemies":"Chosen and Byrds","floor":27,"turns":4},{"damage":0,"enemies":"3 Cultists","floor":28,"turns":4},{"damage":25,"enemies":"Champ","floor":33,"turns":10},{"damage":4,"enemies":"3 Darklings","floor":35,"turns":4},{"damage":1,"enemies":"Mind Bloom Boss Battle","floor":38,"turns":4},{"damage":7,"enemies":"Orb Walker","floor":39,"turns":2},{"damage":9,"enemies":"Spire Growth","floor":40,"turns":3},{"damage":8,"enemies":"Reptomancer","floor":41,"turns":4},{"damage":2,"enemies":"Transient","floor":45,"turns":5},{"damage":3,"enemies":"4 Shapes","floor":46,"turns":5},{"damage":0,"enemies":"Giant Head","floor":47,"turns":5},{"damage":21,"enemies":"Donu and Deca","floor":50,"turns":5},{"damage":36,"enemies":"Shield and Spear","floor":54,"turns":6},{"damage":95,"enemies":"The Heart","floor":55,"turns":6}],"seed_played":"-2785899698967766204","potions_obtained":[{"floor":1,"key":"EntropicBrew"},{"floor":3,"key":"Fruit Juice"},{"floor":4,"key":"Dexterity Potion"},{"floor":16,"key":"Explosive Potion"},{"floor":17,"key":"LiquidBronze"},{"floor":21,"key":"BlessingOfTheForge"},{"floor":25,"key":"Dexterity Potion"},{"floor":27,"key":"ColorlessPotion"},{"floor":28,"key":"EssenceOfSteel"},{"floor":33,"key":"Swift Potion"},{"floor":38,"key":"EntropicBrew"},{"floor":41,"key":"LiquidMemories"},{"floor":45,"key":"SpeedPotion"},{"floor":46,"key":"LiquidMemories"}],"is_trial":false,"path_per_floor":["M","?","M","M","M","E","R","E","T","?","$","M","$","M","R","B",null,"M","M","M","M","?","E","R","E","T","M","M","$","?","?","R","B",null,"M","?","?","?","M","M","E","R","T","$","M","M","E","$","R","B",null,"R","$","E","B"],"character_chosen":"THE_SILENT","items_purchased":["Infinite Blades","Cloak And Dagger","Dagger Spray","Ornamental Fan","Panache","Bag of Preparation","Concentrate","Tools of the Trade","Shuriken"],"campfire_rested":2,"item_purchase_floors":[11,11,11,29,29,44,44,44,48],"current_hp_per_floor":[61,61,66,63,61,47,47,21,21,21,21,21,21,21,21,21,63,63,60,49,37,62,62,62,15,15,11,13,13,13,13,35,28,63,65,65,65,70,67,62,56,56,56,56,66,69,82,82,82,67,78,82,82,54,0,0],"gold":35,"neow_bonus":"RANDOM_COMMON_RELIC","is_daily":false,"chose_seed":false,"campfire_upgraded":4,"win_rate":0.0,"timestamp":1614033613,"path_taken":["M","?","M","M","M","E","R","E","T","?","$","M","?","M","R","BOSS","M","M","M","M","?","E","R","E","T","M","M","$","?","?","R","BOSS","M","?","?","?","?","M","E","R","T","$","M","M","E","?","R","BOSS","R","$","E","BOSS"],"items_purchased_type":["Card","Card","Card","Relic","Card","Relic","Card","Card","Relic"],"build_version":"2020-12-22","purchased_purges":3,"victory":false,"max_hp_per_floor":[70,65,70,70,70,70,70,70,70,70,70,70,70,70,70,70,75,75,75,75,75,75,75,75,75,75,75,75,75,75,75,75,75,75,75,75,75,75,75,75,75,75,75,75,75,75,82,82,82,82,82,82,82,82,82,82],"relic_stats":{"Nunchaku":[46],"counters":[29,137],"Ornamental Fan":[260],"Shuriken":[20],"Bird Faced Urn":[10],"Prayer Wheel":4,"PreservedInsect":310,"Bag of Preparation":[12],"MawBank":36,"obtain_stats":[{"Tiny House":17,"Golden Idol":2,"Vajra":0,"PreservedInsect":23,"Bag of Preparation":44,"Paper Crane":8,"MawBank":41,"Blood Vial":26,"Nunchaku":9,"CaptainsWheel":25,"WristBlade":34,"Ornamental Fan":29,"Shuriken":48,"Strawberry":47,"Bird Faced Urn":54,"Prayer Wheel":38,"Bottled Lightning":6,"Unceasing Top":31,"Ring of the Snake":0},{"Tiny House":9,"Golden Idol":1,"Vajra":0,"PreservedInsect":14,"Bag of Preparation":23,"Paper Crane":6,"MawBank":23,"Blood Vial":15,"Nunchaku":6,"CaptainsWheel":15,"WristBlade":18,"Ornamental Fan":17,"Shuriken":26,"Strawberry":26,"Bird Faced Urn":28,"Prayer Wheel":20,"Bottled Lightning":5,"Unceasing Top":17,"Ring of the Snake":0},{"Tiny House":39,"Golden Idol":5,"Vajra":0,"PreservedInsect":65,"Bag of Preparation":105,"Paper Crane":26,"MawBank":105,"Blood Vial":70,"Nunchaku":26,"CaptainsWheel":70,"WristBlade":88,"Ornamental Fan":78,"Shuriken":120,"Strawberry":120,"Bird Faced Urn":131,"Prayer Wheel":96,"Bottled Lightning":21,"Unceasing Top":78,"Ring of the Snake":0}],"Unceasing Top":[21],"Ring of the Snake":[58]},"card_choices":[{"not_picked":["Endless Agony","Slice"],"picked":"Dash","floor":1},{"not_picked":["Masterful Stab","Distraction"],"picked":"Backflip","floor":3},{"not_picked":["Deadly Poison","Reflex"],"picked":"Dagger Spray","floor":4},{"not_picked":["Slice","Prepared"],"picked":"Cloak And Dagger","floor":5},{"not_picked":["PiercingWail","Heel Hook"],"picked":"Reflex","floor":6},{"not_picked":["Backflip","A Thousand Cuts"],"picked":"Blade Dance","floor":8},{"not_picked":["Slice","Flying Knee","Prepared"],"picked":"SKIP","floor":12},{"not_picked":["Flechettes","Deadly Poison"],"picked":"Leg Sweep","floor":14},{"not_picked":["Tools of the Trade","Storm of Steel"],"picked":"Adrenaline","floor":16},{"not_picked":["Sucker Punch","Footwork"],"picked":"Blade Dance","floor":17},{"not_picked":["Blade Dance","Backflip"],"picked":"Dodge and Roll+1","floor":18},{"not_picked":["PiercingWail","Flying Knee+1"],"picked":"Infinite Blades","floor":19},{"not_picked":["Riddle With Holes","Deflect"],"picked":"Cloak And Dagger","floor":20},{"not_picked":["Deflect","Dodge and Roll"],"picked":"Expertise+1","floor":21},{"not_picked":["Crippling Poison+1","Storm of Steel"],"picked":"Accuracy","floor":23},{"not_picked":["Deadly Poison+1","Expertise","Backflip"],"picked":"SKIP","floor":25},{"not_picked":["PiercingWail","Poisoned Stab+1","Flying Knee"],"picked":"SKIP","floor":27},{"not_picked":["PiercingWail","Poisoned Stab+1","Flying Knee"],"picked":"SKIP","floor":27},{"not_picked":["Crippling Poison+1","Choke","Poisoned Stab"],"picked":"SKIP","floor":28},{"not_picked":["Phantasmal Killer","Wraith Form v2"],"picked":"Adrenaline","floor":33},{"not_picked":["Deadly Poison+1","Predator"],"picked":"Blade Dance","floor":35},{"not_picked":["Well Laid Plans","Backflip+1"],"picked":"Slice+1","floor":39},{"not_picked":["Backflip","Dagger Spray"],"picked":"Terror","floor":39},{"not_picked":["Outmaneuver","Riddle With Holes"],"picked":"Adrenaline","floor":40},{"not_picked":["Dagger Spray","Poisoned Stab+1","Prepared+1"],"picked":"SKIP","floor":40},{"not_picked":["Blade Dance","Reflex+1"],"picked":"Outmaneuver","floor":41},{"not_picked":["Dagger Spray+1","Bane+1"],"picked":"Tactician+1","floor":45},{"not_picked":["Catalyst+1","Distraction+1"],"picked":"Dodge and Roll+1","floor":45},{"not_picked":["Quick Slash","Choke+1"],"picked":"Blur+1","floor":46},{"not_picked":["Flying Knee+1","Crippling Poison+1","Terror"],"picked":"SKIP","floor":46},{"not_picked":["Dodge and Roll","Noxious Fumes+1"],"picked":"Blade Dance","floor":47},{"not_picked":["Outmaneuver","Predator","Terror"],"picked":"SKIP","floor":54}],"player_experience":210956,"relics_obtained":[{"floor":6,"key":"Bottled Lightning"},{"floor":8,"key":"Paper Crane"},{"floor":9,"key":"Nunchaku"},{"floor":23,"key":"PreservedInsect"},{"floor":25,"key":"CaptainsWheel"},{"floor":26,"key":"Blood Vial"},{"floor":38,"key":"Prayer Wheel"},{"floor":41,"key":"MawBank"},{"floor":47,"key":"Strawberry"},{"floor":54,"key":"Bird Faced Urn"}],"event_choices":[{"damage_healed":0,"gold_gain":0,"player_choice":"Lose Max HP","damage_taken":0,"relics_obtained":["Golden Idol"],"max_hp_gain":0,"max_hp_loss":5,"event_name":"Golden Idol","floor":2,"gold_loss":0},{"cards_removed":["Strike_G"],"damage_healed":0,"gold_gain":0,"player_choice":"Forget","damage_taken":0,"max_hp_gain":0,"max_hp_loss":0,"event_name":"Living Wall","floor":10,"gold_loss":0},{"damage_healed":25,"gold_gain":0,"player_choice":"Heal","damage_taken":0,"max_hp_gain":0,"max_hp_loss":0,"event_name":"The Library","floor":22,"gold_loss":0},{"damage_healed":0,"gold_gain":0,"player_choice":"Became a vampire (Vial)","damage_taken":0,"max_hp_gain":0,"max_hp_loss":0,"event_name":"Vampires","floor":30,"relics_lost":["Blood Vial"],"gold_loss":0,"cards_obtained":["Bite","Bite","Bite","Bite","Bite"]},{"damage_healed":0,"gold_gain":0,"player_choice":"Stole Relic","damage_taken":0,"relics_obtained":["Unceasing Top"],"max_hp_gain":0,"max_hp_loss":0,"event_name":"Addict","floor":31,"gold_loss":0,"cards_obtained":["Shame"]},{"cards_removed":["Defend_G"],"damage_healed":0,"gold_gain":0,"player_choice":"Removed Skill","damage_taken":0,"max_hp_gain":0,"max_hp_loss":0,"event_name":"Falling","floor":36,"gold_loss":0},{"damage_healed":0,"gold_gain":333,"player_choice":"Gave Idol","damage_taken":0,"max_hp_gain":0,"max_hp_loss":0,"event_name":"The Moai Head","floor":37,"relics_lost":["Golden Idol"],"gold_loss":0},{"damage_healed":0,"gold_gain":0,"player_choice":"Fight","damage_taken":0,"max_hp_gain":0,"max_hp_loss":0,"event_name":"MindBloom","floor":38,"gold_loss":0}],"is_beta":false,"boss_relics":[{"not_picked":["Ectoplasm","Velvet Choker"],"picked":"Tiny House"},{"not_picked":["Astrolabe","Cursed Key"],"picked":"WristBlade"}],"items_purged_floors":[11,13,44],"is_endless":false,"potions_floor_spawned":[1,3,4,16,21,25,27,28,33,38,41,45,46],"killed_by":"The Heart","ascension_level":7}}