{"host":"0kk91h4bq4kgfj0u","time":1614014434,"event":{"mods":["BaseMod","Bestiary","Block Reminder","Colored Map","Colored Powertips","Curses Come First","Highlight Path","Minty Spire (QoL Compilation)","Relic Stats","StSLib"],"gold_per_floor":[114,189,189,189,39,69,69,84,84,99,114,129,144,69,69,169,169,184,199,214,214,229,229,269,269,269],"floor_reached":25,"language":"ENG","playtime":1499,"items_purged":["Meteor Strike"],"score":357,"play_id":"4fefd82b-d88f-426c-bdbc-ad2dc3dba2a0","local_time":"20210222122034","daily_mods":["Shiny","Diverse","Binary"],"is_ascension_mode":false,"campfire_choices":[{"data":"DevaForm","floor":7,"key":"SMITH"},{"floor":15,"key":"REST"},{"floor":23,"key":"REST"}],"circlet_count":0,"master_deck":["Judgement","ConjureBlade","MasterReality","Brilliance","Devotion","Blasphemy","Ragnarok","LessonLearned","Scrawl","Vault","Alpha","Wish","Omniscience","Establishment","SpiritShield","DevaForm+1","DeusExMachina","Multi-Cast","Hyperbeam","Thunder Strike","Biased Cognition","Machine Learning","Electrodynamics","Buffer","Rainbow","Seek","Echo Form","All For One","Reboot","Amplify","Creative AI","Fission","Core Surge","Venomology","Corpse Explosion","Malaise","Phantasmal Killer","Die Die Die","Adrenaline","Envenom","Doppelganger","Burst","Wraith Form v2","Tools of the Trade","Night Terror","Unload","After Image","Bullet Time","Storm of Steel","Glass Knife","A Thousand Cuts","Grand Finale","Double Tap","Demon Form","Bludgeon+1","Feed","Limit Break","Corruption","Barricade","Fiend Fire","Berserk","Impervious","Juggernaut","Brutality","Reaper","Exhume","Offering","Immolate","Backflip","Consecrate"],"relics":["Cracked Core","Singing Bowl","DataDisk","Bag of Preparation","Mummified Hand","SacredBark"],"acts_visited":["Exordium","TheCity"],"potions_floor_usage":[8,16,19,20,25],"damage_taken":[{"damage":11,"enemies":"2 Louse","floor":1,"turns":4},{"damage":21,"enemies":"Gremlin Nob","floor":6,"turns":4},{"damage":10,"enemies":"Small Slimes","floor":8,"turns":3},{"damage":6,"enemies":"Jaw Worm","floor":10,"turns":1},{"damage":6,"enemies":"2 Fungi Beasts","floor":11,"turns":3},{"damage":21,"enemies":"Gremlin Gang","floor":12,"turns":3},{"damage":11,"enemies":"Exordium Wildlife","floor":13,"turns":2},{"damage":0,"enemies":"Slime Boss","floor":16,"turns":5},{"damage":10,"enemies":"2 Thieves","floor":18,"turns":2},{"damage":20,"enemies":"Spheric Guardian","floor":19,"turns":4},{"damage":8,"enemies":"Centurion and Healer","floor":20,"turns":8},{"damage":29,"enemies":"Chosen and Byrds","floor":22,"turns":5},{"damage":34,"enemies":"Snake Plant","floor":24,"turns":4},{"damage":16,"enemies":"Shelled Parasite and Fungi","floor":25,"turns":3}],"seed_played":"-9004314451342404475","potions_obtained":[{"floor":8,"key":"Swift Potion"},{"floor":10,"key":"AttackPotion"},{"floor":11,"key":"SkillPotion"},{"floor":18,"key":"SteroidPotion"},{"floor":19,"key":"Weak Potion"},{"floor":22,"key":"ColorlessPotion"}],"is_trial":false,"path_per_floor":["M","?","?","?","$","E","R","M","T","M","M","M","M","$","R","B",null,"M","M","M","?","M","R","M","M"],"character_chosen":"DEFECT","items_purchased":["DataDisk"],"campfire_rested":2,"item_purchase_floors":[5],"current_hp_per_floor":[67,56,61,58,58,43,43,43,43,39,35,16,5,5,32,42,95,87,69,63,63,45,76,44,28,28],"gold":269,"neow_bonus":"","is_daily":true,"chose_seed":false,"campfire_upgraded":1,"win_rate":0.0,"timestamp":1614014434,"path_taken":["M","?","?","?","$","E","R","M","T","M","?","M","M","$","R","BOSS","M","M","M","?","M","R","?","M"],"items_purchased_type":["Relic"],"build_version":"2020-12-22","purchased_purges":1,"victory":false,"max_hp_per_floor":[78,78,83,83,83,85,85,87,87,89,91,93,93,93,93,95,95,97,99,101,101,106,106,108,108,108],"relic_stats":{"Singing Bowl":22,"counters":[14,51],"Mummified Hand":[30],"Bag of Preparation":[24],"obtain_stats":[{"DataDisk":5,"Singing Bowl":4,"Mummified Hand":9,"SacredBark":17,"Bag of Preparation":6,"Cracked Core":0},{"DataDisk":1,"Singing Bowl":1,"Mummified Hand":3,"SacredBark":8,"Bag of Preparation":2,"Cracked Core":0},{"DataDisk":4,"Singing Bowl":4,"Mummified Hand":11,"SacredBark":25,"Bag of Preparation":8,"Cracked Core":0}]},"card_choices":[{"not_picked":["Underhanded Strike"],"picked":"Backflip","floor":1},{"not_picked":["Escape Plan","Flechettes"],"picked":"Singing Bowl","floor":6},{"not_picked":["Crippling Poison","Wireheading"],"picked":"Singing Bowl","floor":8},{"not_picked":["CutThroughFate","Go for the Eyes"],"picked":"Singing Bowl","floor":10},{"not_picked":["Iron Wave","Redo"],"picked":"Singing Bowl","floor":11},{"not_picked":["FlyingSleeves","Glacier"],"picked":"Singing Bowl","floor":12},{"not_picked":["Underhanded Strike"],"picked":"Consecrate","floor":13},{"not_picked":["Amplify","Creative AI"],"picked":"Singing Bowl","floor":16},{"not_picked":["Crescendo","ReachHeaven+1"],"picked":"Singing Bowl","floor":18},{"not_picked":["Havoc","PiercingWail+1"],"picked":"Singing Bowl","floor":19},{"not_picked":["Streamline","Study"],"picked":"Singing Bowl","floor":20},{"not_picked":["Bane","PiercingWail"],"picked":"Singing Bowl","floor":22},{"not_picked":["Hologram","FlyingSleeves+1"],"picked":"Singing Bowl","floor":24}],"player_experience":907711,"relics_obtained":[{"floor":6,"key":"Bag of Preparation"},{"floor":9,"key":"Mummified Hand"}],"event_choices":[{"damage_healed":0,"gold_gain":75,"player_choice":"Gather Gold","damage_taken":11,"max_hp_gain":0,"max_hp_loss":0,"event_name":"World of Goop","floor":2,"gold_loss":0},{"damage_healed":0,"gold_gain":0,"player_choice":"Donut","damage_taken":0,"max_hp_gain":5,"max_hp_loss":0,"event_name":"Big Fish","floor":3,"gold_loss":0},{"damage_healed":0,"gold_gain":0,"player_choice":"Success","damage_taken":3,"relics_obtained":["Singing Bowl"],"max_hp_gain":0,"max_hp_loss":0,"event_name":"Scrap Ooze","floor":4,"gold_loss":0},{"damage_healed":0,"gold_gain":0,"player_choice":"Ignored","damage_taken":0,"max_hp_gain":0,"max_hp_loss":0,"event_name":"Duplicator","floor":21,"gold_loss":0}],"is_beta":false,"boss_relics":[{"not_picked":["Philosopher\u0027s Stone","Velvet Choker"],"picked":"SacredBark"}],"items_purged_floors":[14],"is_endless":false,"potions_floor_spawned":[8,10,11,13,18,19,22],"killed_by":"Shelled Parasite and Fungi","ascension_level":0}}