{"host":"Tuck","time":1614018335,"event":{"mods":["BaseMod","Minty Spire (QoL Compilation)","StSLib"],"gold_per_floor":[112,131,147,147,164,194,194,229,252,263,23,23,44,77,77,188,188,212,40,66,66,79,122,122,154,178,197,367,398,409,433,433,538,538,559,575,634,652,701,727,727,761,761,799,814,823,823,867,879,891,903,915,129,171,171],"floor_reached":56,"language":"ENG","playtime":53939,"items_purged":["Zap","Defend_B"],"score":1682,"play_id":"d23f2fd2-8477-49d8-93d4-6ad22aee938e","local_time":"20210222112535","is_ascension_mode":true,"campfire_choices":[{"data":"Recycle","floor":7,"key":"SMITH"},{"data":"Coolheaded","floor":12,"key":"SMITH"},{"data":"Capacitor","floor":15,"key":"SMITH"},{"data":"Apotheosis","floor":24,"key":"SMITH"},{"data":"FTL","floor":32,"key":"SMITH"},{"floor":41,"key":"RECALL"},{"floor":46,"key":"REST"},{"floor":49,"key":"REST"},{"floor":52,"key":"REST"}],"circlet_count":0,"master_deck":["Defend_B","Dualcast","Reinforced Body+1","Sweeping Beam+1","Chaos+1","FTL+1","Recycle+1","Coolheaded+1","Seek+1","Capacitor+1","Echo Form","Coolheaded","Apotheosis+1","Coolheaded","Defragment","Echo Form","Machine Learning","Capacitor+1","Fission","Consume","Self Repair+1","Madness","Madness","Defragment+1","White Noise+1","Gash+1","Master of Strategy","Reinforced Body","Loop+1"],"relics":["Astrolabe","Matryoshka","Vajra","Toy Ornithopter","CeramicFish","Bottled Lightning","Blue Candle","Nuclear Battery","Regal Pillow","Gambling Chip","Omamori","Frozen Egg 2","StrikeDummy","Empty Cage","Incense Burner","Mango","Lantern","Oddly Smooth Stone","Dream Catcher","MawBank","Letter Opener","DataDisk","Art of War","HandDrill","Cables"],"acts_visited":["Exordium","TheCity","TheBeyond","TheEnding"],"potions_floor_usage":[55,55],"damage_taken":[{"damage":0,"enemies":"Cultist","floor":1,"turns":3},{"damage":0,"enemies":"2 Louse","floor":2,"turns":3},{"damage":1,"enemies":"Small Slimes","floor":3,"turns":3},{"damage":5,"enemies":"Looter","floor":5,"turns":4},{"damage":8,"enemies":"3 Sentries","floor":6,"turns":7},{"damage":0,"enemies":"Gremlin Nob","floor":8,"turns":3},{"damage":0,"enemies":"Large Slime","floor":10,"turns":5},{"damage":0,"enemies":"Lots of Slimes","floor":13,"turns":2},{"damage":4,"enemies":"Lagavulin","floor":14,"turns":6},{"damage":1,"enemies":"Slime Boss","floor":16,"turns":7},{"damage":0,"enemies":"Shell Parasite","floor":18,"turns":4},{"damage":0,"enemies":"Spheric Guardian","floor":20,"turns":4},{"damage":0,"enemies":"Snecko","floor":22,"turns":5},{"damage":2,"enemies":"Gremlin Leader","floor":23,"turns":7},{"damage":0,"enemies":"Slavers","floor":25,"turns":4},{"damage":0,"enemies":"Snake Plant","floor":27,"turns":6},{"damage":0,"enemies":"Book of Stabbing","floor":29,"turns":5},{"damage":0,"enemies":"Sentry and Sphere","floor":30,"turns":4},{"damage":10,"enemies":"3 Cultists","floor":31,"turns":5},{"damage":0,"enemies":"Champ","floor":33,"turns":21},{"damage":3,"enemies":"3 Shapes","floor":35,"turns":5},{"damage":0,"enemies":"3 Darklings","floor":36,"turns":4},{"damage":0,"enemies":"Mind Bloom Boss Battle","floor":37,"turns":8},{"damage":0,"enemies":"2 Orb Walkers","floor":39,"turns":8},{"damage":0,"enemies":"Spire Growth","floor":40,"turns":6},{"damage":0,"enemies":"Giant Head","floor":42,"turns":14},{"damage":0,"enemies":"Reptomancer","floor":44,"turns":5},{"damage":0,"enemies":"Writhing Mass","floor":45,"turns":5},{"damage":1,"enemies":"Giant Head","floor":48,"turns":9},{"damage":0,"enemies":"Donu and Deca","floor":50,"turns":5},{"damage":0,"enemies":"Shield and Spear","floor":54,"turns":12},{"damage":22,"enemies":"The Heart","floor":55,"turns":10}],"seed_played":"-7782839914998037199","potions_obtained":[{"floor":3,"key":"Energy Potion"},{"floor":6,"key":"Strength Potion"},{"floor":10,"key":"FocusPotion"}],"is_trial":false,"path_per_floor":["M","M","M","?","M","E","R","E","T","M","$","R","M","E","R","B",null,"M","$","M","?","M","E","R","E","T","M","$","E","M","M","R","B",null,"M","M","?","?","?","M","R","E","T","E","M","R","T","E","R","B",null,"R","$","E","B",null],"character_chosen":"DEFECT","items_purchased":["Bottled Lightning","Apotheosis","Coolheaded","Frozen Egg 2","DataDisk","Art of War","Master of Strategy","HandDrill","Reinforced Body"],"campfire_rested":3,"item_purchase_floors":[11,19,19,28,53,53,53,53,53],"current_hp_per_floor":[75,75,74,67,62,54,54,54,54,54,54,54,54,50,50,49,75,75,75,75,75,75,73,73,73,73,73,73,73,73,63,63,63,75,72,72,72,63,87,89,89,89,89,89,89,89,89,89,89,89,89,89,89,89,87],"gold":171,"neow_bonus":"BOSS_RELIC","is_daily":false,"chose_seed":false,"campfire_upgraded":5,"win_rate":0.0,"timestamp":1614018335,"path_taken":["M","M","?","?","M","E","R","E","T","M","$","R","M","E","R","BOSS","M","$","M","?","M","E","R","E","T","M","$","E","M","M","R","BOSS","M","M","?","?","?","M","R","E","T","E","M","R","?","E","R","BOSS","R","$","E","BOSS"],"items_purchased_type":["Relic","Card","Card","Relic","Relic","Relic","Card","Relic","Card"],"build_version":"2020-12-18","purchased_purges":2,"victory":true,"max_hp_per_floor":[75,75,75,75,75,75,75,75,75,75,75,75,75,75,75,75,75,75,75,75,75,75,75,75,75,75,75,75,75,75,75,75,75,75,75,75,75,75,89,89,89,89,89,89,89,89,89,89,89,89,89,89,89,89,89],"card_choices":[{"not_picked":["Gash","Undo"],"picked":"FTL","floor":1},{"not_picked":["Gash","Aggregate","Sweeping Beam"],"picked":"SKIP","floor":2},{"not_picked":["Darkness","Reinforced Body","Fusion"],"picked":"SKIP","floor":3},{"not_picked":["Darkness","Reinforced Body"],"picked":"Fusion","floor":3},{"not_picked":["Ball Lightning","Rebound"],"picked":"Recycle","floor":5},{"not_picked":["Auto Shields","Turbo","Steam"],"picked":"SKIP","floor":6},{"not_picked":["Compile Driver","Heatsinks"],"picked":"Coolheaded","floor":8},{"not_picked":["Sweeping Beam","Fusion","Blizzard"],"picked":"SKIP","floor":10},{"not_picked":["Coolheaded","BootSequence"],"picked":"Capacitor","floor":13},{"not_picked":["Beam Cell","Redo","Buffer"],"picked":"SKIP","floor":14},{"not_picked":["All For One","Seek"],"picked":"Echo Form","floor":16},{"not_picked":["Scrape+1","Barrage"],"picked":"Coolheaded","floor":18},{"not_picked":["Gash","Conserve Battery+1"],"picked":"Defragment","floor":20},{"not_picked":["Compile Driver","Stack","Multi-Cast"],"picked":"SKIP","floor":22},{"not_picked":["Beam Cell","Barrage"],"picked":"Echo Form","floor":23},{"not_picked":["Blizzard","Coolheaded+1","Reprogram"],"picked":"SKIP","floor":25},{"not_picked":["Hello World","Cold Snap"],"picked":"Machine Learning","floor":27},{"not_picked":["Go for the Eyes+1","Sunder","Static Discharge+1"],"picked":"SKIP","floor":29},{"not_picked":["Conserve Battery","Redo","Go for the Eyes"],"picked":"SKIP","floor":30},{"not_picked":["Chill","Conserve Battery"],"picked":"Capacitor+1","floor":31},{"not_picked":["Biased Cognition+1","Reboot"],"picked":"Fission","floor":33},{"not_picked":["Steam+1","Compile Driver+1"],"picked":"Consume","floor":35},{"not_picked":["Consume+1","Conserve Battery","Coolheaded+1"],"picked":"SKIP","floor":36},{"not_picked":["Conserve Battery","Turbo+1"],"picked":"Self Repair+1","floor":37},{"not_picked":["Conserve Battery","Compile Driver+1"],"picked":"Defragment+1","floor":40},{"not_picked":["Hyperbeam","Stack+1","Redo+1"],"picked":"SKIP","floor":42},{"not_picked":["Coolheaded","Redo+1"],"picked":"White Noise+1","floor":44},{"not_picked":["White Noise","Sweeping Beam","Barrage+1"],"picked":"SKIP","floor":45},{"not_picked":["Stack","Steam"],"picked":"Gash+1","floor":46},{"not_picked":["Thunder Strike","Compile Driver","Streamline+1"],"picked":"SKIP","floor":48},{"not_picked":["Auto Shields","Coolheaded"],"picked":"Loop+1","floor":54}],"player_experience":2448042,"relics_obtained":[{"floor":6,"key":"Matryoshka"},{"floor":8,"key":"Vajra"},{"floor":9,"key":"Toy Ornithopter"},{"floor":9,"key":"CeramicFish"},{"floor":14,"key":"Blue Candle"},{"floor":23,"key":"Regal Pillow"},{"floor":25,"key":"Gambling Chip"},{"floor":26,"key":"Omamori"},{"floor":29,"key":"StrikeDummy"},{"floor":37,"key":"Incense Burner"},{"floor":39,"key":"Mango"},{"floor":42,"key":"Lantern"},{"floor":43,"key":"Oddly Smooth Stone"},{"floor":44,"key":"Dream Catcher"},{"floor":47,"key":"MawBank"},{"floor":48,"key":"Letter Opener"},{"floor":54,"key":"Cables"}],"event_choices":[{"cards_removed":["Defend_B"],"damage_healed":0,"gold_gain":0,"player_choice":"Card Removal","damage_taken":7,"max_hp_gain":0,"max_hp_loss":0,"event_name":"Golden Wing","floor":4,"gold_loss":0},{"damage_healed":0,"gold_gain":0,"player_choice":"Ignored","damage_taken":0,"max_hp_gain":0,"max_hp_loss":0,"event_name":"Ghosts","floor":21,"gold_loss":0},{"damage_healed":0,"gold_gain":0,"player_choice":"Fight","damage_taken":0,"max_hp_gain":0,"max_hp_loss":0,"event_name":"MindBloom","floor":37,"gold_loss":0},{"damage_healed":0,"gold_gain":0,"player_choice":"Embrace Madness","damage_taken":9,"max_hp_gain":0,"max_hp_loss":0,"event_name":"Winding Halls","floor":38,"gold_loss":0,"cards_obtained":["Madness","Madness"]},{"damage_healed":0,"gold_gain":0,"player_choice":"Fight","damage_taken":0,"max_hp_gain":0,"max_hp_loss":0,"event_name":"Mysterious Sphere","floor":39,"gold_loss":0}],"is_beta":true,"boss_relics":[{"not_picked":["Busted Crown","Fusion Hammer"],"picked":"Nuclear Battery"},{"not_picked":["SlaversCollar","SacredBark"],"picked":"Empty Cage"}],"items_purged_floors":[28,53],"is_endless":false,"potions_floor_spawned":[3,6,10,14,18,23,25,27,29,35,42,45,48],"ascension_level":1}}