{"host":"s4ojoik2izpnmj7q","time":1614015568,"event":{"mods":["ATMod(°¢èªMod)","Act Like it!","BaseMod","Minty Spire (QoL Compilation)","MostiFishMod","StSLib"],"gold_per_floor":[114,128,128,152,152,152,176,176,176,194,212,236,260,278,278,371,371,385,385,385,385,404,435,435,466,466,498,508,99,134,149,149,222,222,242,252,270,270,170,170,197,197,221,238,254,286,22,47,47,47,47,47,47,47,75,75],"floor_reached":57,"language":"ZHS","playtime":2163,"items_purged":["Strike_B","Strike_B"],"score":3543,"play_id":"1b10e7d7-ff13-43be-9a45-8e7f61cb6777","local_time":"20210223013928","is_ascension_mode":true,"campfire_choices":[{"data":"MostiFishMod:LinkProtocol","floor":6.0,"key":"SMITH"},{"data":"Dualcast","floor":8.0,"key":"SMITH"},{"data":"MostiFishMod:StarOceanB","floor":15.0,"key":"SMITH"},{"data":"AT_ThunderBolt","floor":24.0,"key":"SMITH"},{"data":"Heatsinks","floor":32.0,"key":"SMITH"},{"data":"MostiFishMod:InterfaceCompatibility","floor":40.0,"key":"SMITH"},{"data":"AT_StudyProgram","floor":42.0,"key":"SMITH"},{"floor":49,"key":"RECALL"},{"data":"Coolheaded","floor":53,"key":"SMITH"}],"circlet_count":0,"master_deck":["AscendersBane","Defend_B+1","Defend_B","Defend_B","Zap","Dualcast+1","MostiFishMod:LinkProtocol+1","Meteor Strike","Glacier","Ball Lightning","Ball Lightning","MostiFishMod:StarOceanB+1","MostiFishMod:InterfaceCompatibility+1","MostiFishMod:InterfaceCompatibility","Heatsinks+1","MostiFishMod:Impulse+1","AT_ThunderBolt+1","AT_WaterDrop","AT_DarkMatter+1","AT_StudyProgram+1","Heatsinks","Coolheaded+1","Seek+1","Recycle+1","Storm","AT_StudyProgram+1","Turbo","Capacitor","Turbo+1","Storm"],"relics":["DaveBox","AT_ATBox","xbg","ChiXiaoBlade","SynthV:TestCard","Bloody Idol","FaceOfCleric","Eternal Feather","Anchor","Black Star","Sundial","War Paint","Pantograph","Centennial Puzzle","AT_SilvercatRing","AT_SunfireAegis","AT_Kusabimaru","AT_RabadonDeathcap","AT_ArcaneBoots","Ornamental Fan","FeatherPendant","ImprovedEquipment","Darkstone Periapt","Happy Flower","Meat on the Bone","AT_BellowingDragoncrestRing","Ice Cream","AT_DeathDance","DataDisk"],"acts_visited":["Exordium","TheCity","TheBeyond","TheEnding"],"potions_floor_usage":[55,56,56],"damage_taken":[{"damage":2.0,"enemies":"2 Louse","floor":1.0,"turns":2.0},{"damage":3.0,"enemies":"Small Slimes","floor":2.0,"turns":3.0},{"damage":2.0,"enemies":"Cultist","floor":4.0,"turns":4.0},{"damage":18.0,"enemies":"Exordium Thugs","floor":7.0,"turns":4.0},{"damage":0.0,"enemies":"3 Louse","floor":10.0,"turns":3.0},{"damage":0.0,"enemies":"2 Fungi Beasts","floor":11.0,"turns":3.0},{"damage":0.0,"enemies":"Exordium Wildlife","floor":13.0,"turns":4.0},{"damage":0.0,"enemies":"Lots of Slimes","floor":14.0,"turns":4.0},{"damage":25.0,"enemies":"Slime Boss","floor":16.0,"turns":8.0},{"damage":12.0,"enemies":"2 Thieves","floor":18.0,"turns":3.0},{"damage":0.0,"enemies":"3 Byrds","floor":22.0,"turns":4.0},{"damage":0.0,"enemies":"Book of Stabbing","floor":23.0,"turns":4.0},{"damage":17.0,"enemies":"Gremlin Leader","floor":25.0,"turns":6.0},{"damage":12.0,"enemies":"Slavers","floor":27.0,"turns":4.0},{"damage":6.0,"enemies":"Shelled Parasite and Fungi","floor":28.0,"turns":4.0},{"damage":0.0,"enemies":"Book of Stabbing","floor":30.0,"turns":4.0},{"damage":0.0,"enemies":"Chosen and Byrds","floor":31.0,"turns":4.0},{"damage":0.0,"enemies":"Collector","floor":33.0,"turns":4.0},{"damage":0.0,"enemies":"3 Darklings","floor":35.0,"turns":2.0},{"damage":0.0,"enemies":"Orb Walker","floor":36.0,"turns":1.0},{"damage":0.0,"enemies":"Writhing Mass","floor":37.0,"turns":3.0},{"damage":0.0,"enemies":"Nemesis","floor":41.0,"turns":1.0},{"damage":0.0,"enemies":"Maw","floor":44.0,"turns":1.0},{"damage":0.0,"enemies":"Spire Growth","floor":45.0,"turns":2.0},{"damage":0.0,"enemies":"Reptomancer","floor":46.0,"turns":1.0},{"damage":0.0,"enemies":"Mind Bloom Boss Battle","floor":48.0,"turns":1.0},{"damage":0,"enemies":"Donu and Deca","floor":50,"turns":1},{"damage":0,"enemies":"Awakened One","floor":51,"turns":2},{"damage":0,"enemies":"Shield and Spear","floor":55,"turns":2},{"damage":6,"enemies":"The Heart","floor":56,"turns":4}],"seed_played":"-8806535568468229533","potions_obtained":[{"floor":7.0,"key":"Dexterity Potion"},{"floor":10.0,"key":"Swift Potion"},{"floor":14.0,"key":"Explosive Potion"},{"floor":23.0,"key":"FocusPotion"},{"floor":55,"key":"FocusPotion"}],"is_trial":false,"path_per_floor":["M","M","?","M","?","R","M","R","T","M","M","T","M","M","R","B",null,"M","?","?","?","M","E","R","E","T","E","M","$","E","M","R","B",null,"M","M","M","?","$","R","E","R","T","M","M","E","$","?","R","B","B",null,"R","$","E","B",null],"character_chosen":"DEFECT","items_purchased":["AT_RabadonDeathcap","AT_BellowingDragoncrestRing"],"campfire_rested":0,"item_purchase_floors":[29,47],"current_hp_per_floor":[62,59,59,57,57,57,40,40,40,41,42,42,43,44,53,29,60,49,49,49,49,55,61,73,62,62,56,56,56,62,68,78,79,79,80,81,82,82,82,82,83,83,83,84,85,86,86,87,87,88,89,89,89,89,90,85],"gold":75,"neow_bonus":"BOSS_RELIC","is_daily":false,"chose_seed":false,"campfire_upgraded":8,"win_rate":0.0,"timestamp":1614015568,"path_taken":["M","M","?","M","?","R","?","R","T","M","M","?","M","M","R","BOSS","M","?","?","?","?","E","R","E","T","E","M","?","E","M","R","BOSS","M","M","M","?","$","R","E","R","T","M","M","E","?","?","R","BOSS","BOSS","R","$","E","BOSS"],"items_purchased_type":["Relic","Relic"],"build_version":"2020-12-22","purchased_purges":2,"victory":true,"max_hp_per_floor":[71,71,64,64,64,64,65,65,65,66,67,67,68,69,69,70,70,71,71,71,71,72,73,73,74,74,75,76,76,77,78,78,79,79,80,81,82,82,82,82,83,83,83,84,85,86,86,87,87,88,89,89,89,89,90,91],"card_choices":[{"not_picked":["Turbo","Steam","MostiFishMod:PushDownKick"],"picked":"SKIP","floor":1.0},{"not_picked":["Sweeping Beam","Heatsinks","Streamline","MostiFishMod:ReprogramOld"],"picked":"MostiFishMod:LinkProtocol","floor":2.0},{"not_picked":["Cold Snap","Coolheaded","Self Repair","Recycle"],"picked":"Meteor Strike","floor":4.0},{"not_picked":["FTL","Conserve Battery","Aggregate","Ball Lightning"],"picked":"Glacier","floor":7.0},{"not_picked":["Rebound","Sunder","Streamline","Self Repair"],"picked":"Ball Lightning","floor":10.0},{"not_picked":["Rip and Tear","Streamline","Gash","Fusion","MostiFishMod:FluxCapactior"],"picked":"SKIP","floor":11.0},{"not_picked":["MostiFishMod:IceShield","Streamline","Sweeping Beam","Go for the Eyes"],"picked":"Ball Lightning","floor":13.0},{"not_picked":["Reinforced Body","AT_DarkMatter","Turbo","BootSequence"],"picked":"MostiFishMod:StarOceanB","floor":14.0},{"not_picked":["MostiFishMod:Hijack","Amplify","Multi-Cast","MostiFishMod:Exploitation"],"picked":"MostiFishMod:InterfaceCompatibility","floor":16.0},{"not_picked":["Leap+1","Turbo","Streamline","AT_HeatAcrobatics","Rebound"],"picked":"SKIP","floor":18.0},{"not_picked":["Double Energy","Leap","Barrage","Hologram"],"picked":"MostiFishMod:Impulse","floor":22.0},{"not_picked":["Chill","Gash","Leap+1","Doom and Gloom"],"picked":"AT_ThunderBolt","floor":23.0},{"not_picked":["Chaos","Redo","FTL","Beam Cell"],"picked":"AT_WaterDrop","floor":25.0},{"not_picked":["Compile Driver","Sweeping Beam","Doom and Gloom","MostiFishMod:FluxCapactior+1"],"picked":"AT_DarkMatter","floor":27.0},{"not_picked":["Streamline","Turbo","Blizzard+1","MostiFishMod:PushDownKick"],"picked":"AT_StudyProgram","floor":28.0},{"not_picked":["Hyperbeam","Capacitor","Gash","BootSequence"],"picked":"Heatsinks","floor":30.0},{"not_picked":["MostiFishMod:PushDownKick","Steam","Chill","Machine Learning"],"picked":"Coolheaded","floor":31.0},{"not_picked":["Fission","Multi-Cast","Biased Cognition","AT_WaterDrop"],"picked":"Seek","floor":33.0},{"not_picked":["White Noise+1","Coolheaded+1","Go for the Eyes","AT_HeatAcrobatics"],"picked":"Recycle+1","floor":35.0},{"not_picked":["Rebound","Sweeping Beam+1","Steam Power","Gash","Chill"],"picked":"SKIP","floor":36.0},{"not_picked":["Steam","Hologram","Scrape+1","MostiFishMod:Nova"],"picked":"Storm","floor":37.0},{"not_picked":["Beam Cell+1","Undo","Rebound","FTL"],"picked":"AT_StudyProgram","floor":41.0},{"not_picked":["Capacitor","Ball Lightning","Leap","MostiFishMod:PushDownKick+1"],"picked":"Turbo","floor":44.0},{"not_picked":["Sweeping Beam","BootSequence","MostiFishMod:Nova","Ball Lightning+1","Barrage"],"picked":"SKIP","floor":45.0},{"not_picked":["Beam Cell+1","Cold Snap","AT_ThunderBolt+1","Leap+1"],"picked":"Capacitor","floor":46.0},{"not_picked":["Gash","Melter","Scrape","Auto Shields"],"picked":"Turbo+1","floor":48},{"not_picked":["Steam","Ball Lightning","Scrape","Beam Cell"],"picked":"Storm","floor":55}],"player_experience":643518,"relics_obtained":[{"floor":1.0,"key":"SynthV:TestCard"},{"floor":9.0,"key":"Eternal Feather"},{"floor":12.0,"key":"Anchor"},{"floor":23.0,"key":"Sundial"},{"floor":23.0,"key":"War Paint"},{"floor":25.0,"key":"Pantograph"},{"floor":25.0,"key":"Centennial Puzzle"},{"floor":26.0,"key":"AT_SilvercatRing"},{"floor":27.0,"key":"AT_SunfireAegis"},{"floor":27.0,"key":"AT_Kusabimaru"},{"floor":30.0,"key":"AT_SpeedBoots"},{"floor":30.0,"key":"Ornamental Fan"},{"floor":41.0,"key":"ImprovedEquipment"},{"floor":41.0,"key":"Darkstone Periapt"},{"floor":46.0,"key":"Happy Flower"},{"floor":46.0,"key":"Meat on the Bone"},{"floor":48,"key":"Ice Cream"},{"floor":55,"key":"AT_DeathDance"},{"floor":55,"key":"DataDisk"}],"event_choices":[{"damage_healed":0.0,"max_hp_gain":0.0,"max_hp_loss":7.0,"gold_gain":0.0,"event_name":"Golden Idol","player_choice":"Lose Max HP","floor":3.0,"gold_loss":0.0,"damage_taken":0.0,"relics_obtained":["Golden Idol"]},{"damage_healed":0.0,"max_hp_gain":0.0,"max_hp_loss":0.0,"gold_gain":0.0,"event_name":"FaceTrader","player_choice":"Trade","floor":5.0,"gold_loss":0.0,"damage_taken":0.0,"relics_obtained":["FaceOfCleric"]},{"damage_healed":0.0,"max_hp_gain":0.0,"max_hp_loss":0.0,"gold_gain":0.0,"cards_transformed":["Strike_B","Strike_B"],"event_name":"Drug Dealer","player_choice":"Became Test Subject","floor":19.0,"gold_loss":0.0,"damage_taken":0.0,"cards_obtained":["MostiFishMod:InterfaceCompatibility","Heatsinks"]},{"damage_healed":0.0,"max_hp_gain":0.0,"max_hp_loss":0.0,"gold_gain":0.0,"event_name":"Forgotten Altar","player_choice":"Gave Idol","floor":20.0,"relics_lost":["Golden Idol"],"gold_loss":0.0,"damage_taken":0.0,"relics_obtained":["Bloody Idol"]},{"damage_healed":0.0,"max_hp_gain":0.0,"max_hp_loss":0.0,"gold_gain":0.0,"event_name":"The Mausoleum","player_choice":"Ignored","floor":21.0,"gold_loss":0.0,"damage_taken":0.0},{"cards_removed":["Defend_B"],"damage_healed":0.0,"max_hp_gain":0.0,"max_hp_loss":0.0,"gold_gain":0.0,"event_name":"Falling","player_choice":"Removed Skill","floor":38.0,"gold_loss":0.0,"damage_taken":0.0},{"damage_healed":0.0,"max_hp_gain":0.0,"max_hp_loss":0.0,"gold_gain":0.0,"event_name":"MindBloom","player_choice":"Fight","floor":48.0,"gold_loss":0.0,"damage_taken":0.0}],"is_beta":false,"boss_relics":[{"not_picked":["Cursed Key","AT_MortalBlade"],"picked":"Black Star"},{"not_picked":["Nuclear Battery","MoonlightInvasionPlan"],"picked":"FeatherPendant"}],"items_purged_floors":[29,39],"is_endless":false,"potions_floor_spawned":[7,10,14,22,23,28,31,35,44,45,46,55],"ascension_level":20}}