{"host":"y087t2reloz9bi43","time":1614018406,"event":{"mods":["2.2 Compatiblity","AchievementEnabler","Aspiration","BaseMod","Bestiary","Better Note","Better Vampires","BetterRewards","ChefMod","Colored Map","Colored Powertips","Conspire","Downfall","GifTheSpireLib","Gold Saver","Halation","Hubris","Infinite Spire","Jedi Mod","Mimic Mod","Minty Spire (QoL Compilation)","Permanent Neow","Rare Cards Sparkle","Relic Stats","Reliquary","Replay The Spire","Shop Mod","StSLib","The Runesmith","The Servant 0.9.4","TheFirefly","Transform Curses","Uncapped","everything is the same but u backflip on backflip"],"gold_per_floor":[1009,1009,1054,1054,1129,1219,1219,1309,1309,1354,1399,1489,1489,1489,1489,1789,1789,1834,1879,1924,1969,1894,1984,1435,1435,1435],"floor_reached":25,"language":"ENG","playtime":1668,"items_purged":["Replay:Hysterical Blindness"],"score":266,"play_id":"1a251ee6-f713-43b4-98a0-74ba0fd0c314","local_time":"20210222182646","daily_mods":["Cursed Run","Purple Cards","Midas"],"is_ascension_mode":false,"campfire_choices":[{"floor":7,"key":"REST"},{"floor":13,"key":"REST"},{"floor":15,"key":"REST"}],"circlet_count":0,"master_deck":["chefmod:Strike","chefmod:Strike","chefmod:Strike","chefmod:Strike","chefmod:QuickThaw+1","chefmod:Defend","chefmod:Defend","chefmod:Defend","chefmod:Defend","chefmod:TodaysSpecial","chefmod:Fillet","chefmod:Granita","chefmod:Leftovers","chefmod:IceCreamCone","chefmod:Gelato","chefmod:FrozenTuna","chefmod:RaidPantry","chefmod:FreezeSolid","chefmod:Julienne","chefmod:Escargot"],"relics":["Cursed Key","Darkstone Periapt","Du-Vu Doll","infinitespire:Cubic Diamond","Lantern","White Beast Statue","reliquary:HotPoker","Slimebound:StickyStick","conspire:RoyalGoblet","halation:PromiseList","ReplayTheSpireMod:TigerMarble","Quantum Egg"],"acts_visited":["Exordium","TheCity"],"potions_floor_usage":[12,16,19,21],"damage_taken":[{"damage":0,"enemies":"Small Slimes","floor":1,"turns":3},{"damage":1,"enemies":"conspire:RoseBush","floor":3,"turns":3},{"damage":31,"enemies":"Gremlin Nob","floor":6,"turns":5},{"damage":3,"enemies":"Replay:BlueRogue","floor":8,"turns":4},{"damage":1,"enemies":"Jaw Worm","floor":10,"turns":2},{"damage":4,"enemies":"2 Fungi Beasts","floor":11,"turns":3},{"damage":30,"enemies":"Gremlin Nob","floor":12,"turns":4},{"damage":29,"enemies":"Hexaghost","floor":16,"turns":5},{"damage":8,"enemies":"2 Thieves","floor":18,"turns":3},{"damage":19,"enemies":"Shell Parasite","floor":19,"turns":5},{"damage":19,"enemies":"conspire:HollyBat","floor":20,"turns":8},{"damage":22,"enemies":"Shelled Parasite and Fungi","floor":21,"turns":6},{"damage":18,"enemies":"conspire:Head Lice","floor":23,"turns":5},{"damage":14,"enemies":"Centurion and Healer","floor":25,"turns":2}],"seed_played":"-9004314451342404475","potions_obtained":[{"floor":10,"key":"Explosive Potion"},{"floor":11,"key":"hexamod:SoulburnPotion"},{"floor":12,"key":"Energy Potion"},{"floor":16,"key":"PowerPotion"},{"floor":18,"key":"Block Potion"},{"floor":19,"key":"Energy Potion"},{"floor":21,"key":"Elixir"},{"floor":23,"key":"conspire:TimeTravelPotion"}],"is_trial":false,"path_per_floor":["M","?","M","?","?","E","R","E","T","M","M","E","R","?","R","B",null,"M","M","M","M","?","E","$","M"],"character_chosen":"THE_CHEF","items_purchased":["chefmod:Escargot","ReplayTheSpireMod:TigerMarble","Quantum Egg"],"campfire_rested":3,"item_purchase_floors":[24,24,24],"current_hp_per_floor":[76,76,75,75,64,33,55,52,58,57,53,23,47,47,71,48,88,80,61,42,20,20,2,2,0,0],"gold":1435,"neow_bonus":"","is_daily":true,"chose_seed":false,"campfire_upgraded":0,"win_rate":0.0,"timestamp":1614018406,"path_taken":["M","?","M","?","?","E","R","E","T","M","?","E","R","?","R","BOSS","M","M","?","M","?","E","?","M"],"items_purchased_type":["Card","Relic","Relic"],"build_version":"2020-12-22","purchased_purges":1,"victory":false,"max_hp_per_floor":[76,76,76,76,76,76,76,76,82,82,82,82,82,82,82,88,88,88,88,88,88,88,88,88,88,88],"relic_stats":{"Darkstone Periapt":12,"counters":[14,58],"Cursed Key":1,"obtain_stats":[{"Darkstone Periapt":0,"Du-Vu Doll":0,"Lantern":6,"reliquary:HotPoker":9,"conspire:RoyalGoblet":17,"Slimebound:StickyStick":12,"Quantum Egg":24,"infinitespire:Cubic Diamond":4,"halation:PromiseList":23,"ReplayTheSpireMod:TigerMarble":24,"Cursed Key":0,"White Beast Statue":8},{"Darkstone Periapt":0,"Du-Vu Doll":0,"Lantern":3,"reliquary:HotPoker":4,"conspire:RoyalGoblet":8,"Slimebound:StickyStick":7,"Quantum Egg":13,"infinitespire:Cubic Diamond":2,"halation:PromiseList":13,"ReplayTheSpireMod:TigerMarble":13,"Cursed Key":0,"White Beast Statue":4},{"Darkstone Periapt":0,"Du-Vu Doll":0,"Lantern":11,"reliquary:HotPoker":15,"conspire:RoyalGoblet":29,"Slimebound:StickyStick":24,"Quantum Egg":56,"infinitespire:Cubic Diamond":6,"halation:PromiseList":56,"ReplayTheSpireMod:TigerMarble":56,"Cursed Key":0,"White Beast Statue":15}]},"card_choices":[{"not_picked":["chefmod:IcePick","chefmod:NoSoupForYou"],"picked":"chefmod:Fillet","floor":1},{"not_picked":["chefmod:FireUp","chefmod:SliceAndDice"],"picked":"chefmod:Granita","floor":3},{"not_picked":["chefmod:Granita","chefmod:DimSum"],"picked":"chefmod:Leftovers","floor":6},{"not_picked":["chefmod:Fillet","chefmod:SliceAndDice"],"picked":"chefmod:IceCreamCone","floor":8},{"not_picked":["chefmod:SliceAndDice","chefmod:FryPan"],"picked":"chefmod:Gelato","floor":10},{"not_picked":["chefmod:Cleavers","chefmod:SliceAndDice"],"picked":"chefmod:Gelato","floor":11},{"not_picked":["chefmod:DinoKale","chefmod:LiquidNitrogen"],"picked":"chefmod:FrozenTuna","floor":12},{"not_picked":["chefmod:DeepFreeze","chefmod:FrozenTuna"],"picked":"chefmod:RaidPantry","floor":16},{"not_picked":["chefmod:ColdSteel","chefmod:FullBurn"],"picked":"chefmod:FreezeSolid","floor":18},{"not_picked":["chefmod:IceCreamCone+1","chefmod:SliceAndDice","chefmod:BaoBuns"],"picked":"SKIP","floor":19},{"not_picked":["chefmod:BaoBuns","chefmod:ZaruSoba","chefmod:FreshProduce"],"picked":"SKIP","floor":20},{"not_picked":["chefmod:DeathByChocolate","chefmod:Gelato","chefmod:PotatoGratin"],"picked":"SKIP","floor":21},{"not_picked":["chefmod:Defrost","chefmod:NoSoupForYou"],"picked":"chefmod:Julienne","floor":23}],"player_experience":367359,"relics_obtained":[{"floor":6,"key":"Lantern"},{"floor":8,"key":"White Beast Statue"},{"floor":9,"key":"reliquary:HotPoker"},{"floor":12,"key":"Slimebound:StickyStick"},{"floor":23,"key":"halation:PromiseList"}],"event_choices":[{"damage_healed":0,"gold_gain":75,"player_choice":"Gather Gold","damage_taken":11,"max_hp_gain":0,"max_hp_loss":0,"event_name":"World of Goop","floor":5,"gold_loss":0},{"cards_removed":["Normality"],"damage_healed":0,"gold_gain":0,"player_choice":"Purged","damage_taken":0,"max_hp_gain":0,"max_hp_loss":0,"event_name":"Purifier","floor":14,"gold_loss":0},{"cards_removed":["chefmod:Gelato"],"damage_healed":0,"gold_gain":0,"player_choice":"Gave Gold","damage_taken":0,"max_hp_gain":0,"max_hp_loss":0,"event_name":"Beggar","floor":22,"gold_loss":75}],"is_beta":false,"boss_relics":[{"not_picked":["Tiny House","hubris:Stopwatch"],"picked":"conspire:RoyalGoblet"}],"items_purged_floors":[24],"is_endless":false,"potions_floor_spawned":[10,11,12,16,18,19,20,21,23],"killed_by":"Centurion and Healer","ascension_level":0}}