{"host":"nz11ypxva4e39b7q","time":1614033195,"event":{"mods":["BaseMod","Better Third Choice","Better Vampires","Colored Map","Minty Spire (QoL Compilation)","Quick Restart","Shapeshifter Mod","StSLib"],"gold_per_floor":[114,114,126,146,19,48,48,48,48,48,64,85,85,9,9,139,139,158,158,182,28,28,68,68,102,102,122,122,135,171,195,195,318,318,332,351,419,419,443,443,482,482,482,541,874,891,924,162,162,162],"floor_reached":51,"language":"ENG","playtime":2820,"items_purged":["StSShapeShifter:ShapeShifter_Defend","Writhe"],"score":1316,"play_id":"055438a3-b5c3-49fa-8c19-f2f045412519","local_time":"20210222233315","is_ascension_mode":true,"campfire_choices":[{"data":"StSShapeShifter:WiltingWrath","floor":7.0,"key":"SMITH"},{"floor":13.0,"key":"REST"},{"data":"StSShapeShifter:FruitBasket","floor":15.0,"key":"SMITH"},{"data":"RitualDagger","floor":24.0,"key":"SMITH"},{"data":"StSShapeShifter:DragonForm","floor":28.0,"key":"SMITH"},{"data":"StSShapeShifter:FlowerShield","floor":32.0,"key":"SMITH"},{"floor":40.0,"key":"RECALL"},{"data":"StSShapeShifter:Maul","floor":42.0,"key":"SMITH"},{"floor":49,"key":"REST"}],"circlet_count":0,"master_deck":["AscendersBane","StSShapeShifter:ShapeShifter_Strike","StSShapeShifter:ShapeShifter_Strike","StSShapeShifter:ShapeShifter_Strike","StSShapeShifter:ShapeShifter_Strike","StSShapeShifter:ShapeShifter_Defend","StSShapeShifter:ShapeShifter_Defend","StSShapeShifter:ShapeShifter_Defend","StSShapeShifter:Lynx_Form+1","StSShapeShifter:WiltingWrath+1","StSShapeShifter:FlowerShield+1","StSShapeShifter:Consume","StSShapeShifter:ClimbTree","StSShapeShifter:ThornToss","StSShapeShifter:Evolution+1","StSShapeShifter:FruitBasket+1","StSShapeShifter:Bonk","StSShapeShifter:DragonForm+1","RitualDagger+1","StSShapeShifter:Consume","StSShapeShifter:IntimidatingAura+1","StSShapeShifter:CursedApple","StSShapeShifter:Winter+1","StSShapeShifter:Maul+1","StSShapeShifter:VineHandcuffs","StSShapeShifter:SpiritOfTheEarth+1","Flash of Steel"],"relics":["StSShapeShifter:AnimalHeart","StSShapeShifter:TheShapeShiftersMagnolia","Frozen Egg 2","Runic Pyramid","Medical Kit","Bag of Preparation","Pen Nib","StSShapeShifter:AlchemistsNecklace","The Courier","Runic Dome","Unceasing Top","CeramicFish","StSShapeShifter:BeastkeepersGift","Bottled Flame","Happy Flower","Oddly Smooth Stone","Art of War","Mummified Hand","StSShapeShifter:DruidicMedallion","Regal Pillow"],"acts_visited":["Exordium","TheCity","TheBeyond"],"potions_floor_usage":[47],"damage_taken":[{"damage":0.0,"enemies":"2 Louse","floor":1.0,"turns":2.0},{"damage":0.0,"enemies":"Small Slimes","floor":3.0,"turns":4.0},{"damage":1.0,"enemies":"Jaw Worm","floor":4.0,"turns":4.0},{"damage":39.0,"enemies":"Lagavulin","floor":6.0,"turns":9.0},{"damage":0.0,"enemies":"Exordium Wildlife","floor":11.0,"turns":3.0},{"damage":17.0,"enemies":"Gremlin Gang","floor":12.0,"turns":5.0},{"damage":33.0,"enemies":"Slime Boss","floor":16.0,"turns":13.0},{"damage":2.0,"enemies":"Shell Parasite","floor":18.0,"turns":6.0},{"damage":0.0,"enemies":"Spheric Guardian","floor":20.0,"turns":7.0},{"damage":14.0,"enemies":"Slavers","floor":23.0,"turns":8.0},{"damage":6.0,"enemies":"Gremlin Leader","floor":25.0,"turns":8.0},{"damage":1.0,"enemies":"Snake Plant","floor":27.0,"turns":4.0},{"damage":0.0,"enemies":"Cultist and Chosen","floor":29.0,"turns":3.0},{"damage":14.0,"enemies":"Slavers","floor":30.0,"turns":3.0},{"damage":0.0,"enemies":"Centurion and Healer","floor":31.0,"turns":1.0},{"damage":1.0,"enemies":"Collector","floor":33.0,"turns":7.0},{"damage":0.0,"enemies":"3 Darklings","floor":35.0,"turns":3.0},{"damage":0.0,"enemies":"Orb Walker","floor":36.0,"turns":3.0},{"damage":2.0,"enemies":"2 Orb Walkers","floor":37.0,"turns":3.0},{"damage":0.0,"enemies":"Reptomancer","floor":41.0,"turns":3.0},{"damage":3.0,"enemies":"Giant Head","floor":44.0,"turns":4.0},{"damage":4.0,"enemies":"Maw","floor":46.0,"turns":6.0},{"damage":47,"enemies":"Reptomancer","floor":47,"turns":5},{"damage":11,"enemies":"Time Eater","floor":50,"turns":8}],"seed_played":"-4775681817393254493","potions_obtained":[{"floor":1.0,"key":"Weak Potion"},{"floor":11.0,"key":"PowerPotion"},{"floor":16.0,"key":"Fire Potion"},{"floor":23.0,"key":"Weak Potion"},{"floor":25.0,"key":"Swift Potion"},{"floor":30.0,"key":"Energy Potion"},{"floor":33.0,"key":"SteroidPotion"},{"floor":41.0,"key":"SneckoOil"},{"floor":44.0,"key":"LiquidBronze"},{"floor":47,"key":"GamblersBrew"}],"is_trial":false,"path_per_floor":["M","?","M","M","$","E","R","?","T","?","M","M","R","$","R","B",null,"M","?","M","$","?","E","R","E","T","M","R","M","E","M","R","B",null,"M","M","?","?","T","R","E","R","T","E","?","M","E","$","R","B",null],"character_chosen":"SHAPESHIFTER","items_purchased":["StSShapeShifter:ThornToss","StSShapeShifter:Bonk","Medical Kit","Art of War","Mummified Hand","StSShapeShifter:DruidicMedallion","StSShapeShifter:SpiritOfTheEarth+1","Regal Pillow","Flash of Steel"],"campfire_rested":2,"item_purchase_floors":[5,14,21,48,48,48,48,48,48],"current_hp_per_floor":[70,70,70,69,69,30,30,30,30,30,30,15,36,36,36,5,55,53,47,49,49,49,35,35,31,31,32,32,32,20,20,20,19,59,59,59,61,61,61,61,61,61,61,60,60,58,11,11,47,38],"gold":162,"neow_bonus":"THREE_CARDS","is_daily":false,"chose_seed":false,"campfire_upgraded":6,"win_rate":0.0,"timestamp":1614033195,"path_taken":["M","?","M","M","$","E","R","?","T","?","M","M","R","$","R","BOSS","M","?","M","$","?","E","R","E","T","M","R","?","E","M","R","BOSS","M","M","?","?","?","R","E","R","T","E","?","M","E","$","R","BOSS"],"items_purchased_type":["Card","Card","Relic","Relic","Relic","Relic","Card","Relic","Card"],"build_version":"2020-12-22","purchased_purges":2,"victory":true,"max_hp_per_floor":[78,78,78,78,78,78,78,78,78,72,72,72,72,72,72,72,72,72,72,72,72,72,72,72,72,72,72,72,72,72,72,72,72,72,72,72,72,72,72,72,72,72,72,72,72,72,72,72,72,72],"card_choices":[{"not_picked":["StSShapeShifter:ThornToss","StSShapeShifter:MonkeyForm"],"picked":"StSShapeShifter:WiltingWrath","floor":0.0},{"not_picked":["StSShapeShifter:VileMushroom","StSShapeShifter:Roar"],"picked":"StSShapeShifter:FlowerShield","floor":1.0},{"not_picked":["StSShapeShifter:MonkeyForm","StSShapeShifter:OakBlade"],"picked":"StSShapeShifter:Consume","floor":3.0},{"not_picked":["StSShapeShifter:ShiftingStrike","StSShapeShifter:SquirrelForm"],"picked":"StSShapeShifter:ClimbTree","floor":4.0},{"not_picked":["StSShapeShifter:AdaptiveStrikes","StSShapeShifter:PoisonIvy"],"picked":"StSShapeShifter:Evolution+1","floor":6.0},{"not_picked":["StSShapeShifter:RockSlide","StSShapeShifter:Summer+1"],"picked":"StSShapeShifter:FruitBasket","floor":11.0},{"not_picked":["StSShapeShifter:PoisonIvy","StSShapeShifter:MonkeyForm","StSShapeShifter:DeerForm"],"picked":"SKIP","floor":12.0},{"not_picked":["StSShapeShifter:Flood","StSShapeShifter:HydraForm"],"picked":"StSShapeShifter:DragonForm","floor":16.0},{"not_picked":["StSShapeShifter:BulwarkOfDiscovery+1","StSShapeShifter:BarkSkin","StSShapeShifter:BloomingSlash"],"picked":"SKIP","floor":18.0},{"not_picked":["StSShapeShifter:BladeOfGrass","StSShapeShifter:VineHandcuffs","StSShapeShifter:FesteringBite"],"picked":"SKIP","floor":20.0},{"not_picked":["StSShapeShifter:BladeOfGrass","StSShapeShifter:VineHandcuffs","StSShapeShifter:FesteringBite"],"picked":"SKIP","floor":20.0},{"not_picked":["StSShapeShifter:PoisonIvy","StSShapeShifter:Spring+1","StSShapeShifter:OakBlade"],"picked":"SKIP","floor":23.0},{"not_picked":["StSShapeShifter:OakBlade+1","StSShapeShifter:RaptorForm","StSShapeShifter:VineHandcuffs"],"picked":"SKIP","floor":25.0},{"not_picked":["StSShapeShifter:Sapling","StSShapeShifter:OpportuneSwoop+1"],"picked":"StSShapeShifter:Consume","floor":27.0},{"not_picked":["StSShapeShifter:RaptorForm","StSShapeShifter:FallingLeaves"],"picked":"StSShapeShifter:IntimidatingAura+1","floor":29.0},{"not_picked":["StSShapeShifter:Sapling","StSShapeShifter:RockSlide","StSShapeShifter:BloomingSlash"],"picked":"SKIP","floor":30.0},{"not_picked":["StSShapeShifter:IntimidatingAura+1","StSShapeShifter:BarkSkin+1"],"picked":"StSShapeShifter:CursedApple","floor":31.0},{"not_picked":["StSShapeShifter:Autumn+1","StSShapeShifter:Earthquake"],"picked":"StSShapeShifter:Winter+1","floor":33.0},{"not_picked":["StSShapeShifter:BarkSkin","StSShapeShifter:DeerForm"],"picked":"StSShapeShifter:Maul","floor":35.0},{"not_picked":["StSShapeShifter:BloomingSlash","StSShapeShifter:ShiftingStrike","StSShapeShifter:RockSlide+1"],"picked":"SKIP","floor":36.0},{"not_picked":["StSShapeShifter:MonkeyForm","StSShapeShifter:ShiftingStrike","StSShapeShifter:BaskInBloom+1"],"picked":"SKIP","floor":41.0},{"not_picked":["StSShapeShifter:OakBlade","StSShapeShifter:FallingLeaves"],"picked":"StSShapeShifter:VineHandcuffs","floor":44.0},{"not_picked":["StSShapeShifter:AdaptiveStrikes","StSShapeShifter:HippoForm","StSShapeShifter:Roar"],"picked":"SKIP","floor":46.0},{"not_picked":["StSShapeShifter:BloomingSlash","StSShapeShifter:ClimbTree","StSShapeShifter:ShiftingStrike+1"],"picked":"SKIP","floor":47}],"player_experience":1093886,"relics_obtained":[{"floor":6.0,"key":"Frozen Egg 2"},{"floor":23.0,"key":"Bag of Preparation"},{"floor":25.0,"key":"Pen Nib"},{"floor":26.0,"key":"StSShapeShifter:AlchemistsNecklace"},{"floor":30.0,"key":"The Courier"},{"floor":37.0,"key":"Unceasing Top"},{"floor":39.0,"key":"CeramicFish"},{"floor":41.0,"key":"StSShapeShifter:BeastkeepersGift"},{"floor":43.0,"key":"Bottled Flame"},{"floor":44.0,"key":"Happy Flower"},{"floor":47,"key":"Oddly Smooth Stone"}],"event_choices":[{"cards_removed":["StSShapeShifter:ShapeShifter_Defend"],"damage_healed":0.0,"max_hp_gain":0.0,"max_hp_loss":0.0,"gold_gain":0.0,"event_name":"Living Wall","player_choice":"Forget","floor":8.0,"gold_loss":0.0,"damage_taken":0.0},{"damage_healed":0.0,"max_hp_gain":0.0,"max_hp_loss":6.0,"gold_gain":0.0,"event_name":"Golden Idol","player_choice":"Lose Max HP","floor":10.0,"gold_loss":0.0,"damage_taken":0.0,"relics_obtained":["Golden Idol"]},{"damage_healed":0.0,"max_hp_gain":0.0,"max_hp_loss":0.0,"gold_gain":0.0,"event_name":"betterThird:BetterNest","player_choice":"Dagger","floor":19.0,"gold_loss":0.0,"damage_taken":6.0,"cards_obtained":["RitualDagger"]},{"cards_removed":["StSShapeShifter:ShapeShifter_Strike"],"damage_healed":0.0,"max_hp_gain":0.0,"max_hp_loss":0.0,"gold_gain":0.0,"event_name":"Purifier","player_choice":"Purged","floor":22.0,"gold_loss":0.0,"damage_taken":0.0},{"damage_healed":0.0,"max_hp_gain":0.0,"max_hp_loss":0.0,"gold_gain":0.0,"event_name":"Mysterious Sphere","player_choice":"Fight","floor":37.0,"gold_loss":0.0,"damage_taken":0.0},{"damage_healed":0.0,"max_hp_gain":0.0,"max_hp_loss":0.0,"gold_gain":0.0,"event_name":"Tomb of Lord Red Mask","player_choice":"Ignored","floor":38.0,"gold_loss":0.0,"damage_taken":0.0},{"damage_healed":0.0,"max_hp_gain":0.0,"max_hp_loss":0.0,"gold_gain":333.0,"event_name":"The Moai Head","player_choice":"Gave Idol","floor":45.0,"relics_lost":["Golden Idol"],"gold_loss":0.0,"damage_taken":0.0}],"is_beta":false,"boss_relics":[{"not_picked":["SlaversCollar","Velvet Choker"],"picked":"Runic Pyramid"},{"not_picked":["Tiny House","Philosopher\u0027s Stone"],"picked":"Runic Dome"}],"items_purged_floors":[5,48],"is_endless":false,"potions_floor_spawned":[1,11,16,23,25,30,33,41,44,47],"ascension_level":12}}