{"host":"4ih4fq53sefgqhvb","time":1614028706,"event":{"mods":["AchievementEnabler","Aspiration","Bard","BaseMod","BetterRewards","Colored Map","Colored Powertips","Conspire","Downfall","Googly Eyes","Hermit","Highlight Path","Hubris","Infinite Spire","Jedi Mod","Jorbs\u0027s Wanderer Trilogy","Marisa????????","Mimic Mod","Minty Spire (QoL Compilation)","Quick Restart","Relic Stats","Replay The Spire","Shop Mod","StSLib","The Animator","The Cursed","The Disciple","The Jungle","The Runesmith","The Servant 0.9.4"],"gold_per_floor":[99,99,49,90,111,111,171,205,225,25,69,19,19,19,29,137,137,37,51,51,68,102,118,118,58,58,73,124,124,124,124,143,241,241,241,305,325,325,338,338,338,348,362,387,387,397,414,460,490,490,490,522,163,163,163,192],"floor_reached":57,"language":"ENG","playtime":6613,"items_purged":["Pain"],"score":1271,"play_id":"0154da4d-dfff-4348-86d3-6b55c27b192e","local_time":"20210222131826","is_ascension_mode":false,"campfire_choices":[{"floor":1,"key":"RECALL"},{"floor":10,"key":"REST"},{"data":"bronze:ClassDefault","floor":13,"key":"SMITH"},{"floor":18,"key":"DIG"},{"data":"bronze:AlphaBuild","floor":26,"key":"SMITH"},{"data":"bronze:Mutator","floor":35,"key":"SMITH"},{"floor":40,"key":"REST"},{"floor":45,"key":"REST"},{"floor":54,"key":"REST"}],"circlet_count":0,"master_deck":["bronze:Strike","bronze:Strike","bronze:Strike","bronze:Strike","bronze:Defend","bronze:Defend","bronze:Defend","bronze:Defend","bronze:Replicate","m_Bronzebash","conspire:SpireCoStock","bronze:Optimize","bronze:Constructor","ReplayReversal","bronze:DigitalCarnage","bronze:Separator","bronze:Flail","bronze:ClassDefault+1","bronze:AlphaBuild+1","bronze:Overheat+1","bronze:AlphaBuild","bronze:DelayedSlice","bronze:Frontload","bronze:Refactor","bronze:Overheat+1","bronze:Overload","bronze:Mutator+1","bronze:Terminator+1","Replay:SS_fish_1+1","bronze:ForLoop","bronze:RecursiveStrike","bronze:HardenedForm","bronze:ChildClass","bronze:Iterate","bronze:DelayedSlice+1","bronze:Repulsor"],"relics":["m_BronzeBlood","WarpedTongs","Kunai","downfall:HeartBlessingRed","downfall:HeartBlessingGreen","Mercury Hourglass","aspiration:PoetsPen_weak","downfall:HeartBlessingBlue","hexamod:Sixitude","ReplayTheSpireMod:Ninjato","aspiration:RitualStick","SlaversCollar","jedi:heavyjacket","CaptainsWheel","Runesmith:Locket","MerchantsRug","ClockworkSouvenir"],"acts_visited":["Exordium","TheCity","TheBeyond","TheEnding"],"potions_floor_usage":[11,16,16,28,33,42,46,47,49,55,55,56,56],"damage_taken":[{"damage":8,"enemies":"Jaw Worm","floor":4,"turns":5},{"damage":0,"enemies":"2 Louse","floor":5,"turns":3},{"damage":4,"enemies":"Small Slimes","floor":7,"turns":7},{"damage":48,"enemies":"3 Sentries","floor":8,"turns":11},{"damage":1,"enemies":"Small Slimes","floor":9,"turns":3},{"damage":9,"enemies":"Replay:BlueRogue","floor":11,"turns":4},{"damage":2,"enemies":"downfall:FleeingMerchant","floor":12,"turns":4},{"damage":0,"enemies":"Gremlin Gang","floor":15,"turns":1},{"damage":22,"enemies":"IC_STATUS_ARCHETYPE","floor":16,"turns":8},{"damage":22,"enemies":"Shell Parasite","floor":19,"turns":4},{"damage":15,"enemies":"conspire:FuzzyDice","floor":21,"turns":4},{"damage":4,"enemies":"3 Cultists","floor":22,"turns":3},{"damage":22,"enemies":"conspire:HollyBat","floor":23,"turns":6},{"damage":6,"enemies":"Cultist and Chosen","floor":27,"turns":3},{"damage":29,"enemies":"Chosen and Byrds","floor":28,"turns":7},{"damage":24,"enemies":"Centurion and Healer","floor":32,"turns":2},{"damage":12,"enemies":"WA_ARCHETYPE_CALM","floor":33,"turns":5},{"damage":50,"enemies":"2 Orb Walkers","floor":36,"turns":5},{"damage":1,"enemies":"Orb Walker","floor":37,"turns":4},{"damage":33,"enemies":"3 Shapes","floor":39,"turns":2},{"damage":3,"enemies":"Sphere and 2 Shapes","floor":42,"turns":3},{"damage":27,"enemies":"4 Shapes","floor":43,"turns":4},{"damage":10,"enemies":"R_Hoarder","floor":44,"turns":5},{"damage":29,"enemies":"Maw","floor":46,"turns":10},{"damage":27,"enemies":"Jaw Worm Horde","floor":47,"turns":5},{"damage":0,"enemies":"4 Shapes","floor":48,"turns":14},{"damage":0,"enemies":"4 Shapes","floor":49,"turns":2},{"damage":10,"enemies":"SI_POISON_ARCHETYPE","floor":50,"turns":14},{"damage":30,"enemies":"downfall:CharBossMerchant","floor":52,"turns":6},{"damage":20,"enemies":"downfall:NeowBoss","floor":55,"turns":17},{"damage":73,"enemies":"downfall:NeowBossFinal","floor":56,"turns":13}],"seed_played":"-5819117558390966794","potions_obtained":[{"floor":9,"key":"EssenceOfSteel"},{"floor":11,"key":"ColorlessPotion"},{"floor":15,"key":"Ancient Potion"},{"floor":21,"key":"Languid Potion"},{"floor":22,"key":"BlessingOfTheForge"},{"floor":23,"key":"hexamod:SoulburnPotion"},{"floor":39,"key":"AttackPotion"},{"floor":44,"key":"jedi:wingpotion"},{"floor":46,"key":"SpeedPotion"},{"floor":47,"key":"BlessingOfTheForge"}],"is_trial":false,"path_per_floor":["R_BF","?","?","M","M","?","MIM","E","M","R","E","$","R","?","M","B",null,"R_BF","M","?","M","M","M","T","?","R","M","M","?","?","T","M","B",null,"R","?","M","?","M","R","T","M","M","E","R","M","M","MIM","M","B",null,"E","$","R","B","B",null],"character_chosen":"THE_AUTOMATON","items_purchased":["bronze:ClassDefault","EntropicBrew","MerchantsRug","ClockworkSouvenir","bronze:Repulsor"],"campfire_rested":4,"item_purchase_floors":[12,53,53,53,53],"current_hp_per_floor":[77,77,77,75,77,77,77,35,40,63,60,64,64,67,73,57,80,90,74,74,65,67,51,51,71,71,71,48,30,30,30,14,8,92,92,50,55,55,30,58,58,61,40,36,64,41,22,28,34,30,98,76,76,100,86,19],"gold":192,"neow_bonus":"TEN_PERCENT_HP_BONUS","is_daily":false,"chose_seed":false,"campfire_upgraded":3,"win_rate":0.0,"timestamp":1614028706,"path_taken":["R_BF","?","?","M","M","?","MIM","E","M","R","E","$","R","?","M","BOSS","R_BF","M","?","M","?","M","T","?","R","M","M","?","?","?","M","BOSS","R","?","M","?","?","R","T","M","M","E","R","M","M","?","M","BOSS","E","$","R","BOSS","BOSS"],"items_purchased_type":["Card","Potion","Relic","Relic","Card"],"build_version":"2020-12-22","purchased_purges":1,"victory":true,"max_hp_per_floor":[77,77,77,77,77,77,77,77,77,77,77,77,77,80,80,80,80,90,90,90,90,90,90,90,90,90,90,90,90,90,90,92,92,92,92,94,94,94,96,96,96,96,96,96,96,96,98,98,98,98,98,100,100,100,100,100],"relic_stats":{"counters":[31,182],"Kunai":[52],"obtain_stats":[{"MerchantsRug":53,"bronze:BronzeCore":0,"ReplayTheSpireMod:Ninjato":24,"downfall:HeartBlessingRed":10,"Singing Bowl":31,"hexamod:Sixitude":18,"Runesmith:Locket":48,"downfall:HeartBlessingGreen":10,"aspiration:PoetsPen_weak":17,"War Paint":52,"aspiration:RitualStick":29,"WarpedTongs":6,"Mercury Hourglass":11,"ClockworkSouvenir":53,"SlaversCollar":34,"jedi:heavyjacket":41,"CaptainsWheel":44,"downfall:HeartBlessingBlue":18,"WingedGreaves":36,"m_BronzeBlood":2,"Kunai":8},{"MerchantsRug":29,"bronze:BronzeCore":0,"ReplayTheSpireMod:Ninjato":13,"downfall:HeartBlessingRed":5,"Singing Bowl":15,"hexamod:Sixitude":9,"Runesmith:Locket":26,"downfall:HeartBlessingGreen":5,"aspiration:PoetsPen_weak":9,"War Paint":29,"aspiration:RitualStick":15,"WarpedTongs":2,"Mercury Hourglass":6,"ClockworkSouvenir":29,"SlaversCollar":17,"jedi:heavyjacket":20,"CaptainsWheel":23,"downfall:HeartBlessingBlue":9,"WingedGreaves":18,"m_BronzeBlood":0,"Kunai":4},{"MerchantsRug":152,"bronze:BronzeCore":0,"ReplayTheSpireMod:Ninjato":62,"downfall:HeartBlessingRed":29,"Singing Bowl":72,"hexamod:Sixitude":46,"Runesmith:Locket":130,"downfall:HeartBlessingGreen":29,"aspiration:PoetsPen_weak":46,"War Paint":152,"aspiration:RitualStick":72,"WarpedTongs":8,"Mercury Hourglass":33,"ClockworkSouvenir":152,"SlaversCollar":79,"jedi:heavyjacket":90,"CaptainsWheel":102,"downfall:HeartBlessingBlue":46,"WingedGreaves":84,"m_BronzeBlood":0,"Kunai":26}],"aspiration:RitualStick":[0],"WarpedTongs":[170],"Mercury Hourglass":[357]},"card_choices":[{"not_picked":["bronze:ClassDefault","bronze:FineTuning"],"picked":"bronze:Optimize","floor":4},{"not_picked":["bronze:FineTuning","bronze:Safeguard"],"picked":"bronze:Constructor","floor":5},{"not_picked":["bronze:BugBarrage","bronze:Overload"],"picked":"ReplayReversal","floor":7},{"not_picked":["bronze:FindAndReplace","bronze:NullPointer"],"picked":"bronze:DigitalCarnage","floor":8},{"not_picked":["Wild Strike","bronze:Allocate","bronze:Invalidate"],"picked":"SKIP","floor":9},{"not_picked":["bronze:BitShift","bronze:FineTuning"],"picked":"bronze:Separator","floor":11},{"not_picked":["bronze:FineTuning","Flame Barrier"],"picked":"bronze:Flail","floor":12},{"not_picked":["bronze:Invalidate","bronze:WildBeam","bronze:BugBarrage"],"picked":"SKIP","floor":15},{"not_picked":["bronze:SpaghettiCode","Impervious"],"picked":"bronze:AlphaBuild","floor":16},{"not_picked":["bronze:DelayedGuard+1","bronze:Deprecate"],"picked":"bronze:Overheat+1","floor":19},{"not_picked":["bronze:ClassDefault","bronze:Shield+1"],"picked":"bronze:DelayedSlice","floor":21},{"not_picked":["bronze:WhirlingStrike","bronze:Overheat"],"picked":"bronze:Frontload","floor":22},{"not_picked":["bronze:Constructor","bronze:Branch"],"picked":"bronze:Refactor","floor":23},{"not_picked":["bronze:MaxOutput","bronze:WhirlingStrike"],"picked":"bronze:Overheat+1","floor":27},{"not_picked":["bronze:ClassDefault","bronze:Backtrace"],"picked":"bronze:Overload","floor":28},{"not_picked":["bronze:Separator","bronze:BitShift+1","bronze:DelayedGuard"],"picked":"Singing Bowl","floor":32},{"not_picked":["bronze:Virus","bronze:InfiniteLoop"],"picked":"bronze:Mutator","floor":33},{"not_picked":["bronze:Optimize+1","bronze:InfiniteBeams","bronze:Branch+1"],"picked":"Singing Bowl","floor":36},{"not_picked":["bronze:Constructor","bronze:Shield"],"picked":"bronze:Terminator","floor":37},{"not_picked":["Replay:SS_forest_2","expansioncontent:Hexaburn"],"picked":"Replay:SS_fish_1","floor":38},{"not_picked":["bronze:Constructor+1","bronze:Overload","bronze:Frontload"],"picked":"Singing Bowl","floor":39},{"not_picked":["bronze:ItsAFeature","bronze:Overheat"],"picked":"bronze:ForLoop","floor":42},{"not_picked":["bronze:FollowUp+1","bronze:OilSpill"],"picked":"bronze:RecursiveStrike","floor":43},{"not_picked":["bronze:BuggyMess+1","bronze:WhirlingStrike"],"picked":"bronze:HardenedForm","floor":44},{"not_picked":["bronze:Separator+1","bronze:Deprecate+1"],"picked":"bronze:ChildClass","floor":46},{"not_picked":["bronze:Deprecate","bronze:BronzeArmor","bronze:Overheat"],"picked":"Singing Bowl","floor":47},{"not_picked":["bronze:BronzeArmor+1","bronze:Boost+1"],"picked":"bronze:Iterate","floor":48},{"not_picked":["bronze:BugBarrage","bronze:Invalidate"],"picked":"bronze:DelayedSlice+1","floor":49},{"not_picked":["bronze:OilSpill","bronze:BuggyMess","bronze:BugBarrage+1"],"picked":"Singing Bowl","floor":52}],"player_experience":1005345,"relics_obtained":[{"floor":8,"key":"Kunai"},{"floor":11,"key":"Mercury Hourglass"},{"floor":18,"key":"hexamod:Sixitude"},{"floor":24,"key":"ReplayTheSpireMod:Ninjato"},{"floor":31,"key":"Singing Bowl"},{"floor":36,"key":"WingedGreaves"},{"floor":41,"key":"jedi:heavyjacket"},{"floor":44,"key":"CaptainsWheel"},{"floor":48,"key":"Runesmith:Locket"},{"floor":52,"key":"War Paint"}],"event_choices":[{"damage_healed":0,"gold_gain":0,"player_choice":"Invest 1","damage_taken":0,"max_hp_gain":0,"max_hp_loss":0,"event_name":"conspire:Investor","floor":3,"gold_loss":0},{"damage_healed":0,"gold_gain":0,"player_choice":"Ignored","damage_taken":0,"max_hp_gain":0,"max_hp_loss":0,"event_name":"Ghosts","floor":30,"gold_loss":0},{"damage_healed":0,"gold_gain":0,"player_choice":"Fight","damage_taken":0,"max_hp_gain":0,"max_hp_loss":0,"event_name":"Mysterious Sphere","floor":36,"gold_loss":0}],"is_beta":false,"boss_relics":[{"not_picked":["Pandora\u0027s Box","aspiration:RunicSpoon"],"picked":"aspiration:PoetsPen_weak"},{"not_picked":["conspire:SeveredTorchhead","hubris:CrackedHourglass"],"picked":"SlaversCollar"}],"items_purged_floors":[53],"is_endless":false,"potions_floor_spawned":[9,11,15,21,22,23,39,44,46,47],"ascension_level":0}}