{"host":"fdzt26oh6i4vaxrk","time":1614031674,"event":{"mods":["BaseMod","Colored Map","Minty Spire (QoL Compilation)"],"gold_per_floor":[118,118,137,154,166,166,191,208,231,247,247,259,259,269,269,269,269],"floor_reached":16,"language":"ITA","playtime":956,"items_purged":[],"score":207,"play_id":"40032f4c-3d42-4b85-a541-354557b17078","local_time":"20210222230754","is_ascension_mode":true,"campfire_choices":[{"floor":6.0,"key":"REST"},{"floor":11,"key":"REST"},{"floor":13,"key":"REST"},{"data":"Self Repair","floor":15,"key":"SMITH"}],"circlet_count":0,"master_deck":["AscendersBane","Strike_B","Strike_B","Defend_B","Defend_B","Defend_B","Zap","Dualcast","Hologram","Streamline","Static Discharge","Ball Lightning","Stack","White Noise","Self Repair+1","Leap","BootSequence"],"relics":["Cracked Core","Pen Nib","Blood Vial"],"acts_visited":["Exordium"],"potions_floor_usage":[7,10,16,16],"damage_taken":[{"damage":0.0,"enemies":"2 Louse","floor":1.0,"turns":2.0},{"damage":1.0,"enemies":"Cultist","floor":3.0,"turns":3.0},{"damage":7.0,"enemies":"Small Slimes","floor":4.0,"turns":3.0},{"damage":11.0,"enemies":"2 Fungi Beasts","floor":5.0,"turns":3.0},{"damage":8,"enemies":"Lagavulin","floor":7,"turns":6},{"damage":11,"enemies":"Red Slaver","floor":8,"turns":3},{"damage":8,"enemies":"Large Slime","floor":10,"turns":3},{"damage":24,"enemies":"Exordium Thugs","floor":12,"turns":4},{"damage":2,"enemies":"3 Louse","floor":14,"turns":4},{"damage":61,"enemies":"Slime Boss","floor":16,"turns":9}],"seed_played":"-4312613740361917383","potions_obtained":[{"floor":4.0,"key":"Swift Potion"},{"floor":5.0,"key":"FocusPotion"},{"floor":8,"key":"Fire Potion"},{"floor":12,"key":"ColorlessPotion"}],"is_trial":false,"path_per_floor":["M","?","M","M","M","R","E","M","T","M","R","M","R","M","R","B"],"character_chosen":"DEFECT","items_purchased":[],"campfire_rested":3,"item_purchase_floors":[],"current_hp_per_floor":[46,46,45,38,27,48,40,29,29,23,44,29,50,57,57,0,0],"gold":269,"neow_bonus":"TRANSFORM_TWO_CARDS","is_daily":false,"chose_seed":false,"campfire_upgraded":1,"win_rate":0.0,"timestamp":1614031674,"path_taken":["M","?","?","M","M","R","E","M","T","M","R","M","R","M","R","BOSS"],"items_purchased_type":[],"build_version":"2020-12-22","purchased_purges":0,"victory":false,"max_hp_per_floor":[71,71,71,71,71,71,71,71,71,71,71,71,71,71,71,71,71],"card_choices":[{"not_picked":["Beam Cell","Steam Power"],"picked":"Static Discharge","floor":1.0},{"not_picked":["Redo","Aggregate"],"picked":"Ball Lightning","floor":3.0},{"not_picked":["Go for the Eyes","Rebound"],"picked":"Stack","floor":4.0},{"not_picked":["Storm","Sweeping Beam"],"picked":"White Noise","floor":5.0},{"not_picked":["Melter","Aggregate"],"picked":"Self Repair","floor":7},{"not_picked":["Blizzard","Darkness","Hyperbeam"],"picked":"SKIP","floor":8},{"not_picked":["Redo","Barrage","Melter"],"picked":"SKIP","floor":10},{"not_picked":["Redo","Rip and Tear"],"picked":"Leap","floor":12},{"not_picked":["Ball Lightning","Gash"],"picked":"BootSequence","floor":14}],"player_experience":596217,"relics_obtained":[{"floor":7,"key":"Pen Nib"},{"floor":9,"key":"Blood Vial"}],"event_choices":[{"cards_removed":["Strike_B"],"damage_healed":0.0,"max_hp_gain":0.0,"max_hp_loss":0.0,"gold_gain":0.0,"event_name":"Bonfire Elementals","player_choice":"Offered Basic","floor":2.0,"gold_loss":0.0,"damage_taken":0.0}],"is_beta":false,"boss_relics":[],"items_purged_floors":[],"is_endless":false,"potions_floor_spawned":[4,5,8,12],"killed_by":"Slime Boss","ascension_level":19}}