{"host":"w14xfy17z3c5mpoi","time":1614021321,"event":{"mods":["AchievementEnabler","BaseMod","Minty Spire (QoL Compilation)","Relic Stats"],"gold_per_floor":[369,369,264,278,6,6,6],"floor_reached":6,"language":"ENG","playtime":194,"items_purged":[],"score":58,"play_id":"5c5eb072-27c3-4bb8-9d6c-9b2db36ecb31","local_time":"20210222141521","is_ascension_mode":true,"campfire_choices":[],"circlet_count":0,"master_deck":["AscendersBane","Strike_G","Strike_G","Strike_G+1","Strike_G","Strike_G","Defend_G","Defend_G+1","Defend_G+1","Defend_G+1","Defend_G","Survivor","Neutralize","Parasite","Quick Slash","Burst"],"relics":["Ring of the Snake","TungstenRod","War Paint"],"acts_visited":["Exordium"],"potions_floor_usage":[],"damage_taken":[{"damage":9.0,"enemies":"Jaw Worm","floor":1.0,"turns":7.0},{"damage":5.0,"enemies":"Cultist","floor":4.0,"turns":5.0},{"damage":0,"enemies":"3 Sentries","floor":6,"turns":1}],"seed_played":"-5838353564099648690","potions_obtained":[{"floor":4.0,"key":"BlessingOfTheForge"}],"is_trial":false,"path_per_floor":["M","?","?","M","$","E"],"character_chosen":"THE_SILENT","items_purchased":["Burst","War Paint","Poison Potion"],"campfire_rested":0,"item_purchase_floors":[5,5,5],"current_hp_per_floor":[50,37,37,32,32,32,32],"gold":6,"neow_bonus":"TWO_FIFTY_GOLD","is_daily":false,"chose_seed":false,"campfire_upgraded":0,"win_rate":0.0,"timestamp":1614021321,"path_taken":["M","?","?","M","$","E"],"items_purchased_type":["Card","Relic","Potion"],"build_version":"2020-12-22","purchased_purges":0,"victory":false,"max_hp_per_floor":[66,66,66,66,66,66,66],"relic_stats":{"counters":[3,13],"War Paint":["Defend_G","Defend_G"],"obtain_stats":[{"War Paint":5,"TungstenRod":3,"Ring of the Snake":0},{"War Paint":2,"TungstenRod":1,"Ring of the Snake":0},{"War Paint":12,"TungstenRod":7,"Ring of the Snake":0}],"TungstenRod":1,"Ring of the Snake":[6]},"card_choices":[{"not_picked":["Catalyst","Expertise","Acrobatics"],"picked":"SKIP","floor":1.0},{"not_picked":["Heel Hook","Outmaneuver"],"picked":"Quick Slash","floor":4.0}],"player_experience":774287,"relics_obtained":[],"event_choices":[{"damage_healed":0.0,"max_hp_gain":0.0,"max_hp_loss":0.0,"gold_gain":0.0,"event_name":"Shining Light","player_choice":"Entered Light","floor":2.0,"gold_loss":0.0,"damage_taken":13.0,"cards_upgraded":["Strike_G","Defend_G"]},{"damage_healed":0.0,"max_hp_gain":0.0,"max_hp_loss":0.0,"gold_gain":0.0,"event_name":"WeMeetAgain","player_choice":"Paid Gold","floor":3.0,"gold_loss":105.0,"damage_taken":0.0,"relics_obtained":["TungstenRod"]}],"is_beta":false,"boss_relics":[],"items_purged_floors":[],"is_endless":false,"potions_floor_spawned":[4],"killed_by":"3 Sentries","ascension_level":14}}