{"host":"phapnj0danpxvjlm","time":1614017183,"event":{"mods":["Act Like it!","BaseMod","Better Note","Better Third Choice","Bossed Relics","Colored Powertips","Downfall","Hermit","Lobotomy","Marisa????????","Minty Spire (QoL Compilation)","Permanent Neow","Quick Restart","Rare Cards Sparkle","Ruina","Spire Arcade","StSLib","The Animator","The Necromancer","The Wild Card"],"gold_per_floor":[217,230,230,242,167,167,195,195,195,209,209,209,209,66,66,166,166,180,180,180,200,200,200,230,65,65,65,65,65,65,80,80,80,80],"floor_reached":33,"language":"ENG","playtime":1158,"items_purged":[],"score":259,"play_id":"cf412861-1be9-4df3-be65-29817ca5cfae","local_time":"20210222190623","is_ascension_mode":false,"campfire_choices":[{"data":"theWildCard:ArcanaArtistry","floor":6.0,"key":"SMITH"},{"floor":8.0,"key":"REST"},{"data":"theWildCard:Providence","floor":15.0,"key":"SMITH"},{"floor":23,"key":"REST"},{"floor":27,"key":"REST"},{"floor":30,"key":"REST"},{"floor":32,"key":"REST"}],"circlet_count":0,"master_deck":["theWildCard:BasicStrike","theWildCard:BasicStrike","theWildCard:BasicStrike","theWildCard:BasicStrike","theWildCard:BasicDefend","theWildCard:BasicDefend","theWildCard:BasicDefend","theWildCard:BasicDefend","theWildCard:CallToAdventure","theWildCard:Arsene","theWildCard:Michael","theWildCard:BladeOfGenerations","theWildCard:ArcanaArtistry+1","theWildCard:Metatron","theWildCard:Providence+1","theWildCard:ChangingDestiny","theWildCard:SeveringSlash","theWildCard:Scathach","ruina:Smile","Writhe","theWildCard:ArcaneArts+1"],"relics":["theWildCard:VelvetContract","Juzu Bracelet","Mercury Hourglass","Gremlin Horn","Lee\u0027s Waffle","SacredBark","ruina:Prescript","Question Card","Bottled Lightning","ruina:Goodbye"],"acts_visited":["Exordium","Exordium"],"potions_floor_usage":[18,21,33],"damage_taken":[{"damage":4.0,"enemies":"Small Slimes","floor":1.0,"turns":4.0},{"damage":6.0,"enemies":"Jaw Worm","floor":2.0,"turns":3.0},{"damage":0.0,"enemies":"2 Louse","floor":4.0,"turns":2.0},{"damage":16.0,"enemies":"Lagavulin","floor":7.0,"turns":4.0},{"damage":2.0,"enemies":"Looter","floor":10.0,"turns":4.0},{"damage":48.0,"enemies":"Hexaghost","floor":16.0,"turns":11.0},{"damage":34,"enemies":"ruina:BadWolf","floor":18,"turns":5},{"damage":2,"enemies":"ruina:Nosferatu","floor":21,"turns":4},{"damage":59,"enemies":"ruina:RoadHome","floor":24,"turns":5},{"damage":7,"enemies":"ruina:KnightOfDespair","floor":31,"turns":4},{"damage":89,"enemies":"ruina:Red_and_Wolf","floor":33,"turns":13}],"seed_played":"-6278430657732952676","potions_obtained":[{"floor":7.0,"key":"bronze:BurnAndBuffPotion"},{"floor":16.0,"key":"SpeedPotion"},{"floor":18,"key":"PowerPotion"},{"floor":21,"key":"FairyPotion"},{"floor":31,"key":"DuplicationPotion"}],"is_trial":false,"path_per_floor":["M","M","?","M","$","R","E","R","T","M","?","?","T","$","R","B",null,"M","?","?","M","?","R","E","$","T","R","?","?","R","M","R","B"],"character_chosen":"THE_WILD_CARD","items_purchased":["theWildCard:ArcanaArtistry","Lee\u0027s Waffle","ruina:Smile"],"campfire_rested":5,"item_purchase_floors":[5,14,25],"current_hp_per_floor":[56,50,50,50,50,50,34,52,52,50,55,55,55,72,72,30,72,40,40,40,40,40,61,4,4,4,25,25,25,46,41,62,43,43],"gold":80,"neow_bonus":"HUNDRED_GOLD","is_daily":false,"chose_seed":false,"campfire_upgraded":2,"win_rate":0.0,"timestamp":1614017183,"path_taken":["M","M","?","M","$","R","E","R","T","M","?","?","?","?","R","BOSS","M","?","?","M","?","R","E","$","T","R","?","?","R","M","R","BOSS"],"items_purchased_type":["Card","Relic","Card"],"build_version":"2020-12-22","purchased_purges":0,"victory":false,"max_hp_per_floor":[60,60,60,60,60,60,60,60,60,60,65,65,65,72,72,72,72,72,72,72,72,72,72,72,72,72,72,72,72,72,72,72,72,72],"card_choices":[{"not_picked":["theWildCard:SacrificialStroke","theWildCard:EnergizedStroke","theWildCard:StalwartBlade"],"picked":"SKIP","floor":1.0},{"not_picked":["theWildCard:StingingStrike","theWildCard:TheArcanaUnleashed"],"picked":"theWildCard:Michael","floor":2.0},{"not_picked":["theWildCard:SacrificialStroke","theWildCard:EnergizedStroke"],"picked":"theWildCard:BladeOfGenerations","floor":4.0},{"not_picked":["theWildCard:Proficiency","theWildCard:Alice"],"picked":"theWildCard:Metatron","floor":7.0},{"not_picked":["theWildCard:Proficiency","theWildCard:Michael"],"picked":"theWildCard:Providence","floor":10.0},{"not_picked":["theWildCard:FuelForTheFire","theWildCard:TheUniverse"],"picked":"theWildCard:ChangingDestiny","floor":16.0},{"not_picked":["theWildCard:ArcanaArtistry","theWildCard:IdentityTheft","theWildCard:SacrificialStroke+1"],"picked":"SKIP","floor":18},{"not_picked":["theWildCard:SacrificialStroke","theWildCard:ShieldOfMany+1"],"picked":"theWildCard:SeveringSlash","floor":21},{"not_picked":["theWildCard:Polydeuces","theWildCard:Impatience"],"picked":"theWildCard:Scathach","floor":24},{"not_picked":["theWildCard:EnergyTheft","theWildCard:MagicalMight","theWildCard:Attunement+1"],"picked":"theWildCard:ArcaneArts+1","floor":31}],"player_experience":580808,"relics_obtained":[{"floor":7.0,"key":"Juzu Bracelet"},{"floor":9.0,"key":"Mercury Hourglass"},{"floor":13.0,"key":"Gremlin Horn"},{"floor":24,"key":"Question Card"},{"floor":26,"key":"Bottled Lightning"}],"event_choices":[{"damage_healed":0.0,"max_hp_gain":0.0,"max_hp_loss":0.0,"gold_gain":0.0,"event_name":"The Cleric","player_choice":"Leave","floor":3.0,"gold_loss":0.0,"damage_taken":0.0},{"damage_healed":0.0,"max_hp_gain":5.0,"max_hp_loss":0.0,"gold_gain":0.0,"event_name":"Big Fish","player_choice":"Donut","floor":11.0,"gold_loss":0.0,"damage_taken":0.0},{"damage_healed":55.0,"max_hp_gain":0.0,"max_hp_loss":65.0,"gold_gain":0.0,"event_name":"betterThird:BetterShining","player_choice":"Leave","floor":12.0,"gold_loss":0.0,"damage_taken":0.0}],"is_beta":false,"boss_relics":[{"not_picked":["Ectoplasm","Calling Bell"],"picked":"SacredBark"}],"items_purged_floors":[],"is_endless":false,"potions_floor_spawned":[7,16,18,21,31],"killed_by":"ruina:Red_and_Wolf","ascension_level":0}}