{"host":"3pgt7cyequ6zy3lm","time":1614014936,"event":{"mods":["Aspiration","BaseMod","Better Synergies","Bossed Relics","Colored Powertips","Conspire","Displayed Cursed Tome","Energized Spire","Halation","Hubris","Infinite Spire","Minty Spire (QoL Compilation)","Quick Restart","Reliquary","Replay The Spire","Shop Mod","StSLib","SuperFastMode","The Construct","everything is the same but u backflip on backflip"],"gold_per_floor":[116,186,186,198,198,198,213,213,213],"floor_reached":8,"language":"RUS","playtime":220,"items_purged":[],"score":55,"play_id":"859c7089-bec4-415f-aa29-905d091328bc","local_time":"20210222202856","is_ascension_mode":true,"campfire_choices":[{"floor":6,"key":"REST"}],"circlet_count":0,"master_deck":["construct:Strike_Gold","construct:Strike_Gold","construct:Strike_Gold","construct:Strike_Gold","construct:Strike_Gold","construct:Defend_Gold","construct:Defend_Gold","construct:Defend_Gold","construct:Defend_Gold","construct:Defend_Gold","construct:DefenseMode","construct:LongRangeLance","construct:ReactiveShield"],"relics":["construct:ClockworkPhoenix","conspire:GiftBox","aspiration:TomeofQuesting"],"acts_visited":["Exordium"],"potions_floor_usage":[3,8],"damage_taken":[{"damage":1,"enemies":"conspire:RoseBush","floor":1,"turns":5},{"damage":3,"enemies":"2 Louse","floor":4,"turns":4},{"damage":0,"enemies":"Cultist","floor":7,"turns":6},{"damage":68,"enemies":"Gremlin Nob","floor":8,"turns":6}],"seed_played":"2287053345950452032","potions_obtained":[{"floor":3,"key":"Explosive Potion"},{"floor":3,"key":"DuplicationPotion"},{"floor":3,"key":"Fruit Juice"},{"floor":4,"key":"PowerPotion"}],"is_trial":false,"path_per_floor":["M","?","?","M","?","R","M","E"],"character_chosen":"THE_CONSTRUCT_MOD","items_purchased":[],"campfire_rested":1,"item_purchase_floors":[],"current_hp_per_floor":[60,26,31,28,21,48,48,0,0],"gold":213,"neow_bonus":"ONE_RARE_RELIC","is_daily":false,"chose_seed":false,"campfire_upgraded":0,"win_rate":0.0,"timestamp":1614014936,"path_taken":["M","?","?","?","?","R","M","E"],"items_purchased_type":[],"build_version":"2020-12-22","purchased_purges":0,"victory":false,"max_hp_per_floor":[85,85,90,90,90,90,90,90,90],"card_choices":[{"not_picked":["construct:PanicFire","construct:Multistage"],"picked":"construct:LongRangeLance","floor":0},{"not_picked":["construct:SuppressiveFire","construct:HeavyBolt"],"picked":"construct:ReactiveShield","floor":1},{"not_picked":["construct:HeavyBolt","construct:Boost","construct:Forcefield"],"picked":"SKIP","floor":4},{"not_picked":["construct:HardReboot","construct:ShiftGuard","construct:GatlingGun"],"picked":"SKIP","floor":7}],"player_experience":145075,"relics_obtained":[{"floor":2,"key":"aspiration:TomeofQuesting"}],"event_choices":[{"damage_healed":0,"gold_gain":0,"player_choice":"Got Potions","damage_taken":0,"max_hp_gain":0,"max_hp_loss":0,"event_name":"Lab","floor":3,"gold_loss":0},{"cards_removed":["construct:AttackMode"],"damage_healed":0,"gold_gain":0,"player_choice":"Card Removal","damage_taken":7,"max_hp_gain":0,"max_hp_loss":0,"event_name":"Golden Wing","floor":5,"gold_loss":0}],"is_beta":false,"boss_relics":[],"items_purged_floors":[],"is_endless":false,"potions_floor_spawned":[4,7],"killed_by":"Gremlin Nob","ascension_level":4}}