{"host":"0qlrtuw7bw78ucw4","time":1614007846,"event":{"mods":["BaseMod","Downfall","Minty Spire (QoL Compilation)","StSLib"],"gold_per_floor":[99,112,112,112,22,48,48,60,60,94,107,107,107,122,141,214,214,214,228,247,260,145,145,172,172,184,184,13,13,26,181,199,272,272,272,289,55,55,110,110,110,110,140,160,160,193,93,122,140,140],"floor_reached":51,"language":"ENG","playtime":2923,"items_purged":["downfall:Haunted","Slimebound:Strike_Slimebound","downfall:Malfunctioning","Slimebound:Strike_Slimebound"],"score":1394,"play_id":"b4abea7d-bba7-4ba1-a131-07362718ab3a","local_time":"20210223023046","is_ascension_mode":true,"campfire_choices":[{"data":"Slimebound:Tackle","floor":1,"key":"SMITH"},{"data":"Slimebound:HauntingLick","floor":9,"key":"SMITH"},{"floor":12,"key":"REST"},{"data":"Slimebound:PrepareCrush","floor":18,"key":"SMITH"},{"data":"Slimebound:SamplingLick","floor":29,"key":"SMITH"},{"data":"Slimebound:Split","floor":35,"key":"SMITH"},{"data":"Slimebound:MassRepurpose","floor":40,"key":"SMITH"},{"data":"Slimebound:SlimeTap","floor":47,"key":"SMITH"}],"circlet_count":0,"master_deck":["AscendersBane","Slimebound:Strike_Slimebound+1","Slimebound:Tackle+1","Slimebound:Defend_Slimebound+1","Slimebound:Defend_Slimebound+1","Slimebound:Defend_Slimebound","Slimebound:Split+1","Slimebound:CorrosiveSpit+1","Slimebound:RollThrough+1","Slimebound:HauntingLick+1","Slimebound:ViciousTackle","Slimebound:GoopSpray","Slimebound:SplitLeeching","Slimebound:ForwardTackle","Slimebound:Equalize","Slimebound:PrepareCrush+1","Slimebound:SamplingLick+1","Slimebound:SpikyOuterGoop","Slimebound:SlimeTap+1","Slimebound:MassRepurpose+1","Slimebound:ComboTackle+1","Slimebound:TagTeam+1","Slimebound:SlimeTap","Slimebound:Recollect","Slimebound:Recollect","Slimebound:SlimeTap","Slimebound:TagTeam+1","Slimebound:Chomp+1"],"relics":["Slimebound:AbsorbEndCombat","Slimebound:AggressiveSlimeRelic","Letter Opener","Blue Candle","Matryoshka","Philosopher\u0027s Stone","Ornamental Fan","Lantern","Oddly Smooth Stone","Pear","Membership Card","Molten Egg 2","Coffee Dripper","Slimebound:MaxSlimesRelic","Mango","Toy Ornithopter","Bag of Preparation","Frozen Egg 2","downfall:HeartBlessingGreen","hexamod:CandleOfCauterizing"],"acts_visited":["Exordium","TheCity","TheBeyond"],"potions_floor_usage":[10,15,21,32,33,50],"damage_taken":[{"damage":9,"enemies":"Small Slimes","floor":2,"turns":4},{"damage":10,"enemies":"downfall:FleeingMerchant","floor":5,"turns":4},{"damage":19,"enemies":"Gremlin Nob","floor":6,"turns":3},{"damage":0,"enemies":"Cultist","floor":8,"turns":3},{"damage":20,"enemies":"Lagavulin","floor":10,"turns":5},{"damage":7,"enemies":"Jaw Worm","floor":11,"turns":2},{"damage":1,"enemies":"Large Slime","floor":14,"turns":4},{"damage":9,"enemies":"Exordium Wildlife","floor":15,"turns":3},{"damage":26,"enemies":"DF_ARCHETYPE_STREAMLINE","floor":16,"turns":12},{"damage":46,"enemies":"3 Byrds","floor":19,"turns":4},{"damage":0,"enemies":"Shell Parasite","floor":20,"turns":3},{"damage":25,"enemies":"Snake Plant","floor":21,"turns":4},{"damage":3,"enemies":"downfall:FleeingMerchant","floor":22,"turns":4},{"damage":0,"enemies":"Cultist and Chosen","floor":26,"turns":4},{"damage":7,"enemies":"downfall:FleeingMerchant","floor":28,"turns":4},{"damage":22,"enemies":"Shelled Parasite and Fungi","floor":30,"turns":3},{"damage":0,"enemies":"downfall:FleeingMerchant","floor":31,"turns":2},{"damage":0,"enemies":"Snake Plant","floor":32,"turns":2},{"damage":27,"enemies":"SI_MIRROR_ARCHETYPE","floor":33,"turns":8},{"damage":0,"enemies":"3 Darklings","floor":36,"turns":4},{"damage":0,"enemies":"3 Darklings","floor":38,"turns":3},{"damage":0,"enemies":"2 Orb Walkers","floor":39,"turns":2},{"damage":0,"enemies":"Nemesis","floor":43,"turns":4},{"damage":0,"enemies":"Orb Walker","floor":44,"turns":2},{"damage":0,"enemies":"Reptomancer","floor":46,"turns":3},{"damage":0,"enemies":"Nemesis","floor":48,"turns":3},{"damage":0,"enemies":"Writhing Mass","floor":49,"turns":3},{"damage":9,"enemies":"IC_BLOCK_ARCHETYPE","floor":50,"turns":5}],"seed_played":"4863120595496948347","potions_obtained":[{"floor":8,"key":"hexamod:SoulburnPotion"},{"floor":11,"key":"GamblersBrew"},{"floor":15,"key":"Swift Potion"},{"floor":20,"key":"Fire Potion"},{"floor":30,"key":"FairyPotion"},{"floor":32,"key":"PowerPotion"},{"floor":33,"key":"bronze:BurnAndBuffPotion"},{"floor":44,"key":"Fire Potion"}],"is_trial":false,"path_per_floor":["R","M","?","?","$","E","T","M","R","E","M","R","T","M","M","B",null,"R","M","M","M","$","?","T","T","M","?","$","R","M","$","M","B",null,"R","M","$","?","?","R","T","?","E","M","?","E","R","E","M","B",null],"character_chosen":"SLIMEBOUND","items_purchased":["Membership Card","Molten Egg 2","Slimebound:MaxSlimesRelic","Slimebound:Recollect"],"campfire_rested":1,"item_purchase_floors":[28,31,37,37],"current_hp_per_floor":[53,48,48,48,40,25,25,27,27,11,6,23,23,26,25,15,48,48,8,20,11,18,18,18,28,44,44,53,53,43,49,53,38,61,61,69,69,69,83,83,83,83,83,83,83,83,83,83,83,78],"gold":140,"neow_bonus":"REMOVE_CARD","is_daily":false,"chose_seed":false,"campfire_upgraded":7,"win_rate":0.0,"timestamp":1614007846,"path_taken":["R","M","?","?","$","E","T","M","R","E","?","R","?","M","M","BOSS","R","M","M","M","$","?","T","?","?","?","$","R","M","$","M","BOSS","R","M","$","?","?","R","T","?","E","?","?","E","R","E","M","BOSS"],"items_purchased_type":["Relic","Relic","Relic","Card"],"build_version":"2020-12-22","purchased_purges":4,"victory":true,"max_hp_per_floor":[59,59,59,59,59,59,59,59,59,59,59,59,59,59,59,59,59,59,59,59,59,59,59,59,69,69,69,69,69,69,69,69,69,69,69,69,69,69,83,83,83,83,83,83,83,83,83,83,83,83],"card_choices":[{"not_picked":["Slimebound:SplitLeeching","Slimebound:Grow"],"picked":"Slimebound:RollThrough","floor":2},{"not_picked":["Slimebound:RollThrough","Slimebound:SlimeSpikes"],"picked":"Slimebound:HauntingLick","floor":5},{"not_picked":["Slimebound:LeechEnergy","Slimebound:OneTwoCombo","Slimebound:PressTheAttack"],"picked":"SKIP","floor":6},{"not_picked":["Slimebound:Prepare","Slimebound:LeechEnergy"],"picked":"Slimebound:ViciousTackle","floor":8},{"not_picked":["Slimebound:FinishingTackle","Slimebound:Repurpose"],"picked":"Slimebound:GoopSpray","floor":10},{"not_picked":["Slimebound:LeechEnergy","Slimebound:Nibble"],"picked":"Slimebound:SplitLeeching","floor":11},{"not_picked":["Slimebound:AcidTongue","Slimebound:LeadByExample"],"picked":"Slimebound:ForwardTackle","floor":14},{"not_picked":["Slimebound:RollThrough","Slimebound:Prepare"],"picked":"Slimebound:Equalize","floor":15},{"not_picked":["Slimebound:LeechLife","Slimebound:SlimeSlap"],"picked":"Slimebound:PrepareCrush","floor":16},{"not_picked":["Slimebound:LeadByExample","Slimebound:BestDefense"],"picked":"Slimebound:GoopSpray","floor":19},{"not_picked":["Slimebound:SlimeSpikes","Slimebound:ItLooksTasty","Slimebound:SplitMire"],"picked":"SKIP","floor":20},{"not_picked":["Slimebound:RainOfGoop","Slimebound:ComboTackle"],"picked":"Slimebound:SamplingLick","floor":21},{"not_picked":["Slimebound:Nibble","Slimebound:LivingWall"],"picked":"Slimebound:SpikyOuterGoop","floor":22},{"not_picked":["Slimebound:ItLooksTasty+1","Slimebound:SlimeSpikes","Slimebound:FinishingTackle"],"picked":"SKIP","floor":26},{"not_picked":["Slimebound:RollThrough","Slimebound:ProtectTheBoss","Slimebound:Nibble"],"picked":"SKIP","floor":28},{"not_picked":["Slimebound:GrowthPunch+1","Slimebound:SlimeBrawl"],"picked":"Slimebound:SlimeTap","floor":30},{"not_picked":["Slimebound:GoopTackle","Slimebound:LeechingTouch"],"picked":"Slimebound:MassRepurpose","floor":31},{"not_picked":["Slimebound:Schlurp","Slimebound:LeechEnergy+1"],"picked":"Slimebound:ComboTackle+1","floor":32},{"not_picked":["Slimebound:CheckThePlaybook","Slimebound:RallyTheTroops+1"],"picked":"Slimebound:TagTeam+1","floor":33},{"not_picked":["Slimebound:SlimeSpikes","Slimebound:HungryTackle+1"],"picked":"Slimebound:SlimeTap","floor":36},{"not_picked":["Slimebound:ComboTackle+1","Slimebound:SplitBruiser+1"],"picked":"Slimebound:Recollect","floor":39},{"not_picked":["Slimebound:Grow","Slimebound:OneTwoCombo+1","Slimebound:ServeAndProtect"],"picked":"SKIP","floor":43},{"not_picked":["Slimebound:Gluttony+1","Slimebound:SplitSpecialist+1","Slimebound:GoopTackle+1"],"picked":"SKIP","floor":44},{"not_picked":["Slimebound:ForwardTackle+1","Slimebound:HungryTackle+1"],"picked":"Slimebound:TagTeam+1","floor":46},{"not_picked":["Slimebound:Gluttony+1","Slimebound:GoopTackle+1"],"picked":"Slimebound:Chomp+1","floor":48},{"not_picked":["Slimebound:LivingWall","Slimebound:Schlurp","Slimebound:Equalize+1"],"picked":"SKIP","floor":49}],"player_experience":1037411,"relics_obtained":[{"floor":6,"key":"Slimebound:AggressiveSlimeRelic"},{"floor":7,"key":"Letter Opener"},{"floor":10,"key":"Blue Candle"},{"floor":13,"key":"Matryoshka"},{"floor":24,"key":"Ornamental Fan"},{"floor":24,"key":"Lantern"},{"floor":25,"key":"Oddly Smooth Stone"},{"floor":25,"key":"Pear"},{"floor":39,"key":"Mango"},{"floor":41,"key":"Toy Ornithopter"},{"floor":43,"key":"Bag of Preparation"},{"floor":46,"key":"Frozen Egg 2"},{"floor":48,"key":"hexamod:CandleOfCauterizing"}],"event_choices":[{"damage_healed":0,"gold_gain":0,"player_choice":"Fight","damage_taken":0,"max_hp_gain":0,"max_hp_loss":0,"event_name":"Mysterious Sphere","floor":39,"gold_loss":0},{"cards_removed":["Slimebound:GoopSpray"],"damage_healed":0,"gold_gain":0,"player_choice":"Removed Skill","damage_taken":0,"max_hp_gain":0,"max_hp_loss":0,"event_name":"Falling","floor":45,"gold_loss":0}],"is_beta":false,"boss_relics":[{"not_picked":["Runic Dome","Runic Pyramid"],"picked":"Philosopher\u0027s Stone"},{"not_picked":["Fusion Hammer","Velvet Choker"],"picked":"Coffee Dripper"}],"items_purged_floors":[5,22,31,37],"is_endless":false,"potions_floor_spawned":[8,11,15,20,30,32,33,44,49],"ascension_level":15}}