{"host":"92108ef2q9tm8rod","time":1614008036,"event":{"mods":["BaseMod","Defuse TimeMaze Blight","Minty Spire (QoL Compilation)","StSLib","The Jungle"],"gold_per_floor":[113,127,137,137,137,137,152,152,152,185,185,185,211,231,231,329,329,349,363,383,399,417,417,449,449,475,475,501,529,382,382,382,479,479,495,509,522,447,447,475,115,141,168,12,46,46,46,46,46,46],"floor_reached":51,"language":"ENG","playtime":1943,"items_purged":["BowlingBash","Prostrate+1"],"score":876,"play_id":"18226bc3-b49f-4db8-affe-f49c94ddd852","local_time":"20210222153356","daily_mods":["SealedDeck","Purple Cards","Heirloom","Flight"],"is_ascension_mode":false,"campfire_choices":[{"data":"Prostrate","floor":6,"key":"SMITH"},{"data":"Prostrate","floor":8,"key":"SMITH"},{"data":"Evaluate","floor":11,"key":"SMITH"},{"data":"Go for the Eyes","floor":12,"key":"SMITH"},{"floor":15,"key":"REST"},{"data":"Protect","floor":23,"key":"SMITH"},{"floor":25,"key":"REST"},{"data":"PathToVictory","floor":27,"key":"SMITH"},{"data":"Defragment","floor":32,"key":"SMITH"},{"floor":46,"key":"REST"},{"data":"Tempest","floor":47,"key":"SMITH"},{"floor":49,"key":"REST"}],"circlet_count":0,"master_deck":["Protect+1","Evaluate+1","Go for the Eyes+1","Gash","Tempest+1","PathToVictory+1","PathToVictory","Defragment+1","Electrodynamics"],"relics":["Cracked Core","Incense Burner","Emotion Chip","Pantograph","Turnip","Potion Belt","Strawberry","Unceasing Top","Blood Vial","Oddly Smooth Stone","Juzu Bracelet","Singing Bowl","Regal Pillow","Vajra","Medical Kit","StoneCalendar"],"acts_visited":["Exordium","Exordium","TheBeyond"],"potions_floor_usage":[22,33,42,45,50,50,50,50,50],"damage_taken":[{"damage":0,"enemies":"Small Slimes","floor":1,"turns":3},{"damage":4,"enemies":"Jaw Worm","floor":2,"turns":3},{"damage":0,"enemies":"Cultist","floor":3,"turns":3},{"damage":0,"enemies":"Looter","floor":7,"turns":3},{"damage":0,"enemies":"3 Sentries","floor":10,"turns":5},{"damage":25,"enemies":"Gremlin Nob","floor":13,"turns":4},{"damage":0,"enemies":"Blue Slaver","floor":14,"turns":3},{"damage":14,"enemies":"Hexaghost","floor":16,"turns":7},{"damage":0,"enemies":"Shell Parasite","floor":18,"turns":3},{"damage":0,"enemies":"theJungle:GiantWrat","floor":19,"turns":4},{"damage":0,"enemies":"theJungle:JungleHuntersEncounter","floor":20,"turns":4},{"damage":17,"enemies":"theJungle:2_Snecko_Cultists","floor":21,"turns":4},{"damage":5,"enemies":"theJungle:2_Flameangoes","floor":22,"turns":6},{"damage":3,"enemies":"theJungle:MamaSnecko","floor":24,"turns":4},{"damage":9,"enemies":"theJungle:Cassacara","floor":28,"turns":5},{"damage":4,"enemies":"theJungle:2_Phrogs","floor":29,"turns":4},{"damage":0,"enemies":"theJungle:QueenSpyder","floor":33,"turns":6},{"damage":20,"enemies":"3 Darklings","floor":35,"turns":3},{"damage":6,"enemies":"Orb Walker","floor":36,"turns":4},{"damage":5,"enemies":"3 Darklings","floor":37,"turns":3},{"damage":6,"enemies":"Giant Head","floor":40,"turns":6},{"damage":8,"enemies":"Nemesis","floor":42,"turns":5},{"damage":26,"enemies":"Reptomancer","floor":45,"turns":5},{"damage":28,"enemies":"Donu and Deca","floor":50,"turns":7}],"seed_played":"7960099548285395988","potions_obtained":[{"floor":3,"key":"Strength Potion"},{"floor":19,"key":"Ancient Potion"},{"floor":20,"key":"EssenceOfSteel"},{"floor":22,"key":"Block Potion"},{"floor":28,"key":"Energy Potion"},{"floor":33,"key":"Strength Potion"},{"floor":36,"key":"Dexterity Potion"},{"floor":42,"key":"Block Potion"},{"floor":45,"key":"Swift Potion"}],"is_trial":true,"path_per_floor":["M","M","M","?","?","R","M","R","T","E","R","R","E","M","R","B",null,"M","M","M","M","M","R","E","R","T","R","E","E","$","?","R","B",null,"M","M","M","$","?","E","$","E","T","$","E","R","R","?","R","B",null],"character_chosen":"DEFECT","items_purchased":["Oddly Smooth Stone","Singing Bowl","Medical Kit"],"campfire_rested":4,"item_purchase_floors":[30,41,44],"current_hp_per_floor":[75,71,71,71,71,71,71,71,71,71,71,71,46,46,68,61,75,75,75,75,58,53,53,50,72,79,79,70,66,66,77,77,82,82,62,58,55,55,55,51,51,47,47,47,25,65,65,65,82,54],"gold":46,"neow_bonus":"","is_daily":false,"chose_seed":false,"campfire_upgraded":8,"win_rate":0.0,"timestamp":1614008036,"path_taken":["M","M","M","?","?","R","M","R","T","E","R","R","E","?","R","BOSS","M","M","M","M","M","R","E","R","T","R","E","E","$","?","R","BOSS","M","M","M","$","?","E","$","E","T","$","E","R","R","?","R","BOSS"],"items_purchased_type":["Relic","Relic","Relic"],"build_version":"2020-12-22","purchased_purges":2,"victory":true,"max_hp_per_floor":[75,75,75,75,75,75,75,75,75,75,75,75,75,75,75,75,75,75,75,75,75,75,75,75,75,82,82,82,82,82,82,82,82,82,82,82,82,82,82,82,82,84,84,84,86,86,86,82,82,82],"card_choices":[{"not_picked":["WaveOfTheHand","FlurryOfBlows","Chill"],"picked":"SKIP","floor":1},{"not_picked":["Fasting2","Glacier","Tempest"],"picked":"SKIP","floor":2},{"not_picked":["Chill","Redo","Halt"],"picked":"SKIP","floor":3},{"not_picked":["FollowUp","FearNoEvil","Coolheaded"],"picked":"SKIP","floor":7},{"not_picked":["Heatsinks","Conserve Battery","Gash"],"picked":"SKIP","floor":10},{"not_picked":["Buffer","FlurryOfBlows","Vault"],"picked":"SKIP","floor":13},{"not_picked":["EmptyBody","SandsOfTime","FearNoEvil"],"picked":"SKIP","floor":14},{"not_picked":["FollowUp","Adaptation"],"picked":"PathToVictory","floor":18},{"not_picked":["Gash","Redo","Steam Power"],"picked":"SKIP","floor":19},{"not_picked":["ThirdEye+1","Conclude","Beam Cell+1"],"picked":"SKIP","floor":20},{"not_picked":["Beam Cell","Halt+1","BootSequence+1"],"picked":"SKIP","floor":21},{"not_picked":["Crescendo+1","Core Surge","Stack"],"picked":"SKIP","floor":22},{"not_picked":["Compile Driver","FlyingSleeves+1","Stack"],"picked":"SKIP","floor":24},{"not_picked":["MentalFortress","ClearTheMind"],"picked":"Defragment","floor":28},{"not_picked":["Crescendo","Establishment","Barrage"],"picked":"SKIP","floor":29},{"not_picked":["LessonLearned","Machine Learning"],"picked":"Electrodynamics","floor":33},{"not_picked":["ClearTheMind","Evaluate+1","Barrage+1"],"picked":"SKIP","floor":35},{"not_picked":["Leap","CutThroughFate","Evaluate+1"],"picked":"SKIP","floor":36},{"not_picked":["EmptyFist+1","WaveOfTheHand","Electrodynamics"],"picked":"SKIP","floor":37},{"not_picked":["Force Field+1","Ragnarok","Cold Snap"],"picked":"SKIP","floor":40},{"not_picked":["Stack+1","Doom and Gloom","BowlingBash+1"],"picked":"Singing Bowl","floor":42},{"not_picked":["Adaptation+1","DeusExMachina","CutThroughFate+1"],"picked":"Singing Bowl","floor":45}],"player_experience":3446998,"relics_obtained":[{"floor":9,"key":"Emotion Chip"},{"floor":10,"key":"Pantograph"},{"floor":13,"key":"Turnip"},{"floor":24,"key":"Potion Belt"},{"floor":26,"key":"Strawberry"},{"floor":28,"key":"Unceasing Top"},{"floor":29,"key":"Blood Vial"},{"floor":40,"key":"Juzu Bracelet"},{"floor":42,"key":"Regal Pillow"},{"floor":43,"key":"Vajra"},{"floor":45,"key":"StoneCalendar"}],"event_choices":[{"damage_healed":0,"gold_gain":0,"player_choice":"Fled","damage_taken":0,"max_hp_gain":0,"max_hp_loss":0,"event_name":"Scrap Ooze","floor":4,"gold_loss":0},{"cards_removed":["Auto Shields"],"damage_healed":0,"gold_gain":0,"player_choice":"Purged","damage_taken":0,"max_hp_gain":0,"max_hp_loss":0,"event_name":"Purifier","floor":5,"gold_loss":0},{"cards_removed":["Prostrate"],"damage_healed":0,"gold_gain":0,"player_choice":"Removed Skill","damage_taken":0,"max_hp_gain":0,"max_hp_loss":0,"event_name":"Falling","floor":39,"gold_loss":0},{"damage_healed":0,"gold_gain":0,"player_choice":"Max HP","damage_taken":0,"max_hp_gain":0,"max_hp_loss":4,"event_name":"Winding Halls","floor":48,"gold_loss":0}],"is_beta":false,"boss_relics":[{"not_picked":["Fusion Hammer","Runic Dome","Inserter"]},{"not_picked":["FrozenCore","Coffee Dripper","Cursed Key"]}],"items_purged_floors":[38,41],"is_endless":false,"potions_floor_spawned":[3,13,19,20,22,28,33,36,42,45],"ascension_level":0}}