{"host":"oi6p1guiqfwwvxym","time":1614033657,"event":{"mods":["BaseMod","Bestiary","Colored Map","Minty Spire (QoL Compilation)","Relic Stats"],"gold_per_floor":[363,425,29,29,48,48,78,178,201,201,213,230,21,49,49,123,123,137,153,166,179,179,179,209,209,209,0,0,25,42,58,58,58,58],"floor_reached":33,"language":"ENG","playtime":1679,"items_purged":["Normality","Strike_R"],"score":594,"play_id":"1105222f-e2c4-4b76-8f42-68d888b5d430","local_time":"20210222144057","is_ascension_mode":true,"campfire_choices":[{"data":"Whirlwind","floor":6.0,"key":"SMITH"},{"data":"Bash","floor":10.0,"key":"SMITH"},{"data":"Blood for Blood","floor":15.0,"key":"SMITH"},{"data":"Double Tap","floor":23.0,"key":"SMITH"},{"floor":25.0,"key":"REST"},{"data":"Battle Trance","floor":28.0,"key":"SMITH"},{"data":"Dark Shackles","floor":32.0,"key":"SMITH"}],"circlet_count":0,"master_deck":["AscendersBane","Strike_R","Strike_R","Strike_R","Strike_R","Defend_R","Defend_R","Defend_R","Defend_R","Bash+1","Carnage+1","Whirlwind+1","Disarm","Immolate","True Grit","Dark Shackles+1","Blood for Blood+1","Double Tap+1","Battle Trance+1","True Grit","Battle Trance+1","Disarm","Dark Embrace"],"relics":["Burning Blood","Membership Card","Ice Cream","Ancient Tea Set","Regal Pillow","Medical Kit","Turnip","Cursed Key","Letter Opener","Torii","Bird Faced Urn"],"acts_visited":["Exordium","TheCity"],"potions_floor_usage":[33],"damage_taken":[{"damage":14.0,"enemies":"Jaw Worm","floor":1.0,"turns":4.0},{"damage":0.0,"enemies":"2 Louse","floor":5.0,"turns":2.0},{"damage":6.0,"enemies":"Gremlin Nob","floor":7.0,"turns":3.0},{"damage":1.0,"enemies":"Small Slimes","floor":11.0,"turns":2.0},{"damage":6.0,"enemies":"Exordium Thugs","floor":12.0,"turns":3.0},{"damage":26.0,"enemies":"3 Sentries","floor":14.0,"turns":4.0},{"damage":20.0,"enemies":"The Guardian","floor":16.0,"turns":10.0},{"damage":9.0,"enemies":"Chosen","floor":18.0,"turns":5.0},{"damage":11.0,"enemies":"Shell Parasite","floor":19.0,"turns":4.0},{"damage":7.0,"enemies":"Snake Plant","floor":20.0,"turns":4.0},{"damage":29.0,"enemies":"Chosen and Byrds","floor":21.0,"turns":6.0},{"damage":0.0,"enemies":"Centurion and Healer","floor":22.0,"turns":1.0},{"damage":22.0,"enemies":"Gremlin Leader","floor":24.0,"turns":4.0},{"damage":7.0,"enemies":"Slavers","floor":29.0,"turns":2.0},{"damage":9.0,"enemies":"Cultist and Chosen","floor":30.0,"turns":6.0},{"damage":2.0,"enemies":"Snake Plant","floor":31.0,"turns":3.0},{"damage":96,"enemies":"Automaton","floor":33,"turns":6}],"seed_played":"5956832209180626528","potions_obtained":[{"floor":5.0,"key":"Energy Potion"},{"floor":7.0,"key":"BloodPotion"},{"floor":19.0,"key":"ColorlessPotion"},{"floor":20.0,"key":"Swift Potion"},{"floor":21.0,"key":"SmokeBomb"},{"floor":31.0,"key":"Swift Potion"}],"is_trial":false,"path_per_floor":["M","?","$","?","M","R","E","?","T","R","M","M","$","E","R","B",null,"M","M","M","M","M","R","E","R","T","$","R","E","M","M","R","B"],"character_chosen":"IRONCLAD","items_purchased":["Membership Card","Ice Cream","Explosive Potion","True Grit","Medical Kit","Dark Shackles","Torii","Disarm"],"campfire_rested":1,"item_purchase_floors":[3,3,3,13,13,13,27,27],"current_hp_per_floor":[60,60,60,60,66,66,66,66,66,66,71,71,71,51,51,37,66,63,58,72,49,55,55,39,75,75,75,75,74,71,75,75,0,0],"gold":58,"neow_bonus":"TWO_FIFTY_GOLD","is_daily":false,"chose_seed":false,"campfire_upgraded":6,"win_rate":0.0,"timestamp":1614033657,"path_taken":["M","?","$","?","M","R","E","?","T","R","M","?","$","E","R","BOSS","M","M","?","?","M","R","E","R","T","$","R","E","M","M","R","BOSS"],"items_purchased_type":["Relic","Relic","Potion","Card","Relic","Card","Relic","Card"],"build_version":"2020-12-22","purchased_purges":2,"victory":false,"max_hp_per_floor":[75,75,75,75,75,75,75,75,75,75,75,75,75,75,75,75,75,75,75,75,75,75,75,75,75,75,75,75,75,75,75,75,75,75],"relic_stats":{"Regal Pillow":14,"Torii":11,"counters":[17,69],"Bird Faced Urn":[2],"Turnip":[6],"Letter Opener":[25],"Medical Kit":[0],"Cursed Key":0,"obtain_stats":[{"Ice Cream":3,"Regal Pillow":9,"Torii":27,"Bird Faced Urn":29,"Turnip":14,"Membership Card":3,"Letter Opener":24,"Ancient Tea Set":7,"Medical Kit":13,"Cursed Key":17,"Burning Blood":0},{"Ice Cream":1,"Regal Pillow":3,"Torii":13,"Bird Faced Urn":14,"Turnip":6,"Membership Card":1,"Letter Opener":13,"Ancient Tea Set":3,"Medical Kit":5,"Cursed Key":7,"Burning Blood":0},{"Ice Cream":4,"Regal Pillow":9,"Torii":52,"Bird Faced Urn":54,"Turnip":18,"Membership Card":4,"Letter Opener":52,"Ancient Tea Set":9,"Medical Kit":14,"Cursed Key":28,"Burning Blood":0}],"Burning Blood":96},"card_choices":[{"not_picked":["Reckless Charge","Infernal Blade"],"picked":"Carnage","floor":1.0},{"not_picked":["Body Slam","Wild Strike"],"picked":"Whirlwind","floor":5.0},{"not_picked":["Dual Wield","Perfected Strike","Iron Wave"],"picked":"SKIP","floor":7.0},{"not_picked":["Pommel Strike","Combust"],"picked":"Disarm","floor":11.0},{"not_picked":["Wild Strike","Clothesline"],"picked":"Immolate","floor":12.0},{"not_picked":["Clothesline","Havoc"],"picked":"Blood for Blood","floor":14.0},{"not_picked":["Exhume","Bludgeon"],"picked":"Double Tap","floor":16.0},{"not_picked":["Twin Strike","Iron Wave+1"],"picked":"Battle Trance+1","floor":18.0},{"not_picked":["Pummel","Combust","Heavy Blade"],"picked":"SKIP","floor":19.0},{"not_picked":["Flex","Dropkick"],"picked":"True Grit","floor":20.0},{"not_picked":["Havoc","Carnage","True Grit"],"picked":"SKIP","floor":21.0},{"not_picked":["Pummel","Pommel Strike"],"picked":"Battle Trance","floor":24.0},{"not_picked":["Clash","Iron Wave","Infernal Blade"],"picked":"SKIP","floor":29.0},{"not_picked":["Body Slam","Dropkick","Evolve"],"picked":"SKIP","floor":30.0},{"not_picked":["Wild Strike","Warcry"],"picked":"Dark Embrace","floor":31.0}],"player_experience":458046,"relics_obtained":[{"floor":7.0,"key":"Ancient Tea Set"},{"floor":9.0,"key":"Regal Pillow"},{"floor":14.0,"key":"Turnip"},{"floor":24.0,"key":"Letter Opener"},{"floor":29.0,"key":"Bird Faced Urn"}],"event_choices":[{"damage_healed":0.0,"max_hp_gain":0.0,"max_hp_loss":0.0,"gold_gain":62.0,"event_name":"Golden Wing","player_choice":"Gained Gold","floor":2.0,"gold_loss":0.0,"damage_taken":0.0},{"damage_healed":0.0,"max_hp_gain":0.0,"max_hp_loss":0.0,"gold_gain":0.0,"event_name":"Living Wall","player_choice":"Grow","floor":4.0,"gold_loss":0.0,"damage_taken":0.0,"cards_upgraded":["Carnage"]},{"damage_healed":0.0,"max_hp_gain":0.0,"max_hp_loss":0.0,"gold_gain":100.0,"event_name":"Wheel of Change","player_choice":"Gold","floor":8.0,"gold_loss":0.0,"damage_taken":0.0}],"is_beta":false,"boss_relics":[{"not_picked":["Philosopher\u0027s Stone","Empty Cage"],"picked":"Cursed Key"}],"items_purged_floors":[3,13],"is_endless":false,"potions_floor_spawned":[5,7,11,19,20,21,22,31],"killed_by":"Automaton","ascension_level":20}}