{"host":"lmshf3swj20gmdor","time":1614008529,"event":{"mods":["2.2 Compatiblity","BaseMod","Conspire","Downfall","Googly Eyes","Hubris","Minty Spire (QoL Compilation)","Replay The Spire","Spikes Relics","StSLib","Synergy Search","The Servant 0.9.4"],"gold_per_floor":[119,119,119,138,138,138,181,151,151,166,179,202,226,274,274,403,403,424,392,140,140,165,188,188,188],"floor_reached":24,"language":"ENG","playtime":1362,"items_purged":[],"score":270,"play_id":"6445d2cc-6e40-4256-a0db-3e53aa53e605","local_time":"20210222154209","is_ascension_mode":true,"campfire_choices":[{"data":"Barrier","floor":6,"key":"SMITH"},{"floor":15,"key":"REST"}],"circlet_count":0,"master_deck":["conspire:GhostlyStrike","conspire:GhostlyStrike","conspire:GhostlyStrike","conspire:GhostlyStrike","conspire:GhostlyDefend","conspire:GhostlyDefend","conspire:GhostlyDefend","conspire:GhostlyDefend","KidneyShot","Exchange","Replay:GuardianBash","conspire:GhostlyDefend","Crow Ritual","Barrier+1","Embodiment","SurpressingFire","Rearm","BottledTime","Embodiment","GearUp","DancingSilver","BottledTime+1","BottledTime+1","ForgedInTime+1"],"relics":["SplendidAttire","hubris:Icosahedron","Golden Idol","Prayer Wheel","Eternal Feather","MealTicket","Toxic Egg 2","GremlinMask"],"acts_visited":["Exordium","TheCity"],"potions_floor_usage":[13,13,24],"damage_taken":[{"damage":9,"enemies":"Small Slimes","floor":1,"turns":4},{"damage":0,"enemies":"2 Louse","floor":4,"turns":4},{"damage":23,"enemies":"3 Sentries","floor":7,"turns":18},{"damage":0,"enemies":"Cultist","floor":10,"turns":4},{"damage":0,"enemies":"Exordium Thugs","floor":11,"turns":7},{"damage":16,"enemies":"3 Louse","floor":12,"turns":6},{"damage":9,"enemies":"Lots of Slimes","floor":13,"turns":7},{"damage":2,"enemies":"Slime Boss","floor":16,"turns":21},{"damage":8,"enemies":"Shell Parasite","floor":18,"turns":7},{"damage":45,"enemies":"2 Thieves","floor":19,"turns":5},{"damage":1,"enemies":"Centurion and Healer","floor":22,"turns":10},{"damage":19,"enemies":"Snake Plant","floor":23,"turns":6},{"damage":4,"enemies":"Slavers","floor":24,"turns":10}],"seed_played":"8335792085664275657","potions_obtained":[{"floor":4,"key":"Swift Potion"},{"floor":8,"key":"sneckomod:MuddlingPotion"},{"floor":8,"key":"champ:CounterPotion"},{"floor":13,"key":"Ancient Potion"},{"floor":23,"key":"DistilledChaos"}],"is_trial":false,"path_per_floor":["M","?","?","M","?","R","E","?","T","M","M","M","M","T","R","B",null,"M","M","$","?","M","M","E"],"character_chosen":"THE_SERVANT","items_purchased":["Toxic Egg 2"],"campfire_rested":1,"item_purchase_floors":[20],"current_hp_per_floor":[56,56,56,56,56,56,33,33,33,33,33,17,8,8,35,33,60,52,7,22,22,21,2,0,0],"gold":188,"neow_bonus":"RANDOM_COLORLESS_2","is_daily":false,"chose_seed":false,"campfire_upgraded":1,"win_rate":0.0,"timestamp":1614008529,"path_taken":["M","?","?","M","?","R","E","?","T","M","M","?","M","?","R","BOSS","M","M","$","?","M","?","E"],"items_purchased_type":["Relic"],"build_version":"2020-12-22","purchased_purges":0,"victory":false,"max_hp_per_floor":[65,65,60,60,60,60,60,60,60,60,60,60,60,60,60,60,60,60,60,60,60,60,60,60,60],"card_choices":[{"not_picked":["Master of Strategy","Feint"],"picked":"Crow Ritual","floor":0},{"not_picked":["Replace","ShatteredReality"],"picked":"Barrier","floor":1},{"not_picked":["WasteNot","Advance","Revamp"],"picked":"SKIP","floor":4},{"not_picked":["ReturningBlade","Ricochet"],"picked":"Embodiment","floor":7},{"not_picked":["Contraction","Defy"],"picked":"SurpressingFire","floor":10},{"not_picked":["Ricochet","Defy","Replace"],"picked":"SKIP","floor":10},{"not_picked":["BottledTime","DoubleEdge"],"picked":"Rearm","floor":11},{"not_picked":["Replace","TimeWarp","DancingSilver"],"picked":"SKIP","floor":11},{"not_picked":["PendulumOfEternity","DoubleEdge"],"picked":"BottledTime","floor":12},{"not_picked":["MoonPhase","Defy","TimeWarp"],"picked":"SKIP","floor":12},{"not_picked":["BottledTime","Unruled","DoubleEdge"],"picked":"SKIP","floor":13},{"not_picked":["Reset","Unruled","Replace"],"picked":"SKIP","floor":13},{"not_picked":["LightFlow","KillingDoll"],"picked":"Embodiment","floor":16},{"not_picked":["ShiftingGears","Hightail"],"picked":"GearUp","floor":18},{"not_picked":["Moonlight","Starlight+1","Unruled"],"picked":"SKIP","floor":18},{"not_picked":["Ricochet","Moonlight"],"picked":"DancingSilver","floor":19},{"not_picked":["Replace","GearUp","Unruled"],"picked":"SKIP","floor":19},{"not_picked":["Potential+1","DoubleEdge"],"picked":"BottledTime+1","floor":22},{"not_picked":["TimeWarp","Defy+1"],"picked":"BottledTime+1","floor":22},{"not_picked":["ShatteredReality","RealityMarble"],"picked":"ForgedInTime+1","floor":23},{"not_picked":["Unruled","Desolation","Spin"],"picked":"SKIP","floor":23}],"player_experience":829740,"relics_obtained":[{"floor":7,"key":"Prayer Wheel"},{"floor":9,"key":"Eternal Feather"},{"floor":14,"key":"MealTicket"}],"event_choices":[{"damage_healed":0,"gold_gain":0,"player_choice":"Lose Max HP","damage_taken":0,"relics_obtained":["Golden Idol"],"max_hp_gain":0,"max_hp_loss":5,"event_name":"Golden Idol","floor":3,"gold_loss":0},{"damage_healed":0,"gold_gain":0,"player_choice":"Agree","damage_taken":0,"max_hp_gain":0,"max_hp_loss":0,"event_name":"conspire:LoneGhost","floor":5,"gold_loss":0},{"damage_healed":0,"gold_gain":0,"player_choice":"Bought 2 Potions","damage_taken":0,"max_hp_gain":0,"max_hp_loss":0,"event_name":"The Woman in Blue","floor":8,"gold_loss":0},{"damage_healed":0,"gold_gain":0,"player_choice":"Trade","damage_taken":0,"relics_obtained":["GremlinMask"],"max_hp_gain":0,"max_hp_loss":0,"event_name":"FaceTrader","floor":21,"gold_loss":0}],"is_beta":false,"boss_relics":[{"not_picked":["SacredBark","conspire:RunicOctahedron"],"picked":"SplendidAttire"}],"items_purged_floors":[],"is_endless":false,"potions_floor_spawned":[4,10,11,13,23],"killed_by":"Slavers","ascension_level":2}}