{"host":"11728qvdvolffudn","time":1614035864,"event":{"mods":["BaseMod","Block Reminder","Colored Powertips","Curses Come First","Custom Start","Displayed Cursed Tome","Highlight Path","Minty Spire (QoL Compilation)","Permanent Neow","Quick Restart","Rare Cards Sparkle","Relic Stats","StSLib","Weighted Paths"],"gold_per_floor":[116,17,17,192,267,267,286,286,286,296,296,157,157,172,172,275,275,292,47,66,83,99,99,99,99,99],"floor_reached":25,"language":"ENG","playtime":864,"items_purged":["Strike_R","Doubt"],"score":241,"play_id":"1f512707-8318-4620-a0b8-aa263e64c445","local_time":"20210222231744","is_ascension_mode":false,"campfire_choices":[{"data":"Feed","floor":6,"key":"SMITH"},{"data":"Cleave","floor":8,"key":"SMITH"},{"data":"Rampage","floor":11,"key":"SMITH"},{"data":"Defend_R","floor":15,"key":"SMITH"},{"data":"Inflame","floor":23,"key":"SMITH"}],"circlet_count":0,"master_deck":["Strike_R","Strike_R","Strike_R","Defend_R+1","Defend_R","Defend_R","Defend_R","Bash","Feed+1","Battle Trance","Battle Trance","Cleave+1","Rampage+1","Inflame+1"],"relics":["Black Blood","Vajra","CultistMask","Sundial"],"acts_visited":["Exordium","TheCity"],"potions_floor_usage":[16,20,21],"damage_taken":[{"damage":9,"enemies":"Jaw Worm","floor":1,"turns":4},{"damage":0,"enemies":"Small Slimes","floor":7,"turns":3},{"damage":0,"enemies":"2 Louse","floor":10,"turns":1},{"damage":11,"enemies":"Gremlin Gang","floor":14,"turns":3},{"damage":36,"enemies":"The Guardian","floor":16,"turns":10},{"damage":25,"enemies":"Spheric Guardian","floor":18,"turns":4},{"damage":22,"enemies":"3 Byrds","floor":20,"turns":6},{"damage":38,"enemies":"Centurion and Healer","floor":21,"turns":7},{"damage":36,"enemies":"Snake Plant","floor":22,"turns":5},{"damage":43,"enemies":"Sentry and Sphere","floor":25,"turns":5}],"seed_played":"6180277227073807081","potions_obtained":[{"floor":7,"key":"SpeedPotion"},{"floor":16,"key":"ColorlessPotion"},{"floor":18,"key":"DuplicationPotion"},{"floor":20,"key":"PowerPotion"},{"floor":21,"key":"Ancient Potion"},{"floor":24,"key":"Strength Potion"}],"is_trial":false,"path_per_floor":["M","$","?","?","?","R","M","R","T","M","R","$","?","M","R","B",null,"M","$","M","M","M","R","?","M"],"character_chosen":"IRONCLAD","items_purchased":["Cleave","Inflame","Sundial"],"campfire_rested":0,"item_purchase_floors":[2,12,19],"current_hp_per_floor":[80,80,73,73,62,62,72,72,72,78,78,78,78,77,77,47,91,82,82,76,54,34,34,34,0,0],"gold":99,"neow_bonus":"ONE_RANDOM_RARE_CARD","is_daily":false,"chose_seed":false,"campfire_upgraded":5,"win_rate":0.0,"timestamp":1614035864,"path_taken":["M","$","?","?","?","R","M","R","T","M","R","$","?","?","R","BOSS","M","$","M","M","M","R","?","M"],"items_purchased_type":["Card","Card","Relic"],"build_version":"2020-12-22","purchased_purges":2,"victory":false,"max_hp_per_floor":[83,83,83,83,83,83,87,87,87,87,87,87,87,91,91,91,91,95,95,99,103,107,107,107,111,111],"relic_stats":{"counters":[10,48],"Sundial":[6],"Black Blood":78,"obtain_stats":[{"Sundial":19,"Vajra":9,"Black Blood":17,"CultistMask":13,"Burning Blood":0},{"Sundial":6,"Vajra":2,"Black Blood":5,"CultistMask":3,"Burning Blood":0},{"Sundial":25,"Vajra":7,"Black Blood":21,"CultistMask":8,"Burning Blood":0}]},"card_choices":[{"not_picked":["Armaments","Clash"],"picked":"Battle Trance","floor":1},{"not_picked":["Armaments","Clash"],"picked":"Battle Trance","floor":1},{"not_picked":["Sword Boomerang","Iron Wave","Anger"],"picked":"SKIP","floor":7},{"not_picked":["Twin Strike","Wild Strike"],"picked":"Rampage","floor":10},{"not_picked":["Metallicize","Dual Wield","Twin Strike"],"picked":"SKIP","floor":14},{"not_picked":["Heavy Blade","Shrug It Off","Body Slam"],"picked":"SKIP","floor":18},{"not_picked":["Burning Pact","Fire Breathing+1","Sever Soul"],"picked":"SKIP","floor":20},{"not_picked":["Havoc+1","Clash","Iron Wave+1"],"picked":"SKIP","floor":21},{"not_picked":["Headbutt","Iron Wave","True Grit"],"picked":"SKIP","floor":22}],"player_experience":129417,"relics_obtained":[{"floor":9,"key":"Vajra"}],"event_choices":[{"cards_removed":["Strike_R"],"damage_healed":0,"gold_gain":0,"player_choice":"Card Removal","damage_taken":7,"max_hp_gain":0,"max_hp_loss":0,"event_name":"Golden Wing","floor":3,"gold_loss":0},{"damage_healed":0,"gold_gain":175,"player_choice":"AGREE","damage_taken":0,"max_hp_gain":0,"max_hp_loss":0,"event_name":"Liars Game","floor":4,"gold_loss":0,"cards_obtained":["Doubt"]},{"damage_healed":0,"gold_gain":75,"player_choice":"Gather Gold","damage_taken":11,"max_hp_gain":0,"max_hp_loss":0,"event_name":"World of Goop","floor":5,"gold_loss":0},{"damage_healed":0,"gold_gain":0,"player_choice":"Trade","damage_taken":0,"relics_obtained":["CultistMask"],"max_hp_gain":0,"max_hp_loss":0,"event_name":"FaceTrader","floor":13,"gold_loss":0},{"damage_healed":0,"gold_gain":0,"player_choice":"Got Potions","damage_taken":0,"max_hp_gain":0,"max_hp_loss":0,"event_name":"Lab","floor":24,"gold_loss":0}],"is_beta":false,"boss_relics":[{"not_picked":["Runic Dome","Busted Crown"],"picked":"Black Blood"}],"items_purged_floors":[2,12],"is_endless":false,"potions_floor_spawned":[7,16,18,20,21],"killed_by":"Sentry and Sphere","ascension_level":0}}