{"host":"c6m2gd7h1328eiwi","time":1614011329,"event":{"mods":["Act Like it!","Aspiration","BaseMod","Better Skull","BetterRewards","Challenge The Spire","Colored Map","Conspire","Downfall","Elementarium","Energized Spire","GifTheSpireLib","Halation","Hubris","Mimic Mod","Minty Spire (QoL Compilation)","Quick Restart","Reliquary","Replay The Spire","Ruina","Spikes Relics","Spires And Sneckos","StSLib","The Jungle","Wandering Minibosses"],"gold_per_floor":[217,217,217,270,250,250,280,238,238,256,256,256,13,25,25,130,130,144,144,144,163,163,163,192,205,253,281,281,321,346,356,356,456,456,475,475,475,320,332,363,380,380,380,380,380,380,415,431,431,431],"floor_reached":51,"language":"ENG","playtime":3160,"items_purged":[],"score":811,"play_id":"7519dd08-61d7-4c68-9337-8dfc79a5bd8e","local_time":"20210222092849","is_ascension_mode":false,"campfire_choices":[{"data":"Bash","floor":6,"key":"SMITH"},{"data":"Run Through","floor":12,"key":"SMITH"},{"data":"Spot Weakness","floor":15,"key":"SMITH"},{"data":"Berserk","floor":23,"key":"SMITH"},{"data":"Shrug It Off","floor":28,"key":"SMITH"},{"data":"Heavy Blade","floor":32,"key":"SMITH"},{"data":"Thunderclap","floor":42,"key":"SMITH"},{"data":"Shockwave","floor":44,"key":"SMITH"},{"data":"Flex","floor":49,"key":"SMITH"}],"circlet_count":0,"master_deck":["Strike_R","Strike_R","Strike_R","Strike_R","Strike_R","Defend_R","Defend_R","Defend_R","Defend_R","Bash+1","Shockwave+1","Run Through+1","Flex+1","Shrug It Off+1","Spot Weakness+1","Berserk+1","Anger","Intimidate+1","Twin Strike","Twin Strike","Thunderclap","Heavy Blade+1","Twin Strike","Cleave+1","Madness","Madness","Sword Boomerang+1","Thunderclap+1"],"relics":["Burning Blood","halation:PinkSoulGem","Pear","Meat on the Bone","halation:EternalFortune","Rawhide","Busted Crown","aspiration:RitualStick","King of Hearts","Bag of Marbles","Blue Doll","wanderingMiniBosses:ThiefScarf","Red Skull","reliquary:ExpiredCoupon","Ooze Armor","CherryCoatedStake","halation:Sosunser","hubris:NiceRug","Regal Pillow","ReplayTheSpireMod:Spearhead","Potion Belt","Blue Candle","Letter Opener"],"acts_visited":["Exordium","TheCity","TheBeyond"],"potions_floor_usage":[16,16,24,27,33,33,38,40,40,50,50,50],"damage_taken":[{"damage":6,"enemies":"Cultist","floor":1,"turns":3},{"damage":12,"enemies":"2 Louse","floor":5,"turns":6},{"damage":26,"enemies":"Lagavulin","floor":7,"turns":5},{"damage":13,"enemies":"Jaw Worm","floor":10,"turns":3},{"damage":9,"enemies":"3 Louse","floor":14,"turns":4},{"damage":13,"enemies":"Hexaghost","floor":16,"turns":7},{"damage":25,"enemies":"2 Thieves","floor":18,"turns":4},{"damage":1,"enemies":"Shell Parasite","floor":21,"turns":3},{"damage":9,"enemies":"Replay:Snechameleon","floor":24,"turns":7},{"damage":14,"enemies":"3 Cultists","floor":25,"turns":5},{"damage":20,"enemies":"Book of Stabbing","floor":27,"turns":5},{"damage":9,"enemies":"Snake Plant","floor":29,"turns":5},{"damage":27,"enemies":"Gremlin Leader","floor":30,"turns":5},{"damage":6,"enemies":"Cultist and Chosen","floor":31,"turns":4},{"damage":9,"enemies":"Pondfish","floor":33,"turns":8},{"damage":6,"enemies":"3 Darklings","floor":35,"turns":5},{"damage":17,"enemies":"hubris:Merchant","floor":38,"turns":11},{"damage":10,"enemies":"Orb Walker","floor":39,"turns":2},{"damage":12,"enemies":"Giant Head","floor":40,"turns":5},{"damage":0,"enemies":"Transient","floor":41,"turns":5},{"damage":36,"enemies":"Reptomancer","floor":47,"turns":4},{"damage":14,"enemies":"Spire Growth","floor":48,"turns":3},{"damage":34,"enemies":"Replay:Hell Engine","floor":50,"turns":4}],"seed_played":"2778934079893635399","potions_obtained":[{"floor":7,"key":"PowerPotion"},{"floor":10,"key":"Dexterity Potion"},{"floor":14,"key":"BloodPotion"},{"floor":21,"key":"DuplicationPotion"},{"floor":24,"key":"SkillPotion"},{"floor":27,"key":"Languid Potion"},{"floor":33,"key":"Dexterity Potion"},{"floor":38,"key":"SneckoOil"},{"floor":38,"key":"Elixir"},{"floor":38,"key":"SkillPotion"},{"floor":47,"key":"LiquidMemories"},{"floor":48,"key":"Explosive Potion"}],"is_trial":false,"path_per_floor":["M","?","?","T","M","R","E","?","T","M","?","R","$","M","R","B",null,"M","?","?","M","?","R","E","M","T","E","R","M","E","M","R","B",null,"M","?","?","$","M","E","M","R","T","R","?","$","E","M","R","B",null],"character_chosen":"IRONCLAD","items_purchased":["Rawhide","CherryCoatedStake","halation:Sosunser"],"campfire_rested":0,"item_purchase_floors":[13,38,38],"current_hp_per_floor":[80,80,80,80,74,74,64,64,64,57,60,60,60,57,57,62,93,74,55,55,63,68,68,65,57,57,55,55,64,55,55,55,71,96,99,87,87,79,75,69,75,75,75,75,70,70,61,65,65,49],"gold":431,"neow_bonus":"HUNDRED_GOLD","is_daily":false,"chose_seed":false,"campfire_upgraded":9,"win_rate":0.0,"timestamp":1614011329,"path_taken":["M","?","?","?","M","R","E","?","T","M","?","R","?","M","R","BOSS","M","?","?","M","?","R","E","?","T","E","R","M","E","M","R","BOSS","M","?","?","$","M","E","M","R","T","R","?","$","E","M","R","BOSS"],"items_purchased_type":["Relic","Relic","Relic"],"build_version":"2020-12-22","purchased_purges":0,"victory":true,"max_hp_per_floor":[80,80,80,80,80,80,90,90,90,90,93,93,93,93,93,93,93,93,93,93,96,96,96,96,96,96,96,96,96,96,96,96,96,96,99,99,99,99,99,99,99,99,99,99,99,99,99,99,99,99],"card_choices":[{"not_picked":["Body Slam","Replay:Undeath\u0027s Touch"],"picked":"Shockwave","floor":1},{"not_picked":["ReplayTheSpireMod:Strike From Hell","Clothesline"],"picked":"Run Through","floor":5},{"not_picked":["Impervious","Headbutt"],"picked":"Flex","floor":7},{"not_picked":["Clothesline","ReplayTheSpireMod:Strike From Hell"],"picked":"Shrug It Off","floor":10},{"not_picked":["Warcry","Shrug It Off"],"picked":"Spot Weakness","floor":14},{"not_picked":["conspire:HitWhereItHurts","Bludgeon"],"picked":"Berserk","floor":16},{"not_picked":[],"picked":"Anger","floor":18},{"not_picked":["Headbutt"],"picked":"SKIP","floor":21},{"not_picked":[],"picked":"Intimidate+1","floor":24},{"not_picked":[],"picked":"Twin Strike","floor":25},{"not_picked":[],"picked":"Twin Strike","floor":27},{"not_picked":[],"picked":"Thunderclap","floor":29},{"not_picked":[],"picked":"Heavy Blade","floor":30},{"not_picked":[],"picked":"Twin Strike","floor":31},{"not_picked":[],"picked":"Cleave","floor":35},{"not_picked":["Sever Soul"],"picked":"SKIP","floor":38},{"not_picked":["Reckless Charge"],"picked":"SKIP","floor":38},{"not_picked":["Abandon"],"picked":"SKIP","floor":38},{"not_picked":["hubris:ReadiedAction"],"picked":"SKIP","floor":38},{"not_picked":["Absolvement"],"picked":"SKIP","floor":38},{"not_picked":["ReplayTheSpireMod:Private Reserves+1"],"picked":"SKIP","floor":38},{"not_picked":["Master of Strategy"],"picked":"SKIP","floor":38},{"not_picked":["Warcry"],"picked":"SKIP","floor":39},{"not_picked":[],"picked":"Sword Boomerang+1","floor":40},{"not_picked":[],"picked":"Thunderclap","floor":41},{"not_picked":["hubris:ReadiedAction+1"],"picked":"SKIP","floor":47},{"not_picked":["Eclipse"],"picked":"SKIP","floor":48}],"player_experience":14622,"relics_obtained":[{"floor":4,"key":"Red Skull"},{"floor":7,"key":"Pear"},{"floor":9,"key":"Meat on the Bone"},{"floor":21,"key":"halation:EternalFortune"},{"floor":24,"key":"King of Hearts"},{"floor":26,"key":"Bag of Marbles"},{"floor":27,"key":"Blue Doll"},{"floor":29,"key":"wanderingMiniBosses:ThiefScarf"},{"floor":29,"key":"Red Skull"},{"floor":30,"key":"reliquary:ExpiredCoupon"},{"floor":35,"key":"halation:EternalFortune"},{"floor":38,"key":"Regal Pillow"},{"floor":40,"key":"ReplayTheSpireMod:Spearhead"},{"floor":43,"key":"Potion Belt"},{"floor":47,"key":"Letter Opener"}],"event_choices":[{"damage_healed":0,"gold_gain":0,"player_choice":"Disagree","damage_taken":0,"max_hp_gain":0,"max_hp_loss":0,"event_name":"conspire:LoneGhost","floor":2,"gold_loss":0},{"damage_healed":0,"gold_gain":0,"player_choice":"Left Gold","damage_taken":0,"max_hp_gain":0,"max_hp_loss":0,"event_name":"World of Goop","floor":8,"gold_loss":42},{"damage_healed":5,"gold_gain":0,"player_choice":"LEAVE ","damage_taken":0,"relics_obtained":[],"max_hp_gain":0,"max_hp_loss":0,"event_name":"betterSkull:BetterSkull","floor":22,"gold_loss":0,"cards_upgraded":[]},{"damage_healed":0,"gold_gain":0,"player_choice":"Embrace Madness","damage_taken":12,"max_hp_gain":0,"max_hp_loss":0,"event_name":"Winding Halls","floor":36,"gold_loss":0,"cards_obtained":["Madness","Madness"]}],"is_beta":false,"boss_relics":[{"not_picked":["Runic Cube","hubris:TerracottaHorce"],"picked":"Busted Crown"},{"not_picked":["Honey Jar","Kintsugi"],"picked":"Ooze Armor"}],"items_purged_floors":[],"is_endless":false,"potions_floor_spawned":[7,10,14,21,24,27,33,39,47,48],"ascension_level":0}}