{"host":"5bsc0nab6whpyrbj","time":1614032308,"event":{"mods":["BaseMod","Highlight Path","Minty Spire (QoL Compilation)"],"gold_per_floor":[117,67,67,67,84,84,184,184,184,184,204,169,180,199,199,303,303,322,342,342,342,342],"floor_reached":21,"language":"ENG","playtime":428,"items_purged":[],"score":169,"play_id":"51aa56f6-2475-49e6-a1f4-0065b6d0eed1","local_time":"20210222171828","is_ascension_mode":false,"campfire_choices":[{"data":"Biased Cognition","floor":6.0,"key":"SMITH"},{"data":"Gash","floor":8.0,"key":"SMITH"},{"data":"Gash","floor":10.0,"key":"SMITH"},{"floor":15.0,"key":"REST"}],"circlet_count":0,"master_deck":["Strike_B","Strike_B","Strike_B+1","Strike_B","Defend_B","Defend_B","Defend_B","Defend_B","Zap","Dualcast+1","Biased Cognition+1","Gash+1","Gash+1","Leap","Capacitor","Gash","Ball Lightning","Multi-Cast","Ball Lightning","Ball Lightning"],"relics":["Cracked Core","Incense Burner","Black Star"],"acts_visited":["Exordium","TheCity"],"potions_floor_usage":[],"damage_taken":[{"damage":12.0,"enemies":"2 Louse","floor":1.0,"turns":2.0},{"damage":6.0,"enemies":"Cultist","floor":5.0,"turns":3.0},{"damage":0.0,"enemies":"Small Slimes","floor":11.0,"turns":2.0},{"damage":13.0,"enemies":"Red Slaver","floor":13.0,"turns":2.0},{"damage":11.0,"enemies":"Large Slime","floor":14.0,"turns":4.0},{"damage":50.0,"enemies":"The Guardian","floor":16.0,"turns":9.0},{"damage":21.0,"enemies":"Spheric Guardian","floor":18.0,"turns":4.0},{"damage":20.0,"enemies":"3 Byrds","floor":19.0,"turns":4.0},{"damage":44,"enemies":"3 Cultists","floor":21,"turns":4}],"seed_played":"-1289263263672664063","potions_obtained":[{"floor":11.0,"key":"LiquidMemories"},{"floor":19.0,"key":"LiquidBronze"}],"is_trial":false,"path_per_floor":["M","$","?","?","M","R","?","R","T","R","M","?","M","M","R","B",null,"M","M","?","M"],"character_chosen":"DEFECT","items_purchased":["Gash"],"campfire_rested":1,"item_purchase_floors":[2],"current_hp_per_floor":[63,63,48,73,67,67,67,67,67,67,67,75,62,51,73,23,75,54,34,34,0,0],"gold":342,"neow_bonus":"ONE_RANDOM_RARE_CARD","is_daily":false,"chose_seed":false,"campfire_upgraded":3,"win_rate":0.0,"timestamp":1614032308,"path_taken":["M","$","?","?","M","R","?","R","T","R","?","?","M","M","R","BOSS","M","M","?","?"],"items_purchased_type":["Card"],"build_version":"2020-12-22","purchased_purges":0,"victory":false,"max_hp_per_floor":[75,75,75,75,75,75,75,75,75,75,75,75,75,75,75,75,75,75,75,75,75,75],"card_choices":[{"not_picked":["Stack","Go for the Eyes"],"picked":"Gash","floor":1.0},{"not_picked":["Redo","Rebound"],"picked":"Leap","floor":5.0},{"not_picked":["Sweeping Beam","Steam"],"picked":"Capacitor","floor":11.0},{"not_picked":["Steam","Rebound"],"picked":"Gash","floor":13.0},{"not_picked":["Steam","Blizzard"],"picked":"Ball Lightning","floor":14.0},{"not_picked":["Seek","All For One"],"picked":"Multi-Cast","floor":16.0},{"not_picked":["Streamline","Beam Cell"],"picked":"Ball Lightning","floor":18.0},{"not_picked":["Streamline+1","Chill"],"picked":"Ball Lightning","floor":19.0}],"player_experience":101725,"relics_obtained":[{"floor":9.0,"key":"Incense Burner"}],"event_choices":[{"damage_healed":0.0,"max_hp_gain":0.0,"max_hp_loss":0.0,"gold_gain":0.0,"event_name":"Shining Light","player_choice":"Entered Light","floor":3.0,"gold_loss":0.0,"damage_taken":15.0,"cards_upgraded":["Dualcast","Strike_B"]},{"damage_healed":25.0,"max_hp_gain":0.0,"max_hp_loss":0.0,"gold_gain":0.0,"event_name":"Big Fish","player_choice":"Banana","floor":4.0,"gold_loss":0.0,"damage_taken":0.0},{"damage_healed":0.0,"max_hp_gain":0.0,"max_hp_loss":0.0,"gold_gain":100.0,"event_name":"Wheel of Change","player_choice":"Gold","floor":7.0,"gold_loss":0.0,"damage_taken":0.0},{"damage_healed":18.0,"max_hp_gain":0.0,"max_hp_loss":0.0,"gold_gain":0.0,"event_name":"The Cleric","player_choice":"Healed","floor":12.0,"gold_loss":35.0,"damage_taken":0.0},{"damage_healed":0.0,"max_hp_gain":0.0,"max_hp_loss":0.0,"gold_gain":0.0,"event_name":"N\u0027loth","player_choice":"Ignored","floor":20.0,"gold_loss":0.0,"damage_taken":0.0}],"is_beta":false,"boss_relics":[{"not_picked":["Runic Dome","SacredBark"],"picked":"Black Star"}],"items_purged_floors":[],"is_endless":false,"potions_floor_spawned":[11,19],"killed_by":"3 Cultists","ascension_level":0}}