{"host":"sav7uxregyirlf69","time":1614009363,"event":{"mods":["AchievementEnabler","BaseMod","Colored Map","DeckTracker","Keyboard Shortcuts","Minty Spire (QoL Compilation)","READ ME - Guardian Mod","StSLib","SuperFastMode"],"gold_per_floor":[115,0,20,20,36,36,36,49,49,67,87,105,158,158,158,230,230,243,256,306,306,321,321,321,321],"floor_reached":24,"language":"KOR","playtime":512,"items_purged":["Writhe"],"score":380,"play_id":"fe26bcf4-e562-4e3f-af16-931c8a3b3084","local_time":"20210223005603","is_ascension_mode":true,"campfire_choices":[{"data":"All Out Attack","floor":6.0,"key":"SMITH"},{"data":"Malaise","floor":15.0,"key":"SMITH"},{"floor":23,"key":"REST"}],"circlet_count":0,"master_deck":["AscendersBane","Strike_G","Strike_G","Strike_G","Defend_G","Defend_G","Defend_G","Defend_G","Survivor","Neutralize","Malaise","Malaise+1","Dagger Spray","Footwork","All Out Attack+1","Deadly Poison","Acrobatics","Escape Plan","Adrenaline","Calculated Gamble","Adrenaline"],"relics":["Ring of the Snake","Sundial","Pantograph","SacredBark"],"acts_visited":["Exordium","TheCity"],"potions_floor_usage":[],"damage_taken":[{"damage":6.0,"enemies":"Jaw Worm","floor":1.0,"turns":6.0},{"damage":0.0,"enemies":"Cultist","floor":3.0,"turns":4.0},{"damage":1.0,"enemies":"Small Slimes","floor":5.0,"turns":3.0},{"damage":8.0,"enemies":"Looter","floor":8.0,"turns":4.0},{"damage":7.0,"enemies":"Exordium Wildlife","floor":10.0,"turns":3.0},{"damage":11.0,"enemies":"Large Slime","floor":11.0,"turns":6.0},{"damage":0.0,"enemies":"2 Fungi Beasts","floor":12.0,"turns":1.0},{"damage":10.0,"enemies":"The Guardian","floor":16.0,"turns":12.0},{"damage":2,"enemies":"Chosen","floor":18,"turns":8},{"damage":20,"enemies":"3 Byrds","floor":19,"turns":7},{"damage":31,"enemies":"Centurion and Healer","floor":22,"turns":12},{"damage":37,"enemies":"Cultist and Chosen","floor":24,"turns":5}],"seed_played":"-4160751995394681686","potions_obtained":[{"floor":1.0,"key":"Fruit Juice"},{"floor":3.0,"key":"LiquidBronze"},{"floor":5.0,"key":"Dexterity Potion"},{"floor":18,"key":"Dexterity Potion"}],"is_trial":false,"path_per_floor":["M","$","M","?","M","R","$","M","T","M","M","M","?","?","R","B",null,"M","M","?","?","M","R","M"],"character_chosen":"THE_SILENT","items_purchased":["Footwork"],"campfire_rested":1,"item_purchase_floors":[2],"current_hp_per_floor":[53,53,53,27,31,31,31,23,23,16,5,5,5,5,5,20,58,56,36,36,36,5,26,0,0],"gold":321,"neow_bonus":"TRANSFORM_TWO_CARDS","is_daily":false,"chose_seed":false,"campfire_upgraded":2,"win_rate":0.0,"timestamp":1614009363,"path_taken":["M","$","M","?","M","R","?","M","T","?","M","M","?","?","R","BOSS","M","M","?","?","M","R","M"],"items_purchased_type":["Card"],"build_version":"2020-12-22","purchased_purges":1,"victory":false,"max_hp_per_floor":[66,66,66,66,71,71,71,71,71,71,71,71,71,71,71,71,71,71,71,71,71,71,71,71,71],"card_choices":[{"not_picked":["Quick Slash","Leg Sweep"],"picked":"Dagger Spray","floor":1.0},{"not_picked":["Quick Slash","Masterful Stab"],"picked":"All Out Attack","floor":3.0},{"not_picked":["Wraith Form v2","Poisoned Stab"],"picked":"Deadly Poison","floor":5.0},{"not_picked":["Sucker Punch","PiercingWail"],"picked":"Acrobatics","floor":8.0},{"not_picked":["Caltrops","Outmaneuver","Dagger Spray"],"picked":"SKIP","floor":10.0},{"not_picked":["Blade Dance","Slice"],"picked":"Escape Plan","floor":11.0},{"not_picked":["Dagger Spray","Slice","Distraction"],"picked":"SKIP","floor":12.0},{"not_picked":["Burst","Venomology"],"picked":"Adrenaline","floor":16.0},{"not_picked":["Poisoned Stab","Dagger Spray","PiercingWail"],"picked":"SKIP","floor":18},{"not_picked":["Slice","Sucker Punch","Skewer"],"picked":"SKIP","floor":19},{"not_picked":["Bane","Dagger Spray"],"picked":"Adrenaline","floor":22}],"player_experience":1652980,"relics_obtained":[{"floor":9.0,"key":"Pantograph"}],"event_choices":[{"damage_healed":0.0,"max_hp_gain":0.0,"max_hp_loss":0.0,"gold_gain":0.0,"event_name":"Scrap Ooze","player_choice":"Success","floor":4.0,"gold_loss":0.0,"damage_taken":26.0,"relics_obtained":["Sundial"]},{"damage_healed":0.0,"max_hp_gain":0.0,"max_hp_loss":0.0,"gold_gain":53.0,"event_name":"Golden Wing","player_choice":"Gained Gold","floor":13.0,"gold_loss":0.0,"damage_taken":0.0},{"cards_removed":["Strike_G"],"damage_healed":0.0,"max_hp_gain":0.0,"max_hp_loss":0.0,"gold_gain":0.0,"event_name":"Living Wall","player_choice":"Forget","floor":14.0,"gold_loss":0.0,"damage_taken":0.0},{"damage_healed":0,"gold_gain":50,"player_choice":"Stole From Cult","damage_taken":0,"max_hp_gain":0,"max_hp_loss":0,"event_name":"Nest","floor":20,"gold_loss":0},{"damage_healed":0,"gold_gain":0,"player_choice":"Read","damage_taken":0,"max_hp_gain":0,"max_hp_loss":0,"event_name":"The Library","floor":21,"gold_loss":0,"cards_obtained":["Calculated Gamble"]}],"is_beta":false,"boss_relics":[{"not_picked":["Snecko Eye","Ectoplasm"],"picked":"SacredBark"}],"items_purged_floors":[2],"is_endless":false,"potions_floor_spawned":[1,3,5,18],"killed_by":"Cultist and Chosen","ascension_level":20}}