{"host":"zefmhu9ryehjj4p1","time":1614019878,"event":{"mods":["100% Spire Juice","2.2 Compatiblity","Act Like it!","Aspiration","BaseMod","Beaked The Cultist","Better Note","CapriCore","Colored Powertips","Conspire","DeckTracker","Downfall","Ekko","Elementarium","Friendly Minions","Gensokyo","Hallownest","Hermit","Highlight Path","Hubris","Infinite Spire","Koishi","Luminous","Marisa????????","Minty Spire (QoL Compilation)","Random Character Button","Reimu??????","Reliquary","Replay The Spire","Ruina","Shade Mod","Shapeshifter Mod","StSLib","The Administrix","The Blue Laboratory","The Bug Knight","The Construct","The Cursed","The Gatherer","The Hierophant","The Immortal","The Judge","The Jungle","The Marked","The Mystic","The Runesmith","The Senshi","The Servant 0.9.4","The Vixen","The Wild Card","TheBandit","TheVacant","Wandering Minibosses"],"gold_per_floor":[116,116,134,148,36,61,79,79,126,6,20,36,36,36,36,36,36],"floor_reached":16,"language":"ENG","playtime":363,"items_purged":["hubris:Insight"],"score":102,"play_id":"11413e8a-e4cb-4e3f-b1ba-e78f373962e6","local_time":"20210222195118","is_ascension_mode":false,"campfire_choices":[{"data":"Moonworks:CloudOfSeagulls","floor":8,"key":"SMITH"},{"data":"Moonworks:EvilSpyWorkPreparation","floor":10,"key":"SMITH"},{"floor":15,"key":"REST"}],"circlet_count":0,"master_deck":["Moonworks:Strike","Moonworks:Strike","Moonworks:Strike","Moonworks:Strike","Moonworks:Defend","Moonworks:Defend","Moonworks:Defend","Moonworks:Defend","Moonworks:Ambush","Moonworks:LongDistanceShot","Moonworks:EvilSpyWorkPreparation+1","Moonworks:JonathanRush","Moonworks:FullSpeedAlicianrone","Moonworks:JonathanRush","Moonworks:CloudOfSeagulls+1","Moonworks:JonathanRush","Moonworks:EvilSpyWorkPreparation"],"relics":["Moonworks:BrokenBomb","Moonworks:Homemark","reliquary:PorcupineQuills","Replay:Bottled Flurry","Replay:Wax Seal"],"acts_visited":["Exordium"],"potions_floor_usage":[],"damage_taken":[{"damage":6,"enemies":"Cultist","floor":1,"turns":3},{"damage":14,"enemies":"2 Louse","floor":3,"turns":3},{"damage":0,"enemies":"Small Slimes","floor":4,"turns":3},{"damage":15,"enemies":"Gremlin Nob","floor":6,"turns":4},{"damage":1,"enemies":"2 Fungi Beasts","floor":7,"turns":2},{"damage":0,"enemies":"Large Slime","floor":11,"turns":4},{"damage":13,"enemies":"Red Slaver","floor":12,"turns":2},{"damage":29,"enemies":"The Guardian","floor":16,"turns":4}],"seed_played":"2091133550533437199","potions_obtained":[{"floor":4,"key":"blueLaboratory:FrostheartPotion"},{"floor":6,"key":"Adrenaline Potion"},{"floor":12,"key":"Energy Potion"}],"is_trial":false,"path_per_floor":["M","?","M","M","$","E","M","R","T","R","M","M","$","?","R","B"],"character_chosen":"THE_STARBREAKER","items_purchased":["Moonworks:FullSpeedAlicianrone"],"campfire_rested":1,"item_purchase_floors":[5],"current_hp_per_floor":[54,54,40,40,40,25,24,24,24,24,24,11,11,11,29,0,0],"gold":36,"neow_bonus":"RANDOM_COMMON_RELIC","is_daily":false,"chose_seed":false,"campfire_upgraded":2,"win_rate":0.0,"timestamp":1614019878,"path_taken":["M","?","M","M","?","E","?","R","T","R","M","M","$","?","R","BOSS"],"items_purchased_type":["Card"],"build_version":"2020-12-22","purchased_purges":1,"victory":false,"max_hp_per_floor":[60,60,60,60,60,60,60,60,60,60,60,60,60,60,60,60,60],"card_choices":[{"not_picked":["Moonworks:ImOnFire","Moonworks:DeployBits"],"picked":"Moonworks:EvilSpyWorkPreparation","floor":1},{"not_picked":["Moonworks:Dash","Moonworks:DeployBits"],"picked":"Moonworks:JonathanRush","floor":3},{"not_picked":["Moonworks:DeployBits","Moonworks:BeyondHell","Moonworks:ImOnFire"],"picked":"SKIP","floor":4},{"not_picked":["Moonworks:DevilHand","Moonworks:AnotherUltimateWeapon"],"picked":"Moonworks:JonathanRush","floor":6},{"not_picked":["Moonworks:WindyEnchantment","Moonworks:TreasureThief"],"picked":"Moonworks:CloudOfSeagulls","floor":7},{"not_picked":["Moonworks:AngelHand","Moonworks:BigMagnum"],"picked":"Moonworks:JonathanRush","floor":11},{"not_picked":["Moonworks:ImmovableObject","Moonworks:CloudOfSeagulls"],"picked":"Moonworks:EvilSpyWorkPreparation","floor":12}],"player_experience":200502,"relics_obtained":[{"floor":6,"key":"Replay:Bottled Flurry"},{"floor":9,"key":"Replay:Wax Seal"}],"event_choices":[{"damage_healed":0,"gold_gain":0,"player_choice":"1 cards matched","damage_taken":0,"max_hp_gain":0,"max_hp_loss":0,"event_name":"Match and Keep!","floor":2,"gold_loss":0,"cards_obtained":["hubris:Insight"]},{"damage_healed":0,"gold_gain":0,"player_choice":"Ignored","damage_taken":0,"max_hp_gain":0,"max_hp_loss":0,"event_name":"Golden Idol","floor":14,"gold_loss":0}],"is_beta":false,"boss_relics":[],"items_purged_floors":[5],"is_endless":false,"potions_floor_spawned":[1,4,6,12],"killed_by":"The Guardian","ascension_level":0}}