{"host":"fuacepq88b66f4v3","time":1614005726,"event":{"mods":["AchievementEnabler","BaseMod","Colored Map","DeckTracker","Minty Spire (QoL Compilation)","SuperFastMode"],"gold_per_floor":[114,64,84,84,97,125,139,139,188,205,205,220,295,295,295,391,391,409,409,440,511,523,523,523,597,597,627,638,656,756,770,770,865,865,876,876,894,354,354,354,370,370,422,422,435,43,43,62,62,62],"floor_reached":51,"language":"KOR","playtime":1605,"items_purged":["Defend_R","Defend_R"],"score":767,"play_id":"e88702d7-146e-4471-bf55-bd666d222014","local_time":"20210222235526","is_ascension_mode":false,"campfire_choices":[{"data":"Pommel Strike","floor":8,"key":"SMITH"},{"data":"Feed","floor":15,"key":"SMITH"},{"data":"Double Tap","floor":23,"key":"SMITH"},{"data":"Ghostly","floor":32,"key":"SMITH"},{"data":"Demon Form","floor":40,"key":"SMITH"},{"data":"Ghostly","floor":42,"key":"SMITH"},{"data":"Ghostly","floor":44,"key":"SMITH"},{"data":"Ghostly","floor":47,"key":"SMITH"},{"data":"Inflame","floor":49,"key":"SMITH"}],"circlet_count":0,"master_deck":["Defend_R+1","Bash+1","Cleave","Cleave","Pommel Strike+1","Inflame+1","Feed+1","Double Tap+1","Thunderclap+1","Bite","Bite","Bite","Bite","Bite","Ghostly+1","Ghostly+1","Ghostly+1","Ghostly+1","Ghostly+1","Cleave+1","Demon Form+1"],"relics":["Burning Blood","Meat on the Bone","Omamori","Bronze Scales","Busted Crown","Red Mask","Paper Frog","Darkstone Periapt","Eternal Feather","Matryoshka","Bird Faced Urn","White Beast Statue","Philosopher\u0027s Stone","War Paint","Pocketwatch","Question Card","Bag of Marbles","Brimstone","Blood Vial"],"acts_visited":["Exordium","TheCity","TheBeyond"],"potions_floor_usage":[12,16,16,33,33,37,41,41,50],"damage_taken":[{"damage":7,"enemies":"2 Louse","floor":1,"turns":4},{"damage":6,"enemies":"Cultist","floor":3,"turns":3},{"damage":12,"enemies":"Small Slimes","floor":5,"turns":3},{"damage":36,"enemies":"Lagavulin","floor":6,"turns":5},{"damage":16,"enemies":"Blue Slaver","floor":7,"turns":4},{"damage":18,"enemies":"Exordium Wildlife","floor":10,"turns":3},{"damage":10,"enemies":"Looter","floor":12,"turns":2},{"damage":72,"enemies":"Hexaghost","floor":16,"turns":8},{"damage":30,"enemies":"2 Thieves","floor":18,"turns":3},{"damage":32,"enemies":"Masked Bandits","floor":20,"turns":4},{"damage":20,"enemies":"Shell Parasite","floor":22,"turns":2},{"damage":5,"enemies":"Slavers","floor":27,"turns":3},{"damage":16,"enemies":"Cultist and Chosen","floor":28,"turns":4},{"damage":3,"enemies":"Snake Plant","floor":29,"turns":3},{"damage":7,"enemies":"Colosseum Slavers","floor":30,"turns":5},{"damage":4,"enemies":"Colosseum Nobs","floor":30,"turns":4},{"damage":4,"enemies":"3 Cultists","floor":31,"turns":4},{"damage":25,"enemies":"Automaton","floor":33,"turns":8},{"damage":21,"enemies":"3 Shapes","floor":35,"turns":4},{"damage":1,"enemies":"Orb Walker","floor":37,"turns":3},{"damage":16,"enemies":"Writhing Mass","floor":41,"turns":3},{"damage":3,"enemies":"Jaw Worm Horde","floor":45,"turns":3},{"damage":1,"enemies":"Spire Growth","floor":48,"turns":3},{"damage":53,"enemies":"Time Eater","floor":50,"turns":5}],"seed_played":"-3759437050952409470","potions_obtained":[{"floor":5,"key":"FearPotion"},{"floor":6,"key":"SkillPotion"},{"floor":10,"key":"ElixirPotion"},{"floor":12,"key":"Fruit Juice"},{"floor":18,"key":"Swift Potion"},{"floor":29,"key":"SteroidPotion"},{"floor":30,"key":"Energy Potion"},{"floor":31,"key":"BlessingOfTheForge"},{"floor":33,"key":"BlessingOfTheForge"},{"floor":35,"key":"Explosive Potion"},{"floor":37,"key":"Fire Potion"},{"floor":41,"key":"BloodPotion"},{"floor":45,"key":"PowerPotion"},{"floor":48,"key":"SpeedPotion"}],"is_trial":false,"path_per_floor":["M","$","M","?","M","E","M","R","T","M","?","M","?","?","R","B",null,"M","?","?","T","M","R","?","T","T","E","M","M","?","M","R","B",null,"M","?","M","$","?","R","M","R","T","R","M","$","R","M","R","B",null],"character_chosen":"IRONCLAD","items_purchased":["Cleave","War Paint","Pocketwatch","Brimstone","Blood Vial"],"campfire_rested":0,"item_purchase_floors":[2,38,38,46,46],"current_hp_per_floor":[79,79,79,72,66,48,50,50,50,50,50,63,52,80,80,26,85,65,62,44,44,50,50,33,33,33,37,31,37,41,45,45,39,45,39,35,48,48,48,49,53,53,53,53,57,57,57,57,57,31],"gold":62,"neow_bonus":"UPGRADE_CARD","is_daily":false,"chose_seed":false,"campfire_upgraded":9,"win_rate":0.0,"timestamp":1614005726,"path_taken":["M","$","M","?","M","E","M","R","T","M","?","?","?","?","R","BOSS","M","?","?","?","M","R","?","?","T","E","M","?","?","M","R","BOSS","M","?","M","?","?","R","M","R","T","R","?","$","R","M","R","BOSS"],"items_purchased_type":["Card","Relic","Relic","Relic","Relic"],"build_version":"2020-12-22","purchased_purges":2,"victory":true,"max_hp_per_floor":[80,80,80,80,80,80,80,80,80,80,80,85,85,85,85,85,85,89,62,66,66,66,66,33,33,33,37,37,37,41,45,45,45,45,49,49,49,49,49,49,53,53,53,53,57,57,57,57,57,57],"card_choices":[{"not_picked":["Body Slam","Wild Strike","Headbutt"],"picked":"SKIP","floor":1},{"not_picked":["Intimidate","Sword Boomerang"],"picked":"Cleave","floor":3},{"not_picked":["Thunderclap","Perfected Strike"],"picked":"Pommel Strike","floor":5},{"not_picked":["Thunderclap","Entrench","Clash"],"picked":"SKIP","floor":6},{"not_picked":["Dropkick","Dark Embrace","Perfected Strike"],"picked":"SKIP","floor":7},{"not_picked":["Body Slam","Rampage"],"picked":"Inflame","floor":10},{"not_picked":["Warcry","Iron Wave"],"picked":"Feed","floor":12},{"not_picked":["Bludgeon","Exhume"],"picked":"Double Tap","floor":16},{"not_picked":[],"picked":"Thunderclap+1","floor":18},{"not_picked":["Headbutt"],"picked":"SKIP","floor":22},{"not_picked":[],"picked":"Cleave+1","floor":27},{"not_picked":["Warcry"],"picked":"SKIP","floor":28},{"not_picked":["Flame Barrier"],"picked":"SKIP","floor":29},{"not_picked":["Clash"],"picked":"SKIP","floor":31},{"not_picked":[],"picked":"Demon Form","floor":33},{"not_picked":["Anger"],"picked":"SKIP","floor":35},{"not_picked":["Seeing Red+1"],"picked":"SKIP","floor":37},{"not_picked":["Wild Strike"],"picked":"SKIP","floor":41},{"not_picked":["Headbutt","Havoc+1"],"picked":"SKIP","floor":45},{"not_picked":["Reaper","Ghostly Armor"],"picked":"SKIP","floor":48}],"player_experience":61382,"relics_obtained":[{"floor":6,"key":"Omamori"},{"floor":9,"key":"Bronze Scales"},{"floor":20,"key":"Red Mask"},{"floor":21,"key":"Paper Frog"},{"floor":25,"key":"Darkstone Periapt"},{"floor":26,"key":"Eternal Feather"},{"floor":27,"key":"Matryoshka"},{"floor":30,"key":"Bird Faced Urn"},{"floor":30,"key":"White Beast Statue"},{"floor":43,"key":"Question Card"},{"floor":43,"key":"Bag of Marbles"}],"event_choices":[{"damage_healed":0,"gold_gain":0,"player_choice":"Success","damage_taken":7,"relics_obtained":["Meat on the Bone"],"max_hp_gain":0,"max_hp_loss":0,"event_name":"Scrap Ooze","floor":4,"gold_loss":0},{"cards_removed":["Defend_R"],"damage_healed":0,"gold_gain":0,"player_choice":"Purged","damage_taken":0,"max_hp_gain":0,"max_hp_loss":0,"event_name":"Purifier","floor":11,"gold_loss":0},{"damage_healed":0,"gold_gain":75,"player_choice":"Gather Gold","damage_taken":11,"max_hp_gain":0,"max_hp_loss":0,"event_name":"World of Goop","floor":13,"gold_loss":0},{"damage_healed":28,"gold_gain":0,"player_choice":"Banana","damage_taken":0,"max_hp_gain":0,"max_hp_loss":0,"event_name":"Big Fish","floor":14,"gold_loss":0},{"damage_healed":0,"gold_gain":0,"player_choice":"Became a vampire","damage_taken":0,"max_hp_gain":0,"max_hp_loss":27,"event_name":"Vampires","floor":19,"gold_loss":0,"cards_obtained":["Bite","Bite","Bite","Bite","Bite"]},{"damage_healed":0,"gold_gain":0,"player_choice":"Fought Bandits","damage_taken":0,"max_hp_gain":0,"max_hp_loss":0,"event_name":"Masked Bandits","floor":20,"gold_loss":0},{"damage_healed":0,"gold_gain":0,"player_choice":"Became a Ghost","damage_taken":0,"max_hp_gain":0,"max_hp_loss":33,"event_name":"Ghosts","floor":24,"gold_loss":0,"cards_obtained":["Ghostly","Ghostly","Ghostly","Ghostly","Ghostly"]},{"damage_healed":0,"gold_gain":0,"player_choice":"Fight","damage_taken":0,"max_hp_gain":0,"max_hp_loss":0,"event_name":"Colosseum","floor":30,"gold_loss":0},{"damage_healed":0,"gold_gain":0,"player_choice":"Fought Nobs","damage_taken":0,"max_hp_gain":0,"max_hp_loss":0,"event_name":"Colosseum","floor":30,"gold_loss":0},{"damage_healed":0,"gold_gain":0,"player_choice":"Damaged","damage_taken":4,"max_hp_gain":0,"max_hp_loss":0,"event_name":"Wheel of Change","floor":36,"gold_loss":0},{"damage_healed":0,"gold_gain":0,"player_choice":"Memory 1","damage_taken":0,"max_hp_gain":0,"max_hp_loss":0,"event_name":"SensoryStone","floor":39,"gold_loss":0}],"is_beta":false,"boss_relics":[{"not_picked":["Fusion Hammer","Black Star"],"picked":"Busted Crown"},{"not_picked":["Calling Bell","SacredBark"],"picked":"Philosopher\u0027s Stone"}],"items_purged_floors":[38,46],"is_endless":false,"potions_floor_spawned":[5,6,10,12,18,29,30,31,33,35,37,41,45,48],"ascension_level":0}}