{"host":"1c52r9kaxdyo25eq","time":1614004769,"event":{"mods":["AchievementEnabler","BaseMod","DeckTracker","Minty Spire (QoL Compilation)","Rare Cards Sparkle","SuperFastMode","everything is the same but u backflip on backflip"],"gold_per_floor":[117,42,42,117,117,117,151,161,240,257,282,282,300,317,317,394,394,412,428,428,343,268,268,294,311,357,96,96,96],"floor_reached":28,"language":"KOR","playtime":650,"items_purged":["Strike_R","Strike_R"],"score":553,"play_id":"542daa09-2ecc-4513-9389-27a81ec85b52","local_time":"20210222233929","is_ascension_mode":true,"campfire_choices":[{"data":"Pommel Strike","floor":6.0,"key":"SMITH"},{"data":"Bludgeon","floor":12.0,"key":"SMITH"},{"data":"Bash","floor":15.0,"key":"SMITH"},{"data":"Body Slam","floor":23.0,"key":"SMITH"}],"circlet_count":0,"master_deck":["AscendersBane","Strike_R+1","Defend_R","Defend_R","Defend_R","Defend_R","Bash+1","Pommel Strike+1","Shrug It Off","Body Slam+1","Bludgeon+1","Second Wind","Disarm","Feed+1","CurseOfTheBell","Power Through","Barricade","Ghostly Armor"],"relics":["Burning Blood","NeowsBlessing","Mango","Mercury Hourglass","Bag of Preparation","Calling Bell","Strawberry","Question Card","Lizard Tail","Regal Pillow","Akabeko","Whetstone","Orrery"],"acts_visited":["Exordium","TheCity"],"potions_floor_usage":[],"damage_taken":[{"damage":0.0,"enemies":"2 Louse","floor":1.0,"turns":1.0},{"damage":0.0,"enemies":"Lagavulin","floor":7.0,"turns":1.0},{"damage":0.0,"enemies":"Small Slimes","floor":8.0,"turns":1.0},{"damage":6.0,"enemies":"Cultist","floor":10.0,"turns":3.0},{"damage":32.0,"enemies":"Gremlin Nob","floor":11.0,"turns":4.0},{"damage":21.0,"enemies":"Exordium Thugs","floor":13.0,"turns":5.0},{"damage":3.0,"enemies":"3 Louse","floor":14.0,"turns":3.0},{"damage":24.0,"enemies":"The Guardian","floor":16.0,"turns":10.0},{"damage":29.0,"enemies":"2 Thieves","floor":18.0,"turns":5.0},{"damage":4.0,"enemies":"3 Byrds","floor":19.0,"turns":6.0},{"damage":80.0,"enemies":"Book of Stabbing","floor":24.0,"turns":8.0},{"damage":8.0,"enemies":"Centurion and Healer","floor":25.0,"turns":6.0},{"damage":15,"enemies":"Chosen and Byrds","floor":28,"turns":7}],"seed_played":"-117108407256609007","potions_obtained":[{"floor":1.0,"key":"BloodPotion"},{"floor":5.0,"key":"Fire Potion"},{"floor":11.0,"key":"SkillPotion"},{"floor":16.0,"key":"SkillPotion"},{"floor":19.0,"key":"Regen Potion"}],"is_trial":false,"path_per_floor":["M","$","?","?","?","R","E","M","T","M","E","R","M","M","R","B",null,"M","M","?","?","?","R","E","M","T","$","M"],"character_chosen":"IRONCLAD","items_purchased":["Orrery"],"campfire_rested":0,"item_purchase_floors":[27],"current_hp_per_floor":[74,74,67,56,56,56,76,82,82,82,56,56,41,44,44,26,80,57,59,59,59,59,59,16,17,17,17,2,2],"gold":96,"neow_bonus":"THREE_ENEMY_KILL","is_daily":false,"chose_seed":false,"campfire_upgraded":4,"win_rate":0.0,"timestamp":1614004769,"path_taken":["M","$","?","?","?","R","E","M","T","M","E","R","?","M","R","BOSS","M","M","?","?","?","R","E","M","T","$","M"],"items_purchased_type":["Relic"],"build_version":"2020-12-22","purchased_purges":2,"victory":false,"max_hp_per_floor":[75,75,75,75,75,75,89,89,89,89,89,89,89,89,89,89,96,96,96,96,96,96,96,96,99,99,99,99,99],"card_choices":[{"not_picked":["Inflame","Flex"],"picked":"Pommel Strike","floor":1.0},{"not_picked":["Infernal Blade","Rage"],"picked":"Shrug It Off","floor":7.0},{"not_picked":["Sentinel","Warcry","Clothesline"],"picked":"SKIP","floor":8.0},{"not_picked":["Power Through","Headbutt"],"picked":"Body Slam","floor":10.0},{"not_picked":["Cleave","Headbutt"],"picked":"Bludgeon","floor":11.0},{"not_picked":["Armaments","Inflame"],"picked":"Second Wind","floor":13.0},{"not_picked":["Clash","True Grit"],"picked":"Disarm","floor":14.0},{"not_picked":["Limit Break","Corruption"],"picked":"Feed","floor":16.0},{"not_picked":["True Grit","Havoc","Iron Wave","Flame Barrier"],"picked":"SKIP","floor":18.0},{"not_picked":["Heavy Blade","Clothesline","Clash","Flex+1"],"picked":"SKIP","floor":19.0},{"not_picked":["Sword Boomerang","Limit Break","Twin Strike","Perfected Strike"],"picked":"SKIP","floor":24.0},{"not_picked":["Flame Barrier","Second Wind","Pommel Strike","Clash"],"picked":"SKIP","floor":25.0},{"not_picked":["Sword Boomerang","Armaments","Flex"],"picked":"Barricade","floor":27.0},{"not_picked":["Whirlwind+1","Corruption","Warcry"],"picked":"Ghostly Armor","floor":27.0}],"player_experience":658814,"relics_obtained":[{"floor":7.0,"key":"Mango"},{"floor":9.0,"key":"Mercury Hourglass"},{"floor":11.0,"key":"Bag of Preparation"},{"floor":17.0,"key":"Strawberry"},{"floor":17.0,"key":"Question Card"},{"floor":17.0,"key":"Lizard Tail"},{"floor":24.0,"key":"Akabeko"},{"floor":26.0,"key":"Whetstone"}],"event_choices":[{"cards_removed":["Strike_R"],"damage_healed":0.0,"max_hp_gain":0.0,"max_hp_loss":0.0,"gold_gain":0.0,"event_name":"Golden Wing","player_choice":"Card Removal","floor":3.0,"gold_loss":0.0,"damage_taken":7.0},{"damage_healed":0.0,"max_hp_gain":0.0,"max_hp_loss":0.0,"gold_gain":75.0,"event_name":"World of Goop","player_choice":"Gather Gold","floor":4.0,"gold_loss":0.0,"damage_taken":11.0},{"damage_healed":0.0,"max_hp_gain":0.0,"max_hp_loss":0.0,"gold_gain":0.0,"event_name":"Lab","player_choice":"Got Potions","floor":5.0,"gold_loss":0.0,"damage_taken":0.0},{"damage_healed":0.0,"max_hp_gain":0.0,"max_hp_loss":0.0,"gold_gain":0.0,"event_name":"The Library","player_choice":"Read","floor":20.0,"gold_loss":0.0,"damage_taken":0.0,"cards_obtained":["Power Through"]},{"damage_healed":0.0,"max_hp_gain":0.0,"max_hp_loss":0.0,"gold_gain":0.0,"event_name":"Addict","player_choice":"Obtained Relic","floor":21.0,"gold_loss":85.0,"damage_taken":0.0,"relics_obtained":["Regal Pillow"]},{"cards_removed":["Strike_R"],"damage_healed":0.0,"max_hp_gain":0.0,"max_hp_loss":0.0,"gold_gain":0.0,"event_name":"Beggar","player_choice":"Gave Gold","floor":22.0,"gold_loss":75.0,"damage_taken":0.0}],"is_beta":false,"boss_relics":[{"not_picked":["Fusion Hammer","Velvet Choker"],"picked":"Calling Bell"}],"items_purged_floors":[2,27],"is_endless":false,"potions_floor_spawned":[1,8,11,16,18,19],"killed_by":"Chosen and Byrds","ascension_level":19}}