{"host":"eutfwpehtd75iaf6","time":1614027096,"event":{"mods":["BaseMod","Colored Map","Hermit","Marisa????????","Minty Spire (QoL Compilation)","Remilia??????","StSLib","The Senshi","The Servant 0.9.4"],"gold_per_floor":[118,134,149,99,114,114,131,131,176,191,209,209,238,82,82,186,186,205,231,247,247,265,290,306,228,254,266,266,285,299,333,333,333,333],"floor_reached":33,"language":"ENG","playtime":2527,"items_purged":["Strike_R"],"score":293,"play_id":"065a5e18-33a6-4cde-8e24-a37bba409fdb","local_time":"20210222155136","is_ascension_mode":false,"campfire_choices":[{"data":"1","floor":6.0,"key":"LIFT"},{"data":"2","floor":8.0,"key":"LIFT"},{"data":"3","floor":12.0,"key":"LIFT"},{"data":"Whirlwind","floor":15.0,"key":"SMITH"},{"floor":32.0,"key":"RECALL"}],"circlet_count":0,"master_deck":["Defend_R","Defend_R","Defend_R","Defend_R","Bash","Headbutt","Iron Wave","Metallicize","Pommel Strike","Flex","Spot Weakness+1","Heavy Blade","Whirlwind+1","Reaper","Battle Trance","Dual Wield","Ghostly Armor","Flex+1","Seeing Red"],"relics":["Burning Blood","Girya","Meat on the Bone","Empty Cage","Red Mask","Vajra","Art of War","Magic Flower"],"acts_visited":[],"potions_floor_usage":[],"damage_taken":[{"damage":1.0,"enemies":"Cultist","floor":1.0,"turns":4.0},{"damage":4.0,"enemies":"Small Slimes","floor":2.0,"turns":3.0},{"damage":2.0,"enemies":"2 Louse","floor":3.0,"turns":3.0},{"damage":1.0,"enemies":"Exordium Wildlife","floor":5.0,"turns":5.0},{"damage":3.0,"enemies":"2 Fungi Beasts","floor":7.0,"turns":3.0},{"damage":12.0,"enemies":"Lots of Slimes","floor":10.0,"turns":4.0},{"damage":0.0,"enemies":"Gremlin Gang","floor":11.0,"turns":5.0},{"damage":14.0,"enemies":"Lagavulin","floor":13.0,"turns":4.0},{"damage":33.0,"enemies":"The Guardian","floor":16.0,"turns":10.0},{"damage":10.0,"enemies":"Chosen","floor":18.0,"turns":3.0},{"damage":0.0,"enemies":"Masked Bandits","floor":19.0,"turns":1.0},{"damage":0.0,"enemies":"3 Byrds","floor":20.0,"turns":3.0},{"damage":8.0,"enemies":"Cultist and Chosen","floor":22.0,"turns":6.0},{"damage":31.0,"enemies":"Gremlin Leader","floor":23.0,"turns":6.0},{"damage":45.0,"enemies":"Centurion and Healer","floor":24.0,"turns":7.0},{"damage":15.0,"enemies":"Snecko","floor":27.0,"turns":4.0},{"damage":12.0,"enemies":"3 Cultists","floor":29.0,"turns":3.0},{"damage":22.0,"enemies":"Shelled Parasite and Fungi","floor":30.0,"turns":4.0},{"damage":41.0,"enemies":"Slavers","floor":31.0,"turns":4.0},{"damage":76,"enemies":"Champ","floor":33,"turns":12}],"seed_played":"5587141308761362876","potions_obtained":[{"floor":1.0,"key":"SteroidPotion"},{"floor":5.0,"key":"Fruit Juice"},{"floor":7.0,"key":"SkillPotion"},{"floor":11.0,"key":"Block Potion"},{"floor":16.0,"key":"PowerPotion"},{"floor":18.0,"key":"EssenceOfSteel"},{"floor":23.0,"key":"DistilledChaos"},{"floor":24.0,"key":"SneckoOil"}],"is_trial":false,"path_per_floor":["M","M","M","?","M","R","M","R","T","M","M","R","E","$","R","B",null,"M","?","M","?","M","E","M","$","T","M","?","M","M","E","R","B"],"character_chosen":"IRONCLAD","items_purchased":["Whirlwind","Ghostly Armor"],"campfire_rested":0,"item_purchase_floors":[14,25],"current_hp_per_floor":[61,63,67,67,72,72,80,80,80,74,80,80,72,72,72,57,85,81,85,85,85,85,65,50,50,50,53,53,71,55,50,50,0,0],"gold":333,"neow_bonus":"ONE_RARE_RELIC","is_daily":false,"chose_seed":false,"campfire_upgraded":1,"win_rate":0.0,"timestamp":1614027096,"path_taken":["M","?","M","?","M","R","M","R","T","M","M","R","E","$","R","BOSS","M","?","M","?","M","E","M","?","T","M","?","?","M","E","R","BOSS"],"items_purchased_type":["Card","Card"],"build_version":"2020-12-22","purchased_purges":1,"victory":false,"max_hp_per_floor":[80,80,80,80,80,80,85,85,85,85,85,85,85,85,85,85,85,85,85,85,85,85,85,85,85,85,85,85,85,85,85,85,85,85],"card_choices":[{"not_picked":["Intimidate","Iron Wave"],"picked":"Headbutt","floor":1.0},{"not_picked":["Armaments","Dark Embrace","Sentinel"],"picked":"SKIP","floor":2.0},{"not_picked":["Clothesline","Headbutt"],"picked":"Iron Wave","floor":3.0},{"not_picked":["Carnage","Havoc"],"picked":"Metallicize","floor":5.0},{"not_picked":["Hemokinesis","Power Through"],"picked":"Pommel Strike","floor":7.0},{"not_picked":["Clothesline","Thunderclap"],"picked":"Flex","floor":10.0},{"not_picked":["Heavy Blade","Iron Wave"],"picked":"Spot Weakness","floor":11.0},{"not_picked":["Thunderclap","Wild Strike"],"picked":"Heavy Blade","floor":13.0},{"not_picked":["Juggernaut","Barricade"],"picked":"Reaper","floor":16.0},{"not_picked":["Sever Soul","Anger"],"picked":"Battle Trance","floor":18.0},{"not_picked":["Warcry","Sword Boomerang","Body Slam"],"picked":"SKIP","floor":20.0},{"not_picked":["Anger+1","Clash","Warcry"],"picked":"SKIP","floor":22.0},{"not_picked":["Havoc","Dropkick+1","Fiend Fire"],"picked":"SKIP","floor":23.0},{"not_picked":["Havoc","Entrench"],"picked":"Dual Wield","floor":24.0},{"not_picked":["Anger","Clothesline+1","Pummel+1"],"picked":"SKIP","floor":27.0},{"not_picked":["Heavy Blade","Flame Barrier"],"picked":"Flex+1","floor":29.0},{"not_picked":["Cleave","Pummel+1"],"picked":"Seeing Red","floor":30.0},{"not_picked":["Sword Boomerang","Reaper","Havoc"],"picked":"SKIP","floor":31.0}],"player_experience":154060,"relics_obtained":[{"floor":13.0,"key":"Meat on the Bone"},{"floor":19.0,"key":"Red Mask"},{"floor":23.0,"key":"Vajra"},{"floor":26.0,"key":"Art of War"},{"floor":31.0,"key":"Magic Flower"}],"event_choices":[{"cards_removed":["Strike_R"],"damage_healed":0.0,"max_hp_gain":0.0,"max_hp_loss":0.0,"gold_gain":0.0,"event_name":"The Cleric","player_choice":"Card Removal","floor":4.0,"gold_loss":50.0,"damage_taken":0.0},{"damage_healed":0.0,"max_hp_gain":0.0,"max_hp_loss":0.0,"gold_gain":0.0,"event_name":"Masked Bandits","player_choice":"Fought Bandits","floor":19.0,"gold_loss":0.0,"damage_taken":0.0},{"cards_removed":["Strike_R"],"damage_healed":0.0,"max_hp_gain":0.0,"max_hp_loss":0.0,"gold_gain":0.0,"event_name":"Back to Basics","player_choice":"Elegance","floor":21.0,"gold_loss":0.0,"damage_taken":0.0},{"damage_healed":0.0,"max_hp_gain":0.0,"max_hp_loss":0.0,"gold_gain":0.0,"event_name":"Accursed Blacksmith","player_choice":"Forge","floor":28.0,"gold_loss":0.0,"damage_taken":0.0,"cards_upgraded":["Spot Weakness"]}],"is_beta":false,"boss_relics":[{"not_picked":["Calling Bell","Runic Pyramid"],"picked":"Empty Cage"}],"items_purged_floors":[14],"is_endless":false,"potions_floor_spawned":[1,5,7,11,16,18,23,24],"killed_by":"Champ","ascension_level":0}}