{"host":"3ybhqvo0i2lca5e4","time":1614002455,"event":{"mods":["Act Like it!","BaseMod","Colored Powertips","Hermit","Lobotomy","Marisa£®ÏF”Í°°ƒß¿Ì…≥£©","Minty Spire (QoL Compilation)","SIMod","StSLib","Youmu£®ªÍ∆«—˝√Œ£©"],"gold_per_floor":[118,118,129,54,54,84,84,101,101,101,176,187,187,200,200,303,303,315,65,65,53,63,96,96,96,96],"floor_reached":25,"language":"ZHS","playtime":2286,"items_purged":["Strike_RD","Defend_PP"],"score":221,"play_id":"64a38e23-b85b-43c2-94ca-64299af6b933","local_time":"20210222220055","is_ascension_mode":false,"campfire_choices":[{"data":"Boundary","floor":7.0,"key":"SMITH"},{"data":"Magictrain","floor":10.0,"key":"SMITH"},{"data":"CheerUp","floor":13.0,"key":"SMITH"},{"floor":15.0,"key":"REST"},{"floor":24,"key":"REST"}],"circlet_count":0,"master_deck":["Strike_AJ","Strike_TS+1","Strike_RR","Defend_FS","Defend_AJ","ConcertedEfforts+1","HarmonyShield","Honesty","ISayNo","Boundary+1","ISayNo","Magictrain+1","CheerUp+1","AllByMyself","Louder","Laughter","CheerUp","Stare","Batlization+1","Tornado","Generousity","Lasso+1","RashStunts+1","PartyTime"],"relics":["The_element_of_harmony","Pyrelight","Frozen Egg 2","InkBottle","SlaversCollar","Whetstone","Ancient Tea Set","GypsyBard"],"acts_visited":["Exordium","TheCity"],"potions_floor_usage":[22,23],"damage_taken":[{"damage":0.0,"enemies":"Small Slimes","floor":1.0,"turns":5.0},{"damage":2.0,"enemies":"2 Louse","floor":3.0,"turns":3.0},{"damage":33.0,"enemies":"3 Sentries","floor":6.0,"turns":13.0},{"damage":5.0,"enemies":"Jaw Worm","floor":8.0,"turns":4.0},{"damage":6.0,"enemies":"Lots of Slimes","floor":12.0,"turns":6.0},{"damage":0.0,"enemies":"Large Slime","floor":14.0,"turns":6.0},{"damage":15.0,"enemies":"Hexaghost","floor":16.0,"turns":11.0},{"damage":21.0,"enemies":"Spheric Guardian","floor":18.0,"turns":6.0},{"damage":7,"enemies":"2 Thieves","floor":21,"turns":4},{"damage":29,"enemies":"Cultist and Chosen","floor":22,"turns":7},{"damage":22,"enemies":"Slavers","floor":23,"turns":5},{"damage":28,"enemies":"Gremlin Leader","floor":25,"turns":4}],"seed_played":"3157201624762433045","potions_obtained":[{"floor":3.0,"key":"LiquidMemories"},{"floor":8.0,"key":"LiquidBronze"},{"floor":16.0,"key":"Fire Potion"},{"floor":18.0,"key":"DuplicationPotion"},{"floor":21,"key":"Explosive Potion"}],"is_trial":false,"path_per_floor":["M","?","M","$","?","E","R","M","T","R","?","M","R","M","R","B",null,"M","$","?","M","M","E","R","E"],"character_chosen":"TWI_CLASS","items_purchased":["Whetstone"],"campfire_rested":2,"item_purchase_floors":[19],"current_hp_per_floor":[82,82,80,80,80,47,47,42,42,42,31,25,25,25,49,34,82,61,61,61,54,25,3,27,0,0],"gold":96,"neow_bonus":"TRANSFORM_CARD","is_daily":false,"chose_seed":false,"campfire_upgraded":3,"win_rate":0.0,"timestamp":1614002455,"path_taken":["M","?","M","$","?","E","R","M","T","R","?","M","R","M","R","BOSS","M","$","?","?","M","E","R","E"],"items_purchased_type":["Relic"],"build_version":"2020-12-22","purchased_purges":2,"victory":false,"max_hp_per_floor":[82,82,82,82,82,82,82,82,82,82,82,82,82,82,82,82,82,82,82,82,82,82,82,82,82,82],"card_choices":[{"not_picked":["Smile"],"picked":"ISayNo","floor":1.0},{"not_picked":["DynamicVision"],"picked":"Boundary","floor":1.0},{"not_picked":["Magic_Beam"],"picked":"ISayNo","floor":3.0},{"not_picked":["FriendOfNature"],"picked":"Magictrain","floor":3.0},{"not_picked":["AllByMyself"],"picked":"CheerUp","floor":6.0},{"not_picked":["Celebrities"],"picked":"AllByMyself","floor":6.0},{"not_picked":["KillingWithKindness"],"picked":"Louder","floor":8.0},{"not_picked":["FriendOfNature","Magictrain"],"picked":"SKIP","floor":8.0},{"not_picked":["PartyTime"],"picked":"Laughter","floor":12.0},{"not_picked":["Smile","Whining"],"picked":"SKIP","floor":12.0},{"not_picked":["Louder"],"picked":"CheerUp","floor":14.0},{"not_picked":["FriendOfNature","Return_To_Past"],"picked":"SKIP","floor":14.0},{"not_picked":["Sisterhood"],"picked":"Stare","floor":16.0},{"not_picked":["Whining+1"],"picked":"Batlization+1","floor":18.0},{"not_picked":["Return_To_Past","RushToSky"],"picked":"SKIP","floor":18.0},{"not_picked":["BehindTheScene"],"picked":"Tornado","floor":21},{"not_picked":["Magic"],"picked":"Generousity","floor":21},{"not_picked":["Celebrities"],"picked":"Lasso+1","floor":22},{"not_picked":["Louder+1"],"picked":"RashStunts+1","floor":22},{"not_picked":["KillingWithKindness"],"picked":"PartyTime","floor":23},{"not_picked":["KillingWithKindness+1","PartyAlone"],"picked":"SKIP","floor":23}],"player_experience":44360,"relics_obtained":[{"floor":6.0,"key":"Frozen Egg 2"},{"floor":9.0,"key":"InkBottle"},{"floor":20.0,"key":"Ancient Tea Set"},{"floor":23,"key":"GypsyBard"}],"event_choices":[{"damage_healed":0.0,"max_hp_gain":0.0,"max_hp_loss":0.0,"gold_gain":0.0,"event_name":"Liars Game","player_choice":"Ignored","floor":5.0,"gold_loss":0.0,"damage_taken":0.0},{"damage_healed":0.0,"max_hp_gain":0.0,"max_hp_loss":0.0,"gold_gain":75.0,"event_name":"World of Goop","player_choice":"Gather Gold","floor":11.0,"gold_loss":0.0,"damage_taken":11.0},{"damage_healed":0.0,"max_hp_gain":0.0,"max_hp_loss":0.0,"gold_gain":0.0,"event_name":"Wheel of Change","player_choice":"Relic","floor":20.0,"gold_loss":0.0,"damage_taken":0.0}],"is_beta":false,"boss_relics":[{"not_picked":["Runic Dome","Velvet Choker"],"picked":"SlaversCollar"}],"items_purged_floors":[4,19],"is_endless":false,"potions_floor_spawned":[3,8,16,18,21],"killed_by":"Gremlin Leader","ascension_level":0}}