{"host":"d85gwtocd8go8gx0","time":1614038305,"event":{"mods":["AchievementEnabler","BaseMod","Better Altar","Better Skull","Better Third Choice","Block Reminder","Colored Powertips","Curses Come First","Dark Map","Filter the Spire","Highlight Path","Minty Spire (QoL Compilation)","Permanent Neow","Quick Restart","Shop Mod","StSLib","SuperFastMode","UnlockEverythingMod"],"gold_per_floor":[114,124,135,135,151,180,180,191,191,223,223,269,1,66,66,142,142,162,204,129,149,149,149,164,164,236,285,305,305,325,371,371,371,371],"floor_reached":33,"language":"ENG","playtime":2146,"items_purged":["Study"],"score":646,"play_id":"0063e2d6-c6e1-43ee-b4a9-7e84d254e7b4","local_time":"20210222155825","is_ascension_mode":true,"campfire_choices":[{"data":"Wireheading","floor":7.0,"key":"SMITH"},{"data":"Wish","floor":11.0,"key":"SMITH"},{"floor":15.0,"key":"REST"},{"data":"Vault","floor":23,"key":"SMITH"},{"data":"Vault","floor":25,"key":"SMITH"},{"data":"Crescendo","floor":29,"key":"SMITH"},{"floor":32,"key":"REST"}],"circlet_count":0,"master_deck":["AscendersBane","Eruption+1","Vigilance","CutThroughFate","Weave","Weave","JustLucky","Wireheading+1","Wish+1","InnerPeace","BowlingBash","CrushJoints","EmptyBody","ClearTheMind","Vault+1","Swivel","Weave","Prostrate","MentalFortress","Vault+1","PathToVictory","FollowUp","Crescendo+1","TalkToTheHand","TalkToTheHand","DeceiveReality","FearNoEvil","Adaptation","FollowUp","CutThroughFate"],"relics":["PureWater","White Beast Statue","Question Card","Orichalcum","Happy Flower","TeardropLocket","Pandora\u0027s Box","Bottled Flame"],"acts_visited":["Exordium","TheCity"],"potions_floor_usage":[24,33,33],"damage_taken":[{"damage":0.0,"enemies":"Cultist","floor":1.0,"turns":3.0},{"damage":0.0,"enemies":"Jaw Worm","floor":2.0,"turns":1.0},{"damage":7.0,"enemies":"2 Louse","floor":3.0,"turns":2.0},{"damage":7.0,"enemies":"2 Fungi Beasts","floor":5.0,"turns":4.0},{"damage":0.0,"enemies":"Gremlin Nob","floor":6.0,"turns":2.0},{"damage":17.0,"enemies":"Exordium Thugs","floor":8.0,"turns":3.0},{"damage":0.0,"enemies":"Lagavulin","floor":10.0,"turns":4.0},{"damage":2.0,"enemies":"Looter","floor":12.0,"turns":4.0},{"damage":10.0,"enemies":"Gremlin Nob","floor":14.0,"turns":3.0},{"damage":33.0,"enemies":"Hexaghost","floor":16.0,"turns":10.0},{"damage":0.0,"enemies":"Chosen","floor":18.0,"turns":3.0},{"damage":6.0,"enemies":"3 Byrds","floor":19.0,"turns":5.0},{"damage":10,"enemies":"Centurion and Healer","floor":21,"turns":5},{"damage":5,"enemies":"Cultist and Chosen","floor":24,"turns":8},{"damage":0,"enemies":"3 Cultists","floor":27,"turns":4},{"damage":12,"enemies":"Centurion and Healer","floor":28,"turns":4},{"damage":21,"enemies":"Shelled Parasite and Fungi","floor":30,"turns":5},{"damage":0,"enemies":"Snecko","floor":31,"turns":4},{"damage":49,"enemies":"Automaton","floor":33,"turns":7}],"seed_played":"-8651554546520951567","potions_obtained":[{"floor":2.0,"key":"FairyPotion"},{"floor":5.0,"key":"EssenceOfSteel"},{"floor":8.0,"key":"FearPotion"},{"floor":10.0,"key":"BottledMiracle"},{"floor":12.0,"key":"DistilledChaos"},{"floor":14.0,"key":"Swift Potion"},{"floor":16.0,"key":"DuplicationPotion"},{"floor":24,"key":"Energy Potion"},{"floor":28,"key":"Fire Potion"},{"floor":30,"key":"Energy Potion"},{"floor":31,"key":"Block Potion"}],"is_trial":false,"path_per_floor":["M","M","M","?","M","E","R","M","T","E","R","M","$","E","R","B",null,"M","M","$","M","?","R","M","R","T","M","M","R","M","M","R","B"],"character_chosen":"WATCHER","items_purchased":["Happy Flower","CrushJoints","EmptyBody"],"campfire_rested":2,"item_purchase_floors":[13,13,13],"current_hp_per_floor":[61,61,54,54,47,47,47,30,30,30,30,28,28,18,38,5,52,52,46,46,36,36,36,31,31,31,31,19,19,20,20,40,0,0],"gold":371,"neow_bonus":"UPGRADE_CARD","is_daily":false,"chose_seed":false,"campfire_upgraded":5,"win_rate":0.0,"timestamp":1614038305,"path_taken":["M","M","M","?","?","E","R","M","T","E","R","M","$","E","R","BOSS","M","?","$","M","?","R","M","R","T","M","?","R","M","?","R","BOSS"],"items_purchased_type":["Relic","Card","Card"],"build_version":"2020-12-22","purchased_purges":1,"victory":false,"max_hp_per_floor":[68,68,68,68,68,68,68,68,68,68,68,68,68,68,68,68,68,68,68,68,68,68,68,68,68,68,68,68,68,68,68,68,68,68],"card_choices":[{"not_picked":["JustLucky","SashWhip"],"picked":"CutThroughFate","floor":1.0},{"not_picked":["EmptyMind","Fasting2"],"picked":"Weave","floor":2.0},{"not_picked":["CutThroughFate","Evaluate"],"picked":"Weave","floor":3.0},{"not_picked":["ClearTheMind","FlyingSleeves"],"picked":"JustLucky","floor":5.0},{"not_picked":["Consecrate","ClearTheMind"],"picked":"Wireheading","floor":6.0},{"not_picked":["MentalFortress","Wallop"],"picked":"Wish","floor":8.0},{"not_picked":["Swivel","Consecrate","PathToVictory"],"picked":"InnerPeace","floor":10.0},{"not_picked":["FollowUp","Consecrate","DevaForm"],"picked":"BowlingBash","floor":12.0},{"not_picked":["Collect","Nirvana","PathToVictory"],"picked":"ClearTheMind","floor":14.0},{"not_picked":["Devotion","ConjureBlade","Establishment"],"picked":"Vault","floor":16.0},{"not_picked":["ClearTheMind","Prostrate","FlyingSleeves"],"picked":"FollowUp","floor":18.0},{"not_picked":["FlurryOfBlows","EmptyBody","InnerPeace"],"picked":"Crescendo","floor":19.0},{"not_picked":["CrushJoints","Halt","Prostrate"],"picked":"TalkToTheHand","floor":21},{"not_picked":["Pray","FollowUp","EmptyFist"],"picked":"DeceiveReality","floor":24},{"not_picked":["Protect","BowlingBash","Meditate"],"picked":"FearNoEvil","floor":27},{"not_picked":["Evaluate+1","SashWhip","Worship"],"picked":"Adaptation","floor":28},{"not_picked":["BowlingBash","EmptyBody","ClearTheMind"],"picked":"FollowUp","floor":30},{"not_picked":["InnerPeace","MasterReality","EmptyFist"],"picked":"CutThroughFate","floor":31}],"player_experience":67089,"relics_obtained":[{"floor":6.0,"key":"White Beast Statue"},{"floor":9.0,"key":"Question Card"},{"floor":10.0,"key":"Orichalcum"},{"floor":14.0,"key":"TeardropLocket"},{"floor":26,"key":"Bottled Flame"}],"event_choices":[{"cards_removed":["Strike_P"],"damage_healed":0.0,"max_hp_gain":0.0,"max_hp_loss":0.0,"gold_gain":0.0,"event_name":"Bonfire Elementals","player_choice":"Offered Basic","floor":4.0,"gold_loss":0.0,"damage_taken":0.0},{"damage_healed":0,"gold_gain":0,"player_choice":"1 cards matched","damage_taken":0,"max_hp_gain":0,"max_hp_loss":0,"event_name":"Match and Keep!","floor":22,"gold_loss":0,"cards_obtained":["TalkToTheHand"]}],"is_beta":false,"boss_relics":[{"not_picked":["Sozu","Fusion Hammer"],"picked":"Pandora\u0027s Box"}],"items_purged_floors":[20],"is_endless":false,"potions_floor_spawned":[2,5,8,10,12,14,16,18,19,21,24,27,28,30,31],"killed_by":"Automaton","ascension_level":20}}