{"host":"ydg0vn0pu4pubmdt","time":1614012025,"event":{"mods":["AchievementEnabler","BaseMod","Colored Map","Minty Spire (QoL Compilation)","Quick Restart","SuperFastMode"],"gold_per_floor":[115,40,59,72,72,72,72,72,72,82,99,99,130,149,149,222,222,236,253,263,263,275,275,304,314,362,362,379,294,294,344,344,418,418,435,168,185,197,197,197,230,230,230,230,255,580,455,475,475,475,475],"floor_reached":50,"language":"KOR","playtime":1030,"items_purged":["Strike_G","Strike_G","All Out Attack"],"score":1044,"play_id":"3de39756-4206-4bc9-a5aa-4f20f9734105","local_time":"20210223014025","is_ascension_mode":true,"campfire_choices":[{"data":"Cloak And Dagger","floor":6.0,"key":"SMITH"},{"data":"Blade Dance","floor":15.0,"key":"SMITH"},{"data":"Cloak And Dagger","floor":23.0,"key":"SMITH"},{"data":"Blade Dance","floor":27.0,"key":"SMITH"},{"floor":32.0,"key":"REST"},{"data":"Cloak And Dagger","floor":40.0,"key":"SMITH"},{"floor":42.0,"key":"REST"},{"floor":49.0,"key":"RECALL"}],"circlet_count":0,"master_deck":["AscendersBane","Defend_G","Defend_G","Defend_G","Survivor","Cloak And Dagger+1","Finisher","Blade Dance+1","Terror","Blade Dance+1","Bullet Time","Backstab","Cloak And Dagger+1","Blade Dance","Cloak And Dagger+1","Adrenaline","Escape Plan+1","A Thousand Cuts+1","Escape Plan+1","Footwork","Backflip+1","Dark Shackles","Accuracy"],"relics":["Ring of the Snake","NeowsBlessing","Paper Crane","Boot","Mercury Hourglass","WristBlade","Pen Nib","Juzu Bracelet","Ninja Scroll","Astrolabe","Omamori","Toy Ornithopter","Strawberry","Old Coin"],"acts_visited":["Exordium","TheCity","TheBeyond"],"potions_floor_usage":[50],"damage_taken":[{"damage":0.0,"enemies":"Jaw Worm","floor":1.0,"turns":1.0},{"damage":0.0,"enemies":"2 Louse","floor":3.0,"turns":1.0},{"damage":0.0,"enemies":"Cultist","floor":4.0,"turns":1.0},{"damage":7.0,"enemies":"3 Louse","floor":10.0,"turns":2.0},{"damage":16.0,"enemies":"Large Slime","floor":11.0,"turns":6.0},{"damage":17.0,"enemies":"3 Sentries","floor":13.0,"turns":7.0},{"damage":2.0,"enemies":"Gremlin Gang","floor":14.0,"turns":3.0},{"damage":12.0,"enemies":"Hexaghost","floor":16.0,"turns":8.0},{"damage":0.0,"enemies":"Shell Parasite","floor":18.0,"turns":1.0},{"damage":0.0,"enemies":"Spheric Guardian","floor":19.0,"turns":3.0},{"damage":0.0,"enemies":"Cultist and Chosen","floor":20.0,"turns":3.0},{"damage":12.0,"enemies":"Snecko","floor":22.0,"turns":3.0},{"damage":1.0,"enemies":"Slavers","floor":24.0,"turns":3.0},{"damage":3.0,"enemies":"3 Cultists","floor":25.0,"turns":3.0},{"damage":1.0,"enemies":"Cultist and Chosen","floor":28.0,"turns":3.0},{"damage":21.0,"enemies":"Collector","floor":33.0,"turns":4.0},{"damage":0.0,"enemies":"Orb Walker","floor":35.0,"turns":1.0},{"damage":7.0,"enemies":"3 Shapes","floor":37.0,"turns":6.0},{"damage":0.0,"enemies":"3 Darklings","floor":38.0,"turns":1.0},{"damage":16.0,"enemies":"Giant Head","floor":41.0,"turns":5.0},{"damage":10.0,"enemies":"Nemesis","floor":45.0,"turns":3.0},{"damage":0.0,"enemies":"Mind Bloom Boss Battle","floor":46.0,"turns":2.0},{"damage":0.0,"enemies":"4 Shapes","floor":48.0,"turns":3.0},{"damage":47,"enemies":"Awakened One","floor":50,"turns":3}],"seed_played":"2473759965699949902","potions_obtained":[{"floor":10.0,"key":"Swift Potion"},{"floor":11.0,"key":"Dexterity Potion"},{"floor":14.0,"key":"Poison Potion"},{"floor":18.0,"key":"Weak Potion"},{"floor":20.0,"key":"DuplicationPotion"},{"floor":41.0,"key":"AttackPotion"}],"is_trial":false,"path_per_floor":["M","$","M","M","?","R","?","$","T","M","M","?","E","M","R","B",null,"M","M","M","?","M","R","E","M","T","R","M","?","?","?","R","B",null,"M","$","M","M","?","R","E","R","T","?","E","?","$","M","R","B"],"character_chosen":"THE_SILENT","items_purchased":["Omamori"],"campfire_rested":2,"item_purchase_floors":[36],"current_hp_per_floor":[59,59,59,59,59,59,33,33,33,26,10,32,15,13,13,1,50,50,50,50,50,38,38,37,34,34,34,33,33,15,15,36,15,57,57,57,50,50,40,40,24,45,45,45,42,42,42,42,42,0,0],"gold":475,"neow_bonus":"THREE_ENEMY_KILL","is_daily":false,"chose_seed":false,"campfire_upgraded":5,"win_rate":0.0,"timestamp":1614012025,"path_taken":["M","$","M","M","?","R","?","?","T","M","?","?","E","M","R","BOSS","M","M","M","?","M","R","E","M","T","R","M","?","?","?","R","BOSS","M","$","M","M","?","R","E","R","T","?","E","?","?","M","R","BOSS"],"items_purchased_type":["Relic"],"build_version":"2020-12-22","purchased_purges":3,"victory":false,"max_hp_per_floor":[66,66,66,66,66,66,66,66,66,66,66,66,66,66,66,66,66,66,66,66,66,66,66,66,66,66,66,66,66,71,71,71,71,71,71,71,71,71,71,71,71,71,71,71,78,78,78,78,78,78,78],"card_choices":[{"not_picked":["Dagger Throw","Prepared"],"picked":"All Out Attack","floor":1.0},{"not_picked":["Flying Knee","Leg Sweep","Outmaneuver"],"picked":"SKIP","floor":3.0},{"not_picked":["PiercingWail","Expertise"],"picked":"Cloak And Dagger","floor":4.0},{"not_picked":["Terror","Calculated Gamble"],"picked":"Finisher","floor":10.0},{"not_picked":["Choke","Riddle With Holes"],"picked":"Blade Dance","floor":11.0},{"not_picked":["Backflip","Noxious Fumes"],"picked":"Terror","floor":13.0},{"not_picked":["Sucker Punch","Quick Slash"],"picked":"Blade Dance","floor":14.0},{"not_picked":["Corpse Explosion","Unload"],"picked":"Bullet Time","floor":16.0},{"not_picked":["All Out Attack","Slice"],"picked":"Backstab","floor":18.0},{"not_picked":["Deflect","Blade Dance"],"picked":"Cloak And Dagger","floor":19.0},{"not_picked":["Caltrops+1","Endless Agony","Bouncing Flask"],"picked":"SKIP","floor":20.0},{"not_picked":["Flying Knee","All Out Attack+1","Slice"],"picked":"SKIP","floor":22.0},{"not_picked":["PiercingWail","Deflect","Slice"],"picked":"SKIP","floor":24.0},{"not_picked":["Dodge and Roll+1","Flying Knee"],"picked":"Blade Dance","floor":25.0},{"not_picked":["Blade Dance","Dagger Throw"],"picked":"Cloak And Dagger","floor":28.0},{"not_picked":["Glass Knife","Unload"],"picked":"Adrenaline","floor":33.0},{"not_picked":["Dodge and Roll","Setup","Flying Knee"],"picked":"SKIP","floor":35.0},{"not_picked":["Blade Dance","Dash"],"picked":"Footwork","floor":37.0},{"not_picked":["Blade Dance","Predator+1"],"picked":"Backflip+1","floor":38.0},{"not_picked":["Jack Of All Trades","Panacea"],"picked":"Dark Shackles","floor":39.0},{"not_picked":["Acrobatics","Footwork","Deflect"],"picked":"SKIP","floor":41.0},{"not_picked":["Footwork","Deflect"],"picked":"Accuracy","floor":45.0},{"not_picked":["Deflect+1","Finisher+1","Choke"],"picked":"SKIP","floor":48.0}],"player_experience":626792,"relics_obtained":[{"floor":9.0,"key":"Boot"},{"floor":13.0,"key":"Mercury Hourglass"},{"floor":24.0,"key":"Pen Nib"},{"floor":26.0,"key":"Juzu Bracelet"},{"floor":41.0,"key":"Toy Ornithopter"},{"floor":45.0,"key":"Strawberry"},{"floor":46.0,"key":"Old Coin"}],"event_choices":[{"cards_removed":["Defend_G"],"damage_healed":0.0,"max_hp_gain":0.0,"max_hp_loss":0.0,"gold_gain":0.0,"event_name":"Living Wall","player_choice":"Forget","floor":5.0,"gold_loss":0.0,"damage_taken":0.0},{"damage_healed":0.0,"max_hp_gain":0.0,"max_hp_loss":0.0,"gold_gain":0.0,"event_name":"Scrap Ooze","player_choice":"Success","floor":7.0,"gold_loss":0.0,"damage_taken":26.0,"relics_obtained":["Paper Crane"]},{"damage_healed":22.0,"max_hp_gain":0.0,"max_hp_loss":0.0,"gold_gain":0.0,"event_name":"Big Fish","player_choice":"Banana","floor":12.0,"gold_loss":0.0,"damage_taken":0.0},{"cards_removed":["Strike_G"],"damage_healed":0.0,"max_hp_gain":0.0,"max_hp_loss":0.0,"gold_gain":0.0,"event_name":"Bonfire Elementals","player_choice":"Offered Basic","floor":21.0,"gold_loss":0.0,"damage_taken":0.0},{"damage_healed":0.0,"max_hp_gain":0.0,"max_hp_loss":0.0,"gold_gain":0.0,"event_name":"Addict","player_choice":"Obtained Relic","floor":29.0,"gold_loss":85.0,"damage_taken":0.0,"relics_obtained":["Ninja Scroll"]},{"damage_healed":0.0,"max_hp_gain":5.0,"max_hp_loss":0.0,"gold_gain":0.0,"event_name":"Forgotten Altar","player_choice":"Shed Blood","floor":30.0,"gold_loss":0.0,"damage_taken":23.0},{"damage_healed":0.0,"max_hp_gain":0.0,"max_hp_loss":0.0,"gold_gain":50.0,"event_name":"Nest","player_choice":"Stole From Cult","floor":31.0,"gold_loss":0.0,"damage_taken":0.0},{"damage_healed":0.0,"max_hp_gain":0.0,"max_hp_loss":0.0,"gold_gain":0.0,"event_name":"SensoryStone","player_choice":"Memory 3","floor":39.0,"gold_loss":0.0,"damage_taken":10.0},{"cards_removed":["Neutralize"],"damage_healed":0.0,"max_hp_gain":0.0,"max_hp_loss":0.0,"gold_gain":0.0,"event_name":"Falling","player_choice":"Removed Attack","floor":44.0,"gold_loss":0.0,"damage_taken":0.0},{"damage_healed":0.0,"max_hp_gain":0.0,"max_hp_loss":0.0,"gold_gain":0.0,"event_name":"MindBloom","player_choice":"Fight","floor":46.0,"gold_loss":0.0,"damage_taken":0.0}],"is_beta":false,"boss_relics":[{"not_picked":["Empty Cage","Calling Bell"],"picked":"WristBlade"},{"not_picked":["Fusion Hammer","Sozu"],"picked":"Astrolabe"}],"items_purged_floors":[2,36,47],"is_endless":false,"potions_floor_spawned":[10,11,14,18,20,22,38,41,45,48],"killed_by":"Awakened One","ascension_level":20}}