{"host":"l1pzlbpva2o8t11s","time":1614019728,"event":{"mods":["AchievementEnabler","BaseMod","Block Reminder","Colored Map","Minty Spire (QoL Compilation)","Random Character Button","Relic Stats","StSLib","The Jungle"],"gold_per_floor":[118,38,213,138,148,148,148,148,148,148,148,188,188,188,188,313,313,297,212,287,300,119,168,189,189,189,189,203,243,37,56,56,185,185,204,204,142,158,97,97,131,155,155,155,155,193,256,272,272,272,272],"floor_reached":50,"language":"ENG","playtime":2690,"items_purged":["Doubt","Strike_B"],"score":584,"play_id":"12450abb-bcd1-4efc-bd07-a7cfd3899a74","local_time":"20210222194848","is_ascension_mode":true,"campfire_choices":[{"data":"Genetic Algorithm","floor":6.0,"key":"SMITH"},{"data":"Storm","floor":8.0,"key":"SMITH"},{"data":"Defragment","floor":10.0,"key":"SMITH"},{"data":"Dualcast","floor":13.0,"key":"SMITH"},{"floor":15.0,"key":"REST"},{"data":"Echo Form","floor":25.0,"key":"SMITH"},{"floor":27.0,"key":"REST"},{"floor":32.0,"key":"REST"},{"data":"Storm","floor":40.0,"key":"SMITH"},{"floor":44.0,"key":"RECALL"},{"floor":49.0,"key":"REST"}],"circlet_count":0,"master_deck":["Strike_B","Defend_B","Defend_B","Defend_B","Defend_B","Zap+1","Dualcast+1","Storm+1","Defragment+1","Genetic Algorithm+1","Amplify","CurseOfTheBell","Ball Lightning","Defragment","Echo Form+1","Tempest","Defragment","Storm+1","Electrodynamics","Loop+1"],"relics":["Cracked Core","Calipers","Meat on the Bone","Golden Idol","Strawberry","Calling Bell","Bag of Preparation","Mummified Hand","Du-Vu Doll","Torii","CeramicFish","Sundial","StoneCalendar","Lantern","Black Star","InkBottle","Regal Pillow","Ornamental Fan","White Beast Statue","Peace Pipe"],"acts_visited":["Exordium","TheCity","TheBeyond"],"potions_floor_usage":[50],"damage_taken":[{"damage":1.0,"enemies":"Jaw Worm","floor":1.0,"turns":2.0},{"damage":2.0,"enemies":"2 Louse","floor":5.0,"turns":3.0},{"damage":24.0,"enemies":"Gremlin Nob","floor":12.0,"turns":4.0},{"damage":25.0,"enemies":"Hexaghost","floor":16.0,"turns":7.0},{"damage":18.0,"enemies":"2 Thieves","floor":18.0,"turns":4.0},{"damage":0.0,"enemies":"Chosen","floor":21.0,"turns":4.0},{"damage":36.0,"enemies":"Slavers","floor":23.0,"turns":7.0},{"damage":7.0,"enemies":"Snecko","floor":24.0,"turns":4.0},{"damage":2.0,"enemies":"Cultist and Chosen","floor":28.0,"turns":4.0},{"damage":64.0,"enemies":"Gremlin Leader","floor":29.0,"turns":6.0},{"damage":0.0,"enemies":"Sentry and Sphere","floor":31.0,"turns":3.0},{"damage":66.0,"enemies":"Champ","floor":33.0,"turns":8.0},{"damage":0.0,"enemies":"3 Shapes","floor":35.0,"turns":3.0},{"damage":0.0,"enemies":"3 Darklings","floor":38.0,"turns":3.0},{"damage":53.0,"enemies":"Giant Head","floor":41.0,"turns":7.0},{"damage":0.0,"enemies":"Transient","floor":42.0,"turns":5.0},{"damage":40.0,"enemies":"Nemesis","floor":46.0,"turns":4.0},{"damage":0.0,"enemies":"Mind Bloom Boss Battle","floor":47.0,"turns":3.0},{"damage":24.0,"enemies":"Maw","floor":48.0,"turns":4.0},{"damage":61,"enemies":"Awakened One","floor":50,"turns":5}],"seed_played":"-6975870968992057555","potions_obtained":[{"floor":1.0,"key":"SpeedPotion"},{"floor":12.0,"key":"EssenceOfDarkness"},{"floor":18.0,"key":"Regen Potion"},{"floor":21.0,"key":"Weak Potion"},{"floor":24.0,"key":"Fire Potion"},{"floor":31.0,"key":"Regen Potion"},{"floor":35.0,"key":"SkillPotion"},{"floor":42.0,"key":"FearPotion"},{"floor":47.0,"key":"FearPotion"},{"floor":48.0,"key":"GamblersBrew"}],"is_trial":false,"path_per_floor":["M","$","?","$","M","R","?","R","T","R","?","E","R","?","R","B",null,"M","?","?","M","$","E","M","R","T","R","M","E","$","M","R","B",null,"M","?","$","M","$","R","E","M","T","R","?","E","?","M","R","B"],"character_chosen":"DEFECT","items_purchased":["Defragment","Defragment","Defragment","Lantern","Storm","Electrodynamics"],"campfire_rested":4,"item_purchase_floors":[2,22,30,30,37,39],"current_hp_per_floor":[74,74,74,74,72,72,60,60,60,60,42,37,37,30,54,41,82,64,64,56,68,68,44,49,49,49,73,71,19,19,31,55,16,82,82,82,82,82,82,82,41,53,53,53,53,25,37,25,64,3,3],"gold":272,"neow_bonus":"UPGRADE_CARD","is_daily":false,"chose_seed":false,"campfire_upgraded":6,"win_rate":0.0,"timestamp":1614019728,"path_taken":["M","$","?","$","M","R","?","R","T","R","?","E","R","?","R","BOSS","M","?","?","M","$","E","?","R","T","R","?","E","?","M","R","BOSS","M","?","$","?","$","R","E","M","T","R","?","E","?","M","R","BOSS"],"items_purchased_type":["Card","Card","Card","Relic","Card","Card"],"build_version":"2020-12-22","purchased_purges":2,"victory":false,"max_hp_per_floor":[75,75,75,75,75,75,75,75,75,75,75,82,82,82,82,82,82,82,82,82,82,82,82,82,82,82,82,82,82,82,82,82,82,82,82,82,82,82,82,82,82,82,82,82,82,82,82,82,82,82,82],"relic_stats":{"Regal Pillow":15,"Torii":25,"counters":[20,90],"Golden Idol":131,"CeramicFish":54,"StoneCalendar":[52],"Bag of Preparation":[32],"Peace Pipe":0,"Mummified Hand":[100],"Sundial":[8],"Ornamental Fan":[0],"Black Star":2,"obtain_stats":[{"Lantern":30,"Regal Pillow":41,"Calipers":7,"Torii":19,"Golden Idol":11,"CeramicFish":23,"StoneCalendar":29,"Bag of Preparation":17,"White Beast Statue":46,"Calling Bell":17,"Du-Vu Doll":17,"Peace Pipe":47,"Mummified Hand":17,"Sundial":26,"Ornamental Fan":46,"Strawberry":12,"Black Star":34,"Cracked Core":0,"InkBottle":41,"Meat on the Bone":9},{"Lantern":10,"Regal Pillow":15,"Calipers":2,"Torii":5,"Golden Idol":2,"CeramicFish":7,"StoneCalendar":10,"Bag of Preparation":4,"White Beast Statue":17,"Calling Bell":4,"Du-Vu Doll":4,"Peace Pipe":18,"Mummified Hand":4,"Sundial":8,"Ornamental Fan":17,"Strawberry":3,"Black Star":12,"Cracked Core":0,"InkBottle":15,"Meat on the Bone":2},{"Lantern":45,"Regal Pillow":69,"Calipers":5,"Torii":20,"Golden Idol":5,"CeramicFish":31,"StoneCalendar":45,"Bag of Preparation":16,"White Beast Statue":78,"Calling Bell":16,"Du-Vu Doll":16,"Peace Pipe":81,"Mummified Hand":16,"Sundial":35,"Ornamental Fan":78,"Strawberry":9,"Black Star":56,"Cracked Core":0,"InkBottle":69,"Meat on the Bone":5}],"InkBottle":[10],"Meat on the Bone":144},"card_choices":[{"not_picked":["Beam Cell","Redo"],"picked":"Storm","floor":1.0},{"not_picked":["Go for the Eyes","Auto Shields"],"picked":"Genetic Algorithm","floor":5.0},{"not_picked":["Rebound","Consume","Redo"],"picked":"SKIP","floor":12.0},{"not_picked":["Fission","Core Surge"],"picked":"Amplify","floor":16.0},{"not_picked":["Beam Cell+1","Conserve Battery"],"picked":"Ball Lightning","floor":18.0},{"not_picked":["Beam Cell","Stack","Reinforced Body"],"picked":"SKIP","floor":21.0},{"not_picked":["Lockon+1","Rebound"],"picked":"Echo Form","floor":23.0},{"not_picked":["Compile Driver+1","Gash","Heatsinks"],"picked":"SKIP","floor":24.0},{"not_picked":["Hologram","Streamline","Rebound"],"picked":"SKIP","floor":28.0},{"not_picked":["Redo","All For One"],"picked":"Tempest","floor":29.0},{"not_picked":["Redo","Stack+1","Rip and Tear"],"picked":"SKIP","floor":31.0},{"not_picked":["Aggregate+1","Go for the Eyes+1","Stack+1"],"picked":"SKIP","floor":35.0},{"not_picked":["Leap","Steam","Recycle"],"picked":"SKIP","floor":38.0},{"not_picked":["Steam+1","Compile Driver+1","Force Field+1"],"picked":"SKIP","floor":41.0},{"not_picked":["Streamline+1","Gash"],"picked":"Loop+1","floor":42.0},{"not_picked":["Glacier","Chaos","Go for the Eyes+1"],"picked":"SKIP","floor":46.0},{"not_picked":["Steam Power","Turbo","Hologram+1"],"picked":"SKIP","floor":48.0}],"player_experience":201036,"relics_obtained":[{"floor":9.0,"key":"Meat on the Bone"},{"floor":12.0,"key":"Strawberry"},{"floor":17.0,"key":"Bag of Preparation"},{"floor":17.0,"key":"Mummified Hand"},{"floor":17.0,"key":"Du-Vu Doll"},{"floor":23.0,"key":"CeramicFish"},{"floor":26.0,"key":"Sundial"},{"floor":29.0,"key":"StoneCalendar"},{"floor":41.0,"key":"InkBottle"},{"floor":41.0,"key":"Regal Pillow"},{"floor":46.0,"key":"Ornamental Fan"},{"floor":46.0,"key":"White Beast Statue"},{"floor":47.0,"key":"Peace Pipe"}],"event_choices":[{"damage_healed":0.0,"max_hp_gain":0.0,"max_hp_loss":0.0,"gold_gain":175.0,"event_name":"Liars Game","player_choice":"AGREE","floor":3.0,"gold_loss":0.0,"damage_taken":0.0,"cards_obtained":["Doubt"]},{"damage_healed":0.0,"max_hp_gain":0.0,"max_hp_loss":0.0,"gold_gain":0.0,"event_name":"Scrap Ooze","player_choice":"Success","floor":7.0,"gold_loss":0.0,"damage_taken":12.0,"relics_obtained":["Calipers"]},{"damage_healed":0.0,"max_hp_gain":0.0,"max_hp_loss":0.0,"gold_gain":0.0,"event_name":"Golden Idol","player_choice":"Take Damage","floor":11.0,"gold_loss":0.0,"damage_taken":18.0,"relics_obtained":["Golden Idol"]},{"cards_removed":["Strike_B"],"damage_healed":0.0,"max_hp_gain":0.0,"max_hp_loss":0.0,"gold_gain":0.0,"event_name":"Golden Wing","player_choice":"Card Removal","floor":14.0,"gold_loss":0.0,"damage_taken":7.0},{"damage_healed":0.0,"max_hp_gain":0.0,"max_hp_loss":0.0,"gold_gain":0.0,"event_name":"Addict","player_choice":"Obtained Relic","floor":19.0,"gold_loss":85.0,"damage_taken":0.0,"relics_obtained":["Torii"]},{"damage_healed":0.0,"max_hp_gain":0.0,"max_hp_loss":0.0,"gold_gain":75.0,"event_name":"FaceTrader","player_choice":"Touch","floor":20.0,"gold_loss":0.0,"damage_taken":8.0},{"cards_removed":["Strike_B"],"damage_healed":0.0,"max_hp_gain":0.0,"max_hp_loss":0.0,"gold_gain":0.0,"event_name":"Purifier","player_choice":"Purged","floor":36.0,"gold_loss":0.0,"damage_taken":0.0},{"damage_healed":0.0,"max_hp_gain":0.0,"max_hp_loss":0.0,"gold_gain":0.0,"event_name":"Tomb of Lord Red Mask","player_choice":"Ignored","floor":45.0,"gold_loss":0.0,"damage_taken":0.0},{"damage_healed":0.0,"max_hp_gain":0.0,"max_hp_loss":0.0,"gold_gain":0.0,"event_name":"MindBloom","player_choice":"Fight","floor":47.0,"gold_loss":0.0,"damage_taken":0.0}],"is_beta":false,"boss_relics":[{"not_picked":["Velvet Choker","Cursed Key"],"picked":"Calling Bell"},{"not_picked":["Pandora\u0027s Box","Nuclear Battery"],"picked":"Black Star"}],"items_purged_floors":[4,22],"is_endless":false,"potions_floor_spawned":[1,12,18,21,24,31,35,42,47,48],"killed_by":"Awakened One","ascension_level":1}}