{"host":"0v07cr0k93jhgkpm","time":1614009678,"event":{"mods":["BaseMod","Colored Map","DeckTracker","Minty Spire (QoL Compilation)","Quick Restart","SuperFastMode"],"gold_per_floor":[119,119,119,139,154,154,166,166,190,190,229,12,46,71,71,154,154,134,314,335,73,73,73],"floor_reached":22,"language":"KOR","playtime":1326,"items_purged":[],"score":388,"play_id":"a2d590a3-7d5e-47a1-8cc9-975ab4646f22","local_time":"20210223010118","is_ascension_mode":true,"campfire_choices":[{"data":"EmptyMind","floor":6.0,"key":"SMITH"},{"data":"InnerPeace","floor":8.0,"key":"SMITH"},{"data":"MentalFortress","floor":10.0,"key":"SMITH"},{"data":"Protect","floor":15.0,"key":"SMITH"}],"circlet_count":0,"master_deck":["AscendersBane","Strike_P","Strike_P","Strike_P","Strike_P","Defend_P","Defend_P","Defend_P","Eruption+1","Vigilance","EmptyMind+1","InnerPeace+1","FollowUp","MentalFortress+1","WaveOfTheHand","EmptyFist","MentalFortress","Protect+1","DevaForm","Protect"],"relics":["PureWater","CeramicFish","Nunchaku","Lee\u0027s Waffle","TungstenRod","SlaversCollar","Bottled Tornado"],"acts_visited":["Exordium","TheCity"],"potions_floor_usage":[20],"damage_taken":[{"damage":1.0,"enemies":"Small Slimes","floor":1.0,"turns":4.0},{"damage":1.0,"enemies":"2 Louse","floor":4.0,"turns":2.0},{"damage":0.0,"enemies":"Cultist","floor":5.0,"turns":2.0},{"damage":11.0,"enemies":"2 Fungi Beasts","floor":7.0,"turns":4.0},{"damage":14.0,"enemies":"3 Sentries","floor":11.0,"turns":6.0},{"damage":5.0,"enemies":"Lagavulin","floor":13.0,"turns":4.0},{"damage":0.0,"enemies":"Exordium Wildlife","floor":14.0,"turns":2.0},{"damage":26.0,"enemies":"Slime Boss","floor":16.0,"turns":10.0},{"damage":11.0,"enemies":"2 Thieves","floor":18.0,"turns":4.0},{"damage":9,"enemies":"Spheric Guardian","floor":20,"turns":6},{"damage":27,"enemies":"Shelled Parasite and Fungi","floor":22,"turns":5}],"seed_played":"-6005700316710925390","potions_obtained":[{"floor":4.0,"key":"GamblersBrew"},{"floor":5.0,"key":"FearPotion"},{"floor":13.0,"key":"DistilledChaos"},{"floor":14.0,"key":"SteroidPotion"}],"is_trial":false,"path_per_floor":["M","?","?","M","M","R","M","R","T","R","E","$","E","M","R","B",null,"M","?","M","$","M"],"character_chosen":"WATCHER","items_purchased":["Lee\u0027s Waffle","EmptyFist","Bottled Tornado"],"campfire_rested":0,"item_purchase_floors":[12,12,21],"current_hp_per_floor":[60,53,53,52,52,52,41,41,41,41,27,75,70,70,70,44,67,56,35,26,26,0,0],"gold":73,"neow_bonus":"THREE_CARDS","is_daily":false,"chose_seed":false,"campfire_upgraded":4,"win_rate":0.0,"timestamp":1614009678,"path_taken":["M","?","?","M","M","R","M","R","T","R","E","$","E","M","R","BOSS","M","?","M","$","M"],"items_purchased_type":["Relic","Card","Relic"],"build_version":"2020-12-22","purchased_purges":0,"victory":false,"max_hp_per_floor":[68,68,68,68,68,68,68,68,68,68,68,75,75,75,75,75,75,75,75,75,75,75,75],"card_choices":[{"not_picked":["EmptyBody","Wireheading"],"picked":"EmptyMind","floor":0.0},{"not_picked":["EmptyFist","Prostrate"],"picked":"InnerPeace","floor":1.0},{"not_picked":["Wireheading","Protect"],"picked":"FollowUp","floor":4.0},{"not_picked":["InnerPeace","SashWhip"],"picked":"MentalFortress","floor":5.0},{"not_picked":["DeceiveReality","ForeignInfluence","BowlingBash"],"picked":"SKIP","floor":7.0},{"not_picked":["SpiritShield","BattleHymn"],"picked":"WaveOfTheHand","floor":11.0},{"not_picked":["EmptyBody","Pray"],"picked":"MentalFortress","floor":13.0},{"not_picked":["PathToVictory","FlurryOfBlows"],"picked":"Protect","floor":14.0},{"not_picked":["Wish","Brilliance"],"picked":"DevaForm","floor":16.0},{"not_picked":["FlurryOfBlows","Study","Consecrate"],"picked":"SKIP","floor":18.0},{"not_picked":["Evaluate","Halt"],"picked":"Protect","floor":20}],"player_experience":2520223,"relics_obtained":[{"floor":9.0,"key":"CeramicFish"},{"floor":11.0,"key":"Nunchaku"},{"floor":13.0,"key":"TungstenRod"}],"event_choices":[{"cards_removed":["Defend_P"],"damage_healed":0.0,"max_hp_gain":0.0,"max_hp_loss":0.0,"gold_gain":0.0,"event_name":"Golden Wing","player_choice":"Card Removal","floor":2.0,"gold_loss":0.0,"damage_taken":7.0},{"damage_healed":0.0,"max_hp_gain":0.0,"max_hp_loss":0.0,"gold_gain":0.0,"event_name":"Living Wall","player_choice":"Grow","floor":3.0,"gold_loss":0.0,"damage_taken":0.0,"cards_upgraded":["Eruption"]},{"damage_healed":0,"gold_gain":180,"player_choice":"GOLD POTION GOLD ","damage_taken":25,"max_hp_gain":0,"max_hp_loss":0,"event_name":"Knowing Skull","floor":19,"potions_obtained":["Block Potion"],"gold_loss":0,"cards_obtained":[]}],"is_beta":false,"boss_relics":[{"not_picked":["Coffee Dripper","Snecko Eye"],"picked":"SlaversCollar"}],"items_purged_floors":[],"is_endless":false,"potions_floor_spawned":[4,5,13,14],"killed_by":"Shelled Parasite and Fungi","ascension_level":20}}