{"host":"pu1pmxeu7vyxsds8","time":1614010843,"event":{"mods":["Act Like it!","BaseMod","Block Reminder","Minty Spire (QoL Compilation)","Permanent Neow","Quick Restart","Relic Stats"],"gold_per_floor":[116,128,128,128,146,146,178,178,178,178,178,210,210,226,226,226,226],"floor_reached":16,"language":"SPA","playtime":816,"items_purged":[],"score":133,"play_id":"f7854743-356c-47c4-a2e2-5705a4fc04f6","local_time":"20210222132043","is_ascension_mode":false,"campfire_choices":[{"data":"Sword Boomerang","floor":6.0,"key":"SMITH"},{"data":"1","floor":8.0,"key":"LIFT"},{"data":"2","floor":13.0,"key":"LIFT"},{"data":"3","floor":15.0,"key":"LIFT"}],"circlet_count":0,"master_deck":["Strike_R","Strike_R","Strike_R","Strike_R","Strike_R","Defend_R","Defend_R","Defend_R+1","Defend_R","Bash","Sword Boomerang+1","Second Wind+1","Infernal Blade","Spot Weakness"],"relics":["Burning Blood","Girya","WingedGreaves","Strawberry","Nunchaku"],"acts_visited":[],"potions_floor_usage":[16,16],"damage_taken":[{"damage":0.0,"enemies":"2 Louse","floor":1.0,"turns":4.0},{"damage":1.0,"enemies":"Jaw Worm","floor":2.0,"turns":6.0},{"damage":0.0,"enemies":"Small Slimes","floor":5.0,"turns":3.0},{"damage":38.0,"enemies":"3 Sentries","floor":7.0,"turns":10.0},{"damage":16.0,"enemies":"Gremlin Nob","floor":12.0,"turns":3.0},{"damage":15.0,"enemies":"Exordium Thugs","floor":14.0,"turns":4.0},{"damage":26,"enemies":"The Guardian","floor":16,"turns":7}],"seed_played":"-5942186290087531818","potions_obtained":[{"floor":5.0,"key":"FearPotion"},{"floor":12.0,"key":"BloodPotion"},{"floor":14.0,"key":"LiquidBronze"}],"is_trial":false,"path_per_floor":["M","M","?","?","M","R","E","R","T","?","?","E","R","M","R","B"],"character_chosen":"IRONCLAD","items_purchased":[],"campfire_rested":0,"item_purchase_floors":[],"current_hp_per_floor":[88,88,70,70,76,76,44,44,44,26,26,16,16,7,7,0,0],"gold":226,"neow_bonus":"TEN_PERCENT_HP_BONUS","is_daily":false,"chose_seed":false,"campfire_upgraded":1,"win_rate":0.0,"timestamp":1614010843,"path_taken":["M","M","?","?","M","R","E","R","T","?","?","E","R","M","R","BOSS"],"items_purchased_type":[],"build_version":"2020-12-22","purchased_purges":0,"victory":false,"max_hp_per_floor":[88,88,88,88,88,88,88,88,88,95,95,95,95,95,95,95,95],"relic_stats":{"Nunchaku":[2],"counters":[5,27],"obtain_stats":[{"Girya":7,"Nunchaku":12,"Strawberry":10,"WingedGreaves":9,"Burning Blood":0},{"Girya":2,"Nunchaku":3,"Strawberry":2,"WingedGreaves":2,"Burning Blood":0},{"Girya":13,"Nunchaku":16,"Strawberry":13,"WingedGreaves":13,"Burning Blood":0}],"Burning Blood":24},"card_choices":[{"not_picked":["Headbutt","Twin Strike"],"picked":"Sword Boomerang","floor":1.0},{"not_picked":["Burning Pact","Perfected Strike"],"picked":"Second Wind","floor":2.0},{"not_picked":["Headbutt","Iron Wave"],"picked":"Infernal Blade","floor":5.0},{"not_picked":["Reckless Charge","Infernal Blade"],"picked":"Spot Weakness","floor":7.0},{"not_picked":["Clothesline","Power Through","Body Slam"],"picked":"SKIP","floor":12.0},{"not_picked":["Clothesline","Power Through","Combust"],"picked":"SKIP","floor":14.0}],"player_experience":40162,"relics_obtained":[{"floor":7.0,"key":"Girya"},{"floor":9.0,"key":"WingedGreaves"},{"floor":12.0,"key":"Nunchaku"}],"event_choices":[{"damage_healed":0.0,"max_hp_gain":0.0,"max_hp_loss":0.0,"gold_gain":0.0,"event_name":"Shining Light","player_choice":"Entered Light","floor":3.0,"gold_loss":0.0,"damage_taken":18.0,"cards_upgraded":["Defend_R","Second Wind"]},{"damage_healed":0.0,"max_hp_gain":0.0,"max_hp_loss":0.0,"gold_gain":0.0,"event_name":"Liars Game","player_choice":"Ignored","floor":4.0,"gold_loss":0.0,"damage_taken":0.0},{"damage_healed":0.0,"max_hp_gain":0.0,"max_hp_loss":0.0,"gold_gain":0.0,"event_name":"Scrap Ooze","player_choice":"Success","floor":10.0,"gold_loss":0.0,"damage_taken":25.0,"relics_obtained":["Strawberry"]},{"damage_healed":0.0,"max_hp_gain":0.0,"max_hp_loss":0.0,"gold_gain":0.0,"event_name":"Golden Idol","player_choice":"Ignored","floor":11.0,"gold_loss":0.0,"damage_taken":0.0}],"is_beta":false,"boss_relics":[],"items_purged_floors":[],"is_endless":false,"potions_floor_spawned":[5,12,14],"killed_by":"The Guardian","ascension_level":0}}