{"host":"0k7350af1t8odskw","time":1614019144,"event":{"mods":["AchievementEnabler","BaseMod","Better Vampires","BetterRewards","Colored Map","Downfall","Highlight Path","Hubris","Lobotomy","Marisa£®ÏF”Í°°ƒß¿Ì…≥£©","Minty Spire (QoL Compilation)","Quick Restart","Replay The Spire","Shop Mod","StSLib","The Administrix","The Death Knight","The Runesmith","Youmu£®ªÍ∆«—˝√Œ£©"],"gold_per_floor":[115,22,22,34,47,47,80,80,80,97,108,118,118,134,134,237,237,256,106,122,138,100,100,100],"floor_reached":23,"language":"ZHS","playtime":1056,"items_purged":[],"score":295,"play_id":"4fd6aae6-95c3-4c51-9a95-138020824a0f","local_time":"20210222103904","is_ascension_mode":false,"campfire_choices":[{"data":"Eruption","floor":6,"key":"SMITH"},{"data":"Crescendo","floor":8,"key":"SMITH"},{"floor":15,"key":"REST"}],"circlet_count":0,"master_deck":["Strike_P","Strike_P","Strike_P","Defend_P","Defend_P+1","Defend_P","Eruption+1","Vigilance","Replay:BasicMightCard","Crescendo+1","JustLucky","Halt","EmptyMind","Purity","ReachHeaven+1","BowlingBash","CutThroughFate","Conclude","Fasting2","LikeWater","LessonLearned","Collect","Devotion","Consecrate+1","EmptyFist+1","Evaluate+1","ReachHeaven"],"relics":["PureWater","ReplayTheSpireMod:Ninjato","Chemical X","Bird Faced Urn","Replay:Kaleidoscope","Blood Vial","ReplayTheSpireMod:Shallot","SlaversCollar","Damaru"],"acts_visited":["Exordium","TheCity"],"potions_floor_usage":[7,23],"damage_taken":[{"damage":0,"enemies":"Small Slimes","floor":1,"turns":2},{"damage":0,"enemies":"Cultist","floor":4,"turns":2},{"damage":2,"enemies":"2 Louse","floor":5,"turns":2},{"damage":8,"enemies":"Gremlin Nob","floor":7,"turns":3},{"damage":17,"enemies":"Exordium Thugs","floor":10,"turns":4},{"damage":2,"enemies":"3 Louse","floor":11,"turns":3},{"damage":6,"enemies":"Gremlin Gang","floor":12,"turns":2},{"damage":3,"enemies":"Exordium Thugs","floor":14,"turns":2},{"damage":21,"enemies":"Hexaghost","floor":16,"turns":7},{"damage":9,"enemies":"Shell Parasite","floor":18,"turns":5},{"damage":11,"enemies":"2 Thieves","floor":20,"turns":3},{"damage":10,"enemies":"3 Cultists","floor":21,"turns":3},{"damage":0,"enemies":"Slavers","floor":23,"turns":1}],"seed_played":"5660155476676518168","potions_obtained":[{"floor":5,"key":"SteroidPotion"},{"floor":10,"key":"CultistPotion"},{"floor":12,"key":"Reflective Coating"},{"floor":16,"key":"Reflective Coating"}],"is_trial":false,"path_per_floor":["M","$","?","M","M","R","E","R","T","M","M","M","?","M","R","B",null,"M","$","M","M","$","E"],"character_chosen":"WATCHER","items_purchased":["ReplayTheSpireMod:Ninjato","Chemical X","Replay:BasicMightCard","Crescendo","JustLucky","Halt","Purity","Damaru","ReachHeaven"],"campfire_rested":1,"item_purchase_floors":[0,0,0,0,0,0,2,19,22],"current_hp_per_floor":[40,40,40,40,38,38,32,32,32,19,21,19,19,18,39,24,72,63,63,54,46,46,50,50],"gold":100,"neow_bonus":"","is_daily":false,"chose_seed":false,"campfire_upgraded":2,"win_rate":0.0,"timestamp":1614019144,"path_taken":["M","$","?","M","M","R","E","R","T","M","M","M","?","?","R","BOSS","M","$","M","M","$","E"],"items_purchased_type":["Relic","Relic","Card","Card","Card","Card","Card","Relic","Card"],"build_version":"2020-12-22","purchased_purges":0,"victory":false,"max_hp_per_floor":[72,72,72,72,72,72,72,72,72,72,72,72,72,72,72,72,72,72,72,72,72,72,72,72],"card_choices":[{"not_picked":["Replay:ManipulateFuture","CrushJoints"],"picked":"EmptyMind","floor":1},{"not_picked":["JustLucky","Replay:BluntJabs"],"picked":"BowlingBash","floor":4},{"not_picked":["FlurryOfBlows","Evaluate"],"picked":"CutThroughFate","floor":5},{"not_picked":["Replay:AtTheReady","SashWhip"],"picked":"Conclude","floor":7},{"not_picked":["FlyingSleeves","FlurryOfBlows"],"picked":"Fasting2","floor":10},{"not_picked":["Replay:AtTheReady","SashWhip"],"picked":"LikeWater","floor":11},{"not_picked":["FollowUp","Protect"],"picked":"LessonLearned","floor":12},{"not_picked":["SashWhip","FearNoEvil"],"picked":"Collect","floor":14},{"not_picked":["LessonLearned","Replay:AllIn"],"picked":"Devotion","floor":16},{"not_picked":["FlurryOfBlows","CutThroughFate"],"picked":"Consecrate+1","floor":18},{"not_picked":["WheelKick","DeceiveReality"],"picked":"EmptyFist+1","floor":20},{"not_picked":["ThirdEye","Replay:ManipulateFuture"],"picked":"Evaluate+1","floor":21}],"player_experience":100338,"relics_obtained":[{"floor":7,"key":"Blood Vial"},{"floor":9,"key":"ReplayTheSpireMod:Shallot"}],"event_choices":[{"cards_removed":["Strike_P"],"damage_healed":0,"gold_gain":0,"player_choice":"Purged","damage_taken":0,"max_hp_gain":0,"max_hp_loss":0,"event_name":"Purifier","floor":13,"gold_loss":0}],"is_beta":false,"boss_relics":[{"not_picked":["hubris:BlackHole","ReplayTheSpireMod:DimensionalGlitch"],"picked":"SlaversCollar"}],"items_purged_floors":[],"is_endless":false,"potions_floor_spawned":[5,10,12,16,20,21],"killed_by":"Slavers","ascension_level":0}}