{"host":"8jwrv7sn1174lfer","time":1614016560,"event":{"mods":["BaseMod","Colored Map","Colored Powertips","Highlight Path","Minty Spire (QoL Compilation)","StSLib"],"gold_per_floor":[112,126,143,143,158,158,188,205,256,331,358,26,26,26,26,125,125,137,154,244,257,267,296,296,312,312,312,411,424,424,424,424,527,527,547,566,141,191,191,191,226,226,226,245,245,263,263,275,275,275],"floor_reached":51,"language":"ENG","playtime":3882,"items_purged":[],"score":908,"play_id":"67db3d1b-8057-4a17-bf83-cb4822c0b196","local_time":"20210222125600","is_ascension_mode":true,"campfire_choices":[{"data":"Trip","floor":6,"key":"SMITH"},{"data":"Collect","floor":13,"key":"SMITH"},{"data":"Eruption","floor":15,"key":"SMITH"},{"data":"Vault","floor":24,"key":"SMITH"},{"data":"Study","floor":27,"key":"SMITH"},{"floor":30,"key":"REST"},{"data":"TalkToTheHand","floor":32,"key":"SMITH"},{"data":"Ragnarok","floor":40,"key":"SMITH"},{"data":"Ragnarok","floor":42,"key":"SMITH"},{"data":"ForeignInfluence","floor":45,"key":"SMITH"},{"floor":49,"key":"REST"}],"circlet_count":0,"master_deck":["Eruption+1","Vigilance","Tantrum","Indignation","JustLucky","Trip+1","Evaluate","Halt","Collect+1","TalkToTheHand+1","CutThroughFate","Weave","Ragnarok+1","ForeignInfluence+1","EmptyFist","Vault+1","SignatureMove","Brilliance","WaveOfTheHand","ReachHeaven","FlyingSleeves","Study+1","Wallop","Meditate","SashWhip+1","BowlingBash+1","Finesse","Ragnarok+1","TalkToTheHand","BattleHymn+1"],"relics":["PureWater","Oddly Smooth Stone","White Beast Statue","Lantern","Bottled Lightning","TeardropLocket","Pandora\u0027s Box","MealTicket","Happy Flower","Snecko Eye","Pear","Incense Burner","Letter Opener","Pen Nib"],"acts_visited":["Exordium","TheCity","TheBeyond"],"potions_floor_usage":[5,11,23,23,25,25,33,33,44,46,50,50,50],"damage_taken":[{"damage":0,"enemies":"2 Louse","floor":1,"turns":3},{"damage":0,"enemies":"Cultist","floor":2,"turns":3},{"damage":0,"enemies":"Jaw Worm","floor":3,"turns":2},{"damage":0,"enemies":"Looter","floor":5,"turns":1},{"damage":27,"enemies":"Gremlin Nob","floor":7,"turns":3},{"damage":13,"enemies":"Red Slaver","floor":8,"turns":4},{"damage":0,"enemies":"Lagavulin","floor":11,"turns":4},{"damage":0,"enemies":"Slime Boss","floor":16,"turns":4},{"damage":6,"enemies":"3 Byrds","floor":18,"turns":3},{"damage":4,"enemies":"Spheric Guardian","floor":19,"turns":4},{"damage":7,"enemies":"Snecko","floor":21,"turns":4},{"damage":4,"enemies":"3 Cultists","floor":22,"turns":3},{"damage":9,"enemies":"Gremlin Leader","floor":23,"turns":4},{"damage":6,"enemies":"Snake Plant","floor":25,"turns":5},{"damage":19,"enemies":"Centurion and Healer","floor":29,"turns":3},{"damage":16,"enemies":"Champ","floor":33,"turns":4},{"damage":0,"enemies":"Orb Walker","floor":35,"turns":4},{"damage":6,"enemies":"3 Shapes","floor":36,"turns":5},{"damage":45,"enemies":"Mind Bloom Boss Battle","floor":38,"turns":6},{"damage":7,"enemies":"Giant Head","floor":41,"turns":6},{"damage":11,"enemies":"Jaw Worm Horde","floor":44,"turns":3},{"damage":24,"enemies":"Writhing Mass","floor":46,"turns":4},{"damage":0,"enemies":"Spire Growth","floor":48,"turns":3},{"damage":34,"enemies":"Awakened One","floor":50,"turns":6}],"seed_played":"1130275725823964485","potions_obtained":[{"floor":3,"key":"SteroidPotion"},{"floor":8,"key":"SkillPotion"},{"floor":11,"key":"Ambrosia"},{"floor":16,"key":"LiquidMemories"},{"floor":18,"key":"FearPotion"},{"floor":19,"key":"AttackPotion"},{"floor":23,"key":"SpeedPotion"},{"floor":25,"key":"Ambrosia"},{"floor":29,"key":"BlessingOfTheForge"},{"floor":33,"key":"StancePotion"},{"floor":35,"key":"SmokeBomb"},{"floor":36,"key":"Swift Potion"},{"floor":41,"key":"DuplicationPotion"},{"floor":44,"key":"Weak Potion"},{"floor":46,"key":"FearPotion"},{"floor":48,"key":"LiquidMemories"}],"is_trial":false,"path_per_floor":["M","M","M","?","M","R","E","M","T","?","E","$","R","?","R","B",null,"M","M","?","M","M","E","R","M","T","R","?","M","R","?","R","B",null,"M","M","$","?","?","R","E","R","T","M","R","M","?","M","R","B",null],"character_chosen":"WATCHER","items_purchased":["TeardropLocket","Weave","Pear","Finesse","FairyPotion"],"campfire_rested":2,"item_purchase_floors":[12,12,37,37,37],"current_hp_per_floor":[72,72,72,72,72,72,45,32,32,21,21,21,21,21,21,21,72,66,62,50,43,39,30,30,24,24,24,24,5,26,50,50,34,72,72,66,82,37,37,37,30,30,30,19,19,24,24,24,48,14],"gold":275,"neow_bonus":"RANDOM_COMMON_RELIC","is_daily":false,"chose_seed":false,"campfire_upgraded":9,"win_rate":0.0,"timestamp":1614016560,"path_taken":["M","M","M","?","M","R","E","?","T","?","E","$","R","?","R","BOSS","M","M","?","M","?","E","R","M","T","R","?","M","R","?","R","BOSS","M","M","$","?","?","R","E","R","T","M","R","M","?","M","R","BOSS"],"items_purchased_type":["Relic","Card","Relic","Card","Potion"],"build_version":"2020-12-22","purchased_purges":0,"victory":true,"max_hp_per_floor":[72,72,72,72,72,72,72,72,72,72,72,72,72,72,72,72,72,72,72,72,72,72,72,72,72,72,72,72,72,72,72,72,72,72,72,72,82,82,82,82,82,82,82,82,82,82,82,82,82,82],"card_choices":[{"not_picked":["CutThroughFate","Meditate"],"picked":"Tantrum","floor":1},{"not_picked":["CutThroughFate","Worship"],"picked":"Indignation","floor":2},{"not_picked":["Indignation","Prostrate"],"picked":"JustLucky","floor":3},{"not_picked":["Prostrate","WheelKick"],"picked":"Halt","floor":5},{"not_picked":["Ragnarok","Halt"],"picked":"Collect","floor":7},{"not_picked":["DeceiveReality","FlurryOfBlows"],"picked":"TalkToTheHand","floor":8},{"not_picked":["WaveOfTheHand","Protect"],"picked":"CutThroughFate","floor":11},{"not_picked":["Brilliance","Blasphemy"],"picked":"Ragnarok","floor":16},{"not_picked":["Protect","Consecrate+1"],"picked":"Study","floor":18},{"not_picked":["CutThroughFate","Crescendo","JustLucky"],"picked":"SKIP","floor":19},{"not_picked":["FlurryOfBlows+1","ClearTheMind","SignatureMove"],"picked":"SKIP","floor":21},{"not_picked":["SashWhip","FlurryOfBlows","Tantrum"],"picked":"SKIP","floor":22},{"not_picked":["LikeWater","Collect"],"picked":"Wallop","floor":23},{"not_picked":["PathToVictory","CrushJoints+1"],"picked":"Meditate","floor":25},{"not_picked":["PathToVictory","Evaluate","BowlingBash+1"],"picked":"SKIP","floor":29},{"not_picked":["Establishment","SpiritShield"],"picked":"ConjureBlade","floor":33},{"not_picked":["SignatureMove","CrushJoints"],"picked":"SashWhip+1","floor":35},{"not_picked":["TalkToTheHand","CarveReality+1"],"picked":"BowlingBash+1","floor":36},{"not_picked":["Consecrate","Crescendo"],"picked":"Ragnarok","floor":38},{"not_picked":["WaveOfTheHand","EmptyMind+1"],"picked":"TalkToTheHand","floor":41},{"not_picked":["CrushJoints","EmptyFist+1","FollowUp"],"picked":"SKIP","floor":44},{"not_picked":["EmptyBody+1","CrushJoints+1"],"picked":"BattleHymn+1","floor":46},{"not_picked":["Protect+1","FlyingSleeves+1","Evaluate"],"picked":"SKIP","floor":48}],"player_experience":671040,"relics_obtained":[{"floor":7,"key":"White Beast Statue"},{"floor":9,"key":"Lantern"},{"floor":11,"key":"Bottled Lightning"},{"floor":23,"key":"MealTicket"},{"floor":26,"key":"Happy Flower"},{"floor":38,"key":"Incense Burner"},{"floor":41,"key":"Letter Opener"},{"floor":43,"key":"Pen Nib"}],"event_choices":[{"damage_healed":0,"gold_gain":0,"player_choice":"2 cards matched","damage_taken":0,"max_hp_gain":0,"max_hp_loss":0,"event_name":"Match and Keep!","floor":4,"gold_loss":0,"cards_obtained":["Trip","Evaluate"]},{"damage_healed":0,"gold_gain":75,"player_choice":"Gather Gold","damage_taken":11,"max_hp_gain":0,"max_hp_loss":0,"event_name":"World of Goop","floor":10,"gold_loss":0},{"damage_healed":0,"gold_gain":0,"player_choice":"Ignored","damage_taken":0,"max_hp_gain":0,"max_hp_loss":0,"event_name":"Liars Game","floor":14,"gold_loss":0},{"damage_healed":0,"gold_gain":90,"player_choice":"GOLD ","damage_taken":12,"max_hp_gain":0,"max_hp_loss":0,"event_name":"Knowing Skull","floor":20,"potions_obtained":[],"gold_loss":0,"cards_obtained":[]},{"damage_healed":0,"gold_gain":99,"player_choice":"Stole From Cult","damage_taken":0,"max_hp_gain":0,"max_hp_loss":0,"event_name":"Nest","floor":28,"gold_loss":0},{"damage_healed":24,"gold_gain":0,"player_choice":"Heal","damage_taken":0,"max_hp_gain":0,"max_hp_loss":0,"event_name":"The Library","floor":31,"gold_loss":0},{"damage_healed":0,"gold_gain":0,"player_choice":"Fight","damage_taken":0,"max_hp_gain":0,"max_hp_loss":0,"event_name":"MindBloom","floor":38,"gold_loss":0},{"cards_removed":["ConjureBlade"],"damage_healed":0,"gold_gain":0,"player_choice":"Removed Skill","damage_taken":0,"max_hp_gain":0,"max_hp_loss":0,"event_name":"Falling","floor":39,"gold_loss":0},{"damage_healed":0,"gold_gain":0,"player_choice":"Ignored","damage_taken":0,"max_hp_gain":0,"max_hp_loss":0,"event_name":"Mysterious Sphere","floor":47,"gold_loss":0}],"is_beta":false,"boss_relics":[{"not_picked":["HolyWater","Busted Crown"],"picked":"Pandora\u0027s Box"},{"not_picked":["Philosopher\u0027s Stone","SlaversCollar"],"picked":"Snecko Eye"}],"items_purged_floors":[],"is_endless":false,"potions_floor_spawned":[3,8,11,16,18,19,21,22,23,25,29,33,35,36,38,41,44,46,48],"ascension_level":4}}