{"host":"Pascal","time":1614033762,"event":{"mods":["BaseMod","Googly Eyes","Minty Spire (QoL Compilation)","Permanent Neow","Relic Stats","StSLib"],"gold_per_floor":[112,125,50,50,70,114,114,154,180,205,205,228,247,147,147,275,338,356,342,342,357,232,232,232],"floor_reached":23,"language":"ENG","playtime":1467,"items_purged":["Strike_R","Strike_R","Strike_R"],"score":274,"play_id":"c82a413a-224b-4c85-bdca-d0a7a629eb76","local_time":"20210222234242","is_ascension_mode":true,"campfire_choices":[{"data":"True Grit","floor":7,"key":"SMITH"},{"floor":11,"key":"REST"},{"data":"Fiend Fire","floor":15,"key":"SMITH"}],"circlet_count":0,"master_deck":["Strike_R","Strike_R","Defend_R","Defend_R","Defend_R+1","Defend_R","Fiend Fire+1","Reckless Charge","Rampage","True Grit+1","Second Wind","Sentinel"],"relics":["Burning Blood","Bloody Idol","Orichalcum","Bag of Preparation","Strawberry","Tiny House"],"acts_visited":["Exordium","TheCity"],"potions_floor_usage":[6,16,16],"damage_taken":[{"damage":1,"enemies":"Cultist","floor":1,"turns":3},{"damage":8,"enemies":"2 Louse","floor":2,"turns":2},{"damage":2,"enemies":"Jaw Worm","floor":5,"turns":3},{"damage":45,"enemies":"Lagavulin","floor":6,"turns":8},{"damage":34,"enemies":"3 Sentries","floor":8,"turns":11},{"damage":2,"enemies":"Looter","floor":10,"turns":3},{"damage":3,"enemies":"2 Fungi Beasts","floor":12,"turns":3},{"damage":6,"enemies":"Large Slime","floor":13,"turns":5},{"damage":39,"enemies":"Slime Boss","floor":16,"turns":9},{"damage":20,"enemies":"3 Byrds","floor":18,"turns":7},{"damage":22,"enemies":"2 Thieves","floor":19,"turns":5},{"damage":0,"enemies":"Sentry and Sphere","floor":21,"turns":5},{"damage":91,"enemies":"Book of Stabbing","floor":23,"turns":7}],"seed_played":"-3508345700419159729","potions_obtained":[{"floor":2,"key":"BloodPotion"},{"floor":10,"key":"BloodPotion"},{"floor":13,"key":"BlessingOfTheForge"},{"floor":17,"key":"FairyPotion"}],"is_trial":false,"path_per_floor":["M","M","$","?","M","E","R","E","T","M","R","M","M","$","R","B",null,"M","M","?","M","$","E"],"character_chosen":"IRONCLAD","items_purchased":[],"campfire_rested":1,"item_purchase_floors":[],"current_hp_per_floor":[77,75,75,55,59,36,36,8,15,19,45,48,48,48,48,32,78,64,48,48,59,59,0,0],"gold":232,"neow_bonus":"TRANSFORM_CARD","is_daily":false,"chose_seed":false,"campfire_upgraded":2,"win_rate":0.0,"timestamp":1614033762,"path_taken":["M","M","$","?","M","E","R","E","T","M","R","M","M","$","R","BOSS","M","M","?","M","$","E"],"items_purchased_type":[],"build_version":"2020-12-18","purchased_purges":3,"victory":false,"max_hp_per_floor":[80,80,80,80,80,80,80,80,87,87,87,87,87,87,87,87,92,92,92,92,92,92,92,92],"relic_stats":{"counters":[13,71],"Bloody Idol":5,"Bag of Preparation":[16],"Orichalcum":[120],"obtain_stats":[{"Tiny House":17,"Golden Idol":4,"Strawberry":9,"Bloody Idol":20,"Bag of Preparation":8,"Orichalcum":6,"Burning Blood":0},{"Tiny House":9,"Golden Idol":2,"Strawberry":5,"Bloody Idol":11,"Bag of Preparation":5,"Orichalcum":4,"Burning Blood":0},{"Tiny House":47,"Golden Idol":5,"Strawberry":27,"Bloody Idol":59,"Bag of Preparation":27,"Orichalcum":16,"Burning Blood":0}],"Burning Blood":72},"card_choices":[{"not_picked":["Warcry","Second Wind"],"picked":"Reckless Charge","floor":1},{"not_picked":["Whirlwind","Iron Wave"],"picked":"Rampage","floor":2},{"not_picked":["Sever Soul","Heavy Blade"],"picked":"True Grit","floor":5},{"not_picked":["Combust","Wild Strike"],"picked":"Second Wind","floor":6},{"not_picked":["Carnage","Disarm","Power Through"],"picked":"SKIP","floor":8},{"not_picked":["Spot Weakness","Cleave","Armaments"],"picked":"SKIP","floor":10},{"not_picked":["Clash","Flex","Reckless Charge"],"picked":"SKIP","floor":12},{"not_picked":["Searing Blow","Havoc","Perfected Strike"],"picked":"SKIP","floor":13},{"not_picked":["Anger","Armaments"],"picked":"Sentinel","floor":17},{"not_picked":["Body Slam","Clothesline","Twin Strike"],"picked":"SKIP","floor":18},{"not_picked":["Clothesline","Uppercut","Sword Boomerang"],"picked":"SKIP","floor":19},{"not_picked":["Iron Wave","Wild Strike+1","Pummel"],"picked":"SKIP","floor":21}],"player_experience":191119,"relics_obtained":[{"floor":6,"key":"Orichalcum"},{"floor":8,"key":"Bag of Preparation"},{"floor":9,"key":"Strawberry"}],"event_choices":[{"damage_healed":0,"gold_gain":0,"player_choice":"Take Damage","damage_taken":20,"relics_obtained":["Golden Idol"],"max_hp_gain":0,"max_hp_loss":0,"event_name":"Golden Idol","floor":4,"gold_loss":0},{"damage_healed":0,"gold_gain":0,"player_choice":"Gave Idol","damage_taken":0,"relics_obtained":["Bloody Idol"],"max_hp_gain":0,"max_hp_loss":0,"event_name":"Forgotten Altar","floor":20,"relics_lost":["Golden Idol"],"gold_loss":0}],"is_beta":true,"boss_relics":[{"not_picked":["Velvet Choker","Ectoplasm"],"picked":"Tiny House"}],"items_purged_floors":[3,14,22],"is_endless":false,"potions_floor_spawned":[2,10,13],"killed_by":"Book of Stabbing","ascension_level":7}}