{"host":"ul3z8ex5o8l5j7mh","time":1614020579,"event":{"mods":["2.2 Compatiblity","AchievementEnabler","BaseMod","Bestiary","Colored Map","Colored Powertips","Curses Come First","DeckTracker","Highlight Path","Keyboard Shortcuts","Minty Spire (QoL Compilation)","Relic Sorter","Relic Stats","StSLib","SuperFastMode"],"gold_per_floor":[114,114,134,59,71,103,103,103,103],"floor_reached":8,"language":"ENG","playtime":491,"items_purged":["Defend_G"],"score":64,"play_id":"9dad364b-bf56-4bf3-a36b-21eddcf0020a","local_time":"20210222200259","is_ascension_mode":true,"campfire_choices":[{"floor":7,"key":"REST"}],"circlet_count":0,"master_deck":["Strike_G","Strike_G","Strike_G","Strike_G","Strike_G","Defend_G","Defend_G","Defend_G","Defend_G","Survivor","Neutralize","A Thousand Cuts"],"relics":["Snecko Eye","MealTicket","Akabeko"],"acts_visited":["Exordium"],"potions_floor_usage":[6],"damage_taken":[{"damage":10,"enemies":"2 Louse","floor":1,"turns":5},{"damage":8,"enemies":"Cultist","floor":3,"turns":5},{"damage":11,"enemies":"Small Slimes","floor":5,"turns":8},{"damage":54,"enemies":"Lagavulin","floor":6,"turns":11},{"damage":26,"enemies":"Gremlin Nob","floor":8,"turns":4}],"seed_played":"-8104145538939649415","potions_obtained":[{"floor":1,"key":"SkillPotion"},{"floor":3,"key":"Poison Potion"}],"is_trial":false,"path_per_floor":["M","?","M","$","M","E","R","E"],"character_chosen":"THE_SILENT","items_purchased":[],"campfire_rested":1,"item_purchase_floors":[],"current_hp_per_floor":[60,60,52,67,56,2,23,0,0],"gold":103,"neow_bonus":"BOSS_RELIC","is_daily":false,"chose_seed":false,"campfire_upgraded":0,"win_rate":0.0,"timestamp":1614020579,"path_taken":["M","?","M","$","?","E","R","E"],"items_purchased_type":[],"build_version":"2020-12-22","purchased_purges":1,"victory":false,"max_hp_per_floor":[70,70,70,70,70,70,70,70,70],"relic_stats":{"counters":[5,33],"Snecko Eye":[54,49,61,67],"MealTicket":15,"obtain_stats":[{"Snecko Eye":0,"MealTicket":2,"Akabeko":6,"Ring of the Snake":0},{"Snecko Eye":0,"MealTicket":1,"Akabeko":4,"Ring of the Snake":0},{"Snecko Eye":0,"MealTicket":5,"Akabeko":29,"Ring of the Snake":0}]},"card_choices":[{"not_picked":["Predator","Deadly Poison","Masterful Stab"],"picked":"SKIP","floor":1},{"not_picked":["PiercingWail","Dagger Throw","Flechettes"],"picked":"SKIP","floor":3},{"not_picked":["Backflip","PiercingWail","Expertise"],"picked":"SKIP","floor":5},{"not_picked":["Dagger Throw","Corpse Explosion"],"picked":"A Thousand Cuts","floor":6}],"player_experience":424175,"relics_obtained":[{"floor":6,"key":"Akabeko"}],"event_choices":[{"damage_healed":0,"gold_gain":0,"player_choice":"Gave Potion","damage_taken":0,"relics_obtained":["MealTicket"],"max_hp_gain":0,"max_hp_loss":0,"event_name":"WeMeetAgain","floor":2,"gold_loss":0}],"is_beta":false,"boss_relics":[],"items_purged_floors":[4],"is_endless":false,"potions_floor_spawned":[1,3],"killed_by":"Gremlin Nob","ascension_level":3}}