{"host":"kv06jx36eid0zw4n","time":1614018119,"event":{"mods":["AchievementEnabler","Act Like it!","Aspiration","BaseMod","Beaked The Cultist","Better Note","Better Skull","Better Third Choice","BetterRewards","Block Reminder","Bossed Relics","CCEM2","Colored Map","Conspire","Curses Come First","Dota2Spire","Elementarium","Energized Spire","Fox Events","Friendly Minions","Gensokyo","GifTheSpireLib","Glutton Mod","GungeonMod","Halation","Hallownest","Hermit","Hubris","Infinite Spire","Key Reminder","KomeijiMod","Lobotomy","LobotomyExtend","Menagerie","Mimic Mod","Minty Spire (QoL Compilation)","MostiFishMod","Pale of the Ancients","Quarter Circle Forward PUNCH!","Rare Cards Sparkle","Reliquary","Replay The Spire","Ruina","RumiaBox-????????","Small Relic Pack","Spicy Shops","StSLib","Stuff the Spire","The Blue Laboratory","The Cursed","Trackpad","Uncapped","Wandering Minibosses","Wide Potions","[IsaacMod]????"],"gold_per_floor":[17,32,32,49,49,80,80,80,80],"floor_reached":8,"language":"ENG","playtime":466,"items_purged":[],"score":106,"play_id":"585f6206-b32c-45e7-ae1f-25c1a9df0d09","local_time":"20210222192159","is_ascension_mode":true,"campfire_choices":[{"floor":7,"key":"RECALL"}],"circlet_count":0,"master_deck":["AscendersBane","beaked:Strike_Y","beaked:Strike_Y","beaked:Strike_Y","beaked:Strike_Y","beaked:Strike_Y","beaked:Strike_Y","beaked:Defend_Y","beaked:Defend_Y","beaked:Defend_Y","beaked:Defend_Y","beaked:Ceremony","beaked:Ceremony","beaked:Ceremony","beaked:Windmill","beaked:RitualOfBody","beaked:Insight","beaked:HuntressSpirit"],"relics":["beaked:MendingPlumage","DaveBox","HushsDoor","NightmareShop","PillsDrop","SynthV:TestCard","LetterFromLob","conspire:BottledYoYo","keyreminder:keyreminder"],"acts_visited":["Exordium"],"potions_floor_usage":[6,6],"damage_taken":[{"damage":17,"enemies":"Cultist","floor":1,"turns":4},{"damage":20,"enemies":"Small Slimes","floor":2,"turns":4},{"damage":12,"enemies":"2 Louse","floor":4,"turns":4},{"damage":52,"enemies":"Gremlin Nob","floor":6,"turns":5},{"damage":4,"enemies":"3 Sentries","floor":8,"turns":2}],"seed_played":"-1864290637472134948","potions_obtained":[{"floor":2,"key":"blueLaboratory:FruitPreserves"},{"floor":4,"key":"blueLaboratory:FrostheartPotion"}],"is_trial":false,"path_per_floor":["M","M","?","M","?","E","R","E"],"character_chosen":"BEAKED_THE_CULTIST","items_purchased":[],"campfire_rested":0,"item_purchase_floors":[],"current_hp_per_floor":[41,38,38,38,23,14,14,13,13],"gold":80,"neow_bonus":"TWENTY_PERCENT_HP_BONUS","is_daily":false,"chose_seed":false,"campfire_upgraded":0,"win_rate":0.0,"timestamp":1614018119,"path_taken":["M","?","?","M","?","E","R","E"],"items_purchased_type":[],"build_version":"2020-12-22","purchased_purges":0,"victory":false,"max_hp_per_floor":[53,53,53,53,53,53,53,53,53],"card_choices":[{"not_picked":[],"picked":"Bomb","floor":0},{"not_picked":["beaked:FeelMyPain","beaked:BraceForImpact"],"picked":"beaked:Windmill","floor":1},{"not_picked":["beaked:Flinch","beaked:WarriorEssence","beaked:Struggle","beaked:VigorBurst"],"picked":"beaked:RitualOfBody","floor":2},{"not_picked":["beaked:HuntressSpirit","beaked:Brace","beaked:Redirect","beaked:Evade"],"picked":"beaked:Insight","floor":4},{"not_picked":["Bomb","beaked:LiftOff","beaked:Pecker","beaked:Resilience"],"picked":"beaked:HuntressSpirit","floor":6}],"player_experience":1675438,"relics_obtained":[{"floor":1,"key":"SynthV:TestCard"},{"floor":1,"key":"LetterFromLob"},{"floor":6,"key":"conspire:BottledYoYo"}],"event_choices":[],"is_beta":false,"boss_relics":[],"items_purged_floors":[],"is_endless":false,"potions_floor_spawned":[2,4],"killed_by":"3 Sentries","ascension_level":18}}