{"host":"tnuwi4l1p9i8nc6x","time":1614006209,"event":{"mods":["Act Like it!","BaseMod","Better Third Choice","BetterRewards","Colored Map","Colored Powertips","Defuse TimeMaze Blight","Downfall","Friendly Minions","Hermit","Hubris","Infinite Spire","Jorbs\u0027s Wanderer Trilogy","Marisa????????","Minty Spire (QoL Compilation)","Permanent Neow","Rare Cards Sparkle","Remilia??????","Replay The Spire","Shop Mod","StSLib","The Bug Knight","The Construct","The Cursed","The Disciple","The Hierophant","The Jungle","The Necromancer","The Poker Player","The Runesmith","The Senshi","The Servant 0.9.4"],"gold_per_floor":[112,112,126,137,148,148,163,10,63,111,111,140,140,155,155,258,308,318,61,61,71,86,86,119,137,137,64,84,84,9,22,22,22,22,22],"floor_reached":33,"language":"ENG","playtime":2377,"items_purged":["TheCursedMod:Dregs"],"score":269,"play_id":"5ae21bdb-a265-4481-af60-089b2965a1f7","local_time":"20210222100329","is_ascension_mode":false,"metric_token":2066,"campfire_choices":[{"data":"PokerPlayerMod:CardPrinter","floor":6,"key":"SMITH"},{"data":"PokerPlayerMod:CardPrinter+1","floor":11,"key":"SMITH"},{"data":"PokerPlayerMod:CardPrinter+1","floor":13,"key":"SMITH"},{"data":"PokerPlayerMod:Harden","floor":15,"key":"SMITH"},{"floor":23,"key":"REST"},{"data":"PokerPlayerMod:CardPrinter+2","floor":29,"key":"SMITH"},{"floor":32,"key":"DIG"}],"circlet_count":0,"master_deck":["PokerPlayerMod:Diamond3","PokerPlayerMod:Diamond3","PokerPlayerMod:Diamond4","PokerPlayerMod:Diamond5","PokerPlayerMod:Spade2","PokerPlayerMod:Spade3","PokerPlayerMod:Spade4","PokerPlayerMod:Club1","PokerPlayerMod:Club2","PokerPlayerMod:Heart2","PokerPlayerMod:TrumpStrike","PokerPlayerMod:BadJoker","PokerPlayerMod:Mulligan","PokerPlayerMod:ClubStrike","PokerPlayerMod:Spade8","PokerPlayerMod:CardPrinter+2","PokerPlayerMod:Diamond10+","PokerPlayerMod:Spade5","PokerPlayerMod:Configure","PokerPlayerMod:Harden+1","PokerPlayerMod:CardPrinter+3","PokerPlayerMod:Heart4","PokerPlayerMod:Club6","PokerPlayerMod:Diamond7","PokerPlayerMod:CardBurn","PokerPlayerMod:CardBurn","PokerPlayerMod:Raise+1","PokerPlayerMod:CloakAndDiamond","PokerPlayerMod:RiskyBet","PokerPlayerMod:Overdeal","PokerPlayerMod:SpadeStrike","PokerPlayerMod:DiamondStrike+1"],"relics":["PokerPlayerMod:DeckCase","PokerPlayerMod:ClubPass","DollysMirror","Toy Ornithopter","MealTicket","infinitespire:Satchel","Tiny House","Matryoshka","Vajra","Pantograph","infinitespire:Beetle Shell","infinitespire:CheckeredPen","PokerPlayerMod:FairLicense"],"acts_visited":["Exordium","TheCity"],"potions_floor_usage":[18,25,25],"damage_taken":[{"damage":0,"enemies":"Jaw Worm","floor":1,"turns":2},{"damage":0,"enemies":"Cultist","floor":3,"turns":4},{"damage":0,"enemies":"Small Slimes","floor":4,"turns":2},{"damage":0,"enemies":"Exordium Thugs","floor":5,"turns":3},{"damage":13,"enemies":"Gremlin Gang","floor":7,"turns":4},{"damage":3,"enemies":"Lagavulin","floor":12,"turns":6},{"damage":8,"enemies":"Blue Slaver","floor":14,"turns":3},{"damage":12,"enemies":"Hexaghost","floor":16,"turns":8},{"damage":19,"enemies":"Shell Parasite","floor":18,"turns":5},{"damage":18,"enemies":"Spheric Guardian","floor":21,"turns":5},{"damage":39,"enemies":"3 Cultists","floor":22,"turns":5},{"damage":37,"enemies":"Book of Stabbing","floor":24,"turns":6},{"damage":8,"enemies":"Centurion and Healer","floor":25,"turns":5},{"damage":0,"enemies":"Snecko","floor":28,"turns":4},{"damage":33,"enemies":"Shelled Parasite and Fungi","floor":31,"turns":5},{"damage":69,"enemies":"hubris:MusketHawk","floor":33,"turns":9}],"seed_played":"-3021177052516682820","potions_obtained":[{"floor":7,"key":"bronze:BurnAndBuffPotion"},{"floor":14,"key":"FairyPotion"},{"floor":16,"key":"Strength Potion"},{"floor":17,"key":"SkillPotion"},{"floor":18,"key":"sneckomod:MuddlingPotion"},{"floor":24,"key":"Fire Potion"},{"floor":25,"key":"CultistPotion"},{"floor":31,"key":"Strength Potion"}],"is_trial":false,"path_per_floor":["M","?","M","M","M","R","M","$","T","T","R","E","R","M","R_BF","B",null,"M","$","?","M","M","R","E","M","T","$","M","R","$","M","R_BF","B"],"character_chosen":"THE_POKER_PLAYER","items_purchased":["DollysMirror","Matryoshka","PokerPlayerMod:Overdeal"],"campfire_rested":1,"item_purchase_floors":[8,19,27],"current_hp_per_floor":[47,47,47,47,47,47,34,34,34,34,34,31,31,31,31,26,52,46,52,52,34,1,16,2,17,17,32,46,46,52,27,27,0,0,0],"gold":22,"neow_bonus":"TRANSFORM_TWO_CARDS","is_daily":false,"chose_seed":false,"campfire_upgraded":5,"win_rate":0.0,"timestamp":1614006209,"path_taken":["M","?","M","?","M","R","M","?","T","?","R","E","R","M","R_BF","BOSS","M","?","?","M","M","R","E","?","T","$","M","R","?","M","R_BF","BOSS"],"items_purchased_type":["Relic","Relic","Card"],"build_version":"2020-12-22","purchased_purges":1,"victory":false,"max_hp_per_floor":[47,47,47,47,47,47,47,47,47,47,47,47,47,47,47,47,52,52,52,52,52,52,52,52,52,52,52,52,52,52,52,52,52,52,52],"card_choices":[{"not_picked":["PokerPlayerMod:ClubShade","PokerPlayerMod:Spade4"],"picked":"PokerPlayerMod:CardPrinter","floor":1},{"not_picked":["PokerPlayerMod:Spade6","PokerPlayerMod:CardBurn"],"picked":"PokerPlayerMod:Diamond10+","floor":3},{"not_picked":["PokerPlayerMod:Spade4","PokerPlayerMod:HotShotCut"],"picked":"PokerPlayerMod:Spade5","floor":4},{"not_picked":["PokerPlayerMod:Club6","PokerPlayerMod:MagicTrick"],"picked":"PokerPlayerMod:Configure","floor":5},{"not_picked":["PokerPlayerMod:CardBurn","PokerPlayerMod:ClubDance"],"picked":"PokerPlayerMod:Harden","floor":7},{"not_picked":["PokerPlayerMod:DamnStraight","PokerPlayerMod:Club2"],"picked":"PokerPlayerMod:Heart4","floor":12},{"not_picked":["PokerPlayerMod:DamnStraight","PokerPlayerMod:Fold"],"picked":"PokerPlayerMod:Club6","floor":14},{"not_picked":["PokerPlayerMod:Spade8","PokerPlayerMod:StackedDeck"],"picked":"PokerPlayerMod:Diamond7","floor":16},{"not_picked":["PokerPlayerMod:ClubsClub","PokerPlayerMod:Extraction"],"picked":"PokerPlayerMod:CardBurn","floor":17},{"not_picked":["PokerPlayerMod:Club4","PokerPlayerMod:Diamond2"],"picked":"PokerPlayerMod:CardBurn","floor":18},{"not_picked":["PokerPlayerMod:Trickery","PokerPlayerMod:Manipulation"],"picked":"PokerPlayerMod:Raise+1","floor":21},{"not_picked":["PokerPlayerMod:DiamondStrike","PokerPlayerMod:HeartStrike"],"picked":"PokerPlayerMod:CloakAndDiamond","floor":22},{"not_picked":["PokerPlayerMod:Spade1","PokerPlayerMod:HotShotCut","PokerPlayerMod:Diamond5"],"picked":"SKIP","floor":24},{"not_picked":["PokerPlayerMod:Diamond1","PokerPlayerMod:Diamond4"],"picked":"PokerPlayerMod:RiskyBet","floor":25},{"not_picked":["PokerPlayerMod:Club1","PokerPlayerMod:Diamond4"],"picked":"PokerPlayerMod:SpadeStrike","floor":28},{"not_picked":["PokerPlayerMod:Spade6","PokerPlayerMod:Configure"],"picked":"PokerPlayerMod:DiamondStrike+1","floor":31}],"player_experience":731172,"relics_obtained":[{"floor":2,"key":"PokerPlayerMod:ClubPass"},{"floor":9,"key":"Toy Ornithopter"},{"floor":10,"key":"MealTicket"},{"floor":12,"key":"infinitespire:Satchel"},{"floor":24,"key":"Pantograph"},{"floor":26,"key":"infinitespire:Beetle Shell"},{"floor":26,"key":"infinitespire:CheckeredPen"},{"floor":32,"key":"PokerPlayerMod:FairLicense"}],"event_choices":[{"damage_healed":0,"gold_gain":0,"player_choice":"Relic","damage_taken":0,"max_hp_gain":0,"max_hp_loss":0,"event_name":"Wheel of Change","floor":2,"gold_loss":0}],"is_beta":false,"boss_relics":[{"not_picked":["Philosopher\u0027s Stone","PokerPlayerMod:AceCard"],"picked":"Tiny House"}],"items_purged_floors":[30],"is_endless":false,"potions_floor_spawned":[7,14,16,18,24,25,31],"killed_by":"hubris:MusketHawk","ascension_level":0}}