{"host":"0ghi9uxs64f8c30g","time":1614019585,"event":{"mods":["BaseMod","Downfall","Minty Spire (QoL Compilation)","StSLib"],"gold_per_floor":[115,40,56,56,56,86,86,99,99,129,29,40,40,51,51,152,152,163,38,38,38,38,38,56,56,56,56,69,82,82,82,82],"floor_reached":31,"language":"ENG","playtime":1833,"items_purged":["Strike_R","Strike_R","Strike_R"],"score":316,"play_id":"9dde896e-4410-4924-98be-be87af36f69d","local_time":"20210222194625","is_ascension_mode":true,"campfire_choices":[{"floor":7,"key":"REST"},{"floor":13,"key":"REST"},{"floor":15,"key":"REST"},{"floor":23,"key":"REST"},{"data":"Armaments","floor":25,"key":"SMITH"}],"circlet_count":0,"master_deck":["Strike_R","Strike_R","Defend_R","Defend_R","Defend_R","Defend_R","Bash","Thunderclap","Iron Wave+1","Regret","Iron Wave","Metallicize","Armaments+1","Flex","Immolate","Dropkick+1","Pommel Strike"],"relics":["Black Blood","Sundial","HornCleat","Bag of Marbles","Bag of Preparation","Pocketwatch","Frozen Egg 2","Enchiridion"],"acts_visited":["Exordium","TheCity"],"potions_floor_usage":[16,16],"damage_taken":[{"damage":10,"enemies":"Small Slimes","floor":1,"turns":3},{"damage":6,"enemies":"Jaw Worm","floor":3,"turns":5},{"damage":49,"enemies":"3 Sentries","floor":6,"turns":9},{"damage":2,"enemies":"Cultist","floor":8,"turns":3},{"damage":33,"enemies":"Lagavulin","floor":10,"turns":6},{"damage":3,"enemies":"2 Fungi Beasts","floor":12,"turns":4},{"damage":2,"enemies":"Blue Slaver","floor":14,"turns":4},{"damage":66,"enemies":"The Guardian","floor":16,"turns":13},{"damage":28,"enemies":"2 Thieves","floor":18,"turns":4},{"damage":25,"enemies":"Chosen","floor":24,"turns":5},{"damage":45,"enemies":"Shelled Parasite and Fungi","floor":28,"turns":6},{"damage":19,"enemies":"Centurion and Healer","floor":29,"turns":3},{"damage":5,"enemies":"Cultist and Chosen","floor":31,"turns":3}],"seed_played":"8086858412063912903","potions_obtained":[{"floor":8,"key":"ElixirPotion"},{"floor":10,"key":"sneckomod:MuddlingPotion"},{"floor":12,"key":"FearPotion"},{"floor":14,"key":"Swift Potion"},{"floor":29,"key":"AttackPotion"}],"is_trial":false,"path_per_floor":["M","$","M","?","?","E","R","M","T","E","$","M","R","M","R","B",null,"M","$","?","$","?","R","M","R","T","T","M","M","?","M"],"character_chosen":"IRONCLAD","items_purchased":[],"campfire_rested":4,"item_purchase_floors":[],"current_hp_per_floor":[68,68,68,68,68,25,49,53,53,26,26,29,53,57,80,20,65,49,49,49,49,49,73,60,60,60,60,27,20,4,0,0],"gold":82,"neow_bonus":"THREE_CARDS","is_daily":false,"chose_seed":false,"campfire_upgraded":1,"win_rate":0.0,"timestamp":1614019585,"path_taken":["M","$","M","?","?","E","R","M","T","E","$","M","R","M","R","BOSS","M","$","?","?","?","R","M","R","T","?","?","M","?","M"],"items_purchased_type":[],"build_version":"2020-12-22","purchased_purges":3,"victory":false,"max_hp_per_floor":[80,80,80,80,80,80,80,80,80,80,80,80,80,80,80,80,80,80,80,80,80,80,80,80,80,80,80,80,80,80,80,80],"card_choices":[{"not_picked":["Clash","Shrug It Off"],"picked":"Thunderclap","floor":0},{"not_picked":["Clash","Power Through","Blood for Blood"],"picked":"SKIP","floor":1},{"not_picked":["Sentinel","Perfected Strike"],"picked":"Iron Wave","floor":3},{"not_picked":["Limit Break","Entrench","Sever Soul"],"picked":"SKIP","floor":6},{"not_picked":["Clothesline","True Grit"],"picked":"Iron Wave","floor":8},{"not_picked":["Pummel","Havoc"],"picked":"Metallicize","floor":10},{"not_picked":["Flex","Uppercut"],"picked":"Armaments","floor":12},{"not_picked":["Cleave","Headbutt"],"picked":"Flex","floor":14},{"not_picked":["Impervious","Berserk"],"picked":"Immolate","floor":16},{"not_picked":["Sentinel","Shrug It Off","Warcry"],"picked":"SKIP","floor":18},{"not_picked":["Warcry","Shrug It Off+1"],"picked":"Dropkick+1","floor":24},{"not_picked":["Thunderclap","Uppercut+1","Second Wind"],"picked":"SKIP","floor":28},{"not_picked":["Shockwave","True Grit"],"picked":"Pommel Strike","floor":29}],"player_experience":212913,"relics_obtained":[{"floor":6,"key":"HornCleat"},{"floor":9,"key":"Bag of Marbles"},{"floor":10,"key":"Bag of Preparation"},{"floor":26,"key":"Pocketwatch"},{"floor":27,"key":"Frozen Egg 2"},{"floor":30,"key":"Enchiridion"}],"event_choices":[{"damage_healed":0,"gold_gain":0,"player_choice":"Grow","damage_taken":0,"max_hp_gain":0,"max_hp_loss":0,"event_name":"Living Wall","floor":4,"gold_loss":0,"cards_upgraded":["Iron Wave"]},{"damage_healed":0,"gold_gain":0,"player_choice":"Box","damage_taken":0,"relics_obtained":["Sundial"],"max_hp_gain":0,"max_hp_loss":0,"event_name":"Big Fish","floor":5,"gold_loss":0,"cards_obtained":["Regret"]},{"damage_healed":0,"gold_gain":0,"player_choice":"Ignored","damage_taken":0,"max_hp_gain":0,"max_hp_loss":0,"event_name":"N\u0027loth","floor":20,"gold_loss":0},{"damage_healed":0,"gold_gain":0,"player_choice":"Ignored","damage_taken":0,"max_hp_gain":0,"max_hp_loss":0,"event_name":"Vampires","floor":22,"gold_loss":0},{"damage_healed":0,"gold_gain":0,"player_choice":"Obtained Book","damage_taken":16,"max_hp_gain":0,"max_hp_loss":0,"event_name":"Cursed Tome","floor":30,"gold_loss":0}],"is_beta":false,"boss_relics":[{"not_picked":["SacredBark","Pandora\u0027s Box"],"picked":"Black Blood"}],"items_purged_floors":[2,11,19],"is_endless":false,"potions_floor_spawned":[8,10,12,14,29],"killed_by":"Cultist and Chosen","ascension_level":6}}