{"host":"snampf0t8p8psf53","time":1614020107,"event":{"mods":["AchievementEnabler","BaseMod","Bestiary","DeckTracker","Minty Spire (QoL Compilation)","Permanent Neow","SuperFastMode"],"gold_per_floor":[111,85,103,114,124,124,157,122,149,184,204,204,204,204,204,204,204],"floor_reached":16,"language":"ENG","playtime":848,"items_purged":[],"score":141,"play_id":"f05563fb-4c36-430a-a9d6-6efa1ab52c3e","local_time":"20210222105507","is_ascension_mode":true,"campfire_choices":[{"floor":6,"key":"RECALL"},{"floor":12,"key":"REST"},{"data":"Body Slam","floor":15,"key":"SMITH"}],"circlet_count":0,"master_deck":["Strike_R","Strike_R","Strike_R+1","Strike_R","Strike_R+1","Defend_R","Defend_R","Defend_R","Defend_R","Bash","Injury","Shrug It Off","Headbutt","Shrug It Off","Shrug It Off","Body Slam+1","Shrug It Off"],"relics":["Burning Blood","Calipers","Vajra","Whetstone"],"acts_visited":["Exordium"],"potions_floor_usage":[10,10],"damage_taken":[{"damage":0,"enemies":"Small Slimes","floor":1,"turns":3},{"damage":0,"enemies":"Cultist","floor":3,"turns":4},{"damage":6,"enemies":"2 Louse","floor":4,"turns":2},{"damage":0,"enemies":"Looter","floor":5,"turns":4},{"damage":48,"enemies":"3 Sentries","floor":7,"turns":19},{"damage":52,"enemies":"Lagavulin","floor":10,"turns":8},{"damage":10,"enemies":"3 Louse","floor":11,"turns":3},{"damage":76,"enemies":"The Guardian","floor":16,"turns":20}],"seed_played":"-1829885903061308668","potions_obtained":[{"floor":3,"key":"BloodPotion"},{"floor":7,"key":"Strength Potion"},{"floor":11,"key":"FairyPotion"}],"is_trial":false,"path_per_floor":["M","$","M","M","M","R","E","?","T","E","M","R","$","?","R","B"],"character_chosen":"IRONCLAD","items_purchased":["Shrug It Off"],"campfire_rested":1,"item_purchase_floors":[2],"current_hp_per_floor":[80,80,80,80,80,80,38,58,58,28,24,48,48,48,48,0,0],"gold":204,"neow_bonus":"ONE_RARE_RELIC","is_daily":false,"chose_seed":false,"campfire_upgraded":1,"win_rate":0.0,"timestamp":1614020107,"path_taken":["M","$","M","M","M","R","E","?","T","E","M","R","$","?","R","BOSS"],"items_purchased_type":["Card"],"build_version":"2020-12-22","purchased_purges":0,"victory":false,"max_hp_per_floor":[80,80,80,80,80,80,80,80,80,80,80,80,80,80,80,80,80],"card_choices":[{"not_picked":["Havoc","Infernal Blade","Combust"],"picked":"SKIP","floor":1},{"not_picked":["Iron Wave","Wild Strike"],"picked":"Headbutt","floor":3},{"not_picked":["Clothesline","Second Wind"],"picked":"Shrug It Off","floor":4},{"not_picked":["Shockwave","Warcry","Infernal Blade"],"picked":"SKIP","floor":5},{"not_picked":["Thunderclap","Bloodletting"],"picked":"Shrug It Off","floor":7},{"not_picked":["Burning Pact","Metallicize"],"picked":"Body Slam","floor":10},{"not_picked":["Clash","Iron Wave"],"picked":"Shrug It Off","floor":11}],"player_experience":170761,"relics_obtained":[{"floor":7,"key":"Vajra"},{"floor":10,"key":"Whetstone"}],"event_choices":[{"damage_healed":20,"gold_gain":0,"player_choice":"Healed","damage_taken":0,"max_hp_gain":0,"max_hp_loss":0,"event_name":"The Cleric","floor":8,"gold_loss":35},{"damage_healed":0,"gold_gain":0,"player_choice":"Ignored","damage_taken":0,"max_hp_gain":0,"max_hp_loss":0,"event_name":"Liars Game","floor":14,"gold_loss":0}],"is_beta":false,"boss_relics":[],"items_purged_floors":[],"is_endless":false,"potions_floor_spawned":[3,7,11],"killed_by":"The Guardian","ascension_level":1}}