{"host":"4wbfffuiqd9v0v1t","time":1614036904,"event":{"mods":["BaseMod","Bestiary","Highlight Path","Minty Spire (QoL Compilation)","Relic Stats","StSLib","ojb\u0027s Info Mod"],"gold_per_floor":[219,219,238,238,253,253,279,21,21,51,62,62,62,62],"floor_reached":13,"language":"ENG","playtime":582,"items_purged":[],"score":166,"play_id":"1489ef22-23d8-4070-a4f2-5cd48e1a06dd","local_time":"20210222183504","is_ascension_mode":true,"campfire_choices":[{"data":"Carnage","floor":6.0,"key":"SMITH"}],"circlet_count":0,"master_deck":["AscendersBane","Strike_R","Strike_R","Strike_R","Strike_R","Defend_R+1","Defend_R","Defend_R+1","Bash","Perfected Strike","Carnage+1","Shrug It Off","Armaments","Swift Strike","Inflame","Uppercut","Demon Form","Disarm"],"relics":["Burning Blood","Pear","Odd Mushroom","Mercury Hourglass","War Paint"],"acts_visited":["Exordium"],"potions_floor_usage":[10],"damage_taken":[{"damage":2.0,"enemies":"2 Louse","floor":1.0,"turns":3.0},{"damage":2.0,"enemies":"Small Slimes","floor":3.0,"turns":2.0},{"damage":9.0,"enemies":"Jaw Worm","floor":5.0,"turns":4.0},{"damage":16.0,"enemies":"The Mushroom Lair","floor":7.0,"turns":3.0},{"damage":22,"enemies":"Lagavulin","floor":10,"turns":5},{"damage":5,"enemies":"Large Slime","floor":11,"turns":4},{"damage":28,"enemies":"Gremlin Nob","floor":13,"turns":3}],"seed_played":"4031006807189548175","potions_obtained":[{"floor":1.0,"key":"Explosive Potion"},{"floor":7.0,"key":"Strength Potion"}],"is_trial":false,"path_per_floor":["M","?","M","?","M","R","?","$","T","E","M","?","E"],"character_chosen":"IRONCLAD","items_purchased":["Swift Strike","Inflame","Uppercut"],"campfire_rested":0,"item_purchase_floors":[8,8,8],"current_hp_per_floor":[72,65,69,44,41,41,31,31,31,15,16,16,0,0],"gold":62,"neow_bonus":"HUNDRED_GOLD","is_daily":false,"chose_seed":false,"campfire_upgraded":1,"win_rate":0.0,"timestamp":1614036904,"path_taken":["M","?","M","?","M","R","?","$","T","E","?","?","E"],"items_purchased_type":["Card","Card","Card"],"build_version":"2020-12-22","purchased_purges":0,"victory":false,"max_hp_per_floor":[75,75,75,85,85,85,85,85,85,85,85,85,85,85],"relic_stats":{"counters":[7,23],"War Paint":["Defend_R","Defend_R"],"obtain_stats":[{"Pear":4,"Odd Mushroom":7,"War Paint":10,"Burning Blood":0,"Mercury Hourglass":9},{"Pear":2,"Odd Mushroom":4,"War Paint":5,"Burning Blood":0,"Mercury Hourglass":4},{"Pear":5,"Odd Mushroom":12,"War Paint":17,"Burning Blood":0,"Mercury Hourglass":12}],"Burning Blood":36,"Mercury Hourglass":[34]},"card_choices":[{"not_picked":["Seeing Red","Sword Boomerang"],"picked":"Perfected Strike","floor":1.0},{"not_picked":["Thunderclap","Warcry"],"picked":"Carnage","floor":3.0},{"not_picked":["Anger","Headbutt"],"picked":"Shrug It Off","floor":5.0},{"not_picked":["Sword Boomerang","Rage"],"picked":"Armaments","floor":7.0},{"not_picked":["Clash","Iron Wave"],"picked":"Demon Form","floor":10},{"not_picked":["Heavy Blade","Body Slam"],"picked":"Disarm","floor":11}],"player_experience":168032,"relics_obtained":[{"floor":7.0,"key":"Odd Mushroom"},{"floor":9.0,"key":"Mercury Hourglass"},{"floor":10,"key":"War Paint"}],"event_choices":[{"cards_removed":["Defend_R"],"damage_healed":0.0,"max_hp_gain":0.0,"max_hp_loss":0.0,"gold_gain":0.0,"event_name":"Golden Wing","player_choice":"Card Removal","floor":2.0,"gold_loss":0.0,"damage_taken":7.0},{"damage_healed":0.0,"max_hp_gain":0.0,"max_hp_loss":0.0,"gold_gain":0.0,"event_name":"Scrap Ooze","player_choice":"Success","floor":4.0,"gold_loss":0.0,"damage_taken":35.0,"relics_obtained":["Pear"]},{"damage_healed":0.0,"max_hp_gain":0.0,"max_hp_loss":0.0,"gold_gain":0.0,"event_name":"Mushrooms","player_choice":"Fought Mushrooms","floor":7.0,"gold_loss":0.0,"damage_taken":0.0},{"cards_removed":["Strike_R"],"damage_healed":0,"gold_gain":0,"player_choice":"Purged","damage_taken":0,"max_hp_gain":0,"max_hp_loss":0,"event_name":"Purifier","floor":12,"gold_loss":0}],"is_beta":false,"boss_relics":[],"items_purged_floors":[],"is_endless":false,"potions_floor_spawned":[1,7],"killed_by":"Gremlin Nob","ascension_level":20}}