{"host":"sim2kxx81cjsn49b","time":1614026103,"event":{"mods":["ATMod(°¢èªMod)","BaseMod","Minty Spire (QoL Compilation)","Reliquary","StSLib","TestMod","Waifu the Spire"],"gold_per_floor":[115,115,115,129,142,169,169,497,497,527,507,518,529,549,549,626,626,638,448,459,359,274,302,302,331,331,358,373,373,392,392,392,392,392,405,405,418,91,107,107,140,140,140,168,168,168,194,37,37,37,37,37,37,37,63,63],"floor_reached":57,"language":"ZHS","playtime":2161,"items_purged":["Defend_G","Defend_G"],"score":3682,"play_id":"d51ed078-216b-4ca8-9e55-7875c42471da","local_time":"20210223043503","is_ascension_mode":true,"campfire_choices":[{"data":"Acrobatics","floor":7.0,"key":"SMITH"},{"data":"Cloak And Dagger","floor":15.0,"key":"SMITH"},{"data":"1","floor":24.0,"key":"LIFT"},{"floor":29.0,"key":"REST"},{"data":"2","floor":32.0,"key":"LIFT"},{"data":"3","floor":40,"key":"LIFT"},{"floor":42,"key":"RECALL"},{"data":"Blade Dance","floor":45,"key":"SMITH"},{"floor":49,"key":"REST"},{"floor":53,"key":"REST"}],"circlet_count":0,"master_deck":["AscendersBane","Strike_G+1","Strike_G","Strike_G+1","Defend_G","Defend_G","Defend_G","Survivor","Neutralize","AT_BreakingExtremeWeapon+1","Acrobatics+1","Tactician+1","Backflip","Calculated Gamble+1","Acrobatics+1","Cloak And Dagger+1","AT_EssenceShift+1","Blade Dance+1","Blade Dance+1","Footwork+1","Dodge and Roll+1","AT_FocusSwordFire+1","AT_ArcaneSupremacy+1","Escape Plan+1"],"relics":["Ring of the Snake","testmod-TestBox","AT_ATBox","testmod-OneHitWonder","NeowsBlessing","reliquary:PrincelyHelmet","Old Coin","Girya","testmod-BloodSacrificeSpiritualization","Regal Pillow","Ancient Tea Set","Gambling Chip","Pear","reliquary:RedPaperclip","Dead Branch","Art of War","Bottled Tornado","Potion Belt","reliquary:OuijaBoard","OrangePellets","Pantograph"],"acts_visited":["Exordium","TheCity","TheBeyond","TheEnding"],"potions_floor_usage":[37,46,56,56],"damage_taken":[{"damage":0.0,"enemies":"2 Louse","floor":1.0,"turns":1.0},{"damage":0.0,"enemies":"Small Slimes","floor":4.0,"turns":1.0},{"damage":0.0,"enemies":"Cultist","floor":5.0,"turns":1.0},{"damage":51.0,"enemies":"Lagavulin","floor":6.0,"turns":9.0},{"damage":0.0,"enemies":"3 Sentries","floor":8.0,"turns":4.0},{"damage":0.0,"enemies":"Lagavulin","floor":10.0,"turns":1.0},{"damage":0.0,"enemies":"2 Fungi Beasts","floor":12.0,"turns":2.0},{"damage":0.0,"enemies":"Red Slaver","floor":13.0,"turns":1.0},{"damage":0.0,"enemies":"Looter","floor":14.0,"turns":1.0},{"damage":0.0,"enemies":"Hexaghost","floor":16.0,"turns":6.0},{"damage":25.0,"enemies":"2 Thieves","floor":18.0,"turns":6.0},{"damage":6.0,"enemies":"Spheric Guardian","floor":20.0,"turns":2.0},{"damage":6.0,"enemies":"Book of Stabbing","floor":23.0,"turns":3.0},{"damage":12.0,"enemies":"Gremlin Leader","floor":25.0,"turns":2.0},{"damage":7.0,"enemies":"Book of Stabbing","floor":27.0,"turns":3.0},{"damage":0.0,"enemies":"Shelled Parasite and Fungi","floor":28.0,"turns":2.0},{"damage":7.0,"enemies":"Centurion and Healer","floor":30.0,"turns":1.0},{"damage":7.0,"enemies":"Collector","floor":33.0,"turns":3.0},{"damage":7,"enemies":"3 Darklings","floor":35,"turns":2},{"damage":7,"enemies":"Orb Walker","floor":37,"turns":1},{"damage":7,"enemies":"3 Darklings","floor":39,"turns":2},{"damage":7,"enemies":"Nemesis","floor":41,"turns":3},{"damage":7,"enemies":"Giant Head","floor":44,"turns":1},{"damage":7,"enemies":"Maw","floor":46,"turns":1},{"damage":7,"enemies":"Reptomancer","floor":47,"turns":2},{"damage":7,"enemies":"Awakened One","floor":50,"turns":3},{"damage":7,"enemies":"Donu and Deca","floor":51,"turns":3},{"damage":7,"enemies":"Shield and Spear","floor":55,"turns":1},{"damage":67,"enemies":"The Heart","floor":56,"turns":9}],"seed_played":"-20732715829911622","potions_obtained":[{"floor":1.0,"key":"SkillPotion"},{"floor":5.0,"key":"FearPotion"},{"floor":10.0,"key":"SpeedPotion"},{"floor":13.0,"key":"testmod-TimePotion"},{"floor":18.0,"key":"SkillPotion"},{"floor":25.0,"key":"PowerPotion"},{"floor":37,"key":"testmod-SpacePotion"},{"floor":44,"key":"testmod-EscapePotion"},{"floor":55,"key":"BlessingOfTheForge"}],"is_trial":false,"path_per_floor":["M","?","?","M","M","E","R","E","T","E","?","M","M","M","R","B",null,"M","$","M","$","?","E","R","E","T","E","M","R","M","?","R","B",null,"M","T","M","$","M","R","E","R","T","E","R","M","E","$","R","B","B",null,"R","$","E","B",null],"character_chosen":"THE_SILENT","items_purchased":["Blade Dance","Footwork","Dead Branch","OrangePellets"],"campfire_rested":3,"item_purchase_floors":[19,19,38,48],"current_hp_per_floor":[59,52,52,52,52,1,1,1,1,1,1,1,1,1,1,1,50,25,25,19,19,19,13,13,1,11,4,4,41,34,34,34,27,64,57,57,50,50,43,43,36,36,36,29,29,22,15,15,52,45,38,67,76,76,69,10],"gold":63,"neow_bonus":"THREE_ENEMY_KILL","is_daily":false,"chose_seed":false,"campfire_upgraded":3,"win_rate":0.0,"timestamp":1614026103,"path_taken":["M","?","?","M","M","E","R","E","T","E","?","M","M","M","R","BOSS","M","$","M","$","?","E","R","E","T","E","M","R","M","?","R","BOSS","M","?","M","$","M","R","E","R","T","E","R","?","E","$","R","BOSS","BOSS","R","$","E","BOSS"],"items_purchased_type":["Card","Card","Relic","Relic"],"build_version":"2020-12-22","purchased_purges":2,"victory":true,"max_hp_per_floor":[66,66,66,66,66,66,66,66,66,66,66,66,66,66,66,66,66,66,66,66,66,66,66,66,66,76,76,76,76,76,76,76,76,76,76,76,76,76,76,76,76,76,76,76,76,76,76,76,76,76,76,76,76,76,76,76],"card_choices":[{"not_picked":["Footwork","AT_WindRun"],"picked":"Acrobatics","floor":1.0},{"not_picked":["Quick Slash","Finisher","Backstab"],"picked":"SKIP","floor":4.0},{"not_picked":["Prepared","Acrobatics","Deadly Poison"],"picked":"SKIP","floor":5.0},{"not_picked":["Predator","AT_ThistleTea"],"picked":"Tactician","floor":6.0},{"not_picked":["Crippling Poison","Deadly Poison"],"picked":"Backflip","floor":8.0},{"not_picked":["Infinite Blades","Choke"],"picked":"Calculated Gamble","floor":10.0},{"not_picked":["Noxious Fumes","Slice","Masterful Stab"],"picked":"SKIP","floor":12.0},{"not_picked":["Bane","Phantasmal Killer"],"picked":"Acrobatics","floor":13.0},{"not_picked":["Slice","Quick Slash"],"picked":"Cloak And Dagger","floor":14.0},{"not_picked":["Venomology","Unload"],"picked":"AT_EssenceShift","floor":16.0},{"not_picked":["Well Laid Plans","Underhanded Strike"],"picked":"Blade Dance","floor":18.0},{"not_picked":["Dagger Spray","AT_WindRun"],"picked":"Dodge and Roll+1","floor":20.0},{"not_picked":["Caltrops","Cloak And Dagger","Dagger Throw"],"picked":"SKIP","floor":23.0},{"not_picked":["Storm of Steel","Flying Knee","Quick Slash"],"picked":"SKIP","floor":25.0},{"not_picked":["Quick Slash","Dodge and Roll+1","Masterful Stab"],"picked":"SKIP","floor":27.0},{"not_picked":["Prepared","Finisher"],"picked":"AT_FocusSwordFire","floor":28.0},{"not_picked":["Die Die Die","Dagger Throw","Acrobatics+1"],"picked":"SKIP","floor":30.0},{"not_picked":["Poisoned Stab","Underhanded Strike"],"picked":"AT_ArcaneSupremacy+1","floor":35},{"not_picked":["Underhanded Strike+1","Acrobatics"],"picked":"Escape Plan","floor":37},{"not_picked":["Dagger Spray","Bane+1","Infinite Blades+1"],"picked":"SKIP","floor":39},{"not_picked":["Deadly Poison","Dodge and Roll","AT_ShadowStep"],"picked":"SKIP","floor":41},{"not_picked":["Slice+1","All Out Attack","Burst"],"picked":"SKIP","floor":44},{"not_picked":["Crippling Poison","Outmaneuver","Dagger Spray+1"],"picked":"SKIP","floor":46},{"not_picked":["AT_TinkerSharpsword+1","Blade Dance","Eviscerate"],"picked":"SKIP","floor":47},{"not_picked":["AT_WindFlip","Slice","PiercingWail"],"picked":"SKIP","floor":55}],"player_experience":638144,"relics_obtained":[{"floor":6.0,"key":"reliquary:PrincelyHelmet"},{"floor":8.0,"key":"Old Coin"},{"floor":9.0,"key":"Girya"},{"floor":10.0,"key":"reliquary:Sod"},{"floor":23.0,"key":"Ancient Tea Set"},{"floor":25.0,"key":"Gambling Chip"},{"floor":26.0,"key":"Pear"},{"floor":27.0,"key":"Whetstone"},{"floor":41,"key":"Art of War"},{"floor":43,"key":"Bottled Tornado"},{"floor":44,"key":"Potion Belt"},{"floor":47,"key":"reliquary:OuijaBoard"},{"floor":55,"key":"Pantograph"}],"event_choices":[{"cards_removed":["Strike_G"],"damage_healed":0.0,"max_hp_gain":0.0,"max_hp_loss":0.0,"gold_gain":0.0,"event_name":"Golden Wing","player_choice":"Card Removal","floor":2.0,"gold_loss":0.0,"damage_taken":7.0},{"damage_healed":0.0,"max_hp_gain":0.0,"max_hp_loss":0.0,"gold_gain":0.0,"event_name":"Liars Game","player_choice":"Ignored","floor":3.0,"gold_loss":0.0,"damage_taken":0.0},{"damage_healed":0.0,"max_hp_gain":0.0,"max_hp_loss":0.0,"gold_gain":0.0,"event_name":"The Woman in Blue","player_choice":"Bought 1 Potion","floor":11.0,"gold_loss":0.0,"damage_taken":0.0},{"damage_healed":0.0,"max_hp_gain":0.0,"max_hp_loss":0.0,"gold_gain":0.0,"event_name":"Addict","player_choice":"Obtained Relic","floor":22.0,"gold_loss":85.0,"damage_taken":0.0,"relics_obtained":["Regal Pillow"]},{"cards_removed":["Strike_G"],"damage_healed":0.0,"max_hp_gain":0.0,"max_hp_loss":0.0,"gold_gain":0.0,"event_name":"Bonfire Elementals","player_choice":"Offered Basic","floor":31.0,"gold_loss":0.0,"damage_taken":0.0}],"is_beta":false,"boss_relics":[{"not_picked":["testmod-Prudence","HoveringKite"],"picked":"testmod-BloodSacrificeSpiritualization"},{"not_picked":["Astrolabe","Snecko Eye"],"picked":"reliquary:RedPaperclip"}],"items_purged_floors":[19,21],"is_endless":false,"potions_floor_spawned":[1,5,6,10,13,18,25,27,28,33,37,44,55],"ascension_level":20}}