{"host":"dslyow1zalefsrv0","time":1614018337,"event":{"mods":["2.2 Compatiblity","Act Like it!","BaseMod","Better Match","Better Note","Better Sensory Stone","Better Third Choice","BetterRewards","Colored Powertips","Googly Eyes","GungeonMod","Hallownest","Hermit","Jorbs\u0027s Wanderer Trilogy","Minty Spire (QoL Compilation)","Potionbrewer","Quick Restart","Rare Cards Sparkle","Replay The Spire","Shop Mod","StSLib","The Bladedancer","The Blue Laboratory","The Bug Knight","The Hierophant","The Necromancer","The Servant 0.9.4","The Wild Card","Wide Potions"],"gold_per_floor":[162,173,189,67,85,115,311,325,325,325,325,325,340,358,358,377,377,480,480,490,415,431,32,48,48,48],"floor_reached":25,"language":"ENG","playtime":3231,"items_purged":["Overencumbered"],"score":207,"play_id":"a8b5f126-e581-44b0-a28c-9feed987ae25","local_time":"20210222122537","is_ascension_mode":false,"campfire_choices":[{"floor":10,"key":"REST"},{"floor":15,"key":"REST"}],"circlet_count":0,"master_deck":["Strike_G","Strike_G","Strike_G","Strike_G+1","Strike_G","Defend_G","Defend_G","Defend_G","Defend_G","Defend_G","Survivor","Neutralize","Dagger Spray","Caltrops","Blade Dance","Noxious Fumes","Cloak And Dagger","Poison Darts","Noxious Fumes+1","Deadly Poison","Poisoned Stab","Burst","Writhe","Hallucinations","Outmaneuver","The Bomb+1","Phantasmal Killer","Noxious Fumes+1"],"relics":["Tiny House","Anchor","DemoMod:GundromedaStrain","Replay:Ancient Bell","Nunchaku","HollowMod:StagPassRelic","DemoMod:BigBoy","ReplayTheSpireMod:Shallot"],"acts_visited":["Exordium","TheCity"],"potions_floor_usage":[6,18,18],"damage_taken":[{"damage":2,"enemies":"2 Louse","floor":1,"turns":2},{"damage":1,"enemies":"Jaw Worm","floor":2,"turns":4},{"damage":2,"enemies":"Cultist","floor":3,"turns":5},{"damage":0,"enemies":"2 Fungi Beasts","floor":5,"turns":2},{"damage":21,"enemies":"Lagavulin","floor":6,"turns":6},{"damage":5,"enemies":"Blue Slaver","floor":8,"turns":5},{"damage":4,"enemies":"Exordium Wildlife","floor":13,"turns":4},{"damage":2,"enemies":"Gremlin Gang","floor":14,"turns":3},{"damage":0,"enemies":"Looter","floor":16,"turns":3},{"damage":44,"enemies":"The Guardian","floor":18,"turns":7},{"damage":24,"enemies":"Spheric Guardian","floor":20,"turns":5},{"damage":0,"enemies":"2 Thieves","floor":22,"turns":1},{"damage":16,"enemies":"Centurion and Healer","floor":24,"turns":5},{"damage":35,"enemies":"Book of Stabbing","floor":25,"turns":4}],"seed_played":"-3476409890096482437","potions_obtained":[{"floor":0,"key":"SmokeBomb"},{"floor":1,"key":"DistilledChaos"},{"floor":6,"key":"blueLaboratory:LouseDecoction"},{"floor":24,"key":"potionbrewer:ToxicPotion"}],"is_trial":false,"path_per_floor":["M","M","M","$","M","E","?","M","T","R","PTL","PTL","M","M","R","M","R","B",null,"M","?","M","$","M","E"],"character_chosen":"THE_SILENT","items_purchased":["Noxious Fumes","blueLaboratory:Moonshine","ReplayTheSpireMod:Shallot","Noxious Fumes"],"campfire_rested":2,"item_purchase_floors":[4,4,23,23],"current_hp_per_floor":[73,72,70,70,70,49,19,14,14,36,36,36,32,30,52,52,74,30,75,51,51,51,51,35,0,0],"gold":48,"neow_bonus":"BOSS_RELIC","is_daily":false,"chose_seed":false,"campfire_upgraded":0,"win_rate":0.0,"timestamp":1614018337,"path_taken":["M","M","M","$","M","E","?","M","T","R","PTL","PTL","M","M","R","M","R","BOSS","M","?","M","$","M","E"],"items_purchased_type":["Card","Potion","Relic","Card"],"build_version":"2020-12-22","purchased_purges":1,"victory":false,"max_hp_per_floor":[75,75,75,75,75,75,75,75,75,75,75,75,75,75,75,75,75,75,75,75,75,75,75,75,75,75],"card_choices":[{"not_picked":["Outmaneuver","Flying Knee"],"picked":"Dagger Spray","floor":0},{"not_picked":["Slice","Hidden Blade"],"picked":"Caltrops","floor":1},{"not_picked":["Outmaneuver","Distraction","Flying Knee"],"picked":"SKIP","floor":2},{"not_picked":["Crippling Poison","Heel Hook"],"picked":"Blade Dance","floor":3},{"not_picked":["Sucker Punch","All Out Attack"],"picked":"Cloak And Dagger","floor":5},{"not_picked":["Cloak And Dagger","Slice"],"picked":"Poison Darts","floor":6},{"not_picked":["PiercingWail","Outmaneuver"],"picked":"Noxious Fumes","floor":8},{"not_picked":["Dagger Throw","Eviscerate"],"picked":"Deadly Poison","floor":13},{"not_picked":["Skewer","PiercingWail","ReplayTheSpireMod:Scrap Shanks"],"picked":"SKIP","floor":14},{"not_picked":["PiercingWail","Cloak And Dagger"],"picked":"Poisoned Stab","floor":16},{"not_picked":["Malaise","Tools of the Trade"],"picked":"Burst","floor":18},{"not_picked":["CurseOfTheBell","Shame"],"picked":"Writhe","floor":19},{"not_picked":["ReplayTheSpireMod:Doomed","Shame"],"picked":"Overencumbered","floor":19},{"not_picked":["Doubt","ReplayTheSpireMod:Restless Dread"],"picked":"Hallucinations","floor":19},{"not_picked":["Hidden Blade+1","Acrobatics"],"picked":"Outmaneuver","floor":20},{"not_picked":["DemoMod:Deposit+1","Magnetism+1"],"picked":"The Bomb+1","floor":21},{"not_picked":["Infinite Blades","Prepared"],"picked":"Phantasmal Killer","floor":22},{"not_picked":["Escape Plan","Distraction","Blade Dance"],"picked":"SKIP","floor":24}],"player_experience":113038,"relics_obtained":[{"floor":6,"key":"Anchor"},{"floor":9,"key":"DemoMod:GundromedaStrain"}],"event_choices":[{"damage_healed":0,"gold_gain":0,"player_choice":"2","damage_taken":0,"max_hp_gain":0,"max_hp_loss":0,"event_name":"betterMatch:BetterMatch","floor":21,"gold_loss":0,"cards_obtained":["betterMatch:ColorlessRareCard","betterMatch:UncommonCard"]}],"is_beta":false,"boss_relics":[{"not_picked":["Empty Cage","Replay:Wanted Poster"],"picked":"Replay:Ancient Bell"},{"not_picked":["potionbrewer:ToyAutogyro","ReplayTheSpireMod:TigerMarble"],"picked":"Nunchaku"},{"not_picked":["DemoMod:OrangeGuonStone","Gremlin Horn"],"picked":"HollowMod:StagPassRelic"},{"not_picked":["DemoMod:Antibody","Bird Faced Urn"],"picked":"DemoMod:BigBoy"}],"items_purged_floors":[23],"is_endless":false,"potions_floor_spawned":[1,5,6,16,24],"killed_by":"Book of Stabbing","ascension_level":0}}