{"host":"da27qkxi6drzokhl","time":1614015684,"event":{"mods":["BaseMod","Colored Powertips","Conspire","Downfall","Googly Eyes","Hermit","Infinite Spire","Minty Spire (QoL Compilation)","Replay The Spire","StSLib","The Animator","The Cursed","The Senshi","The Servant 0.9.4"],"gold_per_floor":[99,110,95,195,195,206,231,251,271,300,317,302,322,322,337,337,337,337],"floor_reached":16,"language":"ENG","playtime":729,"items_purged":[],"score":104,"play_id":"5e8a0b07-f8cb-4381-8675-bb393d056cac","local_time":"20210222184124","is_ascension_mode":false,"campfire_choices":[{"floor":1,"key":"RECALL"}],"circlet_count":0,"master_deck":["Slimebound:Strike_Slimebound","Slimebound:Strike_Slimebound","Slimebound:Strike_Slimebound","Slimebound:Tackle","Slimebound:Defend_Slimebound","Slimebound:Defend_Slimebound","Slimebound:Defend_Slimebound","Slimebound:Defend_Slimebound","Slimebound:Split","Slimebound:CorrosiveSpit","Slimebound:SplitMire","Slimebound:SplitBruiser","Slimebound:Grow","Slimebound:LeechingTouch","Slimebound:Schlurp"],"relics":["m_BurningSludge","Oddly Smooth Stone","Slimebound:AggressiveSlimeRelic","infinitespire:Cubic Diamond"],"acts_visited":["Exordium"],"potions_floor_usage":[],"damage_taken":[{"damage":5,"enemies":"2 Louse","floor":2,"turns":3},{"damage":6,"enemies":"downfall:FleeingMerchant","floor":3,"turns":4},{"damage":6,"enemies":"Jaw Worm","floor":6,"turns":2},{"damage":0,"enemies":"conspire:RoseBush","floor":8,"turns":4},{"damage":10,"enemies":"Blue Slaver","floor":9,"turns":3},{"damage":10,"enemies":"Lagavulin","floor":10,"turns":6},{"damage":12,"enemies":"Red Slaver","floor":11,"turns":3},{"damage":0,"enemies":"downfall:FleeingMerchant","floor":12,"turns":4},{"damage":8,"enemies":"3 Louse","floor":13,"turns":3},{"damage":9,"enemies":"Large Slime","floor":15,"turns":4},{"damage":43,"enemies":"IC_STATUS_ARCHETYPE","floor":16,"turns":8}],"seed_played":"-8159406896837081305","potions_obtained":[{"floor":2,"key":"BlessingOfTheForge"},{"floor":8,"key":"sneckomod:MuddlingPotion"},{"floor":13,"key":"bronze:BurnAndBuffPotion"}],"is_trial":false,"path_per_floor":["R","M","$","?","T","M","T","M","M","E","M","$","M","?","M","B"],"character_chosen":"SLIMEBOUND","items_purchased":[],"campfire_rested":0,"item_purchase_floors":[],"current_hp_per_floor":[71,66,68,68,68,64,64,64,58,54,44,48,42,42,39,0,0,0],"gold":337,"neow_bonus":"TEN_PERCENT_HP_BONUS","is_daily":false,"chose_seed":false,"campfire_upgraded":0,"win_rate":0.0,"timestamp":1614015684,"path_taken":["R","M","$","?","?","M","T","M","M","E","M","?","M","?","M","BOSS"],"items_purchased_type":[],"build_version":"2020-12-22","purchased_purges":0,"victory":false,"max_hp_per_floor":[71,71,71,71,71,71,71,71,71,71,71,71,71,71,71,71,71,71],"card_choices":[{"not_picked":["Slimebound:LivingWall","Slimebound:ProtectTheBoss"],"picked":"Slimebound:SplitMire","floor":2},{"not_picked":["Slimebound:SpikyOuterGoop","Slimebound:Dissolve"],"picked":"Slimebound:SplitBruiser","floor":3},{"not_picked":["Slimebound:SpikyOuterGoop","Slimebound:Chomp","Slimebound:GoopTackle"],"picked":"SKIP","floor":6},{"not_picked":["Slimebound:SplitLeeching","Slimebound:LeechingTouch","Slimebound:LeechEnergy"],"picked":"SKIP","floor":8},{"not_picked":["Slimebound:HauntingLick","Slimebound:LivingWall"],"picked":"Slimebound:Grow","floor":9},{"not_picked":["Slimebound:SplitAcid","Slimebound:SplitBruiser","Slimebound:LeechEnergy"],"picked":"SKIP","floor":10},{"not_picked":["Slimebound:Prepare","Slimebound:RollThrough","Slimebound:ComboTackle"],"picked":"SKIP","floor":11},{"not_picked":["Slimebound:LeechEnergy","Slimebound:Repurpose","Slimebound:ViciousTackle"],"picked":"SKIP","floor":12},{"not_picked":["Slimebound:SamplingLick","Slimebound:SplitBruiser"],"picked":"Slimebound:LeechingTouch","floor":13},{"not_picked":["Slimebound:LivingWall","Slimebound:ItLooksTasty"],"picked":"Slimebound:Schlurp","floor":15}],"player_experience":239018,"relics_obtained":[{"floor":7,"key":"Oddly Smooth Stone"},{"floor":10,"key":"Slimebound:AggressiveSlimeRelic"}],"event_choices":[],"is_beta":false,"boss_relics":[],"items_purged_floors":[],"is_endless":false,"potions_floor_spawned":[2,8,13],"killed_by":"IC_STATUS_ARCHETYPE","ascension_level":0}}