{"host":"gm50ke85n5jz306u","time":1614019179,"event":{"mods":["AchievementEnabler","AlwaysNeverKeys","Aspiration","BaseMod","Bestiary","Better Altar","Better Match","Better Note","Better Sensory Stone","Better Skull","Better Third Choice","Better Vampires","Better-Laid Plans","BetterRewards","Colored Powertips","Curses Come First","DNKmod","Defuse TimeMaze Blight","Disable Question Mark Monsters","Displayed Cursed Tome","Downfall","Emptier Cage","Extra Virgin Snecko Oil","Filter the Spire","Friendly Minions","Gremlin Skip","Hermit","Hubris","Hyrulean Relics","Ironclad Rager","Jorbs\u0027s Wanderer Trilogy","Koishi","Lobotomy","Marisa????????","Marked Mod","Minty Spire (QoL Compilation)","Permanent Neow","Poor People Problems","Quick Restart","Reimu??????","Relic Filter Mod","Relic Sorter","Remilia??????","Remove Card Discount Mod","Reorder Act Four","Replay The Spire","Shop Mod","StSLib","Synergy Search","Td1madao Mod","The Administrix","The Animator","The Blue Laboratory","The Bug Knight","The Construct","The Cursed","The Disciple","The Hierophant","The Necromancer","The Poker Player","The Runesmith","The Senshi","The Servant 0.9.4","Thieving Mod","Transform Curses","WarShipGirlsR/????R mod","Youmu??????"],"gold_per_floor":[10010,10026,10026,10036,10050,10050,9114,9129,9153,9179,8547,8622,8506,8524,8524,8524,8524],"floor_reached":16,"language":"ENG","playtime":1390,"items_purged":[],"score":102,"play_id":"29bcdd2f-39f2-46cd-9253-75446e1a1719","local_time":"20210222193939","is_ascension_mode":false,"campfire_choices":[{"data":"Shade_Step","floor":6,"key":"SMITH"},{"data":"Cloudkill","floor":15,"key":"SMITH"}],"circlet_count":0,"master_deck":["Strike_W","Strike_W","Strike_W","Strike_W","Defend_W","Defend_W","Defend_W","Defend_W","Negative_Energy_Arrows","Bone_Wall","Negative_Energy_Shield","Shade_Step+1","Strike_from_Beyond","Bones_to_Steel","Stop_Heart","Negative_Energy_Javelin","Finger_Of_Death","Cloudkill+1","Cloudkill","Negative_Energy_Javelin","Summon_Vampire_Lady","Summon_Undead_Army","Vampiric_Strike","Toxic_Smoke_Screen"],"relics":["Vampire_Amulet","MerchantsRug","Medical Kit","hubris:PeanutButter","Potion Belt","Gremlin Food","Toy Ornithopter","OrangePellets"],"acts_visited":["Exordium"],"potions_floor_usage":[5,16],"damage_taken":[{"damage":0.0,"enemies":"Jaw Worm","floor":1.0,"turns":4.0},{"damage":0.0,"enemies":"Cultist","floor":2.0,"turns":3.0},{"damage":1.0,"enemies":"2 Louse","floor":4.0,"turns":3.0},{"damage":10,"enemies":"Exordium Thugs","floor":5,"turns":7},{"damage":0,"enemies":"Large Slime","floor":8,"turns":6},{"damage":23,"enemies":"Lagavulin","floor":10,"turns":7},{"damage":3,"enemies":"Looter","floor":14,"turns":4},{"damage":49,"enemies":"Slime Boss","floor":16,"turns":6}],"seed_played":"4437957511432114425","potions_obtained":[{"floor":1.0,"key":"FearPotion"},{"floor":5,"key":"Adrenaline Potion"}],"is_trial":false,"path_per_floor":["M","M","?","M","M","R","$","M","T","E","$","?","$","M","R","B"],"character_chosen":"NECROMANCER","items_purchased":["Potion Belt","hubris:PeanutButter","Medical Kit","MerchantsRug","Negative_Energy_Javelin","Finger_Of_Death","Cloudkill","Cloudkill","Negative_Energy_Javelin","OrangePellets","Adrenaline Potion","Energy Potion","Dexterity Potion","Summon_Vampire_Lady","Summon_Undead_Army","Vampiric_Strike"],"campfire_rested":0,"item_purchase_floors":[7,7,7,7,7,7,7,11,11,11,11,11,11,11,13,13],"current_hp_per_floor":[75,75,75,75,69,69,69,73,73,52,52,41,41,42,42,0,0],"gold":8524,"neow_bonus":"THREE_CARDS","is_daily":false,"chose_seed":false,"campfire_upgraded":2,"win_rate":0.0,"timestamp":1614019179,"path_taken":["M","M","?","M","M","R","$","?","T","E","$","?","?","M","R","BOSS"],"items_purchased_type":["Relic","Relic","Relic","Relic","Card","Card","Card","Card","Card","Relic","Potion","Potion","Potion","Card","Card","Card"],"build_version":"2020-12-22","purchased_purges":0,"victory":false,"max_hp_per_floor":[75,75,75,75,75,75,75,75,75,75,75,75,75,75,75,75,75],"card_choices":[{"not_picked":["Consume_Illness","Blood_for_Blood"],"picked":"Negative_Energy_Shield","floor":0.0},{"not_picked":["Bone_Spikes","Scare"],"picked":"Shade_Step","floor":1.0},{"not_picked":["Bone_Armor","Consume_Illness"],"picked":"Strike_from_Beyond","floor":2.0},{"not_picked":["Death_March_Dance","Blood_Whip"],"picked":"Bones_to_Steel","floor":4.0},{"not_picked":["Life_Tap","Shackles_Of_Pain"],"picked":"Stop_Heart","floor":5},{"not_picked":["Shade_Step","Death_March_Dance","Negative_Energy_Mist"],"picked":"SKIP","floor":8},{"not_picked":["Consume_Illness","Negative_Energy_Mist","Deaths_Shadow"],"picked":"SKIP","floor":10},{"not_picked":["Bone_Armor","Death_March_Dance"],"picked":"Toxic_Smoke_Screen","floor":14}],"player_experience":395633,"relics_obtained":[{"floor":9,"key":"Gremlin Food"},{"floor":10,"key":"Toy Ornithopter"}],"event_choices":[{"damage_healed":0,"gold_gain":75,"player_choice":"Gold","damage_taken":11,"max_hp_gain":0,"max_hp_loss":0,"event_name":"betterThird:BetterGoop","floor":12,"gold_loss":0}],"is_beta":false,"boss_relics":[],"items_purged_floors":[],"is_endless":false,"potions_floor_spawned":[1,5],"killed_by":"Slime Boss","ascension_level":0}}