{"host":"2haferq23ht5nrlk","time":1614013725,"event":{"mods":["ATMod(阿瑾Mod)","Act Like it!","Arknights","Aspiration","BaseMod","BetterRewards","Colored Powertips","Conspire","Dota2Spire","KomeijiMod","Lobotomy","LobotomyExtend","Minty Spire (QoL Compilation)","Quick Restart","Relic Filter Mod","Relic Stats","Reliquary","Replay The Spire","Spicy Shops","StSLib","TestMod","The Cursed","UnlockEverythingMod","【遗物卡牌】REMEMod"],"gold_per_floor":[116,126,19,35,35,66,66,66,66,66,83,6,6,6,6,103,103,121,121,49,62,72,72,107,121,200,227,227,255,255,255],"floor_reached":30,"language":"ZHS","playtime":1423,"items_purged":[],"score":304,"play_id":"70d76e45-2988-4031-b809-bcf7a0d74e34","local_time":"20210223010845","is_ascension_mode":true,"campfire_choices":[{"data":"ats:Sunburst","floor":7,"key":"SMITH"},{"data":"AT_ShadowStep","floor":10,"key":"SMITH"},{"floor":15,"key":"RECALL"},{"data":"AT_ShadowStep+1","floor":23,"key":"SMITH"}],"circlet_count":0,"master_deck":["ats:Strike C","ats:Strike G","ats:Strike S","ats:Strike V","ats:Armor Crushing Shot","ats:Defend","ats:Defend","ats:Defend","ats:Defend","ats:Emotion Absorption","AT_ShadowStep+2","ats:Fractured Body","RedShoes","ats:Sunburst+1","ats:Leaping Hammer","OSAHOGD","ats:Blood Oath","OldLady","ats:Soul Rend","Scorched","ats:Assault Order","VoidDream","ats:Shadow Assault","LittleHelper","ats:Counter Healing Mode","ats:Leaping Hammer","Porccubus","ats:Chain Hook","Murderer","ats:Durian","ats:Flexible Camouflage","ats:Powerful Strike","ats:Directed Diagnosis","BlackArmy","QueenOfHatred","ats:Hammer On+1"],"relics":["ats:Sanity","AT_ATBox","testmod-TestBox","CogitoBucket","testmod-AssaultLearning","LetterFromLob","conspire:InfiniteJournal","ats:Bonebreaker","ats:Originium","testmod-ConstraintPeriapt","AT_ATBox","Dota2Spire:UrnOfShadows","testmod-Fanaticism","ChangeAnything","Dota2Spire:HeartOfTarrasque","Pantograph","reliquary:QuartzCube","ShirouKen","MutagenicStrength","ReplayFunnel"],"acts_visited":["Exordium","TheCity"],"potions_floor_usage":[6,6,24,27,29],"damage_taken":[{"damage":1.0,"enemies":"Jaw Worm","floor":1.0,"turns":3.0},{"damage":2.0,"enemies":"Small Slimes","floor":2.0,"turns":2.0},{"damage":0,"enemies":"2 Louse","floor":4,"turns":3},{"damage":23,"enemies":"Lagavulin","floor":6,"turns":5},{"damage":9,"enemies":"2 Fungi Beasts","floor":11,"turns":3},{"damage":70,"enemies":"The Guardian","floor":16,"turns":9},{"damage":113,"enemies":"Shell Parasite","floor":18,"turns":8},{"damage":37,"enemies":"2 Thieves","floor":21,"turns":3},{"damage":11,"enemies":"3 Cultists","floor":22,"turns":4},{"damage":97,"enemies":"conspire:Head Lice","floor":24,"turns":5},{"damage":16,"enemies":"Centurion and Healer","floor":25,"turns":2},{"damage":45,"enemies":"REME_1_Revenger","floor":27,"turns":3},{"damage":105,"enemies":"conspire:MimicChest","floor":29,"turns":5},{"damage":21,"enemies":"Replay:Snechameleon","floor":30,"turns":2}],"seed_played":"-7872097529293027970","potions_obtained":[{"floor":1.0,"key":"AttackPotion"},{"floor":6,"key":"Fruit Juice"},{"floor":24,"key":"EntropicBrew"},{"floor":27,"key":"Explosive Potion"}],"is_trial":false,"path_per_floor":["M","M","$","M","?","E","R","?","T","R","M","$","?","$","R","B",null,"M","?","$","M","M","R","E","M","T","E","?","?","E"],"character_chosen":"DOCTOR_CLASS","items_purchased":["conspire:InfiniteJournal","ats:Leaping Hammer","Dota2Spire:UrnOfShadows","ats:Leaping Hammer"],"campfire_rested":0,"item_purchase_floors":[3,3,12,20],"current_hp_per_floor":[71,69,69,69,66,51,51,51,51,51,48,48,63,63,63,10,77,77,85,85,85,77,77,85,85,85,54,54,60,50,50],"gold":255,"neow_bonus":"","is_daily":false,"chose_seed":false,"campfire_upgraded":3,"win_rate":0.0,"timestamp":1614013725,"path_taken":["M","M","$","M","?","E","R","?","T","R","M","$","?","?","R","BOSS","M","?","$","M","?","R","E","M","T","E","?","?","E"],"items_purchased_type":["Relic","Card","Relic","Card"],"build_version":"2020-12-22","purchased_purges":0,"victory":false,"max_hp_per_floor":[72,72,72,72,72,77,77,77,77,77,77,77,77,77,77,77,77,77,85,85,85,85,85,85,85,85,85,85,85,85,85],"relic_stats":{"counters":[15,58],"Pantograph":0,"obtain_stats":[{"ReplayFunnel":29,"AT_ATBox":0,"testmod-TestBox":0,"Dota2Spire:UrnOfShadows":12,"ShirouKen":27,"Dota2Spire:HeartOfTarrasque":19,"testmod-ConstraintPeriapt":6,"reliquary:QuartzCube":26,"conspire:InfiniteJournal":3,"testmod-Fanaticism":17,"CogitoBucket":0,"ats:Originium":6,"testmod-AssaultLearning":0,"Pantograph":24,"MutagenicStrength":28,"LetterFromLob":1,"ats:Sanity":0,"ats:Bonebreaker":5,"ChangeAnything":18,"REME_ComplimentaryCards":0},{"ReplayFunnel":14,"AT_ATBox":0,"testmod-TestBox":0,"Dota2Spire:UrnOfShadows":5,"ShirouKen":13,"Dota2Spire:HeartOfTarrasque":8,"testmod-ConstraintPeriapt":4,"reliquary:QuartzCube":12,"conspire:InfiniteJournal":2,"testmod-Fanaticism":6,"CogitoBucket":0,"ats:Originium":4,"testmod-AssaultLearning":0,"Pantograph":11,"MutagenicStrength":13,"LetterFromLob":1,"ats:Sanity":0,"ats:Bonebreaker":3,"ChangeAnything":8,"REME_ComplimentaryCards":0},{"ReplayFunnel":56,"AT_ATBox":0,"testmod-TestBox":0,"Dota2Spire:UrnOfShadows":16,"ShirouKen":51,"Dota2Spire:HeartOfTarrasque":34,"testmod-ConstraintPeriapt":13,"reliquary:QuartzCube":48,"conspire:InfiniteJournal":5,"testmod-Fanaticism":25,"CogitoBucket":0,"ats:Originium":13,"testmod-AssaultLearning":0,"Pantograph":46,"MutagenicStrength":51,"LetterFromLob":3,"ats:Sanity":0,"ats:Bonebreaker":8,"ChangeAnything":34,"REME_ComplimentaryCards":0}]},"card_choices":[{"not_picked":["Murderer","MHz"],"picked":"RedShoes","floor":1.0},{"not_picked":["ats:Blood Oath","ats:Flexible Camouflage"],"picked":"ats:Sunburst","floor":1.0},{"not_picked":["ats:Literary Storm","ats:Thorns"],"picked":"ats:Guard Mode","floor":2},{"not_picked":["DreamingCurrent","MHz"],"picked":"OSAHOGD","floor":4},{"not_picked":["ats:Poison Spread","ats:Explosion Area Strengthen"],"picked":"ats:Blood Oath","floor":4},{"not_picked":["Murderer","UniverseFragment"],"picked":"OldLady","floor":6},{"not_picked":["ats:Shell Defense","ats:Sashimi Platter"],"picked":"ats:Soul Rend","floor":6},{"not_picked":["GalaxyChild","Wellcheers"],"picked":"Scorched","floor":11},{"not_picked":["ats:Automatic Cover","ats:Curse Doll"],"picked":"ats:Assault Order","floor":11},{"not_picked":["Woodsman","Bloodbath"],"picked":"VoidDream","floor":16},{"not_picked":["ats:Nebulous Foxfire","ats:Calcification"],"picked":"ats:Shadow Assault","floor":16},{"not_picked":["ShyLook","BlueStar"],"picked":"LittleHelper","floor":18},{"not_picked":["ats:Thorns","ats:Poison Spread"],"picked":"ats:Counter Healing Mode","floor":18},{"not_picked":["Yin","Bloodbath","MeatLantern"],"picked":"Singing Bowl","floor":21},{"not_picked":["BigBadWolf","GalaxyChild"],"picked":"Porccubus","floor":21},{"not_picked":["ats:Apocalypse+1","ats:Rapid Magazine"],"picked":"ats:Chain Hook","floor":21},{"not_picked":["Mercenary","SpiderBud"],"picked":"Murderer","floor":22},{"not_picked":["ats:Counter Healing Mode","ats:Song Of Battle"],"picked":"ats:Durian","floor":22},{"not_picked":["ats:Poison Spread","ats:Sword Rain+1"],"picked":"ats:Flexible Camouflage","floor":24},{"not_picked":["ats:Apocalypse","ats:Poison Spread+1"],"picked":"ats:Powerful Strike","floor":25},{"not_picked":["ats:Explosion Area Strengthen","ats:Powerful Strike"],"picked":"ats:Directed Diagnosis","floor":27},{"not_picked":["SilentOrchestra","Woodsman","MeatLantern"],"picked":"Singing Bowl","floor":27},{"not_picked":["BigBadWolf","LongBird"],"picked":"BlackArmy","floor":27},{"not_picked":["DespairKnight","MHz"],"picked":"QueenOfHatred","floor":29},{"not_picked":["ats:Chain Hook","ats:Poison Spread"],"picked":"ats:Hammer On+1","floor":29}],"player_experience":32825,"relics_obtained":[{"floor":1.0,"key":"LetterFromLob"},{"floor":6,"key":"ats:Originium"},{"floor":6,"key":"testmod-ConstraintPeriapt"},{"floor":24,"key":"ats:Originium"},{"floor":24,"key":"Pantograph"},{"floor":26,"key":"reliquary:QuartzCube"},{"floor":27,"key":"ats:Originium"},{"floor":27,"key":"ShirouKen"},{"floor":29,"key":"ReplayFunnel"}],"event_choices":[{"damage_healed":0,"gold_gain":0,"player_choice":"Success","damage_taken":3,"relics_obtained":["ats:Bonebreaker"],"max_hp_gain":0,"max_hp_loss":0,"event_name":"Scrap Ooze","floor":5,"gold_loss":0},{"damage_healed":0,"gold_gain":0,"player_choice":"Swap Relic","damage_taken":0,"relics_obtained":["AT_ATBox"],"max_hp_gain":0,"max_hp_loss":0,"event_name":"给自己的盒子","floor":8,"relics_lost":["REME_ComplimentaryCards"],"gold_loss":0},{"cards_removed":["ats:Guard Mode"],"damage_healed":0,"gold_gain":0,"player_choice":"Gave Card","damage_taken":0,"relics_obtained":["Dota2Spire:HeartOfTarrasque"],"max_hp_gain":0,"max_hp_loss":0,"event_name":"WeMeetAgain","floor":19,"gold_loss":0},{"damage_healed":0,"gold_gain":0,"player_choice":"Inject Mutagens","damage_taken":0,"relics_obtained":["MutagenicStrength"],"max_hp_gain":0,"max_hp_loss":0,"event_name":"Drug Dealer","floor":28,"gold_loss":0}],"is_beta":false,"boss_relics":[{"not_picked":["ChewingGum","REME_LowDesire"],"picked":"testmod-Fanaticism"}],"items_purged_floors":[],"is_endless":false,"potions_floor_spawned":[1,6,24,25,27],"killed_by":"Replay:Snechameleon","ascension_level":1}}