{"host":"ssceekdvsvld625r","time":1614014350,"event":{"mods":["AchievementEnabler","BaseMod","Better Third Choice","Block Reminder","Colored Map","Colored Powertips","Downfall","Minty Spire (QoL Compilation)","Permanent Neow","Quick Restart","Rare Cards Sparkle","Relic Stats","Reliquary","Replay The Spire","Shop Mod","StSLib"],"gold_per_floor":[111,111,111,39,57,71,71,100,126,126,126,89,130,148,148,278,278,299,74,97,116,139,139,119,119,119,19,19,19,19,19,35,76,76,206,206,222,245,58,58,74,74,74,90,90,106,106,106,66,25,25,25,25,25,25,25,25],"floor_reached":56,"language":"ENG","playtime":3805,"items_purged":["Time Bomb+1","Strike_B"],"score":745,"play_id":"6f1a8313-75b4-49e2-9925-46b12be535ee","local_time":"20210222101910","is_ascension_mode":true,"campfire_choices":[{"data":"Time Bomb","floor":7,"key":"SMITH"},{"data":"Loop","floor":10,"key":"SMITH"},{"data":"Ball Lightning","floor":15,"key":"SMITH"},{"data":"Electrodynamics","floor":23,"key":"SMITH"},{"data":"Self Repair","floor":25,"key":"SMITH"},{"data":"Self Repair","floor":28,"key":"SMITH"},{"floor":34,"key":"REST"},{"floor":42,"key":"REST"},{"floor":51,"key":"RECALL"},{"data":"Specialist","floor":54,"key":"SMITH"}],"circlet_count":0,"master_deck":["Strike_B","Strike_B","Defend_B","Defend_B","Zap+1","Dualcast","Hello World+1","Turbo+1","Melter+1","Self Repair+1","Ball Lightning+1","Loop+1","Self Repair+1","Cold Snap","Electrodynamics+1","Redo","Ball Lightning+1","Self Repair","Machine Learning","ReplayTheSpireMod:IOU","Specialist+1","Capacitor","Defragment+1","Glacier"],"relics":["PreservedInsect","Replay:Rubber Ducky","Inserter","Replay:Antivirus Software","Iron Hammer","reliquary:Craggleroot","MerchantsRug","reliquary:FingerTrap","Lantern","DataDisk"],"acts_visited":["Exordium","TheCity","TheBeyond","TheEnding"],"potions_floor_usage":[8,13,14,16,22,32,35,52,56],"damage_taken":[{"damage":1,"enemies":"Cultist","floor":1,"turns":3},{"damage":0,"enemies":"2 Louse","floor":5,"turns":3},{"damage":9,"enemies":"Jaw Worm","floor":6,"turns":3},{"damage":10,"enemies":"3 Sentries","floor":8,"turns":3},{"damage":21,"enemies":"Lagavulin","floor":13,"turns":4},{"damage":4,"enemies":"Exordium Wildlife","floor":14,"turns":5},{"damage":22,"enemies":"Hexaghost","floor":16,"turns":7},{"damage":5,"enemies":"Chosen","floor":18,"turns":5},{"damage":14,"enemies":"2 Thieves","floor":20,"turns":4},{"damage":23,"enemies":"Snake Plant","floor":21,"turns":5},{"damage":26,"enemies":"Cultist and Chosen","floor":22,"turns":6},{"damage":5,"enemies":"Snecko","floor":32,"turns":5},{"damage":39,"enemies":"Replay:Snechameleon","floor":33,"turns":5},{"damage":45,"enemies":"Collector","floor":35,"turns":9},{"damage":8,"enemies":"3 Shapes","floor":37,"turns":4},{"damage":57,"enemies":"3 Darklings","floor":38,"turns":4},{"damage":48,"enemies":"4 Shapes","floor":41,"turns":6},{"damage":3,"enemies":"Sphere and 2 Shapes","floor":44,"turns":4},{"damage":28,"enemies":"Jaw Worm Horde","floor":46,"turns":3},{"damage":75,"enemies":"Time Eater","floor":52,"turns":11},{"damage":101,"enemies":"Shield and Spear","floor":56,"turns":3}],"seed_played":"5590092260734438215","potions_obtained":[{"floor":1,"key":"Block Potion"},{"floor":3,"key":"AttackPotion"},{"floor":3,"key":"Strength Potion"},{"floor":8,"key":"Weak Potion"},{"floor":16,"key":"Ancient Potion"},{"floor":21,"key":"Venom Potion"},{"floor":22,"key":"sneckomod:MuddlingPotion"},{"floor":24,"key":"PotionOfCapacity"},{"floor":33,"key":"SpeedPotion"},{"floor":38,"key":"PotionOfCapacity"},{"floor":41,"key":"Ancient Potion"}],"is_trial":false,"path_per_floor":["M","?","?","$","M","M","R","E","T","R","?","$","E","M","R","B",null,"M","$","M","M","M","R","?","R","T","$","R","PTL","PTL","$","M","E","R","B",null,"M","M","$","?","M","R","T","M","T","M","?","$","?","$","R","B",null,"R","$","E"],"character_chosen":"DEFECT","items_purchased":["Self Repair","Self Repair","Replay:Antivirus Software","MerchantsRug","reliquary:FingerTrap","DataDisk"],"campfire_rested":2,"item_purchase_floors":[4,12,19,39,39,50],"current_hp_per_floor":[74,74,74,74,75,73,73,70,70,70,69,69,62,65,65,57,69,69,69,69,60,48,48,48,48,48,48,48,48,48,48,63,44,67,49,79,79,52,52,52,31,54,54,79,79,79,79,79,79,79,79,31,79,79,79,0,0],"gold":25,"neow_bonus":"BOSS_RELIC","is_daily":false,"chose_seed":false,"campfire_upgraded":7,"win_rate":0.0,"timestamp":1614014350,"path_taken":["M","?","?","$","?","M","R","E","T","R","?","?","E","M","R","BOSS","M","$","M","?","M","R","?","R","T","$","R","PTL","PTL","?","?","E","R","BOSS","M","M","$","?","M","R","?","M","T","?","?","$","?","$","R","BOSS","R","$","E"],"items_purchased_type":["Card","Card","Relic","Relic","Relic","Relic"],"build_version":"2020-12-22","purchased_purges":2,"victory":false,"max_hp_per_floor":[75,75,75,75,75,75,75,75,75,75,69,69,69,69,69,69,69,69,69,69,69,69,69,69,69,69,69,69,69,69,69,69,79,79,79,79,79,79,79,79,79,79,79,79,79,79,79,79,79,79,79,79,79,79,79,79,79],"relic_stats":{"Inserter":[35],"counters":[21,101],"PreservedInsect":132,"obtain_stats":[{"MerchantsRug":39,"Lantern":43,"Inserter":17,"Pear":33,"Golden Idol":11,"Astrolabe":0,"PreservedInsect":9,"Replay:Rubber Ducky":13,"DataDisk":50,"reliquary:Craggleroot":36,"Iron Hammer":26,"reliquary:FingerTrap":39,"Replay:Wax Seal":8,"Replay:Antivirus Software":19,"Cracked Core":0},{"MerchantsRug":16,"Lantern":17,"Inserter":7,"Pear":13,"Golden Idol":4,"Astrolabe":0,"PreservedInsect":4,"Replay:Rubber Ducky":5,"DataDisk":19,"reliquary:Craggleroot":14,"Iron Hammer":11,"reliquary:FingerTrap":16,"Replay:Wax Seal":4,"Replay:Antivirus Software":8,"Cracked Core":0},{"MerchantsRug":74,"Lantern":80,"Inserter":28,"Pear":58,"Golden Idol":12,"Astrolabe":0,"PreservedInsect":12,"Replay:Rubber Ducky":16,"DataDisk":87,"reliquary:Craggleroot":67,"Iron Hammer":48,"reliquary:FingerTrap":74,"Replay:Wax Seal":12,"Replay:Antivirus Software":33,"Cracked Core":0}]},"card_choices":[{"not_picked":["Sweeping Beam","Blizzard"],"picked":"Time Bomb","floor":1},{"not_picked":["Turbo","Conserve Battery"],"picked":"Ball Lightning","floor":5},{"not_picked":["Gash","Leap","Streamline"],"picked":"SKIP","floor":6},{"not_picked":["Sweeping Beam","Chaos"],"picked":"Loop","floor":8},{"not_picked":["ReplayGash","Blizzard","ReplayTheSpireMod:Reroute Power"],"picked":"SKIP","floor":13},{"not_picked":["Fusion","BasicCrystalCard"],"picked":"Cold Snap","floor":14},{"not_picked":["Machine Learning","Core Surge"],"picked":"Electrodynamics","floor":16},{"not_picked":["Streamline","Stack"],"picked":"Redo","floor":18},{"not_picked":["Steam","Cold Snap","Conserve Battery"],"picked":"SKIP","floor":20},{"not_picked":["ReplayTheSpireMod:Repulse+1","Leap"],"picked":"Ball Lightning+1","floor":21},{"not_picked":["Conserve Battery","ReplayTheSpireMod:Reroute Power","Skim"],"picked":"SKIP","floor":22},{"not_picked":["Coolheaded","Go for the Eyes","Steam"],"picked":"SKIP","floor":32},{"not_picked":["Consume","Steam Power"],"picked":"Self Repair","floor":33},{"not_picked":["All For One","Buffer"],"picked":"Machine Learning","floor":35},{"not_picked":["ReplayGash+1","Beam Cell+1","Hologram+1"],"picked":"SKIP","floor":37},{"not_picked":["Conserve Battery","Fusion","Gash+1"],"picked":"SKIP","floor":38},{"not_picked":["ReplayTheSpireMod:Private Reserves","Jack Of All Trades"],"picked":"Specialist","floor":40},{"not_picked":["Tempest","Undo"],"picked":"Capacitor","floor":41},{"not_picked":["Panic Button","Gash+1"],"picked":"Defragment","floor":44},{"not_picked":["Cold Snap","Compile Driver"],"picked":"Glacier","floor":46}],"player_experience":84666,"relics_obtained":[{"floor":8,"key":"Replay:Wax Seal"},{"floor":9,"key":"PreservedInsect"},{"floor":13,"key":"Replay:Rubber Ducky"},{"floor":26,"key":"Iron Hammer"},{"floor":33,"key":"Pear"},{"floor":43,"key":"Lantern"}],"event_choices":[{"damage_healed":0,"gold_gain":0,"player_choice":"Grow","damage_taken":0,"max_hp_gain":0,"max_hp_loss":0,"event_name":"Living Wall","floor":2,"gold_loss":0,"cards_upgraded":["Zap"]},{"damage_healed":0,"gold_gain":0,"player_choice":"Got Potions","damage_taken":0,"max_hp_gain":0,"max_hp_loss":0,"event_name":"Lab","floor":3,"gold_loss":0},{"damage_healed":0,"gold_gain":0,"player_choice":"Lose Max HP","damage_taken":0,"relics_obtained":["Golden Idol"],"max_hp_gain":0,"max_hp_loss":6,"event_name":"Golden Idol","floor":11,"gold_loss":0},{"damage_healed":0,"gold_gain":0,"player_choice":"Bought 1 Potion","damage_taken":0,"max_hp_gain":0,"max_hp_loss":0,"event_name":"The Woman in Blue","floor":24,"gold_loss":0},{"damage_healed":0,"gold_gain":0,"player_choice":"Memory 1","damage_taken":0,"max_hp_gain":0,"max_hp_loss":0,"event_name":"SensoryStone","floor":40,"gold_loss":0},{"damage_healed":0,"gold_gain":0,"player_choice":"Ignored","damage_taken":0,"max_hp_gain":0,"max_hp_loss":0,"event_name":"Tomb of Lord Red Mask","floor":47,"gold_loss":0},{"damage_healed":0,"gold_gain":0,"player_choice":"Upgrade","damage_taken":0,"max_hp_gain":0,"max_hp_loss":0,"event_name":"Designer","floor":49,"gold_loss":40,"cards_upgraded":["Defragment"]}],"is_beta":false,"boss_relics":[{"not_picked":["Ectoplasm","reliquary:KinkedSpring"],"picked":"Inserter"},{"not_picked":["ReplayTheSpireMod:DimensionalGlitch","Runic Pyramid"],"picked":"reliquary:Craggleroot"}],"items_purged_floors":[19,27],"is_endless":false,"potions_floor_spawned":[1,5,8,16,21,22,33,38,41,46],"killed_by":"Shield and Spear","ascension_level":3}}