{"host":"xp5rvh2jwe2ejyfm","time":1614002900,"event":{"mods":["2.2 Compatiblity","Aspiration","Bard","BaseMod","Beaked The Cultist","Better Altar","Better Match","Better Note","Better Sensory Stone","Better Skull","BetterRewards","Colored Powertips","Conspire","Downfall","GifTheSpireLib","Gremlin Mod","GungeonMod","Hermit","Hubris","Jorbs\u0027s Wanderer Trilogy","Mad Scientist","Minty Spire (QoL Compilation)","Potionbrewer","Quick Restart","Replay The Spire","Robot Space Explorer","Shade Mod","Somnambulant","StSLib","The Bug Knight","The Clintock","The Construct","The Cursed","The Disciple","The Forsaken","The Hierophant","The Marked","The Mystic","The Necromancer","The Runesmith","The Servant 0.9.4","The Valiant","The Witch","TheFirefly","TheVacant","thorton"],"gold_per_floor":[113,8,20,38,48,79,79,79,104,104,179,36,56,56,56,56,56],"floor_reached":16,"language":"ENG","playtime":379,"items_purged":[],"score":100,"play_id":"66c67e5b-d509-4bde-bcbc-447af83c03a5","local_time":"20210222090820","is_ascension_mode":false,"campfire_choices":[{"floor":7,"key":"REST"},{"floor":10,"key":"RECALL"},{"floor":15,"key":"REST"}],"circlet_count":0,"master_deck":["MadScienceMod:Strike_MadScience","MadScienceMod:Strike_MadScience","MadScienceMod:Strike_MadScience","MadScienceMod:Strike_MadScience","MadScienceMod:Defend_MadScience","MadScienceMod:Defend_MadScience","MadScienceMod:Defend_MadScience","MadScienceMod:Defend_MadScience","MadScienceMod:PoweredStrike","MadScienceMod:HideBehindJunk","MadScienceMod:AcidSpray","MadScienceMod:PowerArmor","MadScienceMod:SelfDestruct","MadScienceMod:FlexibleSpear","MadScienceMod:FlameCannon","MadScienceMod:RecyclingStation","MadScienceMod:RadioactiveSword","Injury","MadScienceMod:PowerArmor+1","MadScienceMod:ImposingConstruct+1","MadScienceMod:RecyclingStation+1"],"relics":["MadScienceMod:FuelTank","theForsaken:Lifeblossom","Toxic Egg 2","Frozen Egg 2","MadScienceMod:ExhaustVents"],"acts_visited":["Exordium"],"potions_floor_usage":[6,6],"damage_taken":[{"damage":5,"enemies":"2 Louse","floor":1,"turns":3},{"damage":0,"enemies":"Jaw Worm","floor":3,"turns":4},{"damage":6,"enemies":"Cultist","floor":4,"turns":2},{"damage":11,"enemies":"Looter","floor":5,"turns":2},{"damage":32,"enemies":"Lagavulin","floor":6,"turns":5},{"damage":12,"enemies":"3 Louse","floor":13,"turns":2},{"damage":69,"enemies":"Slime Boss","floor":16,"turns":9}],"seed_played":"9052624450088472588","potions_obtained":[{"floor":4,"key":"Fire Potion"},{"floor":5,"key":"DuplicationPotion"},{"floor":6,"key":"potionbrewer:AcidPotion"}],"is_trial":false,"path_per_floor":["M","$","M","M","M","E","R","?","T","R","?","$","M","?","R","B"],"character_chosen":"MAD_SCIENTIST","items_purchased":["MadScienceMod:PowerArmor","MadScienceMod:SelfDestruct","MadScienceMod:PowerArmor+1","MadScienceMod:ImposingConstruct+1"],"campfire_rested":2,"item_purchase_floors":[2,2,12,12],"current_hp_per_floor":[72,72,75,69,61,35,57,57,57,57,46,46,37,37,59,0,0],"gold":56,"neow_bonus":"RANDOM_COMMON_RELIC","is_daily":false,"chose_seed":false,"campfire_upgraded":0,"win_rate":0.0,"timestamp":1614002900,"path_taken":["M","$","M","M","M","E","R","?","T","R","?","$","M","?","R","BOSS"],"items_purchased_type":["Card","Card","Card","Card"],"build_version":"2020-12-22","purchased_purges":0,"victory":false,"max_hp_per_floor":[75,75,75,75,75,75,75,75,75,75,75,75,75,75,75,75,75],"card_choices":[{"not_picked":["MadScienceMod:FumeBlast","MadScienceMod:EnergyBarrier"],"picked":"MadScienceMod:AcidSpray","floor":1},{"not_picked":["MadScienceMod:Strafe","MadScienceMod:Refuel"],"picked":"MadScienceMod:FlexibleSpear","floor":3},{"not_picked":["MadScienceMod:LightOnFire","MadScienceMod:MechanicalClaw"],"picked":"MadScienceMod:FlameCannon","floor":4},{"not_picked":["MadScienceMod:RadioactiveSword","MadScienceMod:ShrinkRay"],"picked":"MadScienceMod:RecyclingStation","floor":5},{"not_picked":["MadScienceMod:MindControlBeam+1","MadScienceMod:Assemble+1"],"picked":"MadScienceMod:RadioactiveSword","floor":6},{"not_picked":["MadScienceMod:JunkLaser","MadScienceMod:ShrinkRay+1"],"picked":"MadScienceMod:RecyclingStation+1","floor":13}],"player_experience":563315,"relics_obtained":[{"floor":6,"key":"Toxic Egg 2"},{"floor":9,"key":"MadScienceMod:ExhaustVents"}],"event_choices":[{"damage_healed":0,"gold_gain":75,"player_choice":"Gather Gold","damage_taken":11,"max_hp_gain":0,"max_hp_loss":0,"event_name":"World of Goop","floor":11,"gold_loss":0}],"is_beta":false,"boss_relics":[],"items_purged_floors":[],"is_endless":false,"potions_floor_spawned":[4,5,6],"killed_by":"Slime Boss","ascension_level":0}}