{"host":"z9rwthyxsf7d04ix","time":1614025655,"event":{"mods":["AchievementEnabler","BaseMod","Colored Map","Colored Powertips","Minty Spire (QoL Compilation)","Quick Restart"],"gold_per_floor":[115,65,85,85,97,127,127,156,181,181,215,290,290,318,318,420,420,439,202,202,213,213,239,253,253,253],"floor_reached":25,"language":"ENG","playtime":1290,"items_purged":[],"score":367,"play_id":"d123b40a-3fc8-45a5-909a-42634d0273e2","local_time":"20210222222735","is_ascension_mode":true,"campfire_choices":[{"data":"Feed","floor":7,"key":"SMITH"},{"floor":10,"key":"REST"},{"data":"Bash","floor":13,"key":"SMITH"},{"floor":15,"key":"REST"}],"circlet_count":0,"master_deck":["Strike_R","Strike_R","Strike_R","Strike_R","Defend_R","Defend_R","Defend_R","Defend_R","Bash+1","Dropkick","Feed+1","Immolate","Warcry","Battle Trance","Barricade","Dropkick","Finesse","Ghostly Armor+1","Pommel Strike+1","Seeing Red"],"relics":["Burning Blood","Bag of Preparation","Ancient Tea Set","Vajra","StrikeDummy","Sundial","Sling","MutagenicStrength","Oddly Smooth Stone"],"acts_visited":["Exordium","TheCity"],"potions_floor_usage":[6,6,21,23,24],"damage_taken":[{"damage":7,"enemies":"Small Slimes","floor":1,"turns":3},{"damage":9,"enemies":"Jaw Worm","floor":3,"turns":4},{"damage":7,"enemies":"2 Louse","floor":5,"turns":3},{"damage":0,"enemies":"Gremlin Nob","floor":6,"turns":2},{"damage":57,"enemies":"Lagavulin","floor":8,"turns":8},{"damage":0,"enemies":"Gremlin Nob","floor":11,"turns":2},{"damage":15,"enemies":"Lagavulin","floor":14,"turns":3},{"damage":14,"enemies":"Slime Boss","floor":16,"turns":6},{"damage":69,"enemies":"3 Byrds","floor":18,"turns":6},{"damage":21,"enemies":"2 Thieves","floor":21,"turns":3},{"damage":34,"enemies":"Slavers","floor":23,"turns":7},{"damage":26,"enemies":"Centurion and Healer","floor":24,"turns":6},{"damage":28,"enemies":"Snecko","floor":25,"turns":3}],"seed_played":"1433665206706284210","potions_obtained":[{"floor":3,"key":"SteroidPotion"},{"floor":5,"key":"DuplicationPotion"},{"floor":6,"key":"ElixirPotion"},{"floor":8,"key":"Block Potion"},{"floor":21,"key":"AttackPotion"},{"floor":23,"key":"DuplicationPotion"}],"is_trial":false,"path_per_floor":["M","?","M","$","M","E","R","E","T","R","E","?","R","E","R","B",null,"M","$","?","M","?","E","M","M"],"character_chosen":"IRONCLAD","items_purchased":["Sling","Finesse"],"campfire_rested":2,"item_purchase_floors":[19,19],"current_hp_per_floor":[79,79,76,76,75,80,80,33,33,58,68,57,57,48,74,70,92,33,33,33,22,55,27,7,0,0],"gold":253,"neow_bonus":"RANDOM_COMMON_RELIC","is_daily":false,"chose_seed":false,"campfire_upgraded":2,"win_rate":0.0,"timestamp":1614025655,"path_taken":["M","?","M","$","M","E","R","E","T","R","E","?","R","E","R","BOSS","M","$","?","M","?","E","M","M"],"items_purchased_type":["Relic","Card"],"build_version":"2020-12-22","purchased_purges":0,"victory":false,"max_hp_per_floor":[80,80,80,80,80,80,80,84,84,84,88,88,88,88,88,92,92,96,96,96,100,100,100,100,100,100],"card_choices":[{"not_picked":["True Grit","Rupture","Perfected Strike"],"picked":"SKIP","floor":1},{"not_picked":["Flex","True Grit"],"picked":"Dropkick","floor":3},{"not_picked":["Sentinel","Perfected Strike","True Grit"],"picked":"SKIP","floor":5},{"not_picked":["Headbutt","Anger"],"picked":"Feed","floor":6},{"not_picked":["Wild Strike","Flex"],"picked":"Immolate","floor":8},{"not_picked":["Combust","Metallicize"],"picked":"Warcry","floor":11},{"not_picked":["Wild Strike","True Grit"],"picked":"Battle Trance","floor":14},{"not_picked":["Brutality","Double Tap"],"picked":"Barricade","floor":16},{"not_picked":["Ghostly Armor","Battle Trance"],"picked":"Dropkick","floor":18},{"not_picked":["Searing Blow","Heavy Blade+1"],"picked":"Ghostly Armor+1","floor":21},{"not_picked":["Double Tap","Blood for Blood+1"],"picked":"Pommel Strike+1","floor":23},{"not_picked":["Body Slam","Twin Strike+1"],"picked":"Seeing Red","floor":24}],"player_experience":766612,"relics_obtained":[{"floor":6,"key":"Ancient Tea Set"},{"floor":8,"key":"Vajra"},{"floor":11,"key":"StrikeDummy"},{"floor":14,"key":"Sundial"},{"floor":23,"key":"Oddly Smooth Stone"}],"event_choices":[{"cards_removed":["Strike_R"],"damage_healed":0,"gold_gain":0,"player_choice":"Card Removal","damage_taken":0,"max_hp_gain":0,"max_hp_loss":0,"event_name":"The Cleric","floor":2,"gold_loss":50},{"damage_healed":0,"gold_gain":75,"player_choice":"Gather Gold","damage_taken":11,"max_hp_gain":0,"max_hp_loss":0,"event_name":"World of Goop","floor":12,"gold_loss":0},{"damage_healed":0,"gold_gain":0,"player_choice":"Inject Mutagens","damage_taken":0,"relics_obtained":["MutagenicStrength"],"max_hp_gain":0,"max_hp_loss":0,"event_name":"Drug Dealer","floor":20,"gold_loss":0},{"damage_healed":33,"gold_gain":0,"player_choice":"Heal","damage_taken":0,"max_hp_gain":0,"max_hp_loss":0,"event_name":"The Library","floor":22,"gold_loss":0}],"is_beta":false,"boss_relics":[{"not_picked":["Snecko Eye","Sozu","Ectoplasm"]}],"items_purged_floors":[],"is_endless":false,"potions_floor_spawned":[3,5,6,8,21,23],"killed_by":"Snecko","ascension_level":3}}