{"host":"xo0glkmxta74xh34","time":1614026856,"event":{"mods":["BaseMod","Downfall","Minty Spire (QoL Compilation)","Reliquary","Replay The Spire","StSLib"],"gold_per_floor":[0,16,30,50,60,87,133,160,145,155,155,170,270,289,305,305,305,305],"floor_reached":16,"language":"ENG","playtime":959,"items_purged":[],"score":145,"play_id":"0363b6c4-18ee-48a2-82c2-efe2e5f3fffa","local_time":"20210222144736","is_ascension_mode":true,"campfire_choices":[{"floor":11,"key":"REST"}],"circlet_count":0,"master_deck":["Slimebound:Strike_Slimebound","Slimebound:Strike_Slimebound","Slimebound:Tackle","Slimebound:Defend_Slimebound","Slimebound:Defend_Slimebound","Slimebound:Defend_Slimebound","Slimebound:Defend_Slimebound","Slimebound:Split","Slimebound:CorrosiveSpit","Slimebound:Gluttony","Slimebound:SplitLeeching+1","Slimebound:SlimeBrawl+1","Slimebound:HauntingLick","Slimebound:LevelUp","Slimebound:WasteNot","Slimebound:SlimeBrawl","Slimebound:Repurpose"],"relics":["Slimebound:AbsorbEndCombat","Shuriken","sneckomod:BlankCard","War Paint","downfall:GremlinWheel"],"acts_visited":["Exordium"],"potions_floor_usage":[8,13,13],"damage_taken":[{"damage":0,"enemies":"Small Slimes","floor":2,"turns":3},{"damage":3,"enemies":"Cultist","floor":3,"turns":4},{"damage":1,"enemies":"Jaw Worm","floor":4,"turns":6},{"damage":2,"enemies":"3 Louse","floor":5,"turns":4},{"damage":38,"enemies":"Lagavulin","floor":6,"turns":9},{"damage":31,"enemies":"3 Sentries","floor":8,"turns":9},{"damage":2,"enemies":"downfall:FleeingMerchant","floor":9,"turns":4},{"damage":6,"enemies":"downfall:LooterAlt","floor":10,"turns":3},{"damage":6,"enemies":"2 Fungi Beasts","floor":12,"turns":4},{"damage":27,"enemies":"2 Fungi Beasts","floor":13,"turns":4},{"damage":15,"enemies":"Red Slaver","floor":14,"turns":2},{"damage":1,"enemies":"Exordium Wildlife","floor":15,"turns":4},{"damage":19,"enemies":"DF_ARCHETYPE_STREAMLINE","floor":16,"turns":3}],"seed_played":"-8384771036547117050","potions_obtained":[{"floor":3,"key":"ColorlessPotion"},{"floor":6,"key":"Weak Potion"},{"floor":8,"key":"hexamod:SoulburnPotion"},{"floor":12,"key":"Energy Potion"},{"floor":14,"key":"Elixir"}],"is_trial":false,"path_per_floor":["R","M","M","M","M","E","T","E","$","M","R","M","?","M","M","B"],"character_chosen":"SLIMEBOUND","items_purchased":[],"campfire_rested":1,"item_purchase_floors":[],"current_hp_per_floor":[77,77,77,77,77,43,43,18,24,20,43,43,22,9,12,0,0,0],"gold":305,"neow_bonus":"TWENTY_PERCENT_HP_BONUS","is_daily":false,"chose_seed":false,"campfire_upgraded":0,"win_rate":0.0,"timestamp":1614026856,"path_taken":["R","M","M","M","M","E","T","E","$","M","R","M","?","?","M","BOSS"],"items_purchased_type":[],"build_version":"2020-12-22","purchased_purges":0,"victory":false,"max_hp_per_floor":[77,77,77,77,77,77,77,77,77,77,77,77,77,77,77,77,77,77],"card_choices":[{"not_picked":["Slimebound:ComboTackle","Slimebound:RollThrough"],"picked":"Slimebound:SplitLeeching","floor":2},{"not_picked":["Slimebound:Dissolve","Slimebound:LeechingTouch","Slimebound:GoopTackle"],"picked":"SKIP","floor":3},{"not_picked":["Slimebound:FlameTackle","Slimebound:Prepare"],"picked":"Slimebound:SlimeBrawl","floor":4},{"not_picked":["Slimebound:ItLooksTasty","Slimebound:LivingWall","Slimebound:Dissolve"],"picked":"SKIP","floor":5},{"not_picked":["Slimebound:SamplingLick","Slimebound:Chomp"],"picked":"Slimebound:HauntingLick","floor":6},{"not_picked":["Slimebound:RejuvenatingLick","Slimebound:RollThrough"],"picked":"Slimebound:LevelUp","floor":8},{"not_picked":["Slimebound:FinishingTackle","Slimebound:SamplingLick"],"picked":"Slimebound:WasteNot","floor":9},{"not_picked":["Slimebound:Prepare","Slimebound:BestDefense","Slimebound:Dissolve"],"picked":"SKIP","floor":10},{"not_picked":["Slimebound:SamplingLick","Slimebound:HauntingLick"],"picked":"Slimebound:SlimeBrawl","floor":12},{"not_picked":["Slimebound:GrowthPunch","Slimebound:ViciousTackle"],"picked":"Slimebound:Repurpose","floor":14},{"not_picked":["Slimebound:RollThrough","Slimebound:FinishingTackle","Slimebound:ItLooksTasty"],"picked":"SKIP","floor":15}],"player_experience":538832,"relics_obtained":[{"floor":6,"key":"Shuriken"},{"floor":7,"key":"sneckomod:BlankCard"},{"floor":8,"key":"War Paint"},{"floor":13,"key":"downfall:GremlinWheel"}],"event_choices":[],"is_beta":false,"boss_relics":[],"items_purged_floors":[],"is_endless":false,"potions_floor_spawned":[3,6,8,12,14],"killed_by":"DF_ARCHETYPE_STREAMLINE","ascension_level":5}}