{"host":"opdum64sdiqzxm7l","time":1614017271,"event":{"mods":["Act Like it!","Aspiration","BaseMod","CapriCore","Colored Powertips","Conspire","Energized Spire","Friendly Minions","Jedi Mod","KinomotoSakuraMod(木之本樱)","Minty Spire (QoL Compilation)","MostiFishMod","Pale of the Ancients","Reliquary","Replay The Spire","RumiaBox-露米娅的神秘盒子","Spicy Shops","StSLib","TestMod","The Jungle","UnlockEverythingMod","Waifu the Spire","[IsaacMod]以撒尖塔","[功能]功能增强和修复MOD","【功能Mod】混沌之环修复补丁","【功能Mod】聪明的最终Boss","【遗物卡牌】REMEMod"],"gold_per_floor":[111,165,94,94,94,94,94],"floor_reached":6,"language":"ZHS","playtime":174,"items_purged":[],"score":32,"play_id":"3b6a7d5b-55d0-4a3a-8132-04bd8f067691","local_time":"20210223020751","is_ascension_mode":false,"campfire_choices":[],"circlet_count":0,"master_deck":["ClowCardTheSword","ClowCardTheSword","ClowCardTheSword","ClowCardTheShield","ClowCardTheShield","ClowCardTheShield","ClowCardTheShield","SpellCardSeal","SpellCardRelease","ClowCardTheMove","testmod-AutoReboundSystem","ClowCardTheDream","REME_WheelOfFate","Injury"],"relics":["KSMOD_SealedBook","KSMOD_SealedWand","REME_ComplimentaryCards","DaveBox","testmod-TestBox","HushsDoor","Damocles","testmod-Hope","Brimstone","reliquary:SharkskinSheath","Toxic Egg 2"],"acts_visited":[],"potions_floor_usage":[],"damage_taken":[{"damage":5,"enemies":"Jaw Worm","floor":1,"turns":2},{"damage":10,"enemies":"3 Sentries","floor":6,"turns":1}],"seed_played":"-7996441988030582266","potions_obtained":[],"is_trial":false,"path_per_floor":["M","?","$","?","?","E"],"character_chosen":"KINOMOTOSAKURA","items_purchased":["REME_WheelOfFate"],"campfire_rested":0,"item_purchase_floors":[3],"current_hp_per_floor":[65,50,50,50,43,0,0],"gold":94,"neow_bonus":"THREE_CARDS","is_daily":false,"chose_seed":false,"campfire_upgraded":0,"win_rate":0.0,"timestamp":1614017271,"path_taken":["M","?","$","?","?","E"],"items_purchased_type":["Card"],"build_version":"2020-12-22","purchased_purges":0,"victory":false,"max_hp_per_floor":[70,70,70,70,70,70,70],"card_choices":[{"not_picked":["ClowCardTheIllusion","ClowCardTheMist"],"picked":"ClowCardTheMove","floor":0},{"not_picked":["ClowCardTheWood","ClowCardTheChange"],"picked":"ClowCardTheDream","floor":1}],"player_experience":3056,"relics_obtained":[{"floor":1,"key":"reliquary:SharkskinSheath"}],"event_choices":[{"cards_removed":["ClowCardTheSword"],"damage_healed":0,"gold_gain":0,"player_choice":"Card Removal","damage_taken":7,"max_hp_gain":0,"max_hp_loss":0,"event_name":"Golden Wing","floor":5,"gold_loss":0}],"is_beta":false,"boss_relics":[],"items_purged_floors":[],"is_endless":false,"potions_floor_spawned":[],"killed_by":"3 Sentries","ascension_level":0}}