{"host":"zxd2l8an9de7z7b9","time":1614023821,"event":{"mods":["100% Spire Juice","2.2 Compatiblity","AchievementEnabler","BaseMod","CapriCore","Colored Map","Colored Powertips","Marisa£¨Ùöéë¡¡Øª×âÞÞ£©","Minty Spire (QoL Compilation)","Rare Cards Sparkle","StSLib","SuperFastMode","Td1madao Mod","everything is the same but u backflip on backflip"],"gold_per_floor":[116,116,133,146,173,173,173,248,248,261,277,277,301,79,79,205,205,224,244,144,159,178,178,178,192,266,287,301,327,339,365,377,389,389],"floor_reached":33,"language":"KOR","playtime":686,"items_purged":["Defend_R","Defend_R"],"score":243,"play_id":"f757f524-0230-403d-8841-6b503b0c7dfe","local_time":"20210223045701","is_ascension_mode":false,"campfire_choices":[{"data":"Bash","floor":7.0,"key":"SMITH"},{"data":"Clash","floor":15.0,"key":"SMITH"},{"floor":23.0,"key":"REST"},{"data":"Dropkick","floor":30.0,"key":"SMITH"},{"floor":32.0,"key":"REST"}],"circlet_count":0,"master_deck":["Strike_R","Strike_R","Strike_R","Strike_R","Strike_R","Defend_R","Defend_R","Bash+1","Clash+1","Dropkick+1"],"relics":["Burning Blood","Centennial Puzzle","Lantern","Tiny Chest","White Beast Statue","Golden Idol","Red Skull","SacredBark","StrikeDummy","MawBank"],"acts_visited":["Exordium","TheCity"],"potions_floor_usage":[33,33],"damage_taken":[{"damage":3.0,"enemies":"2 Louse","floor":1.0,"turns":4.0},{"damage":6.0,"enemies":"Cultist","floor":3.0,"turns":3.0},{"damage":5.0,"enemies":"Small Slimes","floor":4.0,"turns":4.0},{"damage":0.0,"enemies":"Looter","floor":10.0,"turns":3.0},{"damage":2.0,"enemies":"2 Fungi Beasts","floor":11.0,"turns":3.0},{"damage":1.0,"enemies":"Red Slaver","floor":13.0,"turns":3.0},{"damage":34.0,"enemies":"The Guardian","floor":16.0,"turns":9.0},{"damage":20.0,"enemies":"Shell Parasite","floor":18.0,"turns":4.0},{"damage":15.0,"enemies":"3 Byrds","floor":19.0,"turns":9.0},{"damage":18.0,"enemies":"Centurion and Healer","floor":21.0,"turns":5.0},{"damage":23.0,"enemies":"Cultist and Chosen","floor":22.0,"turns":5.0},{"damage":22.0,"enemies":"3 Cultists","floor":25.0,"turns":5.0},{"damage":15.0,"enemies":"Centurion and Healer","floor":27.0,"turns":3.0},{"damage":2.0,"enemies":"Chosen and Byrds","floor":28.0,"turns":4.0},{"damage":21.0,"enemies":"Snake Plant","floor":31.0,"turns":2.0},{"damage":45,"enemies":"Champ","floor":33,"turns":6}],"seed_played":"-1591289799093708439","potions_obtained":[{"floor":10.0,"key":"Weak Potion"},{"floor":11.0,"key":"Ancient Potion"},{"floor":13.0,"key":"ElixirPotion"},{"floor":16.0,"key":"PowerPotion"},{"floor":18.0,"key":"Weak Potion"},{"floor":19.0,"key":"Energy Potion"},{"floor":21.0,"key":"SneckoOil"},{"floor":22.0,"key":"EssenceOfSteel"},{"floor":25.0,"key":"BlessingOfTheForge"},{"floor":27.0,"key":"EntropicBrew"},{"floor":28.0,"key":"ElixirPotion"}],"is_trial":false,"path_per_floor":["M","?","M","M","T","?","R","?","T","M","M","?","M","$","R","B",null,"M","M","$","M","M","R","?","M","T","M","M","T","R","M","R","B"],"character_chosen":"IRONCLAD","items_purchased":["Red Skull"],"campfire_rested":2,"item_purchase_floors":[14],"current_hp_per_floor":[80,80,80,80,80,62,62,51,51,57,61,41,46,46,46,18,80,66,57,57,45,28,52,52,36,36,27,31,31,31,16,40,0,0],"gold":389,"neow_bonus":"RANDOM_COMMON_RELIC","is_daily":false,"chose_seed":false,"campfire_upgraded":3,"win_rate":0.0,"timestamp":1614023821,"path_taken":["M","?","?","M","?","?","R","?","T","M","M","?","M","$","R","BOSS","M","M","$","M","M","R","?","M","T","M","M","?","R","M","R","BOSS"],"items_purchased_type":["Relic"],"build_version":"2020-12-22","purchased_purges":2,"victory":false,"max_hp_per_floor":[80,80,80,80,80,80,80,80,80,80,80,80,80,80,80,80,80,80,80,80,80,80,80,80,80,80,80,80,80,80,80,80,80,80],"card_choices":[{"not_picked":["Sword Boomerang","Perfected Strike","Feel No Pain"],"picked":"SKIP","floor":1.0},{"not_picked":["Feel No Pain","Thunderclap"],"picked":"Clash","floor":3.0},{"not_picked":["Iron Wave","Second Wind","Shockwave"],"picked":"SKIP","floor":4.0},{"not_picked":["Sword Boomerang","Flex","Anger"],"picked":"SKIP","floor":10.0},{"not_picked":["Uppercut","Havoc","Clash"],"picked":"SKIP","floor":11.0},{"not_picked":["Anger","Sword Boomerang","Warcry"],"picked":"SKIP","floor":13.0},{"not_picked":["Heavy Blade+1","Havoc+1","Reckless Charge+1"],"picked":"SKIP","floor":18.0},{"not_picked":["Twin Strike","Blood for Blood","Rampage"],"picked":"SKIP","floor":19.0},{"not_picked":["Reckless Charge+1","Clash+1","True Grit"],"picked":"SKIP","floor":21.0},{"not_picked":["Anger","Warcry+1","Perfected Strike+1"],"picked":"SKIP","floor":22.0},{"not_picked":["Armaments","Iron Wave","Uppercut"],"picked":"SKIP","floor":25.0},{"not_picked":["Entrench+1","Demon Form"],"picked":"Dropkick","floor":27.0},{"not_picked":["Wild Strike","Twin Strike","Shrug It Off"],"picked":"SKIP","floor":28.0},{"not_picked":["Pommel Strike","Combust","Flex"],"picked":"SKIP","floor":31.0}],"player_experience":449119,"relics_obtained":[{"floor":5.0,"key":"Lantern"},{"floor":9.0,"key":"White Beast Statue"},{"floor":26.0,"key":"StrikeDummy"},{"floor":29.0,"key":"MawBank"}],"event_choices":[{"damage_healed":0.0,"max_hp_gain":0.0,"max_hp_loss":0.0,"gold_gain":0.0,"event_name":"NoteForYourself","player_choice":"Ignored","floor":2.0,"gold_loss":0.0,"damage_taken":0.0},{"damage_healed":0.0,"max_hp_gain":0.0,"max_hp_loss":0.0,"gold_gain":0.0,"event_name":"Scrap Ooze","player_choice":"Success","floor":6.0,"gold_loss":0.0,"damage_taken":18.0,"relics_obtained":["Tiny Chest"]},{"damage_healed":0.0,"max_hp_gain":0.0,"max_hp_loss":0.0,"gold_gain":75.0,"event_name":"World of Goop","player_choice":"Gather Gold","floor":8.0,"gold_loss":0.0,"damage_taken":11.0},{"damage_healed":0.0,"max_hp_gain":0.0,"max_hp_loss":0.0,"gold_gain":0.0,"event_name":"Golden Idol","player_choice":"Take Damage","floor":12.0,"gold_loss":0.0,"damage_taken":20.0,"relics_obtained":["Golden Idol"]},{"damage_healed":0.0,"max_hp_gain":0.0,"max_hp_loss":0.0,"gold_gain":0.0,"event_name":"Duplicator","player_choice":"Ignored","floor":24.0,"gold_loss":0.0,"damage_taken":0.0}],"is_beta":false,"boss_relics":[{"not_picked":["Runic Dome","Cursed Key"],"picked":"SacredBark"}],"items_purged_floors":[14,20],"is_endless":false,"potions_floor_spawned":[10,11,13,16,18,19,21,22,25,27,28,31],"killed_by":"Champ","ascension_level":0}}