{"host":"l790j1oe6pn5fhrm","time":1614021444,"event":{"mods":["AchievementEnabler","BaseMod","Colored Map","Colored Powertips","GifTheSpireLib","Highlight Path","Minty Spire (QoL Compilation)","Rare Cards Sparkle","Replay The Spire","StSLib"],"gold_per_floor":[109,126,126,51,67,67,67,79,125,125,25,38,55,55,55,153,153,163,88,88,105,120,120,153,153,153,188,263,276,276,276],"floor_reached":30,"language":"ENG","playtime":1186,"items_purged":["CommonCold","Regret"],"score":260,"play_id":"f432043b-69d2-4dcc-bb77-ed63abb57d62","local_time":"20210222201724","is_ascension_mode":false,"campfire_choices":[{"data":"Toxin Wave","floor":6.0,"key":"SMITH"},{"data":"Toxin Wave","floor":10.0,"key":"SMITH"},{"floor":15.0,"key":"REST"},{"data":"Replay:Poison Smokescreen","floor":23.0,"key":"SMITH"},{"data":"Backflip","floor":25,"key":"SMITH"}],"circlet_count":0,"master_deck":["Strike_G","Strike_G","Strike_G","Strike_G","Defend_G","Defend_G","Defend_G","Defend_G","Survivor","Neutralize+1","Toxin Wave+1","Toxin Wave+1","Replay:Poison Smokescreen+1","Backflip+1","Dagger Spray+1","Dodge and Roll+1","Corpse Explosion","Bane"],"relics":["Ring of the Snake","Turnip","Replay:Bottled Snecko","Vajra","Ring of Chaos","Art of War","Prayer Wheel","Bag of Marbles"],"acts_visited":["Exordium","TheCity"],"potions_floor_usage":[24,24,27],"damage_taken":[{"damage":0.0,"enemies":"Cultist","floor":1.0,"turns":5.0},{"damage":7.0,"enemies":"2 Louse","floor":2.0,"turns":2.0},{"damage":6.0,"enemies":"Jaw Worm","floor":5.0,"turns":5.0},{"damage":5.0,"enemies":"2 Fungi Beasts","floor":8.0,"turns":3.0},{"damage":10.0,"enemies":"Large Slime","floor":12.0,"turns":6.0},{"damage":4.0,"enemies":"Blue Slaver","floor":13.0,"turns":3.0},{"damage":29.0,"enemies":"The Guardian","floor":16.0,"turns":9.0},{"damage":14.0,"enemies":"Spheric Guardian","floor":18.0,"turns":5.0},{"damage":1.0,"enemies":"Shell Parasite","floor":21.0,"turns":4.0},{"damage":14.0,"enemies":"Snecko","floor":22.0,"turns":5.0},{"damage":14,"enemies":"Replay:Snechameleon","floor":24,"turns":6},{"damage":17,"enemies":"Book of Stabbing","floor":27,"turns":6},{"damage":25,"enemies":"Cultist and Chosen","floor":29,"turns":7},{"damage":10,"enemies":"Shelled Parasite and Fungi","floor":30,"turns":2}],"seed_played":"2357690949006119986","potions_obtained":[{"floor":2.0,"key":"Fire Potion"},{"floor":5.0,"key":"Elixir"},{"floor":12.0,"key":"Elixir"},{"floor":13.0,"key":"Death Potion"},{"floor":21.0,"key":"DuplicationPotion"}],"is_trial":false,"path_per_floor":["M","M","?","$","M","R","?","M","T","R","$","M","M","?","R","B",null,"M","?","?","M","M","R","E","R","T","E","?","M","M"],"character_chosen":"THE_SILENT","items_purchased":[],"campfire_rested":1,"item_purchase_floors":[],"current_hp_per_floor":[70,63,63,63,57,57,57,52,52,52,52,42,38,31,52,23,70,56,56,80,79,65,65,51,51,51,34,26,1,0,0],"gold":276,"neow_bonus":"ONE_RARE_RELIC","is_daily":false,"chose_seed":false,"campfire_upgraded":4,"win_rate":0.0,"timestamp":1614021444,"path_taken":["M","?","?","$","M","R","?","M","T","R","$","M","M","?","R","BOSS","M","?","?","M","?","R","E","R","T","E","?","?","M"],"items_purchased_type":[],"build_version":"2020-12-22","purchased_purges":2,"victory":false,"max_hp_per_floor":[70,70,70,70,70,70,70,70,70,70,70,70,70,70,70,70,70,70,70,80,80,80,80,80,80,80,80,80,80,80,80],"card_choices":[{"not_picked":["ReplayTheSpireMod:Shiv Toss","All Out Attack"],"picked":"Toxin Wave","floor":1.0},{"not_picked":["Slice","Expertise","Blade Dance"],"picked":"SKIP","floor":2.0},{"not_picked":["Acrobatics","Sucker Punch","ReplayTheSpireMod:Shiv Toss"],"picked":"SKIP","floor":5.0},{"not_picked":["Deadly Poison","Slice"],"picked":"Toxin Wave","floor":8.0},{"not_picked":["Underhanded Strike","Bane","Flying Knee"],"picked":"SKIP","floor":12.0},{"not_picked":["Deadly Poison","Prepared"],"picked":"Replay:Poison Smokescreen","floor":13.0},{"not_picked":["Tools of the Trade","Atom Bomb"],"picked":"Venomology","floor":16.0},{"not_picked":["Poisoned Stab","ReplayTheSpireMod:Shiv Toss+1","Quick Slash"],"picked":"SKIP","floor":18.0},{"not_picked":["Acrobatics","Distraction"],"picked":"Backflip","floor":21.0},{"not_picked":["Cloak And Dagger","ReplayTheSpireMod:Shiv Toss","Deflect"],"picked":"SKIP","floor":22.0},{"not_picked":["Well Laid Plans+1","Hidden Blade"],"picked":"Dagger Spray+1","floor":24},{"not_picked":["Bane","Masterful Stab"],"picked":"Dodge and Roll+1","floor":27},{"not_picked":["PiercingWail","Quick Slash"],"picked":"Corpse Explosion","floor":29},{"not_picked":["Sucker Punch","Hidden Blade+1"],"picked":"Bane","floor":29}],"player_experience":1197313,"relics_obtained":[{"floor":9.0,"key":"Vajra"},{"floor":24,"key":"Art of War"},{"floor":26,"key":"Prayer Wheel"},{"floor":27,"key":"Bag of Marbles"}],"event_choices":[{"damage_healed":0.0,"max_hp_gain":0.0,"max_hp_loss":0.0,"gold_gain":0.0,"event_name":"Big Fish","player_choice":"Box","floor":7.0,"gold_loss":0.0,"damage_taken":0.0,"relics_obtained":["Replay:Bottled Snecko"],"cards_obtained":["Regret"]},{"cards_removed":["Defend_G"],"damage_healed":0.0,"max_hp_gain":0.0,"max_hp_loss":0.0,"gold_gain":0.0,"event_name":"Golden Wing","player_choice":"Card Removal","floor":14.0,"gold_loss":0.0,"damage_taken":7.0},{"cards_removed":["Strike_G"],"damage_healed":0.0,"max_hp_gain":0.0,"max_hp_loss":0.0,"gold_gain":0.0,"event_name":"Beggar","player_choice":"Gave Gold","floor":19.0,"gold_loss":75.0,"damage_taken":0.0},{"cards_removed":["Venomology"],"damage_healed":14.0,"max_hp_gain":10.0,"max_hp_loss":0.0,"gold_gain":0.0,"event_name":"Bonfire Elementals","player_choice":"Offered Rare","floor":20.0,"gold_loss":0.0,"damage_taken":0.0},{"damage_healed":0,"gold_gain":75,"player_choice":"Touch","damage_taken":8,"max_hp_gain":0,"max_hp_loss":0,"event_name":"FaceTrader","floor":28,"gold_loss":0}],"is_beta":false,"boss_relics":[{"not_picked":["Replay:Drink Me","Snecko Eye"],"picked":"Ring of Chaos"}],"items_purged_floors":[4,11],"is_endless":false,"potions_floor_spawned":[2,5,12,13,21],"killed_by":"Shelled Parasite and Fungi","ascension_level":0}}