{"host":"p5axfb00mxhraew6","time":1614003215,"event":{"mods":["100% Spire Juice","Abigail Mod","Act Like it!","BaseMod","CapriCore","Friendly Minions","GifTheSpireLib","Jedi Mod","KomeijiMod","MarisaÅiñ∂âJÅ@ñÇóùçπÅj","Minty Spire (QoL Compilation)","Prisma Mod","ReimuÅiîé??öÎÅj","RemiliaÅiÂQïƒ‰ª?Åj","SOSÅiézîb?îVéqÅj","StSLib","Td1madao Mod","The Alterego","The Immortal","The Problem Sleuth","Yakumo Yukari mod"],"gold_per_floor":[137,1,1,1,1,1,30,30,107,122,139,152,152,215,215,288,288,299,299,314,75,75,75,75,75],"floor_reached":24,"language":"ENG","playtime":703,"items_purged":["Exhaustion"],"score":484,"play_id":"c9b61796-fad0-4101-a0e9-ed2ddc03b553","local_time":"20210222231335","is_ascension_mode":true,"campfire_choices":[{"data":"Observe_purple_2","floor":6.0,"key":"SMITH"},{"data":"Bait_HighSpeedFlying_purple","floor":8.0,"key":"SMITH"},{"floor":13.0,"key":"REST"},{"data":"Bait_HighSpeedFlying_purple","floor":15.0,"key":"SMITH"},{"data":"ContainerChange_purple","floor":23,"key":"SMITH"}],"circlet_count":0,"master_deck":["AscendersBane","AT_purpleEX","AT_purpleEX","Defend_purpleEX","Defend_purpleEX","Defend_purpleEX","Defend_purpleEX","Observe_purple_1","Observe_purple_2+1","Mirror_TwoAndThreeElementRealm_purple","StateErode_purple","CommonSense_AntiCommonSense_purple","OmniscientAndOmnipotent_Monster_purple","Bait_HighSpeedFlying_purple+1","Bait_HighSpeedFlying_purple+1","AdvanceAttack_purple","OmniscientAndOmnipotent_Monster_purple+1","ContainerChange_purple+1","WorldDissolvedintheRealm_purple+1","MonsterNeedle_purple","DimensionStaggered_purple","Mirror_FourBoundary_purple","OmniscientAndOmnipotent_Monster_purple+1"],"relics":["Boundary_crack","Memoryfragments_purpleEX","Art of War","Sundial","Molten Egg 2","Empty Cage"],"acts_visited":["Exordium","TheCity"],"potions_floor_usage":[24],"damage_taken":[{"damage":13.0,"enemies":"Cultist","floor":1.0,"turns":6.0},{"damage":37.0,"enemies":"Gremlin Nob","floor":7.0,"turns":4.0},{"damage":7.0,"enemies":"Jaw Worm","floor":10.0,"turns":3.0},{"damage":30.0,"enemies":"Small Slimes","floor":11.0,"turns":3.0},{"damage":12.0,"enemies":"Looter","floor":12.0,"turns":3.0},{"damage":10.0,"enemies":"3 Sentries","floor":14.0,"turns":3.0},{"damage":0.0,"enemies":"Slime Boss","floor":16.0,"turns":7.0},{"damage":24.0,"enemies":"Shell Parasite","floor":18.0,"turns":5.0},{"damage":37,"enemies":"Chosen","floor":20,"turns":5},{"damage":26,"enemies":"Book of Stabbing","floor":24,"turns":4}],"seed_played":"-2235274454952075329","potions_obtained":[{"floor":10.0,"key":"PowerPotion"},{"floor":11.0,"key":"GamblersBrew"},{"floor":12.0,"key":"Explosive Potion"},{"floor":16.0,"key":"CalmPotion"},{"floor":20,"key":"SpeedPotion"}],"is_trial":false,"path_per_floor":["M","$","?","$","?","R","E","R","T","M","M","M","R","?","R","B",null,"M","?","M","$","?","R","E"],"character_chosen":"Youkari","items_purchased":["CommonSense_AntiCommonSense_purple","OmniscientAndOmnipotent_Monster_purple","DimensionStaggered_purple","Mirror_FourBoundary_purple","OmniscientAndOmnipotent_Monster_purple+1"],"campfire_rested":1,"item_purchase_floors":[2,2,21,21,21],"current_hp_per_floor":[49,49,49,49,49,49,15,15,15,23,12,16,35,37,37,42,59,61,61,27,27,19,19,0,0],"gold":75,"neow_bonus":"ONE_RANDOM_RARE_CARD","is_daily":false,"chose_seed":false,"campfire_upgraded":4,"win_rate":0.0,"timestamp":1614003215,"path_taken":["M","$","?","?","?","R","E","R","T","?","M","M","R","?","R","BOSS","M","?","M","$","?","R","E"],"items_purchased_type":["Card","Card","Card","Card","Card"],"build_version":"2020-12-22","purchased_purges":1,"victory":false,"max_hp_per_floor":[65,65,65,65,65,65,65,65,65,65,65,65,65,65,65,65,65,65,65,65,65,65,65,65,65],"card_choices":[{"not_picked":["Mirror_FormAndEmptin_purple","OmniscientAndOmnipotent_Monster_purple"],"picked":"StateErode_purple","floor":1.0},{"not_picked":["WatchEChange_purple","Line_surface_state_purple"],"picked":"Bait_HighSpeedFlying_purple","floor":7.0},{"not_picked":["ExternalForce_HighSpeedFlying_purple","SfantasyHide_purple"],"picked":"Bait_HighSpeedFlying_purple","floor":10.0},{"not_picked":["SfantasyHide_purple","Worldmountain_purple","MetroBOOM_purple"],"picked":"SKIP","floor":11.0},{"not_picked":["PurpleNeedle_purple","ButterflyHabitatTemple_purple"],"picked":"AdvanceAttack_purple","floor":12.0},{"not_picked":["Fantasy_PerpetualMotionMachine_purple","Mirror_WaveAndshot_purple"],"picked":"OmniscientAndOmnipotent_Monster_purple+1","floor":14.0},{"not_picked":["ProofOfUnderstanding_purple","BarrageBoundary_PipeDream_purple+1"],"picked":"ContainerChange_purple","floor":16.0},{"not_picked":["Boundary_ObjectiveBoundary_purple","Mirror_FormAndEmptin_purple"],"picked":"WorldDissolvedintheRealm_purple+1","floor":18.0},{"not_picked":["StateErode_purple+1","Boundary_DreamRealityDamnation_purple+1"],"picked":"MonsterNeedle_purple","floor":20}],"player_experience":1254267,"relics_obtained":[{"floor":7.0,"key":"Art of War"},{"floor":9.0,"key":"Sundial"},{"floor":14.0,"key":"Molten Egg 2"}],"event_choices":[{"damage_healed":0.0,"max_hp_gain":0.0,"max_hp_loss":0.0,"gold_gain":0.0,"event_name":"Liars Game","player_choice":"Ignored","floor":3.0,"gold_loss":0.0,"damage_taken":0.0},{"damage_healed":0.0,"max_hp_gain":0.0,"max_hp_loss":0.0,"gold_gain":0.0,"event_name":"Dead Adventurer","player_choice":"Searched \u00271\u0027 times","floor":14.0,"gold_loss":0.0,"damage_taken":0.0}],"is_beta":false,"boss_relics":[{"not_picked":["Calling Bell","jedi:battlestandard"],"picked":"Empty Cage"}],"items_purged_floors":[21],"is_endless":false,"potions_floor_spawned":[10,11,12,16,20],"killed_by":"Book of Stabbing","ascension_level":20}}