{"host":"vnz4608r4gf5d2ow","time":1614028534,"event":{"mods":["AchievementEnabler","BaseMod","Minty Spire (QoL Compilation)"],"gold_per_floor":[210,210,17,41,41,81,81,124,124,124,145,0,0,43,43,162,162,183,204,204,204,218,218,558,582,650,683,683,26,46,61,61,187,187,203,216,276,276,32,70,70,101,124,140,160,160,198,198,198,198],"floor_reached":51,"language":"ENG","playtime":5410,"items_purged":["Strike_P"],"score":883,"play_id":"4a9e37e2-cd9f-4893-806b-94ba5a4ee671","local_time":"20210222161534","is_ascension_mode":true,"campfire_choices":[{"data":"Eruption","floor":7.0,"key":"SMITH"},{"data":"SashWhip","floor":15.0,"key":"SMITH"},{"floor":23.0,"key":"REST"},{"floor":28.0,"key":"REST"},{"floor":32.0,"key":"REST"},{"floor":41,"key":"REST"},{"floor":46,"key":"REST"},{"floor":49,"key":"REST"}],"circlet_count":0,"master_deck":["Strike_P+1","Strike_P+1","Defend_P+1","Defend_P+1","Defend_P+1","Defend_P+1","Eruption+1","Vigilance+1","CutThroughFate+1","SashWhip+1","Weave+1","EmptyBody+1","CrushJoints+1","Conclude+1","Scrawl+1","Weave+1","LessonLearned+1","FollowUp+1","Evaluate+1","Crescendo+1","Panacea+1","WindmillStrike+1","DevaForm+1","BowlingBash+1","Eruption+1","Ragnarok+1","Swivel+1","Evaluate+1","Master of Strategy+1","ReachHeaven+1","Meditate+1","Omniscience+1","Perseverance+1","ThirdEye+1","Adaptation+1","Tantrum+1","Collect+1","TalkToTheHand+1","DeceiveReality+1"],"relics":["PureWater","Golden Idol","Pen Nib","Toxic Egg 2","Pear","Art of War","Turnip","Incense Burner","SlaversCollar","Old Coin","Mummified Hand","Du-Vu Doll","Shuriken","Strange Spoon","Sozu","GoldenEye","Ornamental Fan","Whetstone","Vajra","Smiling Mask","Blood Vial","Mark of the Bloom"],"acts_visited":["TheCity","TheBeyond"],"potions_floor_usage":[33,38],"damage_taken":[{"damage":0.0,"enemies":"Cultist","floor":1.0,"turns":3.0},{"damage":0.0,"enemies":"Small Slimes","floor":4.0,"turns":2.0},{"damage":0.0,"enemies":"Gremlin Nob","floor":6.0,"turns":2.0},{"damage":16.0,"enemies":"Lagavulin","floor":8.0,"turns":4.0},{"damage":0.0,"enemies":"Jaw Worm","floor":11.0,"turns":1.0},{"damage":0.0,"enemies":"Gremlin Nob","floor":14.0,"turns":2.0},{"damage":3.0,"enemies":"Hexaghost","floor":16.0,"turns":3.0},{"damage":3.0,"enemies":"Shell Parasite","floor":18.0,"turns":4.0},{"damage":18.0,"enemies":"2 Thieves","floor":19.0,"turns":3.0},{"damage":1.0,"enemies":"Cultist and Chosen","floor":22.0,"turns":3.0},{"damage":30.0,"enemies":"Gremlin Leader","floor":24.0,"turns":4.0},{"damage":14.0,"enemies":"Shelled Parasite and Fungi","floor":25.0,"turns":4.0},{"damage":7.0,"enemies":"Book of Stabbing","floor":27.0,"turns":3.0},{"damage":0.0,"enemies":"Chosen and Byrds","floor":30.0,"turns":4.0},{"damage":0.0,"enemies":"Snake Plant","floor":31.0,"turns":2.0},{"damage":30,"enemies":"Collector","floor":33,"turns":6},{"damage":4,"enemies":"Orb Walker","floor":35,"turns":3},{"damage":5,"enemies":"3 Darklings","floor":36,"turns":3},{"damage":30,"enemies":"2 Orb Walkers","floor":37,"turns":2},{"damage":0,"enemies":"Writhing Mass","floor":38,"turns":1},{"damage":3,"enemies":"Reptomancer","floor":40,"turns":4},{"damage":9,"enemies":"Giant Head","floor":42,"turns":2},{"damage":0,"enemies":"4 Shapes","floor":44,"turns":1},{"damage":0,"enemies":"Spire Growth","floor":45,"turns":1},{"damage":8,"enemies":"Nemesis","floor":47,"turns":5},{"damage":15,"enemies":"Time Eater","floor":50,"turns":4}],"seed_played":"8615244883948147656","potions_obtained":[{"floor":6.0,"key":"StancePotion"},{"floor":8.0,"key":"CultistPotion"},{"floor":16.0,"key":"SmokeBomb"},{"floor":19.0,"key":"GamblersBrew"},{"floor":22.0,"key":"LiquidMemories"},{"floor":30.0,"key":"EssenceOfSteel"}],"is_trial":false,"path_per_floor":["M","?","$","M","?","E","R","E","T","T","M","$","?","E","R","B",null,"M","M","?","?","M","R","E","M","T","E","R","$","M","M","R","B",null,"M","M","?","M","$","E","R","E","T","M","M","R","E","?","R","B",null],"character_chosen":"WATCHER","items_purchased":["Pen Nib","SashWhip","Scrawl+1","LiquidBronze","Shuriken","Strange Spoon","Master of Strategy+1","Ornamental Fan"],"campfire_rested":6,"item_purchase_floors":[3,3,12,12,29,29,29,39],"current_hp_per_floor":[72,67,67,67,60,60,60,54,54,54,54,54,39,39,39,36,77,74,56,56,56,55,77,47,33,33,26,49,49,49,49,72,42,77,73,68,38,38,38,35,58,49,49,49,49,72,64,64,64,49],"gold":198,"neow_bonus":"HUNDRED_GOLD","is_daily":false,"chose_seed":false,"campfire_upgraded":2,"win_rate":0.0,"timestamp":1614028534,"path_taken":["M","?","$","M","?","E","R","E","T","?","M","$","?","E","R","BOSS","M","M","?","?","?","R","E","M","T","E","R","$","M","M","R","BOSS","M","M","?","M","$","E","R","E","T","M","M","R","E","?","R","BOSS"],"items_purchased_type":["Relic","Card","Card","Potion","Relic","Relic","Card","Relic"],"build_version":"2020-12-22","purchased_purges":1,"victory":true,"max_hp_per_floor":[72,67,67,67,67,67,67,77,77,77,77,77,77,77,77,77,77,77,77,77,77,77,77,77,77,77,77,77,77,77,77,77,77,77,77,77,77,77,77,77,77,77,77,77,77,77,77,77,77,77],"card_choices":[{"not_picked":["EmptyFist","SandsOfTime"],"picked":"CutThroughFate","floor":1.0},{"not_picked":["ClearTheMind","PathToVictory"],"picked":"Weave","floor":4.0},{"not_picked":["CutThroughFate","Protect+1"],"picked":"EmptyBody+1","floor":6.0},{"not_picked":["Consecrate","SignatureMove"],"picked":"CrushJoints","floor":8.0},{"not_picked":["Worship+1","Crescendo+1"],"picked":"Conclude","floor":11.0},{"not_picked":["FearNoEvil","EmptyBody+1"],"picked":"Weave","floor":14.0},{"not_picked":["DeusExMachina+1","MasterReality"],"picked":"LessonLearned","floor":16.0},{"not_picked":["Wallop","EmptyFist"],"picked":"FollowUp+1","floor":18.0},{"not_picked":["Vengeance+1","LikeWater"],"picked":"Evaluate+1","floor":19.0},{"not_picked":["BowlingBash","SignatureMove","Protect+1"],"picked":"SKIP","floor":22.0},{"not_picked":["EmptyFist+1","SashWhip"],"picked":"Ragnarok","floor":24.0},{"not_picked":["Crescendo+1","FlurryOfBlows"],"picked":"Swivel+1","floor":25.0},{"not_picked":["CrushJoints","CarveReality"],"picked":"Evaluate+1","floor":27.0},{"not_picked":["EmptyFist","Worship+1"],"picked":"ReachHeaven","floor":30.0},{"not_picked":["FlurryOfBlows","Crescendo+1"],"picked":"Meditate+1","floor":31.0},{"not_picked":["Judgement+1","Alpha+1"],"picked":"Omniscience+1","floor":33},{"not_picked":["FollowUp","FlurryOfBlows","Crescendo+1"],"picked":"SKIP","floor":35},{"not_picked":["Indignation+1","CarveReality"],"picked":"Perseverance+1","floor":36},{"not_picked":["CutThroughFate","Halt+1"],"picked":"ThirdEye+1","floor":37},{"not_picked":["FlurryOfBlows","WindmillStrike"],"picked":"Adaptation+1","floor":40},{"not_picked":["CutThroughFate","MentalFortress+1"],"picked":"Tantrum+1","floor":42},{"not_picked":["FollowUp+1","DevaForm"],"picked":"Collect+1","floor":44},{"not_picked":["PathToVictory+1","Consecrate"],"picked":"TalkToTheHand","floor":45},{"not_picked":["DevaForm","JustLucky+1"],"picked":"DeceiveReality+1","floor":47}],"player_experience":1012203,"relics_obtained":[{"floor":6.0,"key":"Toxic Egg 2"},{"floor":8.0,"key":"Pear"},{"floor":9.0,"key":"Art of War"},{"floor":10.0,"key":"Turnip"},{"floor":14.0,"key":"Incense Burner"},{"floor":24.0,"key":"Old Coin"},{"floor":26.0,"key":"Mummified Hand"},{"floor":27.0,"key":"Du-Vu Doll"},{"floor":37,"key":"GoldenEye"},{"floor":40,"key":"Whetstone"},{"floor":42,"key":"Vajra"},{"floor":43,"key":"Smiling Mask"},{"floor":47,"key":"Blood Vial"}],"event_choices":[{"damage_healed":0.0,"max_hp_gain":0.0,"max_hp_loss":5.0,"gold_gain":0.0,"event_name":"Golden Idol","player_choice":"Lose Max HP","floor":2.0,"gold_loss":0.0,"damage_taken":0.0,"relics_obtained":["Golden Idol"]},{"cards_removed":["Strike_P"],"damage_healed":0.0,"max_hp_gain":0.0,"max_hp_loss":0.0,"gold_gain":0.0,"event_name":"Golden Wing","player_choice":"Card Removal","floor":5.0,"gold_loss":0.0,"damage_taken":7.0},{"damage_healed":0.0,"max_hp_gain":0.0,"max_hp_loss":0.0,"gold_gain":0.0,"event_name":"Shining Light","player_choice":"Entered Light","floor":13.0,"gold_loss":0.0,"damage_taken":15.0,"cards_upgraded":["Conclude","Vigilance"]},{"damage_healed":0.0,"max_hp_gain":0.0,"max_hp_loss":0.0,"gold_gain":0.0,"event_name":"The Library","player_choice":"Read","floor":20.0,"gold_loss":0.0,"damage_taken":0.0,"cards_obtained":["Crescendo"]},{"damage_healed":0.0,"max_hp_gain":0.0,"max_hp_loss":0.0,"gold_gain":0.0,"event_name":"Match and Keep!","player_choice":"5 cards matched","floor":21.0,"gold_loss":0.0,"damage_taken":0.0,"cards_obtained":["Panacea","WindmillStrike","DevaForm","BowlingBash","Eruption"]},{"damage_healed":0,"gold_gain":0,"player_choice":"Fight","damage_taken":0,"max_hp_gain":0,"max_hp_loss":0,"event_name":"Mysterious Sphere","floor":37,"gold_loss":0},{"damage_healed":0,"gold_gain":0,"player_choice":"Upgrade","damage_taken":0,"relics_obtained":["Mark of the Bloom"],"max_hp_gain":0,"max_hp_loss":0,"event_name":"MindBloom","floor":48,"gold_loss":0,"cards_upgraded":["Strike_P","Strike_P","Defend_P","Defend_P","Defend_P","Defend_P","CrushJoints","Weave","LessonLearned","WindmillStrike","DevaForm","BowlingBash","Ragnarok","ReachHeaven","TalkToTheHand"]}],"is_beta":false,"boss_relics":[{"not_picked":["Snecko Eye","Black Star"],"picked":"SlaversCollar"},{"not_picked":["SacredBark","Coffee Dripper"],"picked":"Sozu"}],"items_purged_floors":[29],"is_endless":false,"potions_floor_spawned":[6,8,16,19,22,25,30,36,40,45],"ascension_level":1}}