{"host":"lg2j834m1ujxvni0","time":1614004910,"event":{"mods":["AchievementEnabler","BaseMod","Beaked The Cultist","Better Vampires","BetterRewards","Colored Map","Colored Powertips","Conspire","Downfall","Gremlin Mod","Hermit","Highlight Path","Hubris","Infinite Spire","Mimic Mod","Minty Spire (QoL Compilation)","Quick Restart","Replay The Spire","Shade Mod","Shop Mod","StSLib","The Bladedancer","The Bug Knight","The Construct","The Cursed","The Death Knight","The Disciple","The Elementalist","The Forsaken","The Hayseed","The IronCluck","The Judge","The Jungle","The Runesmith","The Servant 0.9.4","The Witch"],"gold_per_floor":[99,99,99,42,42,42,42,68,78,228,228,260,271,301,316,413,413,413,423,434,38,38,23,23,53,66,66,96,44,44,61,71,170,170,170,183,183,183,84,84,84,84],"floor_reached":40,"language":"ENG","playtime":4576,"items_purged":["bronze:Strike","Slimebound:Repurpose","bronze:Strike"],"score":538,"play_id":"fd92ca19-6591-417c-9070-69b00f37fa59","local_time":"20210222094150","is_ascension_mode":false,"campfire_choices":[{"data":"bronze:SpaghettiCode","floor":6.0,"key":"SMITH"},{"data":"bronze:BronzeOrb","floor":11.0,"key":"SMITH"},{"floor":18.0,"key":"DIG"},{"data":"A Thousand Cuts","floor":30.0,"key":"SMITH"},{"data":"infinitespire:Punishment","floor":35,"key":"SMITH"}],"circlet_count":0,"master_deck":["bronze:Strike","bronze:Strike","bronze:Defend","bronze:Defend","bronze:Defend","bronze:Defend","bronze:Replicate","bronze:Constructor","m_Bronzebash","bronze:SpaghettiCode+1","bronze:ChosenStrike","bronze:ChosenStrike","bronze:Iterate","bronze:BronzeOrb+1","bronze:Constructor","bronze:Iterate","bronze:Boost","bronze:Terminator","bronze:Branch","Juggernaut","bronze:FineTuning","bronze:Turbo+1","bronze:CutThrough","bronze:Optimize","theForsaken:PlagueCurse","TheSimpletonMod:ControlledBurn","Clash","infinitespire:Punishment+1","sneckomod:UnknownX","A Thousand Cuts+1","bronze:Invalidate+1","bronze:InfiniteBeams","bronze:Branch","theForsaken:CorruptedWord","TheCursedMod:CursedAmulet","hermit:Gambit","Replay:Battleflow","bronze:Separator","bronze:DelayedSlice","bronze:WhirlingStrike"],"relics":["downfall:HeartsMalice","m_BronzeBlood","conspire:DecoderRing","Centennial Puzzle","Simple Rune","Honey Jar","bronze:CableSpool","PrismaticShard","Pen Nib","theForsaken:PlagueMask","Gremlin Horn","hubris:GlazedTorus","hubris:PeanutButter","hubris:BundleOfHerbs","MerchantsRug","conspire:RoyalGoblet","hubris:DeckOfHolding"],"acts_visited":["Exordium","TheCity","TheBeyond"],"potions_floor_usage":[33,40,40],"damage_taken":[{"damage":0.0,"enemies":"2 Louse","floor":2.0,"turns":1.0},{"damage":0.0,"enemies":"downfall:FleeingMerchant","floor":4.0,"turns":1.0},{"damage":0.0,"enemies":"Cultist","floor":5.0,"turns":1.0},{"damage":10.0,"enemies":"Lagavulin","floor":8.0,"turns":5.0},{"damage":0.0,"enemies":"Jaw Worm","floor":9.0,"turns":3.0},{"damage":4.0,"enemies":"3 Sentries","floor":12.0,"turns":3.0},{"damage":4.0,"enemies":"Exordium Wildlife","floor":13.0,"turns":4.0},{"damage":12.0,"enemies":"Gremlin Nob","floor":14.0,"turns":4.0},{"damage":1.0,"enemies":"downfall:LooterAlt","floor":15.0,"turns":3.0},{"damage":24.0,"enemies":"DF_ARCHETYPE_STREAMLINE","floor":16.0,"turns":8.0},{"damage":1.0,"enemies":"Spheric Guardian","floor":19.0,"turns":3.0},{"damage":0.0,"enemies":"Chosen","floor":20.0,"turns":3.0},{"damage":0.0,"enemies":"downfall:FleeingMerchant","floor":21.0,"turns":4.0},{"damage":0.0,"enemies":"downfall:FleeingMerchant","floor":23.0,"turns":4.0},{"damage":14.0,"enemies":"Slavers","floor":25.0,"turns":6.0},{"damage":2.0,"enemies":"Snecko","floor":26.0,"turns":4.0},{"damage":21.0,"enemies":"Nightmare","floor":28.0,"turns":5.0},{"damage":0.0,"enemies":"downfall:FleeingMerchant","floor":29.0,"turns":3.0},{"damage":0.0,"enemies":"3 Cultists","floor":31.0,"turns":3.0},{"damage":7.0,"enemies":"Chosen and Byrds","floor":32.0,"turns":3.0},{"damage":0,"enemies":"IC_MUSHROOM_ARCHETYPE","floor":33,"turns":4},{"damage":1,"enemies":"3 Shapes","floor":36,"turns":2},{"damage":0,"enemies":"infinitespire:Three Voidlings","floor":40,"turns":3},{"damage":75,"enemies":"Nightmare_Alpha","floor":40,"turns":4}],"seed_played":"6867852349506112408","potions_obtained":[{"floor":8.0,"key":"DuplicationPotion"},{"floor":9.0,"key":"Weak Potion"},{"floor":13.0,"key":"Venom Potion"},{"floor":16.0,"key":"GamblersBrew"},{"floor":19.0,"key":"Block Potion"},{"floor":26.0,"key":"Guardian:BlockOnCardUsePotion"},{"floor":31.0,"key":"champ:CounterPotion"},{"floor":32.0,"key":"Adrenaline Potion"},{"floor":33,"key":"Strength Potion"}],"is_trial":false,"path_per_floor":["R_BF","M","?","$","M","R","T","E","M","?","R","E","M","E","M","B",null,"R_BF","M","M","$","?","$","T","E","M","AVR","NM","$","R","M","M","B",null,"R","M","AVR","?","$","?"],"character_chosen":"THE_AUTOMATON","items_purchased":["bronze:ChosenStrike","bronze:Optimize","PrismaticShard","Pen Nib","bronze:Invalidate+1","bronze:InfiniteBeams","bronze:Branch","MerchantsRug","bronze:DelayedSlice","bronze:WhirlingStrike"],"campfire_rested":0,"item_purchase_floors":[4,21,21,21,29,29,29,29,39,39],"current_hp_per_floor":[70,70,70,70,70,70,70,66,70,70,70,70,70,64,69,51,70,70,70,70,70,70,70,70,62,66,66,51,62,62,68,67,70,70,70,70,70,70,70,0,0,0],"gold":84,"neow_bonus":"THREE_ENEMY_KILL","is_daily":false,"chose_seed":false,"campfire_upgraded":4,"win_rate":0.0,"timestamp":1614004910,"path_taken":["R_BF","M","?","$","M","R","T","E","M","?","R","E","M","E","M","BOSS","R_BF","M","M","?","?","?","T","E","M","AVR","NM","$","R","M","M","BOSS","R","M","AVR","?","$","?"],"items_purchased_type":["Card","Card","Relic","Relic","Card","Card","Card","Relic","Card","Card"],"build_version":"2020-12-22","purchased_purges":3,"victory":false,"max_hp_per_floor":[70,70,70,70,70,70,70,70,70,70,70,70,70,70,70,70,70,70,70,70,70,70,70,70,70,70,70,70,70,70,70,70,70,70,70,70,70,70,70,70,70,70],"card_choices":[{"not_picked":["bronze:FineTuning","bronze:Overheat"],"picked":"bronze:Constructor","floor":2.0},{"not_picked":["bronze:CutThrough","bronze:Return"],"picked":"bronze:SpaghettiCode","floor":4.0},{"not_picked":["bronze:Repulsor","bronze:FineTuning"],"picked":"bronze:Iterate","floor":5.0},{"not_picked":["bronze:Frontload","bronze:WildBeam"],"picked":"bronze:BronzeOrb","floor":8.0},{"not_picked":["bronze:Deprecate","bronze:WildBeam"],"picked":"bronze:Constructor","floor":9.0},{"not_picked":["bronze:BronzeArmor","bronze:DelayedGuard"],"picked":"bronze:Iterate","floor":12.0},{"not_picked":["bronze:Invalidate","Evolve"],"picked":"bronze:Boost","floor":13.0},{"not_picked":["bronze:ShipIt","bronze:Invalidate"],"picked":"bronze:Terminator","floor":14.0},{"not_picked":["bronze:DelayedGuard","Body Slam"],"picked":"bronze:Branch","floor":15.0},{"not_picked":["bronze:FindAndReplace","Barricade"],"picked":"Juggernaut","floor":16.0},{"not_picked":["bronze:Shield","bronze:Invalidate","bronze:Deprecate"],"picked":"bronze:FineTuning","floor":19.0},{"not_picked":["bronze:Iterate","bronze:Frontload","bronze:FineTuning"],"picked":"bronze:Turbo+1","floor":20.0},{"not_picked":["bronze:Allocate","bronze:BurnOut","bronze:WildBeam"],"picked":"bronze:CutThrough","floor":21.0},{"not_picked":["Evaluate","MortusClaw","hexamod:ForkedFlame"],"picked":"TheSimpletonMod:ControlledBurn","floor":23.0},{"not_picked":["sneckomod:Unknown1Cost","Undo","hexamod:RadiantFlame"],"picked":"Clash","floor":25.0},{"not_picked":["blademaster:Discharge+1","DeathKnight:BludPresence","hermit:Snipe"],"picked":"Slimebound:Repurpose","floor":26.0},{"not_picked":["hubris:InfiniteBlow","infinitespire:Execution"],"picked":"infinitespire:Punishment","floor":28.0},{"not_picked":["hermit:HoleUp","blademaster:ParryingStrike","sneckomod:UnknownClassPURPLE"],"picked":"sneckomod:UnknownX","floor":28.0},{"not_picked":["Runesmith:Repurpose","construct:ScrapCannon","Runesmith:CraftSpiculum"],"picked":"A Thousand Cuts","floor":29.0},{"not_picked":["Bloodletting","Conserve Battery","Leap"],"picked":"theForsaken:CorruptedWord","floor":31.0},{"not_picked":["HollowMod:SoulSplash","Compile Driver+1","beaked:Sacrifice"],"picked":"TheCursedMod:CursedAmulet","floor":32.0},{"not_picked":["beaked:ShadowFade","TheCursedMod:DemonicPact","champ:VampiricStrike"],"picked":"hermit:Gambit","floor":33},{"not_picked":["WordoMod:SecondChance","Shade:GraveStillness","Guardian:Incinerate"],"picked":"Replay:Battleflow","floor":36}],"player_experience":216017,"relics_obtained":[{"floor":7.0,"key":"conspire:DecoderRing"},{"floor":8.0,"key":"infinitespire:WardingShard"},{"floor":12.0,"key":"Centennial Puzzle"},{"floor":14.0,"key":"Simple Rune"},{"floor":18.0,"key":"bronze:CableSpool"},{"floor":24.0,"key":"Gremlin Horn"},{"floor":25.0,"key":"hubris:GlazedTorus"},{"floor":28.0,"key":"hubris:BundleOfHerbs"}],"event_choices":[{"damage_healed":0.0,"max_hp_gain":0.0,"max_hp_loss":0.0,"gold_gain":0.0,"event_name":"Plague Doctor","player_choice":"Obtain Plague Curse","floor":22.0,"gold_loss":0.0,"damage_taken":0.0,"cards_obtained":["theForsaken:PlagueCurse"]}],"is_beta":false,"boss_relics":[{"not_picked":["Snecko Eye","Runic Pyramid"],"picked":"Honey Jar"},{"not_picked":["Calling Bell","conspire:SpecialSausage"],"picked":"conspire:RoyalGoblet"}],"items_purged_floors":[27,29,37],"is_endless":true,"potions_floor_spawned":[8,9,13,16,19,26,31,32,33],"killed_by":"Nightmare_Alpha","ascension_level":0}}