{"host":"y4fuci1jk2rsxnep","time":1614033252,"event":{"mods":["AchievementEnabler","BaseMod","Colored Powertips","Custom Start","Defuse TimeMaze Blight","Dio Mod","Downfall","Hermit","Hero for Fun","Hubris","Hunter ??","Infinite Spire","Minty Spire (QoL Compilation)","Quick Restart","Reliquary","Remove Card Discount Mod","Replay The Spire","StSLib","The Blackbeard","The Bug Knight","The Mystic","The Runesmith"],"gold_per_floor":[118,293,293,293,309,337,437,437,437,126,143,143,143,155,253,356,356,368,368,394,411,411,411,436,436,436,469,481,481,496,514,514,616,616,627,627,641,656,656,656],"floor_reached":39,"language":"ENG","playtime":2506,"items_purged":["downfall:Bewildered","downfall:Malfunctioning","hermit:Strike_Hermit","hermit:Strike_Hermit","hermit:Strike_Hermit"],"score":833,"play_id":"87592a33-40ff-4251-b930-9c35f3b4007d","local_time":"20210222233412","is_ascension_mode":true,"campfire_choices":[{"data":"hermit:FromBeyond","floor":8,"key":"SMITH"},{"data":"Apotheosis","floor":12,"key":"SMITH"},{"data":"hermit:ShadowCloak","floor":23,"key":"SMITH"},{"data":"hermit:Grudge","floor":25,"key":"SMITH"},{"data":"hubris:InfiniteBlow+20","floor":32,"key":"SMITH"}],"circlet_count":0,"master_deck":["hermit:Defend_Hermit","hermit:Defend_Hermit","hermit:Defend_Hermit","hermit:Defend_Hermit","hermit:Snapshot","hermit:Covet","hermit:Grudge","Doubt","hermit:FromBeyond+1","CurseOfTheBell","CurseOfTheBell","ReplayTheSpireMod:Faulty Equipment","hermit:FinalCanter","hermit:ShadowCloak+1","Apotheosis+1","hermit:Grudge+1","Parasite","hermit:Gambit","Writhe","hubris:InfiniteBlow+21","infinitespire:FutureSight","hermit:HeroicBravado"],"relics":["hermit:Momento","NeowsBlessing","hubris:Towel","Juzu Bracelet","downfall:ExtraCursedBell","reliquary:Stiletto","Darkstone Periapt","Durian","Nunchaku","hermit:RedScarf","Red Mask","Replay:Accelerometer","hermit:CharredGlove","Replay:Wax Seal","Sozu"],"acts_visited":["Exordium","TheCity","TheBeyond"],"potions_floor_usage":[16,37],"damage_taken":[{"damage":0,"enemies":"Jaw Worm","floor":1,"turns":1},{"damage":0,"enemies":"Small Slimes","floor":5,"turns":2},{"damage":0,"enemies":"Lagavulin","floor":6,"turns":1},{"damage":0,"enemies":"Cultist","floor":11,"turns":3},{"damage":7,"enemies":"3 Louse","floor":14,"turns":2},{"damage":0,"enemies":"Fading Forest","floor":16,"turns":11},{"damage":0,"enemies":"Spheric Guardian","floor":18,"turns":3},{"damage":12,"enemies":"Masked Bandits","floor":20,"turns":3},{"damage":0,"enemies":"Chosen","floor":21,"turns":3},{"damage":1,"enemies":"Slavers","floor":24,"turns":3},{"damage":1,"enemies":"Gremlin Leader","floor":27,"turns":5},{"damage":6,"enemies":"Centurion and Healer","floor":28,"turns":3},{"damage":0,"enemies":"Snecko","floor":30,"turns":1},{"damage":0,"enemies":"Cultist and Chosen","floor":31,"turns":2},{"damage":0,"enemies":"Champ","floor":33,"turns":1},{"damage":31,"enemies":"3 Shapes","floor":35,"turns":3},{"damage":34,"enemies":"3 Darklings","floor":37,"turns":3},{"damage":1,"enemies":"Spire Growth","floor":38,"turns":4},{"damage":41,"enemies":"Jaw Worm Horde","floor":39,"turns":2}],"seed_played":"-5267094032488320461","potions_obtained":[{"floor":6,"key":"Adrenaline Potion"},{"floor":14,"key":"Venom Potion"},{"floor":18,"key":"Strength Potion"},{"floor":21,"key":"AttackPotion"},{"floor":30,"key":"Explosive Potion"},{"floor":33,"key":"Venom Potion"}],"is_trial":false,"path_per_floor":["M","?","?","?","M","E","?","R","T","$","M","R","?","M","R","B",null,"M","?","?","M","?","R","E","R","T","E","M","AVR","M","M","R","B",null,"M","?","M","M","M"],"character_chosen":"HERMIT","items_purchased":["hermit:ShadowCloak","Apotheosis","hermit:Grudge"],"campfire_rested":0,"item_purchase_floors":[10,10,10],"current_hp_per_floor":[75,75,75,75,75,75,103,103,103,103,103,103,109,102,102,102,109,109,115,103,103,103,103,102,102,102,101,95,95,95,95,95,95,115,84,73,39,38,0,0],"gold":656,"neow_bonus":"THREE_ENEMY_KILL","is_daily":false,"chose_seed":false,"campfire_upgraded":5,"win_rate":0.0,"timestamp":1614033252,"path_taken":["M","?","?","?","M","E","?","R","T","$","M","R","?","M","R","BOSS","M","?","?","M","?","R","E","R","T","E","M","AVR","M","M","R","BOSS","M","?","M","M","M"],"items_purchased_type":["Card","Card","Card"],"build_version":"2020-12-22","purchased_purges":5,"victory":false,"max_hp_per_floor":[75,75,75,75,75,75,103,103,103,103,103,103,109,109,109,109,109,109,115,115,115,115,115,115,115,115,115,115,115,115,115,115,115,115,115,115,115,115,115,115],"card_choices":[{"not_picked":["hermit:ItchyTrigger","hermit:NoHoldsBarred"],"picked":"hermit:Grudge","floor":1},{"not_picked":["hermit:Roulette","hermit:Quickdraw"],"picked":"hermit:FromBeyond","floor":5},{"not_picked":["hermit:RoundhouseKick","hermit:LuckOfTheDraw","hermit:Vantage"],"picked":"SKIP","floor":6},{"not_picked":["hermit:Cheat","hermit:Spite","hermit:Dive"],"picked":"SKIP","floor":11},{"not_picked":["hermit:Roulette","hermit:Feint","hermit:Dive"],"picked":"SKIP","floor":14},{"not_picked":["hermit:HighNoon","hermit:Purgatory"],"picked":"hermit:Gambit","floor":16},{"not_picked":["hermit:Shortfuse+1","hermit:LuckOfTheDraw+1","hermit:Feint"],"picked":"SKIP","floor":18},{"not_picked":["hermit:Headshot","hermit:Glare","hermit:Dive"],"picked":"SKIP","floor":21},{"not_picked":["hermit:Quickdraw","hermit:HoleUp","hermit:Manifest"],"picked":"SKIP","floor":24},{"not_picked":["hermit:Desperado+1","hermit:FullyLoaded","hermit:Glare+1"],"picked":"SKIP","floor":27},{"not_picked":["hermit:Misfire","hermit:BodyArmor","hermit:Dive"],"picked":"SKIP","floor":28},{"not_picked":["hermit:HoleUp","hermit:GhostlyPresence+1","hermit:Headshot"],"picked":"SKIP","floor":30},{"not_picked":["hermit:ItchyTrigger","hermit:Feint","hermit:LowProfile"],"picked":"SKIP","floor":31},{"not_picked":["hermit:HighNoon","hermit:FromBeyond"],"picked":"hermit:HeroicBravado","floor":33},{"not_picked":["hermit:Grudge+1","hermit:Glare+1","hermit:Quickdraw"],"picked":"SKIP","floor":35},{"not_picked":["hermit:Scavenge+1","hermit:Glare+1","hermit:ItchyTrigger"],"picked":"SKIP","floor":37},{"not_picked":["hermit:Headshot+1","hermit:Coalescence","hermit:TakeCover+1"],"picked":"SKIP","floor":38}],"player_experience":693211,"relics_obtained":[{"floor":6,"key":"Juzu Bracelet"},{"floor":7,"key":"reliquary:Stiletto"},{"floor":7,"key":"Darkstone Periapt"},{"floor":7,"key":"Durian"},{"floor":9,"key":"Nunchaku"},{"floor":20,"key":"Red Mask"},{"floor":24,"key":"Replay:Accelerometer"},{"floor":26,"key":"hermit:CharredGlove"},{"floor":27,"key":"Replay:Wax Seal"}],"event_choices":[{"damage_healed":0,"gold_gain":175,"player_choice":"AGREE","damage_taken":0,"max_hp_gain":0,"max_hp_loss":0,"event_name":"Liars Game","floor":2,"gold_loss":0,"cards_obtained":["Doubt"]},{"cards_removed":["hermit:Strike_Hermit"],"damage_healed":0,"gold_gain":0,"player_choice":"Offered Basic","damage_taken":0,"max_hp_gain":0,"max_hp_loss":0,"event_name":"Bonfire Elementals","floor":4,"gold_loss":0},{"damage_healed":25,"gold_gain":0,"player_choice":"Healed and dodged fight","damage_taken":0,"max_hp_gain":0,"max_hp_loss":0,"event_name":"Mushrooms","floor":13,"gold_loss":0,"cards_obtained":["Parasite"]},{"damage_healed":0,"gold_gain":0,"player_choice":"Opened","damage_taken":0,"relics_obtained":["hermit:RedScarf"],"max_hp_gain":0,"max_hp_loss":0,"event_name":"The Mausoleum","floor":19,"gold_loss":0,"cards_obtained":["Writhe"]},{"damage_healed":0,"gold_gain":0,"player_choice":"Fought Bandits","damage_taken":0,"max_hp_gain":0,"max_hp_loss":0,"event_name":"Masked Bandits","floor":20,"gold_loss":0},{"damage_healed":0,"gold_gain":0,"player_choice":"Ignored","damage_taken":0,"max_hp_gain":0,"max_hp_loss":0,"event_name":"Fountain of Cleansing","floor":22,"gold_loss":0},{"damage_healed":0,"gold_gain":0,"player_choice":"Damaged","damage_taken":11,"max_hp_gain":0,"max_hp_loss":0,"event_name":"Wheel of Change","floor":36,"gold_loss":0}],"is_beta":false,"boss_relics":[{"not_picked":["Replay:Drink Me","Velvet Choker","Abe\u0027s Treasure"]},{"not_picked":["hubris:BlackHole","Runic Dome"],"picked":"Sozu"}],"items_purged_floors":[10,10,10,10,10],"is_endless":false,"potions_floor_spawned":[6,14,18,21,30,33,35,37],"killed_by":"Jaw Worm Horde","ascension_level":4}}