{"host":"8lno9xwgef3sjccz","time":1614026702,"event":{"mods":["AchievementEnabler","BaseMod","Minty Spire (QoL Compilation)","Relic Stats"],"gold_per_floor":[115,128,128,128,17,17,53,53,76,97,128,153,169,344,344,463,463,486,510,534,42,66,97,97,97,151,163,163],"floor_reached":27,"language":"ENG","playtime":1171,"items_purged":["Strike_R","Strike_R"],"score":255,"play_id":"c1f87866-fa9a-4a7b-986a-5764e07a00c7","local_time":"20210222154502","is_ascension_mode":true,"campfire_choices":[{"data":"Dramatic Entrance","floor":6,"key":"SMITH"},{"data":"Cleave","floor":8,"key":"SMITH"},{"data":"Infernal Blade","floor":15,"key":"SMITH"},{"data":"Demon Form","floor":25,"key":"SMITH"}],"circlet_count":0,"master_deck":["Strike_R","Defend_R","Bash","Dramatic Entrance+1","Cleave+1","Shockwave","Injury","Infernal Blade+1","Combust","Pommel Strike","Rampage","Doubt","Juggernaut","Havoc+1","Brutality+1","Spot Weakness+1","Rupture","Battle Trance","Warcry+1","Iron Wave+1","Demon Form+1","Ghostly Armor"],"relics":["Burning Blood","Golden Idol","Bag of Preparation","Toy Ornithopter","Bronze Scales","Oddly Smooth Stone","Astrolabe","Torii","Pantograph","MawBank"],"acts_visited":["Exordium","TheCity"],"potions_floor_usage":[13,16,16,23],"damage_taken":[{"damage":8,"enemies":"Jaw Worm","floor":1,"turns":3},{"damage":0,"enemies":"2 Louse","floor":2,"turns":2},{"damage":38,"enemies":"Lagavulin","floor":7,"turns":9},{"damage":0,"enemies":"Small Slimes","floor":10,"turns":1},{"damage":16,"enemies":"3 Sentries","floor":11,"turns":3},{"damage":11,"enemies":"Looter","floor":12,"turns":2},{"damage":6,"enemies":"Gremlin Gang","floor":13,"turns":2},{"damage":44,"enemies":"Slime Boss","floor":16,"turns":7},{"damage":24,"enemies":"Shell Parasite","floor":18,"turns":4},{"damage":7,"enemies":"3 Byrds","floor":19,"turns":2},{"damage":40,"enemies":"Shelled Parasite and Fungi","floor":20,"turns":5},{"damage":8,"enemies":"Snake Plant","floor":22,"turns":5},{"damage":34,"enemies":"Gremlin Leader","floor":23,"turns":5},{"damage":29,"enemies":"Centurion and Healer","floor":27,"turns":4}],"seed_played":"-4900036853443047527","potions_obtained":[{"floor":7,"key":"AttackPotion"},{"floor":10,"key":"BloodPotion"},{"floor":12,"key":"LiquidBronze"},{"floor":13,"key":"ElixirPotion"},{"floor":22,"key":"Dexterity Potion"}],"is_trial":false,"path_per_floor":["M","M","?","T","$","R","E","R","T","M","E","M","M","?","R","B",null,"M","M","M","$","M","E","?","R","T","M"],"character_chosen":"IRONCLAD","items_purchased":["Infernal Blade","Torii","FairyPotion"],"campfire_rested":0,"item_purchase_floors":[5,21,21],"current_hp_per_floor":[78,80,80,80,80,80,48,48,48,54,44,39,60,60,60,32,80,62,61,27,27,25,29,29,29,29,0,0],"gold":163,"neow_bonus":"RANDOM_COLORLESS","is_daily":false,"chose_seed":false,"campfire_upgraded":4,"win_rate":0.0,"timestamp":1614026702,"path_taken":["M","M","?","?","?","R","E","R","T","?","E","M","M","?","R","BOSS","M","M","M","$","M","E","?","R","T","M"],"items_purchased_type":["Card","Relic","Potion"],"build_version":"2020-12-22","purchased_purges":2,"victory":false,"max_hp_per_floor":[80,80,80,80,80,80,80,80,80,80,80,80,80,80,80,80,80,80,80,80,80,80,80,80,80,80,80,80],"relic_stats":{"Torii":20,"counters":[14,53],"Golden Idol":75,"Bronze Scales":[140],"Astrolabe":["Havoc","Brutality","Spot Weakness"],"Pantograph":0,"Bag of Preparation":[24],"MawBank":12,"obtain_stats":[{"Torii":21,"Golden Idol":3,"Bronze Scales":9,"Astrolabe":17,"Pantograph":23,"Oddly Smooth Stone":11,"Bag of Preparation":4,"MawBank":26,"Burning Blood":0,"Toy Ornithopter":7},{"Torii":11,"Golden Idol":2,"Bronze Scales":3,"Astrolabe":8,"Pantograph":13,"Oddly Smooth Stone":5,"Bag of Preparation":2,"MawBank":13,"Burning Blood":0,"Toy Ornithopter":3},{"Torii":40,"Golden Idol":5,"Bronze Scales":14,"Astrolabe":29,"Pantograph":50,"Oddly Smooth Stone":18,"Bag of Preparation":5,"MawBank":50,"Burning Blood":0,"Toy Ornithopter":14}],"Burning Blood":74,"Toy Ornithopter":20},"card_choices":[{"not_picked":["Forethought","Blind"],"picked":"Dramatic Entrance","floor":0},{"not_picked":["Body Slam","Warcry"],"picked":"Cleave","floor":1},{"not_picked":["Sever Soul","Seeing Red"],"picked":"Shockwave","floor":2},{"not_picked":["Headbutt","Shockwave"],"picked":"Combust","floor":7},{"not_picked":["Sword Boomerang","Whirlwind","Warcry"],"picked":"SKIP","floor":10},{"not_picked":["Disarm","Body Slam"],"picked":"Pommel Strike","floor":11},{"not_picked":["Perfected Strike","Sever Soul"],"picked":"Rampage","floor":12},{"not_picked":["Berserk","Clash","True Grit"],"picked":"SKIP","floor":13},{"not_picked":["Double Tap","Immolate"],"picked":"Juggernaut","floor":16},{"not_picked":["Perfected Strike","Sword Boomerang"],"picked":"Rupture","floor":18},{"not_picked":["Havoc","Sever Soul"],"picked":"Battle Trance","floor":19},{"not_picked":["Anger","Flame Barrier"],"picked":"Warcry+1","floor":20},{"not_picked":["Warcry","Metallicize","Body Slam+1"],"picked":"SKIP","floor":22},{"not_picked":["Sentinel+1","Burning Pact"],"picked":"Iron Wave+1","floor":23}],"player_experience":137066,"relics_obtained":[{"floor":4,"key":"Bag of Preparation"},{"floor":7,"key":"Toy Ornithopter"},{"floor":9,"key":"Bronze Scales"},{"floor":11,"key":"Oddly Smooth Stone"},{"floor":23,"key":"Pantograph"},{"floor":26,"key":"MawBank"}],"event_choices":[{"damage_healed":0,"gold_gain":0,"player_choice":"Take Wound","damage_taken":0,"relics_obtained":["Golden Idol"],"max_hp_gain":0,"max_hp_loss":0,"event_name":"Golden Idol","floor":3,"gold_loss":0,"cards_obtained":["Injury"]},{"damage_healed":0,"gold_gain":175,"player_choice":"AGREE","damage_taken":0,"max_hp_gain":0,"max_hp_loss":0,"event_name":"Liars Game","floor":14,"gold_loss":0,"cards_obtained":["Doubt"]},{"damage_healed":0,"gold_gain":0,"cards_transformed":["Defend_R","Defend_R"],"player_choice":"Became Test Subject","damage_taken":0,"max_hp_gain":0,"max_hp_loss":0,"event_name":"Drug Dealer","floor":24,"gold_loss":0,"cards_obtained":["Demon Form","Ghostly Armor"]}],"is_beta":false,"boss_relics":[{"not_picked":["SlaversCollar","Empty Cage"],"picked":"Astrolabe"}],"items_purged_floors":[5,21],"is_endless":false,"potions_floor_spawned":[7,10,12,13,22],"killed_by":"Centurion and Healer","ascension_level":1}}