{"host":"18wi9kpcl4eah7pe","time":1614008240,"event":{"mods":["BaseMod","Colored Powertips","Downfall","Minty Spire (QoL Compilation)","StSLib"],"gold_per_floor":[349,362,377,107,119,138,138,138,138,138],"floor_reached":8,"language":"ENG","playtime":238,"items_purged":[],"score":55,"play_id":"84c70ef4-4000-4297-916c-2d6f75e771ca","local_time":"20210222093720","is_ascension_mode":true,"campfire_choices":[{"floor":1.0,"key":"RECALL"}],"circlet_count":0,"master_deck":["bronze:Strike","bronze:Strike","bronze:Strike","bronze:Strike","bronze:Defend","bronze:Defend","bronze:Defend","bronze:Defend","bronze:Replicate","bronze:Goto","bronze:Separator","bronze:DelayedGuard","bronze:WhirlingStrike","bronze:Frontload","bronze:Optimize"],"relics":["bronze:BronzeCore","Gremlin Horn","Meat on the Bone"],"acts_visited":["Exordium"],"potions_floor_usage":[8],"damage_taken":[{"damage":7.0,"enemies":"Small Slimes","floor":2.0,"turns":4.0},{"damage":12.0,"enemies":"2 Louse","floor":3.0,"turns":4.0},{"damage":5.0,"enemies":"downfall:FleeingMerchant","floor":4.0,"turns":4.0},{"damage":7.0,"enemies":"Jaw Worm","floor":5.0,"turns":3.0},{"damage":3.0,"enemies":"Blue Slaver","floor":6.0,"turns":4.0},{"damage":18,"enemies":"Gremlin Nob","floor":8,"turns":3}],"seed_played":"4004628776009015523","potions_obtained":[{"floor":5.0,"key":"SkillPotion"}],"is_trial":false,"path_per_floor":["R","M","M","$","M","M","T","E"],"character_chosen":"THE_AUTOMATON","items_purchased":["Gremlin Horn"],"campfire_rested":0,"item_purchase_floors":[4],"current_hp_per_floor":[49,42,30,25,18,15,15,0,0,0],"gold":138,"neow_bonus":"TWO_FIFTY_GOLD","is_daily":false,"chose_seed":false,"campfire_upgraded":0,"win_rate":0.0,"timestamp":1614008240,"path_taken":["R","M","M","$","M","M","T","E"],"items_purchased_type":["Relic"],"build_version":"2020-12-22","purchased_purges":0,"victory":false,"max_hp_per_floor":[70,70,70,70,70,70,70,70,70,70],"card_choices":[{"not_picked":["bronze:CutThrough","bronze:Turbo"],"picked":"bronze:Separator","floor":2.0},{"not_picked":["bronze:Backtrace","bronze:Turbo"],"picked":"bronze:DelayedGuard","floor":3.0},{"not_picked":["bronze:Branch","bronze:OilSpill"],"picked":"bronze:WhirlingStrike","floor":4.0},{"not_picked":["bronze:ForLoop","bronze:Turbo"],"picked":"bronze:Frontload","floor":5.0},{"not_picked":["bronze:FineTuning","bronze:Overload"],"picked":"bronze:Optimize","floor":6.0}],"player_experience":1048144,"relics_obtained":[{"floor":7.0,"key":"Meat on the Bone"}],"event_choices":[],"is_beta":false,"boss_relics":[],"items_purged_floors":[],"is_endless":false,"potions_floor_spawned":[5],"killed_by":"Gremlin Nob","ascension_level":3}}