{"host":"xwl7b08i4vco8s3a","time":1614027518,"event":{"mods":["BaseMod","Colored Powertips","Downfall","Hermit","Minty Spire (QoL Compilation)","Replay The Spire","StSLib","Wandering Minibosses"],"gold_per_floor":[99,116,144,144,81,112,112,12,112,212,662,691,591,608,625,728,728,728,728,728,739,451,464,464,511,511,551,551,577,577,659,717,727,727,727],"floor_reached":33,"language":"ENG","playtime":2332,"items_purged":["Regret"],"score":318,"play_id":"b42dfe89-471f-4fee-b1b5-ee8b24589085","local_time":"20210222215838","is_ascension_mode":false,"campfire_choices":[{"floor":1,"key":"RECALL"},{"data":"Guardian:AncientConstruct","floor":8,"key":"SMITH"},{"floor":13,"key":"REST"},{"data":"Guardian:ConstructionForm","floor":18,"key":"SMITH"},{"floor":28,"key":"REST"},{"floor":30,"key":"REST"}],"circlet_count":0,"master_deck":["Guardian:Strike_Guardian","Guardian:Strike_Guardian","Guardian:Strike_Guardian","Guardian:Strike_Guardian","Guardian:Defend_Guardian","Guardian:Defend_Guardian","Guardian:Defend_Guardian","Guardian:Defend_Guardian","Guardian:CurlUp","Guardian:TwinSlam","Guardian:AncientConstruct+1","Guardian:Incinerate","Guardian:ConstructionForm+1","Guardian:PrimingBeam","downfall:Icky","downfall:Icky","Guardian:PiercingHide","Guardian:Suspension+1","Guardian:Planning+1","Guardian:Incinerate+1","downfall:Bewildered","Guardian:Repulse+1","Guardian:CrystalBeam","Guardian:FuturePlans"],"relics":["Guardian:ModeShifter","Replay:Kaleidoscope","Matryoshka","downfall:HeartBlessingRed","Centennial Puzzle","downfall:HeartBlessingGreen","Sozu","Nloth\u0027s Gift","Guardian:BottledStasis","Replay:Bandana","Onion Ring","Replay:Accelerometer","sneckomod:BabySnecko","Meat on the Bone"],"acts_visited":["Exordium","TheCity"],"potions_floor_usage":[6,16,16,16,25,25],"damage_taken":[{"damage":2,"enemies":"Small Slimes","floor":2,"turns":4},{"damage":0,"enemies":"2 Louse","floor":3,"turns":4},{"damage":3,"enemies":"downfall:FleeingMerchant","floor":5,"turns":4},{"damage":21,"enemies":"3 Sentries","floor":6,"turns":10},{"damage":27,"enemies":"Gremlin Nob","floor":12,"turns":6},{"damage":0,"enemies":"Cultist","floor":14,"turns":3},{"damage":7,"enemies":"downfall:LooterAlt","floor":15,"turns":5},{"damage":28,"enemies":"WA_ARCHETYPE_RETAIN","floor":16,"turns":11},{"damage":22,"enemies":"3 Byrds","floor":21,"turns":8},{"damage":2,"enemies":"downfall:FleeingMerchant","floor":22,"turns":4},{"damage":10,"enemies":"Chosen","floor":23,"turns":6},{"damage":37,"enemies":"Gremlin Leader","floor":25,"turns":8},{"damage":21,"enemies":"Slavers","floor":27,"turns":7},{"damage":7,"enemies":"Snecko","floor":29,"turns":4},{"damage":14,"enemies":"Centurion and Healer","floor":31,"turns":7},{"damage":16,"enemies":"Snake Plant","floor":32,"turns":5},{"damage":40,"enemies":"DF_ARCHETYPE_CLAW","floor":33,"turns":5}],"seed_played":"-5664319016078756647","potions_obtained":[{"floor":3,"key":"Elixir"},{"floor":6,"key":"EntropicBrew"},{"floor":14,"key":"Swift Potion"}],"is_trial":false,"path_per_floor":["R","M","M","?","$","E","T","R","?","?","?","E","R","M","M","B",null,"R","?","?","M","$","M","T","E","?","E","R","M","R","M","M","B"],"character_chosen":"GUARDIAN","items_purchased":["Guardian:PrimingBeam","Guardian:BottledStasis","Guardian:Gem_Green"],"campfire_rested":3,"item_purchase_floors":[5,22,22],"current_hp_per_floor":[80,78,78,78,75,54,54,54,54,54,54,27,51,51,44,16,80,80,80,80,58,56,46,46,23,23,2,26,31,55,41,37,0,0,0],"gold":727,"neow_bonus":"ONE_RANDOM_RARE_CARD","is_daily":false,"chose_seed":false,"campfire_upgraded":2,"win_rate":0.0,"timestamp":1614027518,"path_taken":["R","M","M","?","$","E","T","R","?","?","?","E","R","M","M","BOSS","R","?","?","?","$","M","T","E","?","E","R","M","R","M","M","BOSS"],"items_purchased_type":["Card","Relic","Card"],"build_version":"2020-12-22","purchased_purges":1,"victory":false,"max_hp_per_floor":[80,80,80,80,80,80,80,80,80,80,80,80,80,80,80,80,80,80,80,80,80,80,80,80,80,80,80,80,80,80,80,80,80,80,80],"card_choices":[{"not_picked":["Guardian:Planning","Guardian:Gem_Lightblue"],"picked":"Guardian:Incinerate","floor":2},{"not_picked":["Guardian:ShieldSpikes","Guardian:Recover"],"picked":"Guardian:Gem_Red","floor":3},{"not_picked":["Guardian:WalkerClaw","Guardian:Harden"],"picked":"Guardian:ConstructionForm","floor":5},{"not_picked":["Guardian:Gem_Lightblue","Guardian:Clone"],"picked":"Guardian:Gem_Yellow","floor":6},{"not_picked":["Guardian:ShieldSpikes","Guardian:DonusPower"],"picked":"Guardian:Gem_Blue","floor":12},{"not_picked":["Guardian:WalkerClaw","Guardian:FuturePlans"],"picked":"Guardian:PiercingHide","floor":14},{"not_picked":["Guardian:Orbwalk","Guardian:Suspension"],"picked":"Guardian:Gem_Green","floor":15},{"not_picked":["Guardian:Gem_Synthetic","Guardian:HyperBeam_Guardian"],"picked":"Guardian:Gem_Orange","floor":16},{"not_picked":["Guardian:TemporalStrike","Guardian:Incinerate","Guardian:PolyBeam"],"picked":"SKIP","floor":21},{"not_picked":["Guardian:Gem_Lightblue","Guardian:RollAttack"],"picked":"Guardian:Suspension+1","floor":22},{"not_picked":["Guardian:TemporalStrike","Guardian:VentSteam"],"picked":"Guardian:Planning+1","floor":23},{"not_picked":["Guardian:TimeSifter","Guardian:Planning+1"],"picked":"Guardian:Incinerate+1","floor":25},{"not_picked":["Guardian:Gem_Cyan","Guardian:GuardianWhirl","Guardian:Planning"],"picked":"SKIP","floor":27},{"not_picked":["Guardian:Incinerate","Guardian:PrismaticBarrier+1"],"picked":"Guardian:Repulse+1","floor":29},{"not_picked":["Guardian:ChargeCore","Guardian:Preprogram"],"picked":"Guardian:CrystalBeam","floor":31},{"not_picked":["Guardian:RollAttack","Guardian:Incinerate"],"picked":"Guardian:FuturePlans","floor":32}],"player_experience":438118,"relics_obtained":[{"floor":6,"key":"Lizard Tail"},{"floor":7,"key":"Matryoshka"},{"floor":12,"key":"Centennial Puzzle"},{"floor":24,"key":"Replay:Bandana"},{"floor":24,"key":"Onion Ring"},{"floor":25,"key":"Replay:Accelerometer"},{"floor":27,"key":"Meat on the Bone"}],"event_choices":[{"damage_healed":0,"gold_gain":0,"player_choice":"Box","damage_taken":0,"relics_obtained":["Replay:Kaleidoscope"],"max_hp_gain":0,"max_hp_loss":0,"event_name":"Big Fish","floor":4,"gold_loss":0,"cards_obtained":["Regret"]}],"is_beta":false,"boss_relics":[{"not_picked":["Velvet Choker","Runic Pyramid"],"picked":"Sozu"}],"items_purged_floors":[22],"is_endless":false,"potions_floor_spawned":[3,6,14,23,25,29],"killed_by":"DF_ARCHETYPE_CLAW","ascension_level":0}}