{"host":"4xh8v5undae39mue","time":1614025411,"event":{"mods":["AchievementEnabler","BaseMod","Minty Spire (QoL Compilation)"],"gold_per_floor":[117,117,129,143,154,154,182,182,182,213,223,253,253,203,203,203,203],"floor_reached":16,"language":"ENG","playtime":803,"items_purged":[],"score":132,"play_id":"7b010cc2-fa81-4395-851c-aad21e61f025","local_time":"20210222152331","is_ascension_mode":true,"campfire_choices":[{"data":"Crippling Poison","floor":6,"key":"SMITH"},{"data":"Envenom","floor":8,"key":"SMITH"},{"floor":13,"key":"REST"},{"data":"Footwork","floor":15,"key":"SMITH"}],"circlet_count":0,"master_deck":["Strike_G","Strike_G","Strike_G","Strike_G+1","Defend_G","Defend_G","Defend_G","Defend_G+1","Defend_G","Survivor","Neutralize","Cloak And Dagger","Footwork+1","Calculated Gamble","Crippling Poison+1","Envenom+1","PiercingWail","Backflip","Slice"],"relics":["Ring of the Snake","Ninja Scroll","Letter Opener","Juzu Bracelet","Odd Mushroom"],"acts_visited":["Exordium"],"potions_floor_usage":[7,10,12],"damage_taken":[{"damage":1,"enemies":"2 Louse","floor":1,"turns":3},{"damage":4,"enemies":"Small Slimes","floor":3,"turns":3},{"damage":0,"enemies":"Cultist","floor":4,"turns":4},{"damage":8,"enemies":"3 Louse","floor":5,"turns":4},{"damage":16,"enemies":"Lagavulin","floor":7,"turns":8},{"damage":5,"enemies":"Gremlin Nob","floor":10,"turns":4},{"damage":0,"enemies":"Gremlin Gang","floor":11,"turns":3},{"damage":15,"enemies":"The Mushroom Lair","floor":12,"turns":5},{"damage":38,"enemies":"Slime Boss","floor":16,"turns":3}],"seed_played":"8339491888567967380","potions_obtained":[{"floor":1,"key":"ColorlessPotion"},{"floor":7,"key":"DistilledChaos"},{"floor":10,"key":"SteroidPotion"},{"floor":11,"key":"EssenceOfSteel"}],"is_trial":false,"path_per_floor":["M","?","M","M","M","R","E","R","T","E","M","?","R","?","R","B"],"character_chosen":"THE_SILENT","items_purchased":[],"campfire_rested":1,"item_purchase_floors":[],"current_hp_per_floor":[76,61,57,57,49,49,33,33,33,28,28,13,36,36,36,0,0],"gold":203,"neow_bonus":"TEN_PERCENT_HP_BONUS","is_daily":false,"chose_seed":false,"campfire_upgraded":3,"win_rate":0.0,"timestamp":1614025411,"path_taken":["M","?","M","M","M","R","E","R","T","E","M","?","R","?","R","BOSS"],"items_purchased_type":[],"build_version":"2020-12-22","purchased_purges":0,"victory":false,"max_hp_per_floor":[77,77,77,77,77,77,77,77,77,77,77,77,77,77,77,77,77],"card_choices":[{"not_picked":["Escape Plan","Leg Sweep"],"picked":"Cloak And Dagger","floor":1},{"not_picked":["Deflect","Concentrate"],"picked":"Footwork","floor":3},{"not_picked":["Outmaneuver","Dodge and Roll"],"picked":"Calculated Gamble","floor":4},{"not_picked":["Acrobatics","Sucker Punch"],"picked":"Crippling Poison","floor":5},{"not_picked":["Crippling Poison","Skewer"],"picked":"Envenom","floor":7},{"not_picked":["Acrobatics","Heel Hook"],"picked":"PiercingWail","floor":10},{"not_picked":["Expertise","Quick Slash"],"picked":"Backflip","floor":11},{"not_picked":["Quick Slash","Acrobatics"],"picked":"Slice","floor":12}],"player_experience":246247,"relics_obtained":[{"floor":7,"key":"Ninja Scroll"},{"floor":9,"key":"Letter Opener"},{"floor":10,"key":"Juzu Bracelet"},{"floor":12,"key":"Odd Mushroom"}],"event_choices":[{"damage_healed":0,"gold_gain":0,"player_choice":"Entered Light","damage_taken":15,"max_hp_gain":0,"max_hp_loss":0,"event_name":"Shining Light","floor":2,"gold_loss":0,"cards_upgraded":["Defend_G","Strike_G"]},{"damage_healed":0,"gold_gain":0,"player_choice":"Fought Mushrooms","damage_taken":0,"max_hp_gain":0,"max_hp_loss":0,"event_name":"Mushrooms","floor":12,"gold_loss":0},{"cards_removed":["Strike_G"],"damage_healed":0,"gold_gain":0,"player_choice":"Card Removal","damage_taken":0,"max_hp_gain":0,"max_hp_loss":0,"event_name":"The Cleric","floor":14,"gold_loss":50}],"is_beta":false,"boss_relics":[],"items_purged_floors":[],"is_endless":false,"potions_floor_spawned":[1,7,10,11],"killed_by":"Slime Boss","ascension_level":4}}