{"host":"i29s15dsg0c43zmx","time":1614017422,"event":{"mods":["AchievementEnabler","BaseMod","Colored Map","Minty Spire (QoL Compilation)","StSLib"],"gold_per_floor":[111,111,111,36,36,70,85,85,162,173,26,26,101,101,101,202,202,214,313,303,319,319,319],"floor_reached":22,"language":"ENG","playtime":824,"items_purged":["Strike_P","Strike_P"],"score":182,"play_id":"48b3d0ca-1869-4546-a051-0f3539582373","local_time":"20210222191022","is_ascension_mode":false,"campfire_choices":[{"floor":8,"key":"REST"},{"data":"Eruption","floor":12,"key":"SMITH"},{"floor":15,"key":"REST"}],"circlet_count":0,"master_deck":["Strike_P","Strike_P","Defend_P","Defend_P+1","Defend_P","Defend_P","Eruption+1","Vigilance+1","Scrawl","MentalFortress","FlurryOfBlows","Fasting2","EmptyFist","DevaForm","Consecrate+1","MentalFortress","Prostrate+1"],"relics":["PureWater","Torii","Gremlin Horn","Akabeko","Mummified Hand","Black Star"],"acts_visited":["Exordium","TheCity"],"potions_floor_usage":[16],"damage_taken":[{"damage":0,"enemies":"2 Louse","floor":1,"turns":2},{"damage":42,"enemies":"Lagavulin","floor":6,"turns":8},{"damage":0,"enemies":"Jaw Worm","floor":7,"turns":1},{"damage":0,"enemies":"Small Slimes","floor":10,"turns":1},{"damage":39,"enemies":"The Guardian","floor":16,"turns":10},{"damage":0,"enemies":"Spheric Guardian","floor":18,"turns":3},{"damage":21,"enemies":"2 Thieves","floor":20,"turns":4},{"damage":18,"enemies":"Shelled Parasite and Fungi","floor":21,"turns":5},{"damage":37,"enemies":"Chosen and Byrds","floor":22,"turns":8}],"seed_played":"3605388946017592745","potions_obtained":[{"floor":10,"key":"Weak Potion"},{"floor":21,"key":"Ancient Potion"}],"is_trial":false,"path_per_floor":["M","?","?","$","T","E","M","R","T","M","$","R","?","$","R","B",null,"M","?","M","M","M"],"character_chosen":"WATCHER","items_purchased":["EmptyFist"],"campfire_rested":2,"item_purchase_floors":[11],"current_hp_per_floor":[72,58,55,55,55,13,13,34,34,34,34,34,23,23,44,5,72,72,72,51,33,0,0],"gold":319,"neow_bonus":"ONE_RANDOM_RARE_CARD","is_daily":false,"chose_seed":false,"campfire_upgraded":1,"win_rate":0.0,"timestamp":1614017422,"path_taken":["M","?","?","?","?","E","?","R","T","M","$","R","?","$","R","BOSS","M","?","M","M","M"],"items_purchased_type":["Card"],"build_version":"2020-12-22","purchased_purges":2,"victory":false,"max_hp_per_floor":[72,72,72,72,72,72,72,72,72,72,72,72,72,72,72,72,72,72,72,72,72,72,72],"card_choices":[{"not_picked":["SashWhip","JustLucky","Meditate"],"picked":"SKIP","floor":1},{"not_picked":["CrushJoints","Halt"],"picked":"MentalFortress","floor":6},{"not_picked":["CutThroughFate","Adaptation"],"picked":"FlurryOfBlows","floor":7},{"not_picked":["ReachHeaven","FearNoEvil"],"picked":"Fasting2","floor":10},{"not_picked":["Judgement","Ragnarok"],"picked":"DevaForm","floor":16},{"not_picked":["Swivel","JustLucky"],"picked":"Consecrate+1","floor":18},{"not_picked":["InnerPeace","CrushJoints+1"],"picked":"MentalFortress","floor":20},{"not_picked":["FlyingSleeves","Protect"],"picked":"Prostrate+1","floor":21}],"player_experience":112360,"relics_obtained":[{"floor":5,"key":"Gremlin Horn"},{"floor":6,"key":"Akabeko"},{"floor":9,"key":"Mummified Hand"}],"event_choices":[{"damage_healed":0,"gold_gain":0,"player_choice":"Entered Light","damage_taken":14,"max_hp_gain":0,"max_hp_loss":0,"event_name":"Shining Light","floor":2,"gold_loss":0,"cards_upgraded":["Defend_P","Vigilance"]},{"damage_healed":0,"gold_gain":0,"player_choice":"Success","damage_taken":3,"relics_obtained":["Torii"],"max_hp_gain":0,"max_hp_loss":0,"event_name":"Scrap Ooze","floor":3,"gold_loss":0},{"damage_healed":0,"gold_gain":75,"player_choice":"Gather Gold","damage_taken":11,"max_hp_gain":0,"max_hp_loss":0,"event_name":"World of Goop","floor":13,"gold_loss":0},{"damage_healed":0,"gold_gain":99,"player_choice":"Stole From Cult","damage_taken":0,"max_hp_gain":0,"max_hp_loss":0,"event_name":"Nest","floor":19,"gold_loss":0}],"is_beta":false,"boss_relics":[{"not_picked":["SlaversCollar","Runic Dome"],"picked":"Black Star"}],"items_purged_floors":[4,11],"is_endless":false,"potions_floor_spawned":[10,21],"killed_by":"Chosen and Byrds","ascension_level":0}}