{"host":"w71ztq0fmb7m1c2b","time":1614033119,"event":{"mods":["BaseMod","Colored Map","Colored Powertips","Downfall","Hermit","Minty Spire (QoL Compilation)","Robot Space Explorer","StSLib","The Cursed","The Servant 0.9.4"],"gold_per_floor":[113,125,125,145,7,7,27,60,111,126,143,143,155,167,167,266,266,277,290,71,71,90,118,118,118,118],"floor_reached":25,"language":"ENG","playtime":1262,"items_purged":[],"score":295,"play_id":"54204f9c-fa7f-4de0-b644-53269a73738f","local_time":"20210222233159","is_ascension_mode":true,"campfire_choices":[{"data":"Loop","floor":6,"key":"SMITH"},{"floor":12,"key":"REST"},{"floor":15,"key":"REST"},{"floor":24,"key":"REST"}],"circlet_count":0,"master_deck":["Zap","Dualcast","Hello World","Conserve Battery","Double Energy","Loop+1","Seek","Hello World","Force Field","Loop","Rebound","Capacitor","Steam Power","Electrodynamics","Streamline","Chill","Double Energy","Rebound","Redo","Hello World","Sunder","Force Field","Aggregate","BootSequence","Redo"],"relics":["Cracked Core","Strawberry","Gremlin Horn","Regal Pillow","Pandora\u0027s Box","Lantern","Happy Flower"],"acts_visited":["Exordium","TheCity"],"potions_floor_usage":[10,10,19,19,25,25],"damage_taken":[{"damage":12,"enemies":"Jaw Worm","floor":1,"turns":3},{"damage":0,"enemies":"Small Slimes","floor":2,"turns":3},{"damage":0,"enemies":"2 Louse","floor":4,"turns":2},{"damage":33,"enemies":"Lots of Slimes","floor":7,"turns":4},{"damage":8,"enemies":"Lagavulin","floor":8,"turns":8},{"damage":5,"enemies":"Exordium Thugs","floor":10,"turns":3},{"damage":9,"enemies":"Red Slaver","floor":11,"turns":4},{"damage":7,"enemies":"Blue Slaver","floor":13,"turns":4},{"damage":6,"enemies":"Looter","floor":14,"turns":4},{"damage":26,"enemies":"Slime Boss","floor":16,"turns":7},{"damage":19,"enemies":"Shell Parasite","floor":18,"turns":5},{"damage":12,"enemies":"3 Byrds","floor":19,"turns":3},{"damage":4,"enemies":"Sentry and Sphere","floor":22,"turns":6},{"damage":25,"enemies":"Book of Stabbing","floor":23,"turns":5},{"damage":59,"enemies":"Slavers","floor":25,"turns":4}],"seed_played":"-2972351439094726669","potions_obtained":[{"floor":1,"key":"LiquidMemories"},{"floor":2,"key":"champ:CounterPotion"},{"floor":10,"key":"Explosive Potion"},{"floor":14,"key":"AttackPotion"},{"floor":16,"key":"Strength Potion"},{"floor":19,"key":"Energy Potion"},{"floor":23,"key":"Guardian:BlockOnCardUsePotion"}],"is_trial":false,"path_per_floor":["M","M","?","M","$","R","M","E","T","M","M","R","M","M","R","B",null,"M","M","$","?","M","E","R","E"],"character_chosen":"DEFECT","items_purchased":["Loop","Seek","Lantern","Aggregate"],"campfire_rested":3,"item_purchase_floors":[5,5,20,20],"current_hp_per_floor":[63,63,56,56,56,56,23,15,15,10,1,40,33,27,66,40,72,53,41,41,41,37,12,51,0,0],"gold":118,"neow_bonus":"RANDOM_COMMON_RELIC","is_daily":false,"chose_seed":false,"campfire_upgraded":1,"win_rate":0.0,"timestamp":1614033119,"path_taken":["M","M","?","M","$","R","M","E","T","M","M","R","M","M","R","BOSS","M","M","$","?","M","E","R","E"],"items_purchased_type":["Card","Card","Relic","Card"],"build_version":"2020-12-22","purchased_purges":0,"victory":false,"max_hp_per_floor":[82,82,82,82,82,82,82,82,82,82,82,82,82,82,82,82,82,82,82,82,82,82,82,82,82,82],"card_choices":[{"not_picked":["Aggregate","Conserve Battery"],"picked":"Hello World","floor":1},{"not_picked":["Streamline","Reprogram"],"picked":"Conserve Battery","floor":2},{"not_picked":["Gash","Recycle"],"picked":"Double Energy","floor":4},{"not_picked":["Melter","Ball Lightning"],"picked":"Hello World","floor":7},{"not_picked":["Leap","Chill"],"picked":"Force Field","floor":8},{"not_picked":["Streamline","Stack"],"picked":"Loop","floor":10},{"not_picked":["Leap","Scrape"],"picked":"Rebound","floor":11},{"not_picked":["Coolheaded","Tempest"],"picked":"Capacitor","floor":13},{"not_picked":["Coolheaded","Rebound"],"picked":"Steam Power","floor":14},{"not_picked":["Thunder Strike","Rainbow"],"picked":"Electrodynamics","floor":16},{"not_picked":["Hologram","Steam"],"picked":"Sunder","floor":18},{"not_picked":["Go for the Eyes","Scrape+1"],"picked":"Force Field","floor":19},{"not_picked":["Go for the Eyes","Scrape+1"],"picked":"BootSequence","floor":22},{"not_picked":["Cold Snap","Chill+1"],"picked":"Redo","floor":23}],"player_experience":232013,"relics_obtained":[{"floor":8,"key":"Gremlin Horn"},{"floor":9,"key":"Regal Pillow"},{"floor":23,"key":"Happy Flower"}],"event_choices":[{"cards_removed":["Strike_B"],"damage_healed":0,"gold_gain":0,"player_choice":"Card Removal","damage_taken":7,"max_hp_gain":0,"max_hp_loss":0,"event_name":"Golden Wing","floor":3,"gold_loss":0},{"cards_removed":["Reinforced Body"],"damage_healed":0,"gold_gain":0,"player_choice":"Elegance","damage_taken":0,"max_hp_gain":0,"max_hp_loss":0,"event_name":"Back to Basics","floor":21,"gold_loss":0}],"is_beta":false,"boss_relics":[{"not_picked":["Ectoplasm","SacredBark"],"picked":"Pandora\u0027s Box"}],"items_purged_floors":[],"is_endless":false,"potions_floor_spawned":[1,2,10,14,16,19,23],"killed_by":"Slavers","ascension_level":6}}