{"host":"jg1kdgv8lq0s5kn4","time":1614026442,"event":{"mods":["AchievementEnabler","Alarm Clock","AlwaysNeverKeys","BaseMod","Colored Map","Colored Powertips","Gold Saver","Minty Spire (QoL Compilation)","Quick Restart","Remove Card Discount Mod","Shop Mod","Spicy Shops","StSLib","SuperFastMode","Wide Potions","【功能Mod】Neow奖励","【功能Mod】强力的原版药水","【功能Mod】混沌之环修复补丁","没有小屋子和绿帽子啦","篝火指南"],"gold_per_floor":[109,109,122,122,34,66,66,101,124,139,167,167,167,201,201,304,304,322,322,247,259,277,309,309,322,349,362,392,235,335,360,360,462,462,462],"floor_reached":34,"language":"ZHS","playtime":1301,"items_purged":["Strike_R","Defend_R","Intimidate","Strike_R","Defend_R"],"score":509,"play_id":"82a56661-c854-4ecf-a842-17fedbd1afe1","local_time":"20210223044042","is_ascension_mode":true,"campfire_choices":[{"data":"Inflame","floor":7.0,"key":"SMITH"},{"data":"True Grit","floor":12.0,"key":"SMITH"},{"data":"Clash","floor":15.0,"key":"SMITH"},{"data":"Fire Breathing","floor":24.0,"key":"SMITH"},{"data":"Dark Embrace","floor":32,"key":"SMITH"}],"circlet_count":0,"master_deck":["Strike_R","Strike_R","Strike_R","Bash+1","Seeing Red+1","Inflame+1","Sever Soul","Feed+1","Clash+1","True Grit+1","Dark Embrace+1","Double Tap+1","Power Through","Ghostly","Ghostly","Ghostly","Ghostly","Ghostly","Body Slam","Fire Breathing+1","Pommel Strike+1","Power Through","Bloodletting","Rupture","Limit Break"],"relics":["Burning Blood","Shuriken","Centennial Puzzle","Happy Flower","Pen Nib","Boot","Magic Flower","Philosopher\u0027s Stone","War Paint","Bag of Preparation","Bottled Flame","Medical Kit","Thread and Needle","Darkstone Periapt","White Beast Statue","Mark of Pain"],"acts_visited":["TheCity","TheBeyond"],"potions_floor_usage":[30],"damage_taken":[{"damage":2.0,"enemies":"2 Louse","floor":1.0,"turns":3.0},{"damage":0.0,"enemies":"Cultist","floor":3.0,"turns":4.0},{"damage":18.0,"enemies":"Lagavulin","floor":6.0,"turns":4.0},{"damage":39.0,"enemies":"3 Sentries","floor":8.0,"turns":8.0},{"damage":0.0,"enemies":"Jaw Worm","floor":10.0,"turns":1.0},{"damage":26.0,"enemies":"Lagavulin","floor":11.0,"turns":4.0},{"damage":9.0,"enemies":"3 Sentries","floor":14.0,"turns":3.0},{"damage":19.0,"enemies":"Hexaghost","floor":16.0,"turns":8.0},{"damage":2.0,"enemies":"2 Thieves","floor":18.0,"turns":2.0},{"damage":2.0,"enemies":"Spheric Guardian","floor":21.0,"turns":4.0},{"damage":2.0,"enemies":"Cultist and Chosen","floor":22.0,"turns":5.0},{"damage":3.0,"enemies":"Book of Stabbing","floor":23.0,"turns":5.0},{"damage":1.0,"enemies":"Snecko","floor":25.0,"turns":4.0},{"damage":3.0,"enemies":"Snake Plant","floor":27.0,"turns":3.0},{"damage":3.0,"enemies":"Slavers","floor":28.0,"turns":5.0},{"damage":3,"enemies":"Colosseum Slavers","floor":30,"turns":4},{"damage":1,"enemies":"Colosseum Nobs","floor":30,"turns":4},{"damage":2,"enemies":"Book of Stabbing","floor":31,"turns":5},{"damage":45,"enemies":"Automaton","floor":33,"turns":10}],"seed_played":"-1195422911478489376","potions_obtained":[{"floor":8.0,"key":"Fire Potion"},{"floor":10.0,"key":"Energy Potion"},{"floor":14.0,"key":"Weak Potion"},{"floor":16.0,"key":"Explosive Potion"},{"floor":18.0,"key":"Weak Potion"},{"floor":21.0,"key":"Swift Potion"},{"floor":27.0,"key":"DuplicationPotion"},{"floor":28,"key":"Strength Potion"},{"floor":31,"key":"Ancient Potion"},{"floor":33,"key":"HeartOfIron"}],"is_trial":false,"path_per_floor":["M","?","M","T","$","E","R","E","T","M","E","R","?","E","R","B",null,"M","?","?","M","M","E","R","M","T","M","E","$","?","E","R","B",null],"character_chosen":"IRONCLAD","items_purchased":["Inflame","Medical Kit"],"campfire_rested":0,"item_purchase_floors":[5,29],"current_hp_per_floor":[88,88,88,88,88,76,76,43,43,52,35,35,16,36,36,32,102,106,53,53,57,61,61,61,61,61,61,61,61,65,69,69,39,73,73],"gold":462,"neow_bonus":"TEN_PERCENT_HP_BONUS","is_daily":false,"chose_seed":false,"campfire_upgraded":5,"win_rate":0.0,"timestamp":1614026442,"path_taken":["M","?","?","?","$","E","R","E","T","M","E","R","?","E","R","BOSS","M","?","?","M","M","E","R","M","T","M","E","$","?","E","R","BOSS"],"items_purchased_type":["Card","Relic"],"build_version":"2020-12-22","purchased_purges":5,"victory":false,"max_hp_per_floor":[88,88,88,88,88,88,88,88,88,91,94,94,94,98,98,102,102,106,53,53,57,61,61,61,61,61,61,61,61,65,69,69,73,73,73],"card_choices":[{"not_picked":["Heavy Blade","Anger","Rage"],"picked":"SKIP","floor":1.0},{"not_picked":["Headbutt","Shrug It Off"],"picked":"Seeing Red","floor":3.0},{"not_picked":["Body Slam","Clash"],"picked":"Sever Soul","floor":6.0},{"not_picked":["Shockwave","Metallicize"],"picked":"Feed","floor":8.0},{"not_picked":["Uppercut","Clothesline"],"picked":"Clash","floor":10.0},{"not_picked":["Combust","Perfected Strike"],"picked":"True Grit","floor":11.0},{"not_picked":["Rampage","Perfected Strike"],"picked":"Dark Embrace","floor":14.0},{"not_picked":["Feed","Juggernaut"],"picked":"Double Tap","floor":16.0},{"not_picked":["Cleave+1","Searing Blow"],"picked":"Power Through","floor":18.0},{"not_picked":["Headbutt","Spot Weakness","True Grit"],"picked":"SKIP","floor":21.0},{"not_picked":["Power Through+1","True Grit+1"],"picked":"Body Slam","floor":22.0},{"not_picked":["Whirlwind","Havoc"],"picked":"Fire Breathing","floor":23.0},{"not_picked":["Ghostly Armor","Heavy Blade"],"picked":"Pommel Strike+1","floor":25.0},{"not_picked":["Headbutt","Flex","Anger"],"picked":"SKIP","floor":27.0},{"not_picked":["Feed","Intimidate"],"picked":"Power Through","floor":28},{"not_picked":["Combust","Shrug It Off"],"picked":"Bloodletting","floor":30},{"not_picked":["Clothesline","Iron Wave+1"],"picked":"Rupture","floor":31},{"not_picked":["Immolate","Demon Form"],"picked":"Limit Break","floor":33}],"player_experience":32709,"relics_obtained":[{"floor":4.0,"key":"Shuriken"},{"floor":6.0,"key":"Centennial Puzzle"},{"floor":8.0,"key":"Happy Flower"},{"floor":9.0,"key":"Pen Nib"},{"floor":11.0,"key":"Boot"},{"floor":14.0,"key":"Magic Flower"},{"floor":23.0,"key":"War Paint"},{"floor":26.0,"key":"Bag of Preparation"},{"floor":28,"key":"Bottled Flame"},{"floor":30,"key":"Thread and Needle"},{"floor":30,"key":"Darkstone Periapt"},{"floor":31,"key":"White Beast Statue"}],"event_choices":[{"damage_healed":0.0,"max_hp_gain":0.0,"max_hp_loss":0.0,"gold_gain":0.0,"cards_transformed":["Defend_R"],"event_name":"Transmorgrifier","player_choice":"Transformed","floor":2.0,"gold_loss":0.0,"damage_taken":0.0,"cards_obtained":["Intimidate"]},{"damage_healed":0.0,"max_hp_gain":0.0,"max_hp_loss":0.0,"gold_gain":0.0,"event_name":"Shining Light","player_choice":"Entered Light","floor":13.0,"gold_loss":0.0,"damage_taken":19.0,"cards_upgraded":["Bash","Feed"]},{"damage_healed":0.0,"max_hp_gain":0.0,"max_hp_loss":53.0,"gold_gain":0.0,"event_name":"Ghosts","player_choice":"Became a Ghost","floor":19.0,"gold_loss":0.0,"damage_taken":0.0,"cards_obtained":["Ghostly","Ghostly","Ghostly","Ghostly","Ghostly"]},{"cards_removed":["Defend_R"],"damage_healed":0.0,"max_hp_gain":0.0,"max_hp_loss":0.0,"gold_gain":0.0,"event_name":"Beggar","player_choice":"Gave Gold","floor":20.0,"gold_loss":75.0,"damage_taken":0.0},{"damage_healed":0,"gold_gain":0,"player_choice":"Fight","damage_taken":0,"max_hp_gain":0,"max_hp_loss":0,"event_name":"Colosseum","floor":30,"gold_loss":0},{"damage_healed":0,"gold_gain":0,"player_choice":"Fought Nobs","damage_taken":0,"max_hp_gain":0,"max_hp_loss":0,"event_name":"Colosseum","floor":30,"gold_loss":0}],"is_beta":false,"boss_relics":[{"not_picked":["Runic Pyramid","Empty Cage"],"picked":"Philosopher\u0027s Stone"},{"not_picked":["Busted Crown","Snecko Eye"],"picked":"Mark of Pain"}],"items_purged_floors":[5,5,5,5,29],"is_endless":false,"potions_floor_spawned":[8,10,11,14,16,18,21,27,28,31,33],"ascension_level":1}}