{"host":"r4aerl4ckfvw1dw3","time":1614028641,"event":{"mods":["BaseMod","BetterRewards","Minty Spire (QoL Compilation)","Quick Restart","StSLib"],"gold_per_floor":[109,209,227,240,240,277,277,321,344,370,398,426,65,87,87,87,87],"floor_reached":16,"language":"ENG","playtime":645,"items_purged":[],"score":177,"play_id":"60bd7d05-031b-4d2e-8284-168cabd88c10","local_time":"20210222131721","is_ascension_mode":true,"campfire_choices":[{"floor":7,"key":"REST"},{"floor":15,"key":"REST"}],"circlet_count":0,"master_deck":["AscendersBane","Strike_G","Strike_G","Strike_G","Strike_G","Strike_G","Defend_G","Defend_G","Defend_G","Defend_G","Defend_G","Survivor","Neutralize","Blade Dance","Infinite Blades","Leg Sweep","Quick Slash","Blur","Crippling Poison","Acrobatics","Deflect","Corpse Explosion","Prepared"],"relics":["Ring of the Snake","NeowsBlessing","CeramicFish","Blood Vial","Akabeko","Bag of Marbles"],"acts_visited":["Exordium"],"potions_floor_usage":[6,6,8,12,14,16],"damage_taken":[{"damage":0,"enemies":"Jaw Worm","floor":1,"turns":1},{"damage":0,"enemies":"Cultist","floor":3,"turns":1},{"damage":0,"enemies":"2 Louse","floor":4,"turns":1},{"damage":45,"enemies":"Gremlin Nob","floor":6,"turns":6},{"damage":30,"enemies":"Lagavulin","floor":8,"turns":9},{"damage":9,"enemies":"Lots of Slimes","floor":10,"turns":7},{"damage":1,"enemies":"Blue Slaver","floor":11,"turns":4},{"damage":0,"enemies":"2 Fungi Beasts","floor":12,"turns":3},{"damage":0,"enemies":"Lots of Slimes","floor":14,"turns":1},{"damage":37,"enemies":"Slime Boss","floor":16,"turns":5}],"seed_played":"298371157700808597","potions_obtained":[{"floor":1,"key":"DistilledChaos"},{"floor":3,"key":"Fire Potion"},{"floor":6,"key":"Swift Potion"},{"floor":8,"key":"Strength Potion"},{"floor":12,"key":"Poison Potion"}],"is_trial":false,"path_per_floor":["M","?","M","M","?","E","R","E","T","M","M","M","$","M","R","B"],"character_chosen":"THE_SILENT","items_purchased":["Bag of Marbles","Corpse Explosion","Regen Potion"],"campfire_rested":2,"item_purchase_floors":[13,13,13],"current_hp_per_floor":[63,63,63,63,63,18,39,9,9,2,3,5,5,7,28,0,0],"gold":87,"neow_bonus":"THREE_ENEMY_KILL","is_daily":false,"chose_seed":false,"campfire_upgraded":0,"win_rate":0.0,"timestamp":1614028641,"path_taken":["M","?","?","M","?","E","R","E","T","?","M","?","$","M","R","BOSS"],"items_purchased_type":["Relic","Card","Potion"],"build_version":"2020-12-22","purchased_purges":0,"victory":false,"max_hp_per_floor":[70,70,70,70,70,70,70,70,70,70,70,70,70,70,70,70,70],"card_choices":[{"not_picked":["Infinite Blades","Blur"],"picked":"Blade Dance","floor":1},{"not_picked":["Sucker Punch","Backflip"],"picked":"Infinite Blades","floor":3},{"not_picked":["Underhanded Strike","Deflect"],"picked":"Leg Sweep","floor":4},{"not_picked":["Setup","Envenom"],"picked":"Quick Slash","floor":6},{"not_picked":["Quick Slash","Poisoned Stab"],"picked":"Blur","floor":8},{"not_picked":["Sucker Punch","Quick Slash"],"picked":"Crippling Poison","floor":10},{"not_picked":["Outmaneuver","Sucker Punch"],"picked":"Acrobatics","floor":11},{"not_picked":["Escape Plan","Flying Knee"],"picked":"Deflect","floor":12},{"not_picked":["Flying Knee","Setup"],"picked":"Prepared","floor":14}],"player_experience":667640,"relics_obtained":[{"floor":6,"key":"CeramicFish"},{"floor":8,"key":"Blood Vial"},{"floor":9,"key":"Akabeko"}],"event_choices":[{"damage_healed":0,"gold_gain":100,"player_choice":"Pray","damage_taken":0,"max_hp_gain":0,"max_hp_loss":0,"event_name":"Golden Shrine","floor":2,"gold_loss":0},{"damage_healed":0,"gold_gain":0,"player_choice":"Bought 0 Potions","damage_taken":0,"max_hp_gain":0,"max_hp_loss":0,"event_name":"The Woman in Blue","floor":5,"gold_loss":0}],"is_beta":false,"boss_relics":[],"items_purged_floors":[],"is_endless":false,"potions_floor_spawned":[1,3,6,8,12],"killed_by":"Slime Boss","ascension_level":11}}