{"host":"ptk1shuto3uimndw","time":1614014544,"event":{"mods":["AchievementEnabler","BaseMod","Bestiary","Colored Map","Colored Powertips","Curses Come First","Minty Spire (QoL Compilation)","Quick Restart","Rare Cards Sparkle","Relic Stats","StSLib","Uncapped"],"gold_per_floor":[117,117,137,9,21,21,49,49,49,77,77,135,135,167,167,243,243,256,274,274,16,33,33,48,48,48],"floor_reached":25,"language":"ENG","playtime":2037,"items_purged":["Strike_B","Strike_B"],"score":394,"play_id":"eb703937-2f55-4b43-b123-1cbf065e4a44","local_time":"20210222182224","is_ascension_mode":true,"campfire_choices":[{"data":"Doom and Gloom","floor":6.0,"key":"SMITH"},{"data":"Streamline","floor":8.0,"key":"SMITH"},{"floor":15,"key":"REST"},{"floor":23,"key":"REST"}],"circlet_count":0,"master_deck":["AscendersBane","Strike_B","Defend_B","Defend_B+1","Defend_B","Defend_B","Zap+1","Dualcast+1","Leap","Streamline+1","Rebound","Doom and Gloom+1","Cold Snap","Fission+1","Echo Form+1","Chaos","Heatsinks+1","Seek"],"relics":["Cracked Core","NeowsBlessing","Frozen Egg 2","Question Card","Vajra","TungstenRod","Nunchaku","Nuclear Battery","Bag of Preparation"],"acts_visited":["Exordium","TheCity"],"potions_floor_usage":[14,24],"damage_taken":[{"damage":0.0,"enemies":"Jaw Worm","floor":1.0,"turns":1.0},{"damage":0.0,"enemies":"Cultist","floor":3.0,"turns":1.0},{"damage":0.0,"enemies":"2 Louse","floor":5.0,"turns":1.0},{"damage":11.0,"enemies":"3 Sentries","floor":7.0,"turns":6.0},{"damage":6,"enemies":"Gremlin Nob","floor":10,"turns":3},{"damage":8,"enemies":"Gremlin Nob","floor":12,"turns":3},{"damage":5,"enemies":"Lagavulin","floor":14,"turns":3},{"damage":15,"enemies":"Hexaghost","floor":16,"turns":9},{"damage":2,"enemies":"Spheric Guardian","floor":18,"turns":3},{"damage":31,"enemies":"2 Thieves","floor":19,"turns":5},{"damage":4,"enemies":"3 Cultists","floor":22,"turns":5},{"damage":4,"enemies":"Snecko","floor":24,"turns":4},{"damage":39,"enemies":"Book of Stabbing","floor":25,"turns":3}],"seed_played":"-5938560034693540460","potions_obtained":[{"floor":5.0,"key":"FearPotion"},{"floor":7.0,"key":"LiquidMemories"},{"floor":14,"key":"Energy Potion"}],"is_trial":false,"path_per_floor":["M","?","M","$","M","R","E","R","T","E","?","?","?","E","R","B",null,"M","M","?","$","M","R","M","E"],"character_chosen":"DEFECT","items_purchased":["Rebound","Bag of Preparation"],"campfire_rested":2,"item_purchase_floors":[4,21],"current_hp_per_floor":[64,64,64,64,64,64,53,53,53,47,40,32,12,7,28,13,57,55,24,24,24,20,41,37,0,0],"gold":48,"neow_bonus":"THREE_ENEMY_KILL","is_daily":false,"chose_seed":false,"campfire_upgraded":2,"win_rate":0.0,"timestamp":1614014544,"path_taken":["M","?","?","$","M","R","E","R","T","E","?","?","?","E","R","BOSS","M","M","?","$","M","R","M","E"],"items_purchased_type":["Card","Relic"],"build_version":"2020-12-22","purchased_purges":2,"victory":false,"max_hp_per_floor":[71,71,71,71,71,71,71,71,71,71,71,71,71,71,71,71,71,71,71,71,71,71,71,71,71,71],"relic_stats":{"Nunchaku":[5],"counters":[13,47],"Bag of Preparation":[6],"Question Card":8,"obtain_stats":[{"Nunchaku":14,"NeowsBlessing":0,"Vajra":10,"Bag of Preparation":21,"Frozen Egg 2":7,"Cracked Core":0,"Question Card":9,"TungstenRod":12,"Nuclear Battery":17},{"Nunchaku":7,"NeowsBlessing":0,"Vajra":5,"Bag of Preparation":10,"Frozen Egg 2":4,"Cracked Core":0,"Question Card":4,"TungstenRod":6,"Nuclear Battery":8},{"Nunchaku":18,"NeowsBlessing":0,"Vajra":12,"Bag of Preparation":35,"Frozen Egg 2":9,"Cracked Core":0,"Question Card":9,"TungstenRod":15,"Nuclear Battery":27}],"TungstenRod":19},"card_choices":[{"not_picked":["Rip and Tear","Stack"],"picked":"Leap","floor":1.0},{"not_picked":["Consume","Leap"],"picked":"Streamline","floor":3.0},{"not_picked":["Go for the Eyes","Recycle"],"picked":"Doom and Gloom","floor":5.0},{"not_picked":["Hello World+1","Fusion","Rebound"],"picked":"SKIP","floor":7.0},{"not_picked":["Sweeping Beam","Heatsinks+1","Double Energy","Skim"],"picked":"SKIP","floor":10},{"not_picked":["Blizzard","Stack","Compile Driver"],"picked":"Cold Snap","floor":12},{"not_picked":["Ball Lightning","Hologram","Redo"],"picked":"Fission","floor":14},{"not_picked":["Creative AI+1","Amplify","Electrodynamics+1"],"picked":"Echo Form+1","floor":16},{"not_picked":["Sweeping Beam+1","Ball Lightning","Go for the Eyes"],"picked":"Chaos","floor":18},{"not_picked":["Conserve Battery","Barrage","Leap","Fusion"],"picked":"SKIP","floor":19},{"not_picked":["Static Discharge+1","Barrage+1","Hologram"],"picked":"Heatsinks+1","floor":22},{"not_picked":["Hologram","FTL+1","Force Field"],"picked":"Seek","floor":24}],"player_experience":288209,"relics_obtained":[{"floor":7.0,"key":"Frozen Egg 2"},{"floor":9.0,"key":"Question Card"},{"floor":10,"key":"Vajra"},{"floor":12,"key":"TungstenRod"},{"floor":14,"key":"Nunchaku"}],"event_choices":[{"damage_healed":0.0,"max_hp_gain":0.0,"max_hp_loss":0.0,"gold_gain":0.0,"event_name":"Upgrade Shrine","player_choice":"Upgraded","floor":2.0,"gold_loss":0.0,"damage_taken":0.0,"cards_upgraded":["Dualcast"]},{"cards_removed":["Strike_B"],"damage_healed":0,"gold_gain":0,"player_choice":"Card Removal","damage_taken":7,"max_hp_gain":0,"max_hp_loss":0,"event_name":"Golden Wing","floor":11,"gold_loss":0},{"damage_healed":0,"gold_gain":30,"player_choice":"Searched \u00273\u0027 times","damage_taken":0,"max_hp_gain":0,"max_hp_loss":0,"event_name":"Dead Adventurer","floor":12,"gold_loss":0},{"damage_healed":0,"gold_gain":0,"player_choice":"Entered Light","damage_taken":21,"max_hp_gain":0,"max_hp_loss":0,"event_name":"Shining Light","floor":13,"gold_loss":0,"cards_upgraded":["Zap","Defend_B"]},{"damage_healed":0,"gold_gain":0,"player_choice":"Upgraded","damage_taken":0,"max_hp_gain":0,"max_hp_loss":0,"event_name":"Upgrade Shrine","floor":20,"gold_loss":0,"cards_upgraded":["Fission"]}],"is_beta":false,"boss_relics":[{"not_picked":["Pandora\u0027s Box","Cursed Key"],"picked":"Nuclear Battery"}],"items_purged_floors":[4,21],"is_endless":false,"potions_floor_spawned":[5,7,10,14,19,22],"killed_by":"Book of Stabbing","ascension_level":16}}