{"host":"flm17o2q7bfjyna6","time":1614008667,"event":{"mods":["2.2 Compatiblity","Act Like it!","BaseMod","Better Altar","Better Match","Better Note","Better Sensory Stone","Better Skull","Better Third Choice","Better Vampires","Colored Map","Colored Powertips","DeckTracker","Downfall","Fox Events","Minty Spire (QoL Compilation)","Quick Restart","Replay The Spire","Reworked Bosses","Spicy Shops","StSLib","TheSwordswoman","Wandering Minibosses"],"gold_per_floor":[349,367,424,699,694,708,735,768,22,37,22,49,60,1,12,107,107,7,10,27,27,27,27,53,73,73,168,180,189,203,203,951,1047,1047,1047,1059,1079,1079,556,584,584,603,636,636,636,636,636,636],"floor_reached":46,"language":"ENG","playtime":2487,"items_purged":["Regret","Overencumbered"],"score":811,"play_id":"a044cbbb-0f33-4c4d-8138-bd4f08a63495","local_time":"20210222104427","is_ascension_mode":true,"campfire_choices":[{"floor":1,"key":"RECALL"},{"data":"champ:FanOfKnives","floor":18,"key":"SMITH"},{"data":"champ:Improvising","floor":23,"key":"SMITH"},{"data":"champ:Backstep","floor":26,"key":"SMITH"},{"data":"champ:Improvising","floor":35,"key":"SMITH"}],"circlet_count":0,"master_deck":["champ:Strike","champ:Strike","champ:Strike","champ:Strike","champ:Defend","champ:Defend","champ:Defend","champ:Defend","champ:Execute","champ:Taunt","champ:BladeFlurry","ReplayTheSpireMod:Splinters","champ:PerfectedStrike","champ:Shatter","champ:FanOfKnives+1","champ:TornadoPunch","champ:FocusedDefense","champ:ShieldWall","champ:GutPunch","champ:SkillfulDodge","champ:GladiatorStyle","Pot Of Greed","Pot Of Greed","champ:Backstep+1","champ:Improvising+1","champ:StanceDance","Pot Of Greed","champ:RapidStrikes","champ:Duel","champ:Devastate+1","champ:FancyFootwork","champ:ShieldWall","champ:Taunt","champ:BerserkersShout","champ:SwordSigil","champ:StrikeOfGenius+1","Replay:Bootleg Shield Generator","champ:EnGarde+1","Pot Of Greed","champ:TornadoPunch","champ:Duel+1","champ:DefensiveStyle+1","champ:Improvising+1","champ:AdrenalArmor+1","champ:MurderStrike","champ:DancingMaster","champ:DancingMaster","expansioncontent:StudyTheSpire","Panacea","champ:CalledShot","champ:TornadoPunch+1","Pot Of Greed","champ:EnchantCrown","Secret Technique","Finesse"],"relics":["champ:ChampionCrownUpgraded","Quantum Egg","Regal Pillow","Membership Card","Meat on the Bone","Bronze Scales","TheAbacus","Ornamental Fan","Onion Ring","Grinning Jar","Black Star","downfall:HeartBlessingRed","Orichalcum","Dream Catcher","Replay:Mystery Machine","downfall:GremlinSack","Chameleon Ring","Pen Nib","downfall:RedIOU","wanderingMiniBosses:MasterThiefsPresence","Guide Book","OrangePellets","Smiling Mask","Turnip","hexamod:CandleOfCauterizing","Replay:Rubber Ducky","Anchor"],"acts_visited":["Exordium","TheCity","TheBeyond"],"potions_floor_usage":[6,8,11,12,28,30,33,43,46],"damage_taken":[{"damage":21,"enemies":"Jaw Worm","floor":2,"turns":5},{"damage":27,"enemies":"Small Slimes","floor":5,"turns":6},{"damage":13,"enemies":"Cultist","floor":6,"turns":2},{"damage":36,"enemies":"Gremlin Nob","floor":8,"turns":4},{"damage":3,"enemies":"downfall:FleeingMerchant","floor":9,"turns":4},{"damage":6,"enemies":"Lots of Slimes","floor":10,"turns":2},{"damage":10,"enemies":"downfall:FleeingMerchant","floor":11,"turns":4},{"damage":40,"enemies":"Lagavulin","floor":12,"turns":6},{"damage":0,"enemies":"3 Louse","floor":13,"turns":1},{"damage":8,"enemies":"downfall:FleeingMerchant","floor":14,"turns":7},{"damage":11,"enemies":"Exordium Thugs","floor":15,"turns":3},{"damage":37,"enemies":"IC_STATUS_ARCHETYPE","floor":16,"turns":6},{"damage":16,"enemies":"downfall:LooterAlt2","floor":19,"turns":5},{"damage":19,"enemies":"Shell Parasite","floor":20,"turns":3},{"damage":15,"enemies":"Book of Stabbing","floor":25,"turns":4},{"damage":9,"enemies":"Book of Stabbing","floor":27,"turns":3},{"damage":34,"enemies":"Gremlin Leader","floor":28,"turns":7},{"damage":0,"enemies":"Sentry and Sphere","floor":29,"turns":3},{"damage":8,"enemies":"Centurion and Healer","floor":30,"turns":2},{"damage":5,"enemies":"3 Cultists","floor":32,"turns":5},{"damage":49,"enemies":"WA_ARCHETYPE_CALM","floor":33,"turns":8},{"damage":10,"enemies":"Orb Walker","floor":36,"turns":3},{"damage":15,"enemies":"3 Darklings","floor":37,"turns":5},{"damage":25,"enemies":"downfall:FleeingMerchant","floor":39,"turns":4},{"damage":87,"enemies":"Nemesis","floor":40,"turns":9},{"damage":30,"enemies":"4 Shapes","floor":42,"turns":3},{"damage":43,"enemies":"Reptomancer","floor":43,"turns":5},{"damage":49,"enemies":"Transient","floor":46,"turns":5}],"seed_played":"3782662954927154809","potions_obtained":[{"floor":2,"key":"Regen Potion"},{"floor":3,"key":"Reflective Coating"},{"floor":6,"key":"AttackPotion"},{"floor":10,"key":"CultistPotion"},{"floor":13,"key":"Ancient Potion"},{"floor":15,"key":"Regen Potion"},{"floor":20,"key":"EntropicBrew"},{"floor":27,"key":"PowerPotion"},{"floor":28,"key":"SkillPotion"},{"floor":30,"key":"Fruit Juice"},{"floor":36,"key":"Adrenaline Potion"},{"floor":43,"key":"LiquidMemories"}],"is_trial":false,"path_per_floor":["R","M","?","?","M","M","T","E","$","M","$","E","M","$","M","B",null,"R","M","M","?","?","R","T","E","R","?","E","M","M","?","M","B",null,"R","M","M","?","$","E","T","M","E","?","?","M"],"character_chosen":"THE_CHAMP","items_purchased":["Membership Card","Meat on the Bone","Bronze Scales","champ:ShieldWall","TheAbacus","Ornamental Fan","Onion Ring","champ:GutPunch","champ:RapidStrikes","Guide Book","OrangePellets","champ:MurderStrike","champ:DancingMaster","expansioncontent:StudyTheSpire","Panacea","champ:CalledShot"],"campfire_rested":0,"item_purchase_floors":[9,9,9,9,9,9,9,9,14,39,39,39,39,39,39,39],"current_hp_per_floor":[63,52,52,52,35,37,37,16,13,19,31,23,35,44,45,45,90,90,79,75,75,75,75,75,75,75,66,62,62,54,54,54,59,97,97,97,92,92,92,62,62,62,41,41,41,0,0,0],"gold":636,"neow_bonus":"TWO_FIFTY_GOLD","is_daily":false,"chose_seed":false,"campfire_upgraded":4,"win_rate":0.0,"timestamp":1614008667,"path_taken":["R","M","?","?","M","M","T","E","$","?","?","E","M","$","M","BOSS","R","M","M","?","?","R","T","E","R","?","E","M","?","?","M","BOSS","R","M","M","?","$","E","T","?","E","?","?","M"],"items_purchased_type":["Relic","Relic","Relic","Card","Relic","Relic","Relic","Card","Card","Relic","Relic","Card","Card","Card","Card","Card"],"build_version":"2020-12-22","purchased_purges":2,"victory":false,"max_hp_per_floor":[90,90,90,90,90,90,90,90,90,90,90,90,90,90,90,90,90,90,90,90,90,90,90,90,90,90,90,90,90,90,90,90,97,97,97,97,97,97,97,97,97,97,97,97,97,97,97,97],"card_choices":[{"not_picked":["champ:HeartStrike","champ:RisingSlash"],"picked":"champ:BladeFlurry","floor":2},{"not_picked":["champ:BerserkerStyle","champ:PreciseThrust"],"picked":"champ:PerfectedStrike","floor":3},{"not_picked":["champ:Backstep","champ:ShieldSigil"],"picked":"champ:Shatter","floor":5},{"not_picked":["champ:Backstep","champ:ViciousMockery"],"picked":"champ:FanOfKnives","floor":6},{"not_picked":["champ:FocusedBerserking","champ:SetATrap"],"picked":"champ:TornadoPunch","floor":8},{"not_picked":["champ:HeavySlash","champ:CalledShot"],"picked":"champ:FocusedDefense","floor":9},{"not_picked":["champ:BringItOn","champ:BerserkersShout"],"picked":"champ:SkillfulDodge","floor":10},{"not_picked":["champ:Haymaker","champ:TornadoPunch"],"picked":"champ:GladiatorStyle","floor":11},{"not_picked":["champ:CrownThrow","champ:PreciseThrust"],"picked":"champ:Backstep","floor":12},{"not_picked":["champ:FaceSlap","champ:EnragedBash"],"picked":"champ:Improvising","floor":13},{"not_picked":["champ:GutPunch","champ:BerserkersShout"],"picked":"champ:StanceDance","floor":14},{"not_picked":["champ:SwordSigil","champ:BringItOn"],"picked":"champ:Duel","floor":15},{"not_picked":["champ:ShieldThrow","champ:SteelEdge"],"picked":"champ:Devastate","floor":16},{"not_picked":["champ:Circumvent","champ:PreciseThrust","champ:Shatter"],"picked":"SKIP","floor":19},{"not_picked":["champ:TornadoPunch","champ:FocusedDefense"],"picked":"champ:FancyFootwork","floor":20},{"not_picked":["champ:FaceSlap","champ:RecklessLeap+1"],"picked":"champ:ShieldWall","floor":25},{"not_picked":["champ:Duel","champ:PreciseThrust"],"picked":"champ:EnGarde+1","floor":27},{"not_picked":["champ:BerserkersShout+1","champ:Shatter+1"],"picked":"champ:TornadoPunch","floor":28},{"not_picked":["champ:PreemptiveStrike","champ:AdrenalArmor+1"],"picked":"champ:Duel+1","floor":29},{"not_picked":["champ:Parry","champ:RapidStrikes"],"picked":"champ:DefensiveStyle+1","floor":30},{"not_picked":["champ:BerserkersShout","champ:Encircle","champ:Shatter+1"],"picked":"SKIP","floor":32},{"not_picked":["champ:IgnorePain","champ:TripleStrike"],"picked":"champ:Improvising","floor":33},{"not_picked":["champ:RapidStrikes","champ:PerfectedStrike"],"picked":"champ:AdrenalArmor+1","floor":36},{"not_picked":["champ:Haymaker","champ:BerserkersShout","champ:Backstep"],"picked":"SKIP","floor":37},{"not_picked":["champ:SkillfulDodge","champ:FlashCut+1","champ:Circumvent"],"picked":"SKIP","floor":39},{"not_picked":["champ:DefensiveShout+1","champ:BerserkerStyle","champ:DeathBlow"],"picked":"SKIP","floor":40},{"not_picked":["champ:Circumvent+1","champ:HeartStrike+1"],"picked":"champ:TornadoPunch+1","floor":42},{"not_picked":["champ:BerserkersShout+1","champ:RisingSlash"],"picked":"champ:EnchantCrown","floor":43},{"not_picked":["Replay:BasicMightCard","Purity"],"picked":"Secret Technique","floor":44},{"not_picked":["ReplayTheSpireMod:Necrogeddon","Deep Breath"],"picked":"Finesse","floor":44}],"player_experience":1978178,"relics_obtained":[{"floor":3,"key":"Quantum Egg"},{"floor":7,"key":"Guardian:PocketSentry"},{"floor":8,"key":"Regal Pillow"},{"floor":12,"key":"Grinning Jar"},{"floor":24,"key":"Orichalcum"},{"floor":25,"key":"Dream Catcher"},{"floor":25,"key":"Replay:Mystery Machine"},{"floor":27,"key":"downfall:GremlinSack"},{"floor":28,"key":"Chameleon Ring"},{"floor":28,"key":"Pen Nib"},{"floor":32,"key":"wanderingMiniBosses:MasterThiefsPresence"},{"floor":40,"key":"Smiling Mask"},{"floor":40,"key":"Turnip"},{"floor":41,"key":"hexamod:CandleOfCauterizing"},{"floor":43,"key":"Replay:Rubber Ducky"},{"floor":43,"key":"Anchor"}],"event_choices":[{"cards_removed":["champ:Strike"],"damage_healed":0,"gold_gain":0,"player_choice":"Give","damage_taken":0,"max_hp_gain":0,"max_hp_loss":0,"event_name":"betterNote:BetterNote","floor":21,"gold_loss":0,"cards_obtained":["champ:Strike"]},{"damage_healed":0,"gold_gain":0,"player_choice":"Ignored","damage_taken":0,"max_hp_gain":0,"max_hp_loss":0,"event_name":"Ghosts","floor":22,"gold_loss":0},{"damage_healed":0,"gold_gain":0,"player_choice":"Got Potions","damage_taken":0,"max_hp_gain":0,"max_hp_loss":0,"event_name":"Lab","floor":38,"gold_loss":0},{"damage_healed":0,"gold_gain":3,"player_choice":"1","damage_taken":0,"max_hp_gain":0,"max_hp_loss":0,"event_name":"betterStone:BetterStone","floor":44,"gold_loss":0}],"is_beta":false,"boss_relics":[{"not_picked":["Runic Pyramid","Coffee Dripper"],"picked":"Black Star"},{"not_picked":["sneckomod:SneckoTalon","Replay:Drink Me"],"picked":"champ:ChampionCrownUpgraded"}],"items_purged_floors":[9,39],"is_endless":false,"potions_floor_spawned":[2,6,10,13,15,20,27,28,30,32,36,42,43],"killed_by":"Transient","ascension_level":3}}