{"host":"gzsdmyo07u314vug","time":1614035386,"event":{"mods":["2.2 Compatiblity","Astrologer","BaseMod","Colored Powertips","GifTheSpireLib","Gremlin Mod","Hermit","Jorbs\u0027s Wanderer Trilogy","Minty Spire (QoL Compilation)","Quick Restart","Rare Cards Sparkle","Relic Stats","Replay The Spire","Robot Space Explorer","Shop Mod","StSLib","The Bladedancer","The Bug Knight","The Construct","The Cursed","The Elementalist","The Hierophant","The IronCluck","The Marked","The Necromancer","The Runesmith","The Servant 0.9.4","Unceasing Turn Reminder","everything is the same but u backflip on backflip","slay the spire mod where everything is the same but ironclad has a cowboy hat"],"gold_per_floor":[113,133,144,159,11,11,25,25,48,77,77,94,94,112,112,186,186,199,124,144,144,157,188,188,218,266,291,291,304,129,147,147,225,225,241,255,266,277,9,9,23,23,23,58,70,70,89,89,89,89],"floor_reached":51,"language":"ENG","playtime":3053,"items_purged":["construct:Strike_Gold+1","construct:Strike_Gold+2","construct:Defend_Gold+1"],"score":1798,"play_id":"fca7e9de-c83b-4ea4-a6d2-8d20af790033","local_time":"20210222200946","is_ascension_mode":true,"campfire_choices":[{"data":"construct:FlameCore","floor":6.0,"key":"SMITH"},{"data":"construct:FlameCore+1","floor":8.0,"key":"SMITH"},{"data":"construct:SpinDrive","floor":15.0,"key":"SMITH"},{"data":"construct:SpinDrive+1","floor":24.0,"key":"SMITH"},{"data":"construct:FlameCore","floor":32.0,"key":"SMITH"},{"data":"construct:FlameCore+1","floor":40.0,"key":"SMITH"},{"data":"construct:ShieldBurst","floor":42.0,"key":"SMITH"},{"data":"construct:ShieldBurst+1","floor":46,"key":"SMITH"},{"data":"construct:DefenseMode","floor":49,"key":"SMITH"}],"circlet_count":0,"master_deck":["AscendersBane","construct:Defend_Gold+1","construct:Defend_Gold+1","construct:Defend_Gold+1","construct:Defend_Gold+1","construct:DefenseMode+1","construct:SpinDrive+2","construct:FlameCore+2","construct:Tumble","construct:Reserves","construct:Antimatter+1","construct:Isolate+1","construct:SuppressiveFire","construct:Boost+1","construct:FlameCore+2","construct:Reinforce+1","construct:ShieldBurst+2"],"relics":["construct:ClockworkPhoenix","Lee\u0027s Waffle","Dream Catcher","Replay:Rubber Ducky","Astrolabe","Ancient Tea Set","Happy Flower","Vajra","Replay:Baseball","Nunchaku","Sozu","OrangePellets","Gremlin Food","Mercury Hourglass"],"acts_visited":["Exordium","TheCity","TheBeyond"],"potions_floor_usage":[],"damage_taken":[{"damage":1.0,"enemies":"Cultist","floor":1.0,"turns":3.0},{"damage":14.0,"enemies":"Jaw Worm","floor":2.0,"turns":7.0},{"damage":10.0,"enemies":"Small Slimes","floor":3.0,"turns":6.0},{"damage":10.0,"enemies":"2 Fungi Beasts","floor":4.0,"turns":3.0},{"damage":35.0,"enemies":"Exordium Thugs","floor":7.0,"turns":5.0},{"damage":17.0,"enemies":"3 Sentries","floor":10.0,"turns":9.0},{"damage":4.0,"enemies":"Red Slaver","floor":12.0,"turns":7.0},{"damage":2.0,"enemies":"Exordium Wildlife","floor":14.0,"turns":7.0},{"damage":0.0,"enemies":"Hexaghost","floor":16.0,"turns":7.0},{"damage":0.0,"enemies":"3 Byrds","floor":18.0,"turns":3.0},{"damage":16.0,"enemies":"Centurion and Healer","floor":20.0,"turns":5.0},{"damage":0.0,"enemies":"Chosen and Byrds","floor":22.0,"turns":6.0},{"damage":0.0,"enemies":"Book of Stabbing","floor":23.0,"turns":6.0},{"damage":0.0,"enemies":"Gremlin Leader","floor":25.0,"turns":4.0},{"damage":0.0,"enemies":"Book of Stabbing","floor":27.0,"turns":4.0},{"damage":3.0,"enemies":"Snecko","floor":29.0,"turns":6.0},{"damage":0.0,"enemies":"Shelled Parasite and Fungi","floor":31.0,"turns":3.0},{"damage":0.0,"enemies":"Collector","floor":33.0,"turns":3.0},{"damage":0.0,"enemies":"3 Darklings","floor":35.0,"turns":2.0},{"damage":0.0,"enemies":"Orb Walker","floor":36.0,"turns":3.0},{"damage":12.0,"enemies":"Transient","floor":37.0,"turns":5.0},{"damage":2.0,"enemies":"4 Shapes","floor":38.0,"turns":1.0},{"damage":0.0,"enemies":"Maw","floor":41.0,"turns":2.0},{"damage":0.0,"enemies":"Giant Head","floor":44.0,"turns":3.0},{"damage":0,"enemies":"Transient","floor":45,"turns":5},{"damage":0,"enemies":"Writhing Mass","floor":47,"turns":3},{"damage":0,"enemies":"Time Eater","floor":50,"turns":5}],"seed_played":"8862145930549681453","potions_obtained":[{"floor":1.0,"key":"LiquidMemories"},{"floor":3.0,"key":"Swift Potion"},{"floor":4.0,"key":"Adrenaline Potion"},{"floor":12.0,"key":"Ancient Potion"},{"floor":18.0,"key":"Strength Potion"},{"floor":23.0,"key":"SneckoOil"},{"floor":27.0,"key":"LiquidMemories"},{"floor":29.0,"key":"Strength Potion"}],"is_trial":false,"path_per_floor":["M","M","M","M","$","R","M","R","T","E","?","M","?","M","R","B",null,"M","$","M","?","M","E","R","E","T","E","?","M","$","M","R","B",null,"M","M","M","M","$","R","M","R","T","E","M","R","M","?","R","B",null],"character_chosen":"THE_CONSTRUCT_MOD","items_purchased":["Lee\u0027s Waffle","construct:FlameCore","OrangePellets"],"campfire_rested":0,"item_purchase_floors":[5,30,39],"current_hp_per_floor":[71,57,47,37,87,87,52,52,52,35,35,31,14,12,12,12,68,68,68,52,52,52,52,52,52,52,52,52,49,49,49,49,49,78,78,78,66,64,64,64,64,64,64,64,64,64,64,64,64,64],"gold":89,"neow_bonus":"ONE_RANDOM_RARE_CARD","is_daily":false,"chose_seed":false,"campfire_upgraded":9,"win_rate":0.0,"timestamp":1614035386,"path_taken":["M","?","M","M","$","R","M","R","T","E","?","M","?","?","R","BOSS","M","$","M","?","M","E","R","E","T","E","?","M","$","M","R","BOSS","M","?","M","M","$","R","M","R","T","E","M","R","?","?","R","BOSS"],"items_purchased_type":["Relic","Card","Relic"],"build_version":"2020-12-22","purchased_purges":3,"victory":true,"max_hp_per_floor":[80,80,80,80,87,87,87,87,87,87,87,87,87,87,87,87,87,87,87,87,87,87,87,87,87,87,87,87,87,87,87,87,87,87,87,87,87,87,87,87,87,87,87,87,87,87,87,87,87,87],"relic_stats":{"Sozu":3,"OrangePellets":[4],"Lee\u0027s Waffle":50,"Dream Catcher":0,"Nunchaku":[12],"Happy Flower":[15],"counters":[27,118],"Astrolabe":["construct:Antimatter","construct:Isolate","construct:Antimatter"],"obtain_stats":[{"Gremlin Food":43,"Lee\u0027s Waffle":5,"Happy Flower":25,"Astrolabe":17,"Vajra":26,"construct:ClockworkPhoenix":0,"Ancient Tea Set":23,"Replay:Rubber Ducky":10,"Mercury Hourglass":44,"Sozu":34,"OrangePellets":39,"Dream Catcher":9,"Replay:Baseball":27,"Nunchaku":28},{"Gremlin Food":23,"Lee\u0027s Waffle":4,"Happy Flower":14,"Astrolabe":9,"Vajra":14,"construct:ClockworkPhoenix":0,"Ancient Tea Set":13,"Replay:Rubber Ducky":6,"Mercury Hourglass":24,"Sozu":18,"OrangePellets":22,"Dream Catcher":5,"Replay:Baseball":15,"Nunchaku":15},{"Gremlin Food":102,"Lee\u0027s Waffle":19,"Happy Flower":74,"Astrolabe":51,"Vajra":74,"construct:ClockworkPhoenix":0,"Ancient Tea Set":70,"Replay:Rubber Ducky":32,"Mercury Hourglass":105,"Sozu":89,"OrangePellets":100,"Dream Catcher":23,"Replay:Baseball":77,"Nunchaku":77}],"Mercury Hourglass":[33]},"card_choices":[{"not_picked":["construct:ShiftGuard","construct:Construct_Overclock"],"picked":"construct:FlameCore","floor":1.0},{"not_picked":["construct:Synchronize","construct:ReactiveShield","construct:Boost"],"picked":"SKIP","floor":2.0},{"not_picked":["construct:ShiftStrike","construct:Overcharge","construct:CripplingShot"],"picked":"SKIP","floor":3.0},{"not_picked":["construct:CripplingShot","construct:Impenetrable","construct:Boost"],"picked":"SKIP","floor":4.0},{"not_picked":["construct:Backfire","construct:Anticipate"],"picked":"construct:Tumble","floor":7.0},{"not_picked":["construct:HyperBeam","construct:OneWayMirror","construct:HeavyBolt"],"picked":"SKIP","floor":10.0},{"not_picked":["construct:Missile","construct:Zapper","construct:Forcefield"],"picked":"SKIP","floor":12.0},{"not_picked":["construct:ClusterMines","construct:SaveState","construct:OneWayMirror"],"picked":"SKIP","floor":14.0},{"not_picked":["construct:ClockworkEgg","construct:GatlingGun"],"picked":"construct:Reserves","floor":16.0},{"not_picked":["construct:FocusedBeam+1","construct:SaveState+1"],"picked":"construct:SuppressiveFire","floor":18.0},{"not_picked":["construct:PointDefense","construct:ClockworkEgg","construct:Forcefield"],"picked":"SKIP","floor":20.0},{"not_picked":["construct:SweepLaser","construct:Chainstrike+1","construct:SaveState"],"picked":"SKIP","floor":22.0},{"not_picked":["construct:HardReboot","construct:Missile","construct:Analyze"],"picked":"SKIP","floor":23.0},{"not_picked":["construct:Accumulate","construct:BatteryAcid","construct:Anticipate"],"picked":"SKIP","floor":25.0},{"not_picked":["construct:Boost+1","construct:Antimatter","construct:Analyze"],"picked":"SKIP","floor":27.0},{"not_picked":["construct:Antimatter","construct:Analyze"],"picked":"construct:Boost+1","floor":27.0},{"not_picked":["construct:SuppressiveFire","construct:CripplingShot","construct:ModeShift+1"],"picked":"SKIP","floor":29.0},{"not_picked":["construct:VentSteam","construct:Overcharge+1"],"picked":"construct:Reinforce+1","floor":31.0},{"not_picked":["construct:HastyRepair","construct:GoldenBullet"],"picked":"construct:ShieldBurst","floor":33.0},{"not_picked":["construct:SyphonStrike","construct:VentSteam","construct:ElectricArmor"],"picked":"SKIP","floor":35.0},{"not_picked":["construct:FlameCore","construct:Analyze+1","construct:HeavyBolt"],"picked":"SKIP","floor":36.0},{"not_picked":["construct:SweepLaser","construct:Overcharge","construct:Accumulate"],"picked":"SKIP","floor":37.0},{"not_picked":["construct:SweepLaser","construct:Overcharge","construct:Accumulate"],"picked":"SKIP","floor":37.0},{"not_picked":["construct:FierceBash+1","construct:ScrapCannon+1","construct:Tumble"],"picked":"SKIP","floor":38.0},{"not_picked":["construct:SyphonStrike","construct:Backfire","construct:ClusterMines"],"picked":"SKIP","floor":41.0},{"not_picked":["construct:Accumulate","construct:Failsafe","construct:Zapper"],"picked":"SKIP","floor":44.0},{"not_picked":["construct:Accumulate","construct:Failsafe","construct:Zapper"],"picked":"SKIP","floor":44.0},{"not_picked":["construct:HeavyBolt","construct:MassProduction","construct:Disrupt+1"],"picked":"SKIP","floor":45},{"not_picked":["construct:Backfire+1","construct:SweepLaser","construct:Reinforce"],"picked":"SKIP","floor":47}],"player_experience":943668,"relics_obtained":[{"floor":9.0,"key":"Dream Catcher"},{"floor":10.0,"key":"Replay:Rubber Ducky"},{"floor":23.0,"key":"Ancient Tea Set"},{"floor":25.0,"key":"Happy Flower"},{"floor":26.0,"key":"Vajra"},{"floor":27.0,"key":"Replay:Baseball"},{"floor":43.0,"key":"Gremlin Food"},{"floor":44.0,"key":"Mercury Hourglass"}],"event_choices":[{"damage_healed":0.0,"max_hp_gain":0.0,"max_hp_loss":0.0,"gold_gain":0.0,"event_name":"Shining Light","player_choice":"Entered Light","floor":13.0,"gold_loss":0.0,"damage_taken":17.0,"cards_upgraded":["construct:Strike_Gold","construct:Strike_Gold"]},{"damage_healed":0.0,"max_hp_gain":0.0,"max_hp_loss":0.0,"gold_gain":0.0,"event_name":"Back to Basics","player_choice":"Simplicity","floor":21.0,"gold_loss":0.0,"damage_taken":0.0,"cards_upgraded":["construct:Strike_Gold","construct:Defend_Gold","construct:Defend_Gold","construct:Defend_Gold","construct:Defend_Gold","construct:Defend_Gold"]},{"damage_healed":0.0,"max_hp_gain":0.0,"max_hp_loss":0.0,"gold_gain":0.0,"event_name":"WeMeetAgain","player_choice":"Gave Potion","floor":28.0,"gold_loss":0.0,"damage_taken":0.0,"relics_obtained":["Nunchaku"]},{"cards_removed":["construct:Antimatter"],"damage_healed":0,"gold_gain":0,"player_choice":"Removed Attack","damage_taken":0,"max_hp_gain":0,"max_hp_loss":0,"event_name":"Falling","floor":48,"gold_loss":0}],"is_beta":false,"boss_relics":[{"not_picked":["Replay:Grab Bag","Pandora\u0027s Box"],"picked":"Astrolabe"},{"not_picked":["Coffee Dripper","Fusion Hammer"],"picked":"Sozu"}],"items_purged_floors":[19,30,39],"is_endless":false,"potions_floor_spawned":[1,3,4,12,14,16,18,23,25,27,29,35,41,47],"ascension_level":14}}