{"host":"sum4dy402bbv9y4o","time":1614012114,"event":{"mods":["Aspiration","BaseMod","Conspire","Highlight Path","Minty Spire (QoL Compilation)","StSLib"],"gold_per_floor":[115,115,130,142,67,92,92,92,116,6,6,19,19,38,38,110,110,126,126,51,71,71,71],"floor_reached":22,"language":"ENG","playtime":682,"items_purged":[],"score":368,"play_id":"a98ed137-0293-4d3d-8ba2-5ecd0baa067d","local_time":"20210222194154","is_ascension_mode":true,"campfire_choices":[{"floor":11,"key":"REST"},{"data":"MentalFortress","floor":13,"key":"SMITH"},{"floor":15,"key":"REST"}],"circlet_count":0,"master_deck":["AscendersBane","Strike_P","Defend_P","Defend_P","Defend_P","Eruption+1","Vigilance","FearNoEvil","MentalFortress+1","Tantrum","Brilliance","SpiritShield","Halt","Perseverance","CrushJoints","FlurryOfBlows","EmptyBody","DeusExMachina","FollowUp+1","LessonLearned","Collect"],"relics":["PureWater","NeowsBlessing","aspiration:ChemicalBlood","PreservedInsect","Busted Crown"],"acts_visited":["Exordium","TheCity"],"potions_floor_usage":[12,16,18,22],"damage_taken":[{"damage":0,"enemies":"2 Louse","floor":1,"turns":1},{"damage":0,"enemies":"Cultist","floor":3,"turns":1},{"damage":0,"enemies":"Small Slimes","floor":4,"turns":1},{"damage":53,"enemies":"Gremlin Nob","floor":6,"turns":4},{"damage":0,"enemies":"Exordium Wildlife","floor":12,"turns":5},{"damage":0,"enemies":"3 Louse","floor":14,"turns":2},{"damage":17,"enemies":"Slime Boss","floor":16,"turns":8},{"damage":12,"enemies":"3 Byrds","floor":18,"turns":5},{"damage":21,"enemies":"Shell Parasite","floor":21,"turns":4},{"damage":47,"enemies":"Snecko","floor":22,"turns":3}],"seed_played":"3901638853821791971","potions_obtained":[{"floor":1,"key":"Energy Potion"},{"floor":3,"key":"Dexterity Potion"},{"floor":6,"key":"BlessingOfTheForge"}],"is_trial":false,"path_per_floor":["M","?","M","M","?","E","?","?","T","$","R","M","R","M","R","B",null,"M","?","?","M","M"],"character_chosen":"WATCHER","items_purchased":["Perseverance","CrushJoints"],"campfire_rested":2,"item_purchase_floors":[10,10],"current_hp_per_floor":[61,61,61,61,61,8,8,8,8,8,28,28,28,28,48,31,59,47,47,47,26,0,0],"gold":71,"neow_bonus":"THREE_ENEMY_KILL","is_daily":false,"chose_seed":false,"campfire_upgraded":1,"win_rate":0.0,"timestamp":1614012114,"path_taken":["M","?","M","?","?","E","?","?","T","$","R","?","R","M","R","BOSS","M","?","?","M","M"],"items_purchased_type":["Card","Card"],"build_version":"2020-12-22","purchased_purges":0,"victory":false,"max_hp_per_floor":[68,68,68,68,68,68,68,68,68,68,68,68,68,68,68,68,68,68,68,68,68,68,68],"card_choices":[{"not_picked":["FollowUp","Protect"],"picked":"FearNoEvil","floor":1},{"not_picked":["Pray","Consecrate"],"picked":"MentalFortress","floor":3},{"not_picked":["Prostrate","CrushJoints"],"picked":"Tantrum","floor":4},{"not_picked":["CrushJoints","Fasting2"],"picked":"Brilliance","floor":6},{"not_picked":["Consecrate","WindmillStrike"],"picked":"FlurryOfBlows","floor":12},{"not_picked":["ThirdEye","EmptyFist"],"picked":"EmptyBody","floor":14},{"not_picked":["Vault","SpiritShield"],"picked":"DeusExMachina","floor":16},{"not_picked":[],"picked":"FollowUp+1","floor":18},{"not_picked":["ThirdEye"],"picked":"SKIP","floor":21}],"player_experience":3124496,"relics_obtained":[{"floor":6,"key":"aspiration:ChemicalBlood"},{"floor":9,"key":"PreservedInsect"}],"event_choices":[{"damage_healed":0,"gold_gain":0,"player_choice":"Forge","damage_taken":0,"max_hp_gain":0,"max_hp_loss":0,"event_name":"Accursed Blacksmith","floor":2,"gold_loss":0,"cards_upgraded":["Eruption"]},{"cards_removed":["Strike_P"],"damage_healed":0,"gold_gain":0,"player_choice":"Card Removal","damage_taken":0,"max_hp_gain":0,"max_hp_loss":0,"event_name":"The Cleric","floor":5,"gold_loss":75},{"damage_healed":0,"gold_gain":0,"player_choice":"Fled","damage_taken":0,"max_hp_gain":0,"max_hp_loss":0,"event_name":"Scrap Ooze","floor":7,"gold_loss":0},{"damage_healed":0,"gold_gain":0,"player_choice":"2 cards matched","damage_taken":0,"max_hp_gain":0,"max_hp_loss":0,"event_name":"Match and Keep!","floor":8,"gold_loss":0,"cards_obtained":["SpiritShield","Halt"]},{"damage_healed":0,"gold_gain":0,"cards_transformed":["Strike_P","Defend_P"],"player_choice":"Became Test Subject","damage_taken":0,"max_hp_gain":0,"max_hp_loss":0,"event_name":"Drug Dealer","floor":19,"gold_loss":0,"cards_obtained":["LessonLearned","Collect"]},{"cards_removed":["Strike_P"],"damage_healed":0,"gold_gain":0,"player_choice":"Gave Gold","damage_taken":0,"max_hp_gain":0,"max_hp_loss":0,"event_name":"Beggar","floor":20,"gold_loss":75}],"is_beta":false,"boss_relics":[{"not_picked":["Philosopher\u0027s Stone","Runic Dome"],"picked":"Busted Crown"}],"items_purged_floors":[],"is_endless":false,"potions_floor_spawned":[1,3,6],"killed_by":"Snecko","ascension_level":20}}