{"host":"h49usdrjeju7gyhi","time":1614037379,"event":{"mods":["Act Like it!","BaseMod","Minty Spire (QoL Compilation)","Ruina","StSLib","The Animator"],"gold_per_floor":[126,148,148,160,140,140,204,204,204,208,208],"floor_reached":10,"language":"ENG","playtime":390,"items_purged":[],"score":132,"play_id":"10af4843-a4f2-4fd6-bcc8-283a35c956fe","local_time":"20210222184259","is_ascension_mode":true,"campfire_choices":[{"floor":6,"key":"REST"},{"floor":8,"key":"REST"}],"circlet_count":0,"master_deck":["AscendersBane","animator:Strike_NoGameNoLife","animator:Defend_NoGameNoLife","animator:Strike","animator:Strike","animator:Defend","animator:Defend","animator:Defend","animator:DolaSchwi","animator:DolaCouronne","animator:HarukoHaruhara","animator:Kazuma","animator:Hitei","animator:Chris","animator:Jibril"],"relics":["animator:LivingPicture","animator:TheMissingPiece","animator:PurgingStone","FossilizedHelix","The Courier"],"acts_visited":["Exordium"],"potions_floor_usage":[7],"damage_taken":[{"damage":4,"enemies":"Cultist","floor":1,"turns":5},{"damage":10,"enemies":"Jaw Worm","floor":2,"turns":5},{"damage":12,"enemies":"Small Slimes","floor":4,"turns":5},{"damage":21,"enemies":"Lagavulin","floor":7,"turns":6},{"damage":24,"enemies":"Gremlin Nob","floor":10,"turns":3}],"seed_played":"4305845271253358579","potions_obtained":[{"floor":1,"key":"PowerPotion"},{"floor":4,"key":"LiquidBronze"},{"floor":5,"key":"Fire Potion"}],"is_trial":false,"path_per_floor":["M","M","?","M","?","R","E","R","T","E"],"character_chosen":"THE_ANIMATOR","items_purchased":[],"campfire_rested":2,"item_purchase_floors":[],"current_hp_per_floor":[35,25,18,7,7,25,4,22,22,0,0],"gold":208,"neow_bonus":"RANDOM_COLORLESS_2","is_daily":false,"chose_seed":false,"campfire_upgraded":0,"win_rate":0.0,"timestamp":1614037379,"path_taken":["M","M","?","M","?","R","E","R","T","E"],"items_purchased_type":[],"build_version":"2020-12-22","purchased_purges":0,"victory":false,"max_hp_per_floor":[60,60,60,61,61,61,61,61,61,61,61],"card_choices":[{"not_picked":["animator:Emilia","animator:HououinKyouma"],"picked":"animator:HarukoHaruhara","floor":0},{"not_picked":["animator:Priestess","animator:DolaCouronne"],"picked":"animator:Kazuma","floor":1},{"not_picked":["animator:Demiurge","animator:ElricAlphonse"],"picked":"animator:Hitei","floor":2},{"not_picked":["animator:LeleiLaLalena","animator:Pride"],"picked":"animator:Chris","floor":4},{"not_picked":["animator:FielNirvalen","animator:DolaCouronne"],"picked":"animator:Jibril","floor":7}],"player_experience":1598081,"relics_obtained":[{"floor":7,"key":"FossilizedHelix"},{"floor":9,"key":"The Courier"}],"event_choices":[{"cards_removed":["animator:Strike"],"damage_healed":0,"gold_gain":0,"player_choice":"Card Removal","damage_taken":7,"max_hp_gain":0,"max_hp_loss":0,"event_name":"Golden Wing","floor":3,"gold_loss":0},{"damage_healed":0,"gold_gain":0,"player_choice":"Bought 1 Potion","damage_taken":0,"max_hp_gain":0,"max_hp_loss":0,"event_name":"The Woman in Blue","floor":5,"gold_loss":0}],"is_beta":false,"boss_relics":[],"items_purged_floors":[],"is_endless":false,"potions_floor_spawned":[1,4],"killed_by":"Gremlin Nob","ascension_level":20}}