{"host":"ihhmze8k3dygjpvp","time":1614011201,"event":{"mods":["Act Like it!","BaseMod","Colored Map","Hallownest","Highlight Path","Minty Spire (QoL Compilation)","MostiFishMod","Pale of the Ancients","Quick Restart","RumiaBox-露米娅的神秘盒子","Shop Mod","Spicy Shops","StSLib","TestMod","[IsaacMod]以撒尖塔","【功能Mod】混沌之环修复补丁","【功能Mod】聪明的最终Boss"],"gold_per_floor":[111,165,165,165,180,180,209,219,244,259,109,109,120,39,39,135,135,154,54,54,54,54,54,82,36,90,115,125,139,14,44,44,141,141,155,181,193,211,132,166,166,216,271,283,283,311,22,51,51,51],"floor_reached":51,"language":"ZHS","playtime":1121,"items_purged":["Regret","Defend_B","Defend_B","Strike_B"],"score":1089,"play_id":"5bdc1745-7ab1-4228-bd69-e326876c0e34","local_time":"20210223002641","is_ascension_mode":false,"campfire_choices":[{"data":"Zap","floor":6,"key":"SMITH"},{"data":"Lockon","floor":15,"key":"SMITH"},{"data":"Electrodynamics","floor":23,"key":"SMITH"},{"data":"Capacitor","floor":32,"key":"SMITH"},{"data":"Seek","floor":45,"key":"SMITH"},{"data":"Double Energy","floor":49,"key":"SMITH"}],"circlet_count":0,"master_deck":["Strike_B","Strike_B","Defend_B","Zap+1","Dualcast","Beam Cell","Ball Lightning","Redo","Hologram","Capacitor+1","Lockon+1","Electrodynamics+1","Loop","Ball Lightning","Pulse+1","Seek+1","Consume","Defragment","MostiFishMod:ATRI","Defragment","Double Energy+1","testmod-BackupPower","MostiFishMod:GatherIntelligence+1"],"relics":["Cracked Core","testmod-TestBox","HushsDoor","DaveBox","D6","Civilization","SynthV:TestCard","Lantern","Centennial Puzzle","Pen Nib","FeatherPendant","Orichalcum","Ancient Tea Set","testmod-OneHitWonder","RhineCircuit","ZombieArmy","testmod-LifeArmor","Du-Vu Doll","SSSystem","MerchantsRug","Anchor"],"acts_visited":["Exordium","TheCity","TheBeyond"],"potions_floor_usage":[7,10,16,33,40,50,50,50],"damage_taken":[{"damage":0,"enemies":"Cultist","floor":1,"turns":2},{"damage":0,"enemies":"2 Louse","floor":5,"turns":3},{"damage":1,"enemies":"Gremlin Nob","floor":7,"turns":2},{"damage":0,"enemies":"Jaw Worm","floor":8,"turns":1},{"damage":0,"enemies":"2 Fungi Beasts","floor":10,"turns":1},{"damage":0,"enemies":"Looter","floor":13,"turns":2},{"damage":0,"enemies":"Slime Boss","floor":16,"turns":3},{"damage":0,"enemies":"Spheric Guardian","floor":18,"turns":1},{"damage":0,"enemies":"Slavers","floor":24,"turns":2},{"damage":0,"enemies":"Book of Stabbing","floor":27,"turns":2},{"damage":0,"enemies":"2 Thieves","floor":28,"turns":1},{"damage":0,"enemies":"Shelled Parasite and Fungi","floor":29,"turns":2},{"damage":0,"enemies":"Gremlin Leader","floor":31,"turns":2},{"damage":12,"enemies":"Collector","floor":33,"turns":3},{"damage":0,"enemies":"3 Shapes","floor":35,"turns":1},{"damage":0,"enemies":"Orb Walker","floor":37,"turns":2},{"damage":0,"enemies":"Writhing Mass","floor":38,"turns":1},{"damage":0,"enemies":"Nemesis","floor":40,"turns":1},{"damage":0,"enemies":"Mind Bloom Boss Battle","floor":42,"turns":2},{"damage":0,"enemies":"Maw","floor":44,"turns":2},{"damage":0,"enemies":"Giant Head","floor":46,"turns":2},{"damage":6,"enemies":"Nemesis","floor":48,"turns":3},{"damage":42,"enemies":"Time Eater","floor":50,"turns":4}],"seed_played":"9103279212884564954","potions_obtained":[{"floor":1,"key":"GamblersBrew"},{"floor":5,"key":"Explosive Potion"},{"floor":8,"key":"AttackPotion"},{"floor":18,"key":"DuplicationPotion"},{"floor":24,"key":"ColorlessPotion"},{"floor":38,"key":"Ancient Potion"},{"floor":42,"key":"Explosive Potion"},{"floor":46,"key":"BlessingOfTheForge"},{"floor":48,"key":"FocusPotion"}],"is_trial":false,"path_per_floor":["M","T","?","?","M","R","E","M","T","M","$","T","M","$","R","B",null,"M","$","?","?","?","R","E","$","T","E","M","M","$","E","R","B",null,"M","T","M","M","$","E","?","?","T","M","R","E","$","E","R","B",null],"character_chosen":"DEFECT","items_purchased":["Capacitor","Lockon","Ball Lightning","Defragment","Double Energy","MerchantsRug","testmod-BackupPower"],"campfire_rested":0,"item_purchase_floors":[11,14,25,39,47,47,47],"current_hp_per_floor":[83,83,75,75,78,78,81,86,86,91,100,100,105,105,105,110,110,115,115,100,100,100,100,105,120,120,125,130,135,135,140,140,133,145,150,150,155,160,160,165,165,170,170,175,175,180,180,179,179,142],"gold":51,"neow_bonus":"TEN_PERCENT_HP_BONUS","is_daily":false,"chose_seed":false,"campfire_upgraded":6,"win_rate":0.0,"timestamp":1614011201,"path_taken":["M","?","?","?","?","R","E","M","T","M","$","?","M","$","R","BOSS","M","$","?","?","?","R","E","$","T","E","M","M","$","E","R","BOSS","M","?","M","M","$","E","?","?","T","?","R","E","$","E","R","BOSS"],"items_purchased_type":["Card","Card","Card","Card","Card","Relic","Card"],"build_version":"2020-12-22","purchased_purges":4,"victory":true,"max_hp_per_floor":[83,83,83,83,86,86,90,95,95,100,100,100,105,105,105,110,110,115,115,115,115,115,115,120,120,120,125,130,135,135,140,140,145,145,150,150,155,160,160,165,165,170,170,175,175,180,180,185,185,190],"card_choices":[{"not_picked":[],"picked":"ChaosCard","floor":0},{"not_picked":["Sweeping Beam","Hologram"],"picked":"Beam Cell","floor":1},{"not_picked":["Force Field","Beam Cell","Leap","Chaos"],"picked":"Ball Lightning","floor":5},{"not_picked":["Streamline","Static Discharge","Gash","Conserve Battery"],"picked":"Redo","floor":7},{"not_picked":["Heatsinks","Cancel","Double Energy","MostiFishMod:Prepare"],"picked":"Hologram","floor":8},{"not_picked":["Barrage","Cold Snap","Storm","Conserve Battery","White Noise"],"picked":"SKIP","floor":10},{"not_picked":["Gash","Genetic Algorithm","BootSequence","Beam Cell","Streamline"],"picked":"SKIP","floor":13},{"not_picked":["MostiFishMod:IntelligentEquipment","Thunder Strike","MostiFishMod:ReadyAimFire","Buffer"],"picked":"Electrodynamics","floor":16},{"not_picked":["Streamline+1","FTL","MostiFishMod:LinkProtocol","Steam"],"picked":"Loop","floor":18},{"not_picked":["Redo","MostiFishMod:ReprogramOld+1","Sweeping Beam+1","Coolheaded","Storm+1"],"picked":"SKIP","floor":24},{"not_picked":["Reinforced Body","Coolheaded","Compile Driver","Streamline","Sweeping Beam+1"],"picked":"SKIP","floor":27},{"not_picked":["Barrage+1","Steam","Leap","MostiFishMod:LinkProtocol","White Noise"],"picked":"SKIP","floor":28},{"not_picked":["Sweeping Beam","Streamline+1","Heatsinks","FTL","Conserve Battery"],"picked":"SKIP","floor":29},{"not_picked":["MostiFishMod:FluxCapactior","Barrage+1","Go for the Eyes","Coolheaded"],"picked":"Pulse+1","floor":31},{"not_picked":["ElectricPowerLearning","Fission","MostiFishMod:StarOceanB","Buffer"],"picked":"Seek","floor":33},{"not_picked":["Sweeping Beam","Gash","Leap","Reprogram"],"picked":"Consume","floor":35},{"not_picked":["Leap","Compile Driver","Stack","Cold Snap+1","Ball Lightning+1"],"picked":"SKIP","floor":37},{"not_picked":["Lockon","Stack+1","Capacitor+1","FTL+1","Steam Power"],"picked":"SKIP","floor":38},{"not_picked":["MostiFishMod:IceShield+1","Hologram","Ball Lightning+1","Streamline+1"],"picked":"MostiFishMod:ATRI","floor":40},{"not_picked":["Gash+1","Coolheaded","Stack","MostiFishMod:PushDownKick+1","Heatsinks+1"],"picked":"SKIP","floor":44},{"not_picked":["Aggregate","Skim+1","Barrage","Leap+1"],"picked":"Defragment","floor":46},{"not_picked":["Steam+1","Heatsinks+1","Cold Snap+1","Loop+1"],"picked":"MostiFishMod:GatherIntelligence+1","floor":48}],"player_experience":16295,"relics_obtained":[{"floor":1,"key":"SynthV:TestCard"},{"floor":2,"key":"Tiny Chest"},{"floor":7,"key":"Centennial Puzzle"},{"floor":9,"key":"MealTicket"},{"floor":12,"key":"Pen Nib"},{"floor":24,"key":"Oddly Smooth Stone"},{"floor":26,"key":"Ancient Tea Set"},{"floor":27,"key":"testmod-OneHitWonder"},{"floor":31,"key":"Bronze Scales"},{"floor":36,"key":"ZombieArmy"},{"floor":40,"key":"testmod-LifeArmor"},{"floor":42,"key":"Du-Vu Doll"},{"floor":43,"key":"SSSystem"},{"floor":46,"key":"Blood Vial"},{"floor":48,"key":"Anchor"}],"event_choices":[{"damage_healed":0,"gold_gain":0,"player_choice":"Ignored","damage_taken":8,"max_hp_gain":0,"max_hp_loss":0,"event_name":"恩洛斯的盘子","floor":3,"gold_loss":0},{"damage_healed":0,"gold_gain":0,"player_choice":"Box","damage_taken":0,"relics_obtained":["Lantern"],"max_hp_gain":0,"max_hp_loss":0,"event_name":"Big Fish","floor":4,"gold_loss":0,"cards_obtained":["Regret"]},{"cards_removed":["Strike_B"],"damage_healed":0,"gold_gain":0,"player_choice":"Elegance","damage_taken":0,"max_hp_gain":0,"max_hp_loss":0,"event_name":"Back to Basics","floor":21,"gold_loss":0},{"damage_healed":0,"gold_gain":0,"player_choice":"Ignored","damage_taken":0,"max_hp_gain":0,"max_hp_loss":0,"event_name":"Vampires","floor":22,"gold_loss":0},{"cards_removed":["Defend_B"],"damage_healed":0,"gold_gain":0,"player_choice":"Removed Skill","damage_taken":0,"max_hp_gain":0,"max_hp_loss":0,"event_name":"Falling","floor":41,"gold_loss":0},{"damage_healed":0,"gold_gain":0,"player_choice":"Fight","damage_taken":0,"max_hp_gain":0,"max_hp_loss":0,"event_name":"MindBloom","floor":42,"gold_loss":0}],"is_beta":false,"boss_relics":[{"not_picked":["TimeKeys","testmod-HarvestTotem"],"picked":"FeatherPendant"},{"not_picked":[]},{"not_picked":["Fusion Hammer","EE1DDrone"],"picked":"RhineCircuit"},{"not_picked":[]}],"items_purged_floors":[11,19,30,47],"is_endless":false,"potions_floor_spawned":[1,5,8,18,24,38,42,46,48],"ascension_level":0}}