{"host":"f5gffvlv6a66yqkd","time":1614028842,"event":{"mods":["2.2 Compatiblity","BaseMod","Colored Map","Custom Start","DeckTracker","Keyboard Shortcuts","Minty Spire (QoL Compilation)","Permanent Neow","Quick Restart","Relic Stats","StSLib","SuperFastMode"],"gold_per_floor":[119,136,136,136,61,61,86,104,104,104,117,42,42,52,52,128,128,141,141,153,172,11,11,25,54,108,108,288,288,298,34,34,110,110,124,144,144,155,170,170,170],"floor_reached":40,"language":"KOR","playtime":1121,"items_purged":["Strike_G"],"score":776,"play_id":"b23e66f5-c709-4170-bb02-8d99730a0b56","local_time":"20210223062042","is_ascension_mode":true,"campfire_choices":[{"data":"Deadly Poison","floor":6,"key":"SMITH"},{"data":"Dagger Throw","floor":10,"key":"SMITH"},{"data":"Backflip","floor":13,"key":"SMITH"},{"data":"Escape Plan","floor":15,"key":"SMITH"},{"data":"Grand Finale","floor":23,"key":"SMITH"},{"data":"Tactician","floor":27,"key":"SMITH"},{"floor":29,"key":"REST"},{"floor":32,"key":"RECALL"}],"circlet_count":0,"master_deck":["AscendersBane","Strike_G","Defend_G","Defend_G","Defend_G","Survivor","Neutralize+1","Masterful Stab","Deadly Poison+1","Backflip+1","Grand Finale+1","Dagger Throw+1","Escape Plan+1","Caltrops","Slice","Well Laid Plans+1","Tactician+1","Flash of Steel","Apotheosis+1","Parasite"],"relics":["Ring of the Snake","StrikeDummy","InkBottle","HoveringKite","TheAbacus","Red Mask","Nunchaku","Toxic Egg 2","SlaversCollar"],"acts_visited":["Exordium","TheCity","TheBeyond"],"potions_floor_usage":[7,33,39],"damage_taken":[{"damage":0,"enemies":"2 Louse","floor":1,"turns":2},{"damage":0,"enemies":"Jaw Worm","floor":2,"turns":3},{"damage":29,"enemies":"3 Sentries","floor":7,"turns":6},{"damage":0,"enemies":"Cultist","floor":8,"turns":2},{"damage":0,"enemies":"2 Fungi Beasts","floor":11,"turns":3},{"damage":3,"enemies":"Looter","floor":14,"turns":2},{"damage":14,"enemies":"The Guardian","floor":16,"turns":10},{"damage":0,"enemies":"3 Byrds","floor":18,"turns":5},{"damage":10,"enemies":"Spheric Guardian","floor":20,"turns":4},{"damage":0,"enemies":"3 Cultists","floor":21,"turns":2},{"damage":0,"enemies":"Sentry and Sphere","floor":24,"turns":2},{"damage":11,"enemies":"Masked Bandits","floor":25,"turns":3},{"damage":10,"enemies":"Snake Plant","floor":30,"turns":2},{"damage":35,"enemies":"Champ","floor":33,"turns":10},{"damage":10,"enemies":"Orb Walker","floor":35,"turns":4},{"damage":0,"enemies":"3 Shapes","floor":36,"turns":6},{"damage":20,"enemies":"Spire Growth","floor":38,"turns":4},{"damage":4,"enemies":"Writhing Mass","floor":39,"turns":4},{"damage":21,"enemies":"Nemesis","floor":40,"turns":4}],"seed_played":"3409214334981429415","potions_obtained":[{"floor":2,"key":"Poison Potion"},{"floor":8,"key":"DuplicationPotion"},{"floor":11,"key":"CunningPotion"},{"floor":24,"key":"FairyPotion"},{"floor":33,"key":"Fire Potion"},{"floor":35,"key":"SpeedPotion"},{"floor":39,"key":"FearPotion"}],"is_trial":false,"path_per_floor":["M","M","?","?","$","R","E","M","T","R","M","?","R","M","R","B",null,"M","?","M","M","$","R","M","?","T","R","?","R","M","$","R","B",null,"M","M","?","M","M","E"],"character_chosen":"THE_SILENT","items_purchased":["TheAbacus","Toxic Egg 2"],"campfire_rested":1,"item_purchase_floors":[22,31],"current_hp_per_floor":[59,59,59,59,59,59,30,30,30,30,30,30,30,27,27,13,53,53,53,43,43,43,43,43,32,32,32,13,32,22,22,22,19,54,44,44,34,14,10,0,0],"gold":170,"neow_bonus":"TRANSFORM_CARD","is_daily":false,"chose_seed":false,"campfire_upgraded":6,"win_rate":0.0,"timestamp":1614028842,"path_taken":["M","M","?","?","$","R","E","?","T","R","M","?","R","M","R","BOSS","M","?","M","M","$","R","M","?","T","R","?","R","?","$","R","BOSS","M","M","?","M","M","E"],"items_purchased_type":["Relic","Relic"],"build_version":"2020-12-22","purchased_purges":1,"victory":false,"max_hp_per_floor":[66,66,66,66,66,66,66,66,66,66,66,66,66,66,66,66,66,66,66,66,66,66,66,66,66,66,66,66,66,66,66,66,66,66,66,66,66,66,66,66,66],"relic_stats":{"Nunchaku":[8],"TheAbacus":[96],"counters":[19,78],"HoveringKite":[28],"obtain_stats":[{"SlaversCollar":34,"Nunchaku":26,"TheAbacus":22,"HoveringKite":17,"Red Mask":25,"Toxic Egg 2":31,"StrikeDummy":7,"InkBottle":9,"Ring of the Snake":0},{"SlaversCollar":14,"Nunchaku":12,"TheAbacus":10,"HoveringKite":7,"Red Mask":12,"Toxic Egg 2":13,"StrikeDummy":3,"InkBottle":4,"Ring of the Snake":0},{"SlaversCollar":56,"Nunchaku":44,"TheAbacus":39,"HoveringKite":28,"Red Mask":44,"Toxic Egg 2":46,"StrikeDummy":11,"InkBottle":13,"Ring of the Snake":0}],"InkBottle":[29],"Ring of the Snake":[38]},"card_choices":[{"not_picked":["Outmaneuver","Deflect"],"picked":"Deadly Poison","floor":1},{"not_picked":["Distraction","Finisher"],"picked":"Backflip","floor":2},{"not_picked":["Leg Sweep","Predator","Outmaneuver"],"picked":"SKIP","floor":7},{"not_picked":["Heel Hook","Sucker Punch"],"picked":"Dagger Throw","floor":8},{"not_picked":["Eviscerate","Dodge and Roll","Flying Knee"],"picked":"SKIP","floor":11},{"not_picked":["Deflect","Slice"],"picked":"Escape Plan","floor":14},{"not_picked":["Riddle With Holes","Predator","Blur"],"picked":"SKIP","floor":18},{"not_picked":["Accuracy","PiercingWail"],"picked":"Well Laid Plans+1","floor":20},{"not_picked":["Riddle With Holes","Quick Slash","Poisoned Stab"],"picked":"SKIP","floor":21},{"not_picked":["Backflip","Backstab","Skewer"],"picked":"SKIP","floor":24},{"not_picked":["Cloak And Dagger","Blade Dance"],"picked":"Tactician","floor":25},{"not_picked":["Well Laid Plans","Backstab","Backflip"],"picked":"SKIP","floor":30},{"not_picked":["Dagger Spray","Deflect+1","Backstab+1"],"picked":"SKIP","floor":35},{"not_picked":["Poisoned Stab","Dash+1","All Out Attack"],"picked":"SKIP","floor":36},{"not_picked":["Secret Weapon+1","Chrysalis+1"],"picked":"Flash of Steel","floor":37},{"not_picked":["Jack Of All Trades+1","Panacea+1"],"picked":"Apotheosis+1","floor":37},{"not_picked":["Tactician+1","Flying Knee","Dagger Throw"],"picked":"SKIP","floor":38},{"not_picked":["Caltrops","Setup+1","Well Laid Plans"],"picked":"SKIP","floor":39}],"player_experience":1555787,"relics_obtained":[{"floor":7,"key":"StrikeDummy"},{"floor":9,"key":"InkBottle"},{"floor":25,"key":"Red Mask"},{"floor":26,"key":"Nunchaku"}],"event_choices":[{"damage_healed":0,"gold_gain":0,"cards_transformed":["Strike_G"],"player_choice":"Change","damage_taken":0,"max_hp_gain":0,"max_hp_loss":0,"event_name":"Living Wall","floor":3,"gold_loss":0,"cards_obtained":["Grand Finale"]},{"damage_healed":0,"gold_gain":0,"player_choice":"Forge","damage_taken":0,"max_hp_gain":0,"max_hp_loss":0,"event_name":"Accursed Blacksmith","floor":4,"gold_loss":0,"cards_upgraded":["Neutralize"]},{"cards_removed":["Strike_G"],"damage_healed":0,"gold_gain":0,"player_choice":"Card Removal","damage_taken":0,"max_hp_gain":0,"max_hp_loss":0,"event_name":"The Cleric","floor":12,"gold_loss":75},{"damage_healed":0,"gold_gain":0,"cards_transformed":["Strike_G","Defend_G"],"player_choice":"Became Test Subject","damage_taken":0,"max_hp_gain":0,"max_hp_loss":0,"event_name":"Drug Dealer","floor":19,"gold_loss":0,"cards_obtained":["Caltrops","Slice"]},{"damage_healed":0,"gold_gain":0,"player_choice":"Fought Bandits","damage_taken":0,"max_hp_gain":0,"max_hp_loss":0,"event_name":"Masked Bandits","floor":25,"gold_loss":0},{"damage_healed":0,"gold_gain":180,"player_choice":"GOLD GOLD ","damage_taken":19,"max_hp_gain":0,"max_hp_loss":0,"event_name":"Knowing Skull","floor":28,"potions_obtained":[],"gold_loss":0,"cards_obtained":[]},{"damage_healed":0,"gold_gain":0,"player_choice":"Memory 3","damage_taken":10,"max_hp_gain":0,"max_hp_loss":0,"event_name":"SensoryStone","floor":37,"gold_loss":0}],"is_beta":false,"boss_relics":[{"not_picked":["Tiny House","Sozu"],"picked":"HoveringKite"},{"not_picked":["Snecko Eye","Runic Dome"],"picked":"SlaversCollar"}],"items_purged_floors":[5],"is_endless":false,"potions_floor_spawned":[2,8,11,20,24,33,35,38,39],"killed_by":"Nemesis","ascension_level":20}}