{"host":"c1f068k7a3x1dnrh","time":1614001661,"event":{"mods":["BaseMod","Minty Spire (QoL Compilation)","Quick Restart","Reliquary","Spicy Shops","StSLib","[IsaacMod]ÒÔÈö¼âËþ"],"gold_per_floor":[112,112,124,124,144,144,172,24,47,47,66,116,134,12,12,110,110,129,399,76,176,189,222,67,99,180,198,211,211,88,118,118,215,215,235,235,160,180,180,208,224,224,224,224,224,242,268,27,27,27],"floor_reached":51,"language":"ZHS","playtime":3737,"items_purged":["Strike_G","Strike_G","Strike_G","Malaise","Underhanded Strike"],"score":1129,"play_id":"39438a34-f1cf-4f71-b5be-c58e8e4a81c0","local_time":"20210222214741","is_ascension_mode":true,"campfire_choices":[{"data":"Neutralize","floor":6.0,"key":"SMITH"},{"data":"Caltrops","floor":10.0,"key":"SMITH"},{"floor":15.0,"key":"REST"},{"floor":32.0,"key":"REST"},{"data":"Madness","floor":42.0,"key":"SMITH"},{"data":"DoctorFetus","floor":45.0,"key":"SMITH"},{"data":"Night Terror","floor":49.0,"key":"SMITH"}],"circlet_count":0,"master_deck":["Survivor","Neutralize+1","Deflect","Caltrops+1","Backstab","Corpse Explosion","Noxious Fumes","Escape Plan","Accuracy","Catalyst","DoctorFetus+1","Backflip","Deadly Poison","Blade Dance","Cloak And Dagger","Accuracy","Night Terror+1","Blade Dance","Burst","Predator","Catalyst","Malaise","Blade Dance","Madness+1"],"relics":["Ring of the Serpent","HushsDoor","NeowsBlessing","TuHaoJin","Centennial Puzzle","SteamSale","BookOfRevelations","Omamori","Ninja Scroll","reliquary:Pushpin","Succubus","ClockworkSouvenir","Art of War","reliquary:RadioactivePellet","The Specimen","reliquary:FingerTrap","Anchor","HornCleat","reliquary:SharkskinSheath","Pandora\u0027s Box","reliquary:PrincelyHelmet","Gambling Chip","Torii","TheBean","TwistedFunnel"],"acts_visited":["Exordium","TheCity","TheBeyond"],"potions_floor_usage":[50],"damage_taken":[{"damage":0.0,"enemies":"2 Louse","floor":1.0,"turns":1.0},{"damage":0.0,"enemies":"Small Slimes","floor":3.0,"turns":1.0},{"damage":0.0,"enemies":"Cultist","floor":5.0,"turns":1.0},{"damage":1.0,"enemies":"Gremlin Nob","floor":7.0,"turns":3.0},{"damage":0.0,"enemies":"Red Slaver","floor":11.0,"turns":4.0},{"damage":25.0,"enemies":"Hiden Room Battle","floor":12.0,"turns":5.0},{"damage":3.0,"enemies":"Large Slime","floor":13.0,"turns":6.0},{"damage":0.0,"enemies":"The Guardian","floor":16.0,"turns":8.0},{"damage":2.0,"enemies":"Shell Parasite","floor":18.0,"turns":3.0},{"damage":1.0,"enemies":"3 Byrds","floor":22.0,"turns":3.0},{"damage":7.0,"enemies":"Book of Stabbing","floor":23.0,"turns":4.0},{"damage":1.0,"enemies":"Slavers","floor":25.0,"turns":2.0},{"damage":0.0,"enemies":"Cultist and Chosen","floor":27.0,"turns":3.0},{"damage":0.0,"enemies":"Snecko","floor":28.0,"turns":3.0},{"damage":13.0,"enemies":"Gremlin Leader","floor":31.0,"turns":3.0},{"damage":3.0,"enemies":"Collector","floor":33.0,"turns":5.0},{"damage":0.0,"enemies":"3 Shapes","floor":35.0,"turns":2.0},{"damage":0.0,"enemies":"Orb Walker","floor":38.0,"turns":2.0},{"damage":13.0,"enemies":"Giant Head","floor":40.0,"turns":5.0},{"damage":0.0,"enemies":"3 Darklings","floor":41.0,"turns":3.0},{"damage":0.0,"enemies":"Spire Growth","floor":46.0,"turns":3.0},{"damage":0.0,"enemies":"Reptomancer","floor":47.0,"turns":2.0},{"damage":27,"enemies":"Donu and Deca","floor":50,"turns":5}],"seed_played":"-1592320302316928065","potions_obtained":[{"floor":5.0,"key":"SkillPotion"},{"floor":11.0,"key":"BlessingOfTheForge"},{"floor":13.0,"key":"Weak Potion"},{"floor":16.0,"key":"LiquidMemories"},{"floor":18.0,"key":"DistilledChaos"},{"floor":23.0,"key":"Ancient Potion"},{"floor":27.0,"key":"EssenceOfSteel"},{"floor":38.0,"key":"SteroidPotion"}],"is_trial":false,"path_per_floor":["M","?","M","?","M","R","E","$","T","R","M","?","M","$","R","B",null,"M","?","$","?","M","E","$","E","T","M","M","?","$","E","R","B",null,"M","?","$","M","?","E","M","R","T","?","R","M","E","$","R","B",null],"character_chosen":"THE_SILENT","items_purchased":["SteamSale","Accuracy","Ninja Scroll","reliquary:Pushpin","Succubus","ClockworkSouvenir","Art of War","Catalyst","DoctorFetus","The Specimen","reliquary:FingerTrap","Deadly Poison","Accuracy","Energy Potion","TheBean","TwistedFunnel"],"campfire_rested":2,"item_purchase_floors":[8,14,14,14,17,20,20,20,20,24,24,24,30,30,48,48],"current_hp_per_floor":[63,68,68,61,61,61,60,60,60,60,60,20,17,17,39,39,55,53,26,26,26,25,18,18,17,17,17,17,17,17,4,22,19,50,50,50,50,50,50,37,37,37,37,37,37,37,37,37,37,10],"gold":27,"neow_bonus":"THREE_ENEMY_KILL","is_daily":false,"chose_seed":false,"campfire_upgraded":5,"win_rate":0.0,"timestamp":1614001661,"path_taken":["M","?","M","?","M","R","E","$","T","R","M","?","M","$","R","BOSS","M","?","$","?","?","E","$","E","T","M","M","?","?","E","R","BOSS","M","?","$","M","?","E","M","R","T","?","R","M","E","$","R","BOSS"],"items_purchased_type":["Relic","Card","Relic","Relic","Relic","Relic","Relic","Card","Card","Relic","Relic","Card","Card","Potion","Relic","Relic"],"build_version":"2020-12-22","purchased_purges":5,"victory":true,"max_hp_per_floor":[70,75,75,75,75,75,75,75,75,75,75,75,75,75,75,75,60,60,60,60,60,60,60,60,60,60,60,60,60,60,60,60,60,60,60,60,60,60,60,60,60,60,60,60,60,60,60,60,60,60],"card_choices":[{"not_picked":[],"picked":"Bomb","floor":0.0},{"not_picked":["Concentrate","Flying Knee"],"picked":"Deflect","floor":1.0},{"not_picked":["Quick Slash","PiercingWail"],"picked":"Caltrops","floor":3.0},{"not_picked":["Sucker Punch","Dodge and Roll"],"picked":"Backstab","floor":5.0},{"not_picked":["Infinite Blades","Choke"],"picked":"Corpse Explosion","floor":7.0},{"not_picked":["Dash","Quick Slash"],"picked":"Noxious Fumes","floor":11.0},{"not_picked":["Bane","Dagger Spray"],"picked":"Escape Plan","floor":12.0},{"not_picked":["Distraction","Slice","Reflex"],"picked":"SKIP","floor":13.0},{"not_picked":["Poisoned Stab","Dash","Dagger Throw"],"picked":"SKIP","floor":18.0},{"not_picked":["Outmaneuver","Well Laid Plans"],"picked":"Backflip","floor":22.0},{"not_picked":["Tactician","Accuracy+1","Predator"],"picked":"SKIP","floor":23.0},{"not_picked":["Finisher","Deflect"],"picked":"Blade Dance","floor":25.0},{"not_picked":["Leg Sweep","Prepared"],"picked":"Cloak And Dagger","floor":27.0},{"not_picked":["Distraction","Underhanded Strike","Sucker Punch"],"picked":"SKIP","floor":28.0},{"not_picked":["Backflip","Dagger Spray","Flying Knee"],"picked":"SKIP","floor":31.0},{"not_picked":["Malaise","Venomology"],"picked":"Night Terror","floor":33.0},{"not_picked":["Flechettes+1","Quick Slash+1","Dash+1"],"picked":"SKIP","floor":35.0},{"not_picked":["Dagger Throw","Acrobatics"],"picked":"Blade Dance","floor":38.0},{"not_picked":["Enlightenment","Mind Blast"],"picked":"Madness","floor":39.0},{"not_picked":["Slice+1","Flechettes+1","Cloak And Dagger"],"picked":"SKIP","floor":40.0},{"not_picked":["Backflip+1","Bouncing Flask","Deflect"],"picked":"SKIP","floor":41.0},{"not_picked":["Bane","Flechettes+1","Night Terror"],"picked":"SKIP","floor":46.0},{"not_picked":["PiercingWail+1","Venomology","Predator"],"picked":"SKIP","floor":47.0}],"player_experience":102333,"relics_obtained":[{"floor":7.0,"key":"Centennial Puzzle"},{"floor":9.0,"key":"BookOfRevelations"},{"floor":12.0,"key":"Omamori"},{"floor":23.0,"key":"reliquary:RadioactivePellet"},{"floor":25.0,"key":"Anchor"},{"floor":26.0,"key":"HornCleat"},{"floor":31.0,"key":"reliquary:SharkskinSheath"},{"floor":40.0,"key":"reliquary:PrincelyHelmet"},{"floor":43.0,"key":"Gambling Chip"},{"floor":47.0,"key":"Torii"}],"event_choices":[{"damage_healed":0.0,"max_hp_gain":5.0,"max_hp_loss":0.0,"gold_gain":0.0,"event_name":"Big Fish","player_choice":"Donut","floor":2.0,"gold_loss":0.0,"damage_taken":0.0},{"cards_removed":["Strike_G"],"damage_healed":0.0,"max_hp_gain":0.0,"max_hp_loss":0.0,"gold_gain":0.0,"event_name":"Golden Wing","player_choice":"Card Removal","floor":4.0,"gold_loss":0.0,"damage_taken":7.0},{"damage_healed":0.0,"max_hp_gain":0.0,"max_hp_loss":0.0,"gold_gain":0.0,"event_name":"HidenRoomEvent","player_choice":"Fight","floor":12.0,"gold_loss":0.0,"damage_taken":0.0},{"damage_healed":0.0,"max_hp_gain":0.0,"max_hp_loss":0.0,"gold_gain":270.0,"event_name":"Knowing Skull","player_choice":"GOLD GOLD GOLD ","floor":19.0,"potions_obtained":[],"gold_loss":0.0,"damage_taken":27.0,"cards_obtained":[]},{"damage_healed":0.0,"max_hp_gain":0.0,"max_hp_loss":0.0,"gold_gain":0.0,"event_name":"Duplicator","player_choice":"Copied","floor":36.0,"gold_loss":0.0,"damage_taken":0.0,"cards_obtained":["Malaise"]},{"damage_healed":0.0,"max_hp_gain":0.0,"max_hp_loss":0.0,"gold_gain":0.0,"event_name":"SensoryStone","player_choice":"Memory 1","floor":39.0,"gold_loss":0.0,"damage_taken":0.0},{"damage_healed":0.0,"max_hp_gain":0.0,"max_hp_loss":0.0,"gold_gain":0.0,"event_name":"Lab","player_choice":"Got Potions","floor":44.0,"gold_loss":0.0,"damage_taken":0.0}],"is_beta":false,"boss_relics":[{"not_picked":["Cursed Key","reliquary:RedCape"],"picked":"Ring of the Serpent"},{"not_picked":[]},{"not_picked":["Runic Dome","reliquary:Ember"],"picked":"Pandora\u0027s Box"},{"not_picked":[]}],"items_purged_floors":[20,24,30,37,48],"is_endless":false,"potions_floor_spawned":[5,11,13,16,18,23,27,31,38,40,46],"ascension_level":6}}