{"host":"sav7uxregyirlf69","time":1614021822,"event":{"mods":["AchievementEnabler","BaseMod","Colored Map","DeckTracker","Keyboard Shortcuts","Minty Spire (QoL Compilation)","READ ME - Guardian Mod","StSLib","SuperFastMode"],"gold_per_floor":[113,128,34,52,63,63,79,79,104,104,114,139,198,216,216,292,292,304,304,229,35,35,35,35,46,46,46,46,46,61,79,79,79,79],"floor_reached":33,"language":"KOR","playtime":653,"items_purged":["Strike_R"],"score":494,"play_id":"e3b25d3b-f8a3-41a1-b9f9-d55e6de8cb24","local_time":"20210223042342","is_ascension_mode":true,"campfire_choices":[{"data":"Armaments","floor":6,"key":"SMITH"},{"data":"Body Slam","floor":8,"key":"SMITH"},{"data":"Disarm","floor":15,"key":"SMITH"},{"floor":23,"key":"REST"},{"data":"Dark Embrace","floor":27,"key":"SMITH"},{"data":"Entrench","floor":29,"key":"SMITH"},{"floor":32,"key":"REST"}],"circlet_count":0,"master_deck":["AscendersBane","Strike_R","Defend_R","Defend_R","Defend_R","Defend_R","Bash","Entrench+1","Headbutt","Flex","Armaments+1","Fire Breathing","Body Slam+1","Disarm+1","Shrug It Off","Shrug It Off","Pommel Strike","Immolate","Seeing Red+1","Dark Embrace+1","Power Through","Seeing Red+1"],"relics":["Burning Blood","Potion Belt","Juzu Bracelet","MealTicket","Mark of Pain","Nilry\u0027s Codex","The Courier"],"acts_visited":["Exordium","TheCity"],"potions_floor_usage":[12,13,25],"damage_taken":[{"damage":7,"enemies":"Cultist","floor":1,"turns":4},{"damage":0,"enemies":"2 Louse","floor":2,"turns":2},{"damage":7,"enemies":"Small Slimes","floor":4,"turns":5},{"damage":1,"enemies":"2 Fungi Beasts","floor":5,"turns":3},{"damage":6,"enemies":"Looter","floor":7,"turns":4},{"damage":17,"enemies":"Blue Slaver","floor":11,"turns":4},{"damage":21,"enemies":"3 Sentries","floor":12,"turns":4},{"damage":10,"enemies":"3 Sentries","floor":13,"turns":4},{"damage":5,"enemies":"Red Slaver","floor":14,"turns":3},{"damage":37,"enemies":"Hexaghost","floor":16,"turns":12},{"damage":25,"enemies":"Spheric Guardian","floor":18,"turns":6},{"damage":14,"enemies":"3 Byrds","floor":25,"turns":5},{"damage":0,"enemies":"Centurion and Healer","floor":30,"turns":6},{"damage":19,"enemies":"Chosen and Byrds","floor":31,"turns":4},{"damage":58,"enemies":"Collector","floor":33,"turns":7}],"seed_played":"-2482962987738499655","potions_obtained":[{"floor":1,"key":"Strength Potion"},{"floor":2,"key":"SneckoOil"},{"floor":12,"key":"Energy Potion"},{"floor":30,"key":"SmokeBomb"},{"floor":31,"key":"Explosive Potion"}],"is_trial":false,"path_per_floor":["M","M","$","M","M","R","M","R","T","?","M","E","?","M","R","B",null,"M","?","?","$","?","R","$","M","T","R","?","R","M","M","R","B"],"character_chosen":"IRONCLAD","items_purchased":["Fire Breathing","Body Slam","Dark Embrace","Power Through"],"campfire_rested":2,"item_purchase_floors":[3,3,21,21],"current_hp_per_floor":[67,68,68,67,68,68,68,68,68,68,57,42,38,39,39,8,53,34,13,13,28,9,30,45,37,37,37,37,37,43,30,51,0,0],"gold":79,"neow_bonus":"TRANSFORM_TWO_CARDS","is_daily":false,"chose_seed":false,"campfire_upgraded":5,"win_rate":0.0,"timestamp":1614021822,"path_taken":["M","M","?","M","?","R","M","R","T","?","M","E","?","M","R","BOSS","M","?","?","$","?","R","?","M","T","R","?","R","M","M","R","BOSS"],"items_purchased_type":["Card","Card","Card","Card"],"build_version":"2020-12-22","purchased_purges":1,"victory":false,"max_hp_per_floor":[68,68,68,68,68,68,68,68,68,68,68,68,68,68,68,68,68,68,68,68,68,73,73,73,73,73,73,73,73,73,73,73,73,73],"card_choices":[{"not_picked":["Rupture","Clothesline"],"picked":"Flex","floor":1},{"not_picked":["Iron Wave","Clash"],"picked":"Armaments","floor":2},{"not_picked":["Iron Wave","Flex","Headbutt"],"picked":"SKIP","floor":4},{"not_picked":["Reaper","Clash"],"picked":"Disarm","floor":5},{"not_picked":["Burning Pact","Flex"],"picked":"Shrug It Off","floor":7},{"not_picked":["Iron Wave","Body Slam","Heavy Blade"],"picked":"SKIP","floor":11},{"not_picked":["Juggernaut","Uppercut"],"picked":"Shrug It Off","floor":12},{"not_picked":["Wild Strike","Demon Form"],"picked":"Pommel Strike","floor":14},{"not_picked":["Fiend Fire","Bludgeon"],"picked":"Immolate","floor":16},{"not_picked":["Carnage+1","Perfected Strike"],"picked":"Seeing Red+1","floor":18},{"not_picked":["True Grit","Rampage+1","Iron Wave"],"picked":"SKIP","floor":25},{"not_picked":["Clothesline","Wild Strike","Sentinel"],"picked":"SKIP","floor":30},{"not_picked":["Reaper","Uppercut","Carnage"],"picked":"SKIP","floor":31}],"player_experience":1659327,"relics_obtained":[{"floor":9,"key":"Potion Belt"},{"floor":12,"key":"Juzu Bracelet"},{"floor":13,"key":"MealTicket"},{"floor":19,"key":"Nilry\u0027s Codex"},{"floor":26,"key":"The Courier"}],"event_choices":[{"damage_healed":0,"gold_gain":0,"player_choice":"Ignored","damage_taken":0,"max_hp_gain":0,"max_hp_loss":0,"event_name":"Liars Game","floor":10,"gold_loss":0},{"damage_healed":0,"gold_gain":0,"player_choice":"Searched \u00271\u0027 times","damage_taken":0,"max_hp_gain":0,"max_hp_loss":0,"event_name":"Dead Adventurer","floor":13,"gold_loss":0},{"damage_healed":0,"gold_gain":0,"player_choice":"Obtained Book","damage_taken":21,"max_hp_gain":0,"max_hp_loss":0,"event_name":"Cursed Tome","floor":19,"gold_loss":0},{"cards_removed":["Strike_R"],"damage_healed":0,"gold_gain":0,"player_choice":"Gave Gold","damage_taken":0,"max_hp_gain":0,"max_hp_loss":0,"event_name":"Beggar","floor":20,"gold_loss":75},{"damage_healed":0,"gold_gain":0,"player_choice":"Shed Blood","damage_taken":24,"max_hp_gain":5,"max_hp_loss":0,"event_name":"Forgotten Altar","floor":22,"gold_loss":0},{"damage_healed":0,"gold_gain":0,"player_choice":"Copied","damage_taken":0,"max_hp_gain":0,"max_hp_loss":0,"event_name":"Duplicator","floor":28,"gold_loss":0,"cards_obtained":["Seeing Red"]}],"is_beta":false,"boss_relics":[{"not_picked":["Empty Cage","Pandora\u0027s Box"],"picked":"Mark of Pain"}],"items_purged_floors":[21],"is_endless":false,"potions_floor_spawned":[1,2,12,30,31],"killed_by":"Collector","ascension_level":20}}