{"host":"5tzvto3beate6p8b","time":1614000873,"event":{"mods":["BaseMod","Colored Map","DeckTracker","Minty Spire (QoL Compilation)","Relic Stats","StSLib","SuperFastMode"],"gold_per_floor":[113,129,129,129,34,34,65,65,89,89,113,113,131,42,42,42,42],"floor_reached":16,"language":"JPN","playtime":373,"items_purged":[],"score":211,"play_id":"c1f130e8-8222-431e-ba7c-1c787aaa973b","local_time":"20210222223433","is_ascension_mode":true,"campfire_choices":[{"data":"Static Discharge","floor":6.0,"key":"SMITH"},{"data":"Ball Lightning","floor":8.0,"key":"SMITH"},{"data":"Dualcast","floor":10.0,"key":"SMITH"},{"data":"Consume","floor":15,"key":"SMITH"}],"circlet_count":0,"master_deck":["AscendersBane","Strike_B","Strike_B","Strike_B","Defend_B","Defend_B","Defend_B","Defend_B","Zap+1","Dualcast+1","Static Discharge+1","Gash","Capacitor","Ball Lightning+1","Coolheaded","Consume+1","Hologram","Loop"],"relics":["Cracked Core","Golden Idol","Calipers","Boot"],"acts_visited":["Exordium"],"potions_floor_usage":[12,16],"damage_taken":[{"damage":4.0,"enemies":"Jaw Worm","floor":1.0,"turns":4.0},{"damage":3.0,"enemies":"Small Slimes","floor":2.0,"turns":3.0},{"damage":30.0,"enemies":"3 Sentries","floor":7.0,"turns":5.0},{"damage":0.0,"enemies":"2 Louse","floor":11.0,"turns":2.0},{"damage":0,"enemies":"Gremlin Nob","floor":12,"turns":1},{"damage":14,"enemies":"Exordium Wildlife","floor":13,"turns":4},{"damage":13,"enemies":"Slime Boss","floor":16,"turns":4}],"seed_played":"6483876442544645958","potions_obtained":[{"floor":1.0,"key":"SmokeBomb"},{"floor":7.0,"key":"SkillPotion"},{"floor":13,"key":"BlessingOfTheForge"}],"is_trial":false,"path_per_floor":["M","M","?","?","$","R","E","R","T","R","M","E","M","$","R","B"],"character_chosen":"DEFECT","items_purchased":["Capacitor","Ball Lightning","Loop"],"campfire_rested":0,"item_purchase_floors":[5,5,14],"current_hp_per_floor":[60,57,57,57,57,57,27,27,27,27,27,27,13,13,13,0,0],"gold":42,"neow_bonus":"UPGRADE_CARD","is_daily":false,"chose_seed":false,"campfire_upgraded":4,"win_rate":0.0,"timestamp":1614000873,"path_taken":["M","M","?","?","?","R","E","R","T","R","M","E","M","$","R","BOSS"],"items_purchased_type":["Card","Card","Card"],"build_version":"2020-12-22","purchased_purges":0,"victory":false,"max_hp_per_floor":[71,71,71,64,64,64,64,64,64,64,64,64,64,64,64,64,64],"relic_stats":{"counters":[7,23],"Golden Idol":22,"Boot":[4],"obtain_stats":[{"Calipers":7,"Golden Idol":4,"Cracked Core":0,"Boot":9},{"Calipers":3,"Golden Idol":2,"Cracked Core":0,"Boot":3},{"Calipers":12,"Golden Idol":7,"Cracked Core":0,"Boot":12}]},"card_choices":[{"not_picked":["Stack","Undo"],"picked":"Static Discharge","floor":1.0},{"not_picked":["Go for the Eyes","Steam"],"picked":"Gash","floor":2.0},{"not_picked":["Hyperbeam","Beam Cell"],"picked":"Coolheaded","floor":7.0},{"not_picked":["Double Energy","Glacier"],"picked":"Consume","floor":11.0},{"not_picked":["Steam","Double Energy"],"picked":"Hologram","floor":13}],"player_experience":841880,"relics_obtained":[{"floor":7.0,"key":"Calipers"},{"floor":9.0,"key":"Boot"}],"event_choices":[{"cards_removed":["Strike_B"],"damage_healed":0.0,"max_hp_gain":0.0,"max_hp_loss":0.0,"gold_gain":0.0,"event_name":"Living Wall","player_choice":"Forget","floor":3.0,"gold_loss":0.0,"damage_taken":0.0},{"damage_healed":0.0,"max_hp_gain":0.0,"max_hp_loss":7.0,"gold_gain":0.0,"event_name":"Golden Idol","player_choice":"Lose Max HP","floor":4.0,"gold_loss":0.0,"damage_taken":0.0,"relics_obtained":["Golden Idol"]}],"is_beta":false,"boss_relics":[],"items_purged_floors":[],"is_endless":false,"potions_floor_spawned":[1,7,13],"killed_by":"Slime Boss","ascension_level":19}}