{"host":"fuszjwm6fqgjjp4d","time":1614030533,"event":{"mods":["BaseMod","Colored Map","Minty Spire (QoL Compilation)","Permanent Neow","Relic Sorter","Relic Stats","StSLib"],"gold_per_floor":[18,37,56,72,72,72,72,72,72,72,112,130,130,163,163,258,258,274,254,278,292,310,310,326,365,365,385,385,385,385],"floor_reached":29,"language":"ENG","playtime":889,"items_purged":[],"score":614,"play_id":"ba5074f8-a5b7-4fb0-a6f1-2f7b3008f398","local_time":"20210222154853","is_ascension_mode":true,"campfire_choices":[{"data":"Feed","floor":6,"key":"SMITH"},{"data":"Carnage","floor":8,"key":"SMITH"},{"data":"Flame Barrier","floor":10,"key":"SMITH"},{"data":"Bash","floor":15,"key":"SMITH"},{"data":"Battle Trance","floor":23,"key":"SMITH"},{"data":"Bludgeon","floor":28,"key":"SMITH"}],"circlet_count":0,"master_deck":["AscendersBane","Bash+1","Limit Break","Carnage+1","Feed+1","Flame Barrier+1","Shockwave","Cleave","Headbutt","Reaper","Immolate","Evolve+1","Ghostly Armor","Dark Embrace+1","Uppercut","Bludgeon+1","Clothesline","Second Wind","Wild Strike","Battle Trance","Battle Trance+1","Reaper","Corruption+1"],"relics":["Burning Blood","Golden Idol","Frozen Egg 2","Gremlin Horn","Mercury Hourglass","Pandora\u0027s Box","Ornamental Fan","Question Card"],"acts_visited":["Exordium","TheCity"],"potions_floor_usage":[4,16,18,29,29],"damage_taken":[{"damage":12,"enemies":"Cultist","floor":1,"turns":4},{"damage":8,"enemies":"2 Louse","floor":2,"turns":3},{"damage":4,"enemies":"Small Slimes","floor":3,"turns":3},{"damage":5,"enemies":"Looter","floor":4,"turns":2},{"damage":20,"enemies":"Lagavulin","floor":11,"turns":7},{"damage":4,"enemies":"3 Louse","floor":12,"turns":5},{"damage":6,"enemies":"Gremlin Nob","floor":14,"turns":3},{"damage":21,"enemies":"Slime Boss","floor":16,"turns":9},{"damage":6,"enemies":"2 Thieves","floor":18,"turns":2},{"damage":9,"enemies":"Chosen","floor":20,"turns":3},{"damage":7,"enemies":"Snecko","floor":21,"turns":3},{"damage":10,"enemies":"Snake Plant","floor":22,"turns":4},{"damage":18,"enemies":"Chosen and Byrds","floor":24,"turns":4},{"damage":0,"enemies":"Gremlin Leader","floor":25,"turns":5},{"damage":61,"enemies":"Centurion and Healer","floor":27,"turns":12},{"damage":62,"enemies":"Book of Stabbing","floor":29,"turns":4}],"seed_played":"-4328155698703430046","potions_obtained":[{"floor":1,"key":"HeartOfIron"},{"floor":3,"key":"SneckoOil"},{"floor":11,"key":"SkillPotion"},{"floor":16,"key":"Ancient Potion"},{"floor":18,"key":"EssenceOfSteel"},{"floor":19,"key":"Strength Potion"}],"is_trial":false,"path_per_floor":["M","M","M","M","?","R","?","R","T","R","E","M","$","E","R","B",null,"M","?","M","M","M","R","M","E","T","M","R","E"],"character_chosen":"IRONCLAD","items_purchased":[],"campfire_rested":0,"item_purchase_floors":[],"current_hp_per_floor":[62,60,65,69,74,74,44,44,44,44,30,36,36,40,40,29,81,93,93,90,93,89,89,77,83,83,48,48,0,0],"gold":385,"neow_bonus":"THREE_RARE_CARDS","is_daily":false,"chose_seed":false,"campfire_upgraded":6,"win_rate":0.0,"timestamp":1614030533,"path_taken":["M","?","M","M","?","R","?","R","T","R","E","M","$","E","R","BOSS","M","?","M","M","?","R","?","E","T","?","R","E"],"items_purchased_type":[],"build_version":"2020-12-22","purchased_purges":0,"victory":false,"max_hp_per_floor":[75,75,78,81,86,86,86,86,86,86,86,90,90,94,94,98,98,102,102,102,106,106,106,106,106,106,110,110,110,110],"relic_stats":{"Gremlin Horn":[11,13],"counters":[16,73],"Golden Idol":68,"Ornamental Fan":[4],"Pandora\u0027s Box":["Immolate","Evolve","Ghostly Armor","Dark Embrace","Uppercut","Bludgeon","Clothesline","Second Wind","Wild Strike"],"Question Card":1,"obtain_stats":[{"Gremlin Horn":11,"Golden Idol":7,"Ornamental Fan":25,"Pandora\u0027s Box":17,"Frozen Egg 2":9,"Question Card":26,"Burning Blood":0,"Mercury Hourglass":14},{"Gremlin Horn":5,"Golden Idol":4,"Ornamental Fan":14,"Pandora\u0027s Box":8,"Frozen Egg 2":4,"Question Card":14,"Burning Blood":0,"Mercury Hourglass":7},{"Gremlin Horn":19,"Golden Idol":12,"Ornamental Fan":57,"Pandora\u0027s Box":36,"Frozen Egg 2":12,"Question Card":57,"Burning Blood":0,"Mercury Hourglass":27}],"Burning Blood":90,"Mercury Hourglass":[192]},"card_choices":[{"not_picked":["Barricade","Brutality"],"picked":"Limit Break","floor":0},{"not_picked":["Body Slam","Anger"],"picked":"Carnage","floor":1},{"not_picked":["Combust","Warcry"],"picked":"Feed","floor":2},{"not_picked":["Armaments","Power Through"],"picked":"Flame Barrier","floor":3},{"not_picked":["Metallicize","Shrug It Off"],"picked":"Shockwave","floor":4},{"not_picked":["Twin Strike","Body Slam","Sentinel"],"picked":"SKIP","floor":11},{"not_picked":["Clash","Perfected Strike"],"picked":"Cleave","floor":12},{"not_picked":["Sentinel","Body Slam"],"picked":"Headbutt","floor":14},{"not_picked":["Barricade+1","Double Tap"],"picked":"Reaper","floor":16},{"not_picked":["Twin Strike","Clash","True Grit"],"picked":"SKIP","floor":18},{"not_picked":["Body Slam","Clash"],"picked":"Battle Trance","floor":20},{"not_picked":["Clothesline","Havoc","Flex"],"picked":"SKIP","floor":21},{"not_picked":["Clothesline+1","Flex+1"],"picked":"Battle Trance","floor":22},{"not_picked":["Metallicize+1","Twin Strike","Warcry"],"picked":"SKIP","floor":24},{"not_picked":["Body Slam","Armaments"],"picked":"Reaper","floor":25},{"not_picked":["Pommel Strike","Cleave+1","Battle Trance"],"picked":"Corruption+1","floor":27}],"player_experience":1517016,"relics_obtained":[{"floor":9,"key":"Frozen Egg 2"},{"floor":11,"key":"Gremlin Horn"},{"floor":14,"key":"Mercury Hourglass"},{"floor":25,"key":"Ornamental Fan"},{"floor":26,"key":"Question Card"}],"event_choices":[{"damage_healed":0,"gold_gain":0,"player_choice":"Donut","damage_taken":0,"max_hp_gain":5,"max_hp_loss":0,"event_name":"Big Fish","floor":5,"gold_loss":0},{"damage_healed":0,"gold_gain":0,"player_choice":"Take Damage","damage_taken":30,"relics_obtained":["Golden Idol"],"max_hp_gain":0,"max_hp_loss":0,"event_name":"Golden Idol","floor":7,"gold_loss":0},{"damage_healed":0,"gold_gain":0,"player_choice":"Bought 1 Potion","damage_taken":0,"max_hp_gain":0,"max_hp_loss":0,"event_name":"The Woman in Blue","floor":19,"gold_loss":0}],"is_beta":false,"boss_relics":[{"not_picked":["Runic Pyramid","Astrolabe"],"picked":"Pandora\u0027s Box"}],"items_purged_floors":[],"is_endless":false,"potions_floor_spawned":[1,3,11,16,18,22,27],"killed_by":"Book of Stabbing","ascension_level":20}}