{"host":"mljkxr5b6an9e5iz","time":1614021032,"event":{"mods":["AchievementEnabler","Aspiration","BaseMod","Colored Map","Conspire","Downfall","Hubris","Minty Spire (QoL Compilation)","Permanent Neow","Reliquary","Replay The Spire","StSLib"],"gold_per_floor":[99,114,114,131,144,170,170,184,184,184,200,200,227,64,80,176,176,176,191,191,201,219,219,219,235,262,262,9,26,53,53,53,53,53],"floor_reached":32,"language":"ENG","playtime":5847,"items_purged":["Slimebound:Strike_Slimebound"],"score":292,"play_id":"65c2ac9f-d4ef-4b32-8e0b-6bc515187875","local_time":"20210222201032","is_ascension_mode":false,"campfire_choices":[{"data":"Slimebound:Tackle","floor":1,"key":"SMITH"},{"data":"Slimebound:Split","floor":10,"key":"SMITH"},{"data":"Slimebound:Teamwork","floor":18,"key":"SMITH"},{"floor":27,"key":"REST"}],"circlet_count":0,"master_deck":["Slimebound:Strike_Slimebound","Slimebound:Strike_Slimebound","Slimebound:Defend_Slimebound","Slimebound:Defend_Slimebound","Slimebound:Defend_Slimebound","Slimebound:Split+1","Slimebound:CorrosiveSpit","Slimebound:SlimeSpikes","Slimebound:MassRepurpose","Slimebound:SplitLeeching+1","Slimebound:SplitMire","Slimebound:Teamwork+1","hubris:DuctTapeCard","Slimebound:SlimeBrawl","Slimebound:LeechLife+1","Slimebound:RainOfGoop+1","Slimebound:OozeBath","Slimebound:SamplingLick+1","hubris:NaturalOne","Slimebound:LevelUp","Slimebound:Equalize","expansioncontent:DashGenerateEvil"],"relics":["Boot","aspiration:DSix","m_BurningSludge","hubris:DuctTape","Replay:Bronze Core","hubris:Icosahedron","ReplayTheSpireMod:TigerMarble","reliquary:Buckler","Ancient Tea Set","Shuriken"],"acts_visited":["Exordium","TheCity"],"potions_floor_usage":[6,16,16,16,22,26,26,30],"damage_taken":[{"damage":0,"enemies":"Small Slimes","floor":2,"turns":3},{"damage":6,"enemies":"Cultist","floor":4,"turns":3},{"damage":0,"enemies":"Jaw Worm","floor":5,"turns":3},{"damage":12,"enemies":"Gremlin Nob","floor":6,"turns":4},{"damage":0,"enemies":"3 Louse","floor":8,"turns":4},{"damage":7,"enemies":"downfall:LooterAlt","floor":11,"turns":2},{"damage":9,"enemies":"Lagavulin","floor":13,"turns":8},{"damage":3,"enemies":"downfall:FleeingMerchant","floor":14,"turns":4},{"damage":4,"enemies":"Exordium Wildlife","floor":15,"turns":6},{"damage":44,"enemies":"WA_ARCHETYPE_RETAIN","floor":16,"turns":11},{"damage":7,"enemies":"Shell Parasite","floor":19,"turns":6},{"damage":9,"enemies":"Chosen","floor":21,"turns":5},{"damage":10,"enemies":"Centurion and Healer","floor":22,"turns":4},{"damage":29,"enemies":"Shelled Parasite and Fungi","floor":25,"turns":5},{"damage":54,"enemies":"Book of Stabbing","floor":26,"turns":6},{"damage":0,"enemies":"downfall:FleeingMerchant","floor":28,"turns":5},{"damage":4,"enemies":"Snecko","floor":29,"turns":6},{"damage":67,"enemies":"Gremlin Leader","floor":30,"turns":6},{"damage":18,"enemies":"Snake Plant","floor":32,"turns":2}],"seed_played":"-8623977094289527566","potions_obtained":[{"floor":0,"key":"hexamod:SoulburnPotion"},{"floor":0,"key":"bronze:BurnAndBuffPotion"},{"floor":0,"key":"AttackPotion"},{"floor":2,"key":"DuplicationPotion"},{"floor":5,"key":"Adrenaline Potion"},{"floor":8,"key":"Slimebound:SlimyTonguePotion"},{"floor":16,"key":"FearPotion"},{"floor":19,"key":"Block Potion"},{"floor":21,"key":"Fire Potion"},{"floor":25,"key":"Swift Potion"},{"floor":29,"key":"SteroidPotion"}],"is_trial":false,"path_per_floor":["R_BF","M","?","M","M","E","T","M","?","R","M","?","E","$","M","B",null,"R","M","?","M","M","T","T","M","E","R","$","M","E","?","M"],"character_chosen":"SLIMEBOUND","items_purchased":["Slimebound:LeechLife","Slimebound:RainOfGoop","expansioncontent:DashGenerateEvil"],"campfire_rested":1,"item_purchase_floors":[14,14,28],"current_hp_per_floor":[65,65,65,59,63,51,51,51,51,51,48,48,45,48,48,28,65,65,65,65,62,58,58,58,42,20,39,43,65,12,12,0,0,0],"gold":53,"neow_bonus":"THREE_SMALL_POTIONS","is_daily":false,"chose_seed":false,"campfire_upgraded":3,"win_rate":0.0,"timestamp":1614021032,"path_taken":["R_BF","M","?","?","M","E","T","M","?","R","M","?","E","$","M","BOSS","R","M","?","M","M","?","T","M","E","R","$","M","E","?","M"],"items_purchased_type":["Card","Card","Card"],"build_version":"2020-12-22","purchased_purges":1,"victory":false,"max_hp_per_floor":[65,65,65,65,65,65,65,65,65,65,65,65,65,65,65,65,65,65,65,65,65,65,65,65,65,65,65,65,65,65,65,65,65,65],"card_choices":[{"not_picked":["Slimebound:ComboTackle","Slimebound:SlimeBarrage"],"picked":"Slimebound:SlimeSpikes","floor":2},{"not_picked":["Slimebound:Repurpose","Slimebound:GoopTackle"],"picked":"Slimebound:SplitLeeching","floor":4},{"not_picked":["Slimebound:TongueLash","Slimebound:SamplingLick"],"picked":"Slimebound:GrowthPunch","floor":5},{"not_picked":["Slimebound:LeechingTouch","Slimebound:Dissolve"],"picked":"Slimebound:SplitMire","floor":6},{"not_picked":["Slimebound:GoopSpray","Slimebound:Dissolve"],"picked":"Slimebound:Teamwork","floor":8},{"not_picked":["Slimebound:DisruptingSlam","Rupture","Slimebound:SplitLeeching"],"picked":"SKIP","floor":11},{"not_picked":["Slimebound:Equalize","Slimebound:Nibble"],"picked":"Slimebound:SlimeBrawl","floor":13},{"not_picked":["Slimebound:SpikyOuterGoop","Twin Strike","Slimebound:FormOfPuddle"],"picked":"SKIP","floor":14},{"not_picked":["Slimebound:SlimeSpikes","Slimebound:PressTheAttack","Slimebound:GoopSpray"],"picked":"SKIP","floor":15},{"not_picked":["Slimebound:Teamwork","Slimebound:RallyTheTroops"],"picked":"Slimebound:OozeBath","floor":16},{"not_picked":["Slimebound:ViciousTackle","Slimebound:GoopSpray"],"picked":"Slimebound:SamplingLick+1","floor":19},{"not_picked":["Slimebound:GoopSpray","Slimebound:SplitLeeching","Slimebound:RollThrough"],"picked":"SKIP","floor":21},{"not_picked":["Slimebound:SlimeSpikes","Slimebound:DisruptingSlam","Slimebound:GoopSpray"],"picked":"SKIP","floor":22},{"not_picked":["Slimebound:Grow","Slimebound:Schlurp","Slimebound:RollThrough+1"],"picked":"SKIP","floor":25},{"not_picked":["Slimebound:Grow","Slimebound:SplitAcid"],"picked":"Slimebound:LevelUp","floor":26},{"not_picked":["Slimebound:SplitAcid","Slimebound:RallyTheTroops"],"picked":"Slimebound:Equalize","floor":28},{"not_picked":["Slimebound:Chomp","Slimebound:SplitMire","Slimebound:LeechingTouch"],"picked":"SKIP","floor":29},{"not_picked":["Slimebound:TongueLash","Slimebound:ComboTackle","Slimebound:SplitMire+1"],"picked":"SKIP","floor":30}],"player_experience":24088,"relics_obtained":[{"floor":6,"key":"Boot"},{"floor":7,"key":"aspiration:DSix"},{"floor":13,"key":"hubris:DuctTape"},{"floor":23,"key":"ReplayTheSpireMod:TigerMarble"},{"floor":24,"key":"reliquary:Buckler"},{"floor":26,"key":"Ancient Tea Set"},{"floor":30,"key":"Shuriken"}],"event_choices":[],"is_beta":false,"boss_relics":[{"not_picked":["conspire:SeveredTorchhead","aspiration:SecretTechniqueScroll"],"picked":"Replay:Bronze Core"}],"items_purged_floors":[28],"is_endless":false,"potions_floor_spawned":[2,5,8,13,16,19,21,25,29],"killed_by":"Snake Plant","ascension_level":0}}