{"host":"htqwg582tjjtn9p7","time":1614023948,"event":{"mods":["2.2 Compatiblity","AchievementEnabler","Act Like it!","Aspiration","BaseMod","Better Third Choice","Colored Map","Conspire","Curses Come First","Displayed Cursed Tome","Energized Spire","Force Act Four","Fox Events","GifTheSpireLib","Hermit","Highlight Path","JesterMod","Mad Scientist","Minty Spire (QoL Compilation)","Pale of the Ancients","Permanent Neow","Random Character Button","Relic Stats","Reliquary","Replay The Spire","Robot Space Explorer","Ruina","Somnambulant","Spicy Shops","Spikes Relics","StSLib","Stuff the Spire","The Blue Laboratory","The Bug Knight","The Forsaken","The Gatherer","The Judge","The Jungle","The Marked","The Runesmith","The Servant 0.9.4","Uncapped"],"gold_per_floor":[117,47,47,59,78,112,37,37,83,83,98,98,124,124,124,222,222,237,251,262,162,179,179,204,204,204,204,204],"floor_reached":27,"language":"ENG","playtime":902,"items_purged":["RobotSpaceExplorer:Defend","RobotSpaceExplorer:Strike"],"score":374,"play_id":"de64e3b3-3694-4988-8639-0c932dc40598","local_time":"20210222205908","is_ascension_mode":true,"campfire_choices":[{"data":"RobotSpaceExplorer:StarLightning","floor":8,"key":"SMITH"},{"data":"RobotSpaceExplorer:PlasmaMissile","floor":10,"key":"SMITH"},{"data":"RobotSpaceExplorer:IronShell","floor":15,"key":"SMITH"},{"floor":23,"key":"REST"}],"circlet_count":0,"master_deck":["AscendersBane","RobotSpaceExplorer:Strike","RobotSpaceExplorer:Strike","RobotSpaceExplorer:Defend","RobotSpaceExplorer:Defend","RobotSpaceExplorer:Defend","RobotSpaceExplorer:Scan","RobotSpaceExplorer:MiniLasers","RobotSpaceExplorer:StarLightning+1","RobotSpaceExplorer:PlasmaMissile+1","RobotSpaceExplorer:IronShell+1","StuffTheSpire:Rapture","RobotSpaceExplorer:Comet","RobotSpaceExplorer:ScrapMissile+1","RobotSpaceExplorer:GearShield","RobotSpaceExplorer:ScrapMissile+1","RobotSpaceExplorer:ImprovisedAttack+1"],"relics":["Ring of Chaos","StuffTheSpire:Expresso","CrustySpines","reliquary:ThirdArm","Omamori","conspire:Boomerang"],"acts_visited":["Exordium","TheCity"],"potions_floor_usage":[6,13,24],"damage_taken":[{"damage":9,"enemies":"Small Slimes","floor":1,"turns":4},{"damage":0,"enemies":"Jaw Worm","floor":4,"turns":3},{"damage":0,"enemies":"2 Louse","floor":5,"turns":4},{"damage":8,"enemies":"3 Sentries","floor":6,"turns":4},{"damage":0,"enemies":"Looter","floor":11,"turns":2},{"damage":9,"enemies":"Gremlin Nob","floor":13,"turns":4},{"damage":33,"enemies":"Hexaghost","floor":16,"turns":9},{"damage":18,"enemies":"3 Byrds","floor":18,"turns":3},{"damage":14,"enemies":"2 Thieves","floor":19,"turns":3},{"damage":8,"enemies":"Snecko","floor":20,"turns":4},{"damage":12,"enemies":"Centurion and Healer","floor":22,"turns":5},{"damage":17,"enemies":"Slavers","floor":24,"turns":4},{"damage":12,"enemies":"Shelled Parasite and Fungi","floor":27,"turns":4}],"seed_played":"3395953539172387659","potions_obtained":[{"floor":1,"key":"blueLaboratory:NullPotion"},{"floor":4,"key":"Swift Potion"},{"floor":20,"key":"blueLaboratory:SavagePotion"},{"floor":22,"key":"SteroidPotion"}],"is_trial":false,"path_per_floor":["M","$","?","M","M","E","$","R","T","R","M","?","E","?","R","B",null,"M","M","M","$","M","R","E","?","T","M"],"character_chosen":"RobotSpaceExplorer","items_purchased":["RobotSpaceExplorer:PlasmaMissile"],"campfire_rested":1,"item_purchase_floors":[2],"current_hp_per_floor":[59,59,59,59,59,51,51,51,51,51,51,51,42,42,42,9,59,41,27,19,19,7,29,12,12,12,0,0],"gold":204,"neow_bonus":"BOSS_RELIC","is_daily":false,"chose_seed":false,"campfire_upgraded":3,"win_rate":0.0,"timestamp":1614023948,"path_taken":["M","$","?","M","M","E","?","R","T","R","M","?","E","?","R","BOSS","M","M","M","$","M","R","E","?","T","M"],"items_purchased_type":["Card"],"build_version":"2020-12-22","purchased_purges":2,"victory":false,"max_hp_per_floor":[75,75,75,75,75,75,75,75,75,75,75,75,75,75,75,75,75,75,75,75,75,75,75,75,75,75,75,75],"relic_stats":{"counters":[13,53],"obtain_stats":[{"StuffTheSpire:Expresso":6,"RobotSpaceExplorer:RoboCore":0,"Ring of Chaos":0,"Omamori":24,"conspire:Boomerang":26,"Replay:Mystery Machine":9,"reliquary:ThirdArm":17,"CrustySpines":13},{"StuffTheSpire:Expresso":4,"RobotSpaceExplorer:RoboCore":0,"Ring of Chaos":0,"Omamori":12,"conspire:Boomerang":12,"Replay:Mystery Machine":4,"reliquary:ThirdArm":7,"CrustySpines":6},{"StuffTheSpire:Expresso":15,"RobotSpaceExplorer:RoboCore":0,"Ring of Chaos":0,"Omamori":49,"conspire:Boomerang":49,"Replay:Mystery Machine":15,"reliquary:ThirdArm":30,"CrustySpines":21}]},"card_choices":[{"not_picked":["RobotSpaceExplorer:PowerCollector","RobotSpaceExplorer:StunGrenade"],"picked":"RobotSpaceExplorer:StarLightning","floor":1},{"not_picked":["RobotSpaceExplorer:ScrapToss","RobotSpaceExplorer:SelfCleaning","RobotSpaceExplorer:ImprovisedAttack"],"picked":"SKIP","floor":4},{"not_picked":["RobotSpaceExplorer:ToxicBomb","RobotSpaceExplorer:Counterblock","RobotSpaceExplorer:Electroshield"],"picked":"SKIP","floor":5},{"not_picked":["RobotSpaceExplorer:LaserBurst","RobotSpaceExplorer:ShovelStrike"],"picked":"RobotSpaceExplorer:IronShell","floor":6},{"not_picked":["RobotSpaceExplorer:FranticSearch","RobotSpaceExplorer:DualCore","RobotSpaceExplorer:FrostMissile"],"picked":"SKIP","floor":11},{"not_picked":["StuffTheSpire:CelestialWarden","StuffTheSpire:Vigor"],"picked":"StuffTheSpire:Rapture","floor":12},{"not_picked":["RobotSpaceExplorer:ShockKick","RobotSpaceExplorer:SwiftStep","RobotSpaceExplorer:SlimeMissile"],"picked":"SKIP","floor":13},{"not_picked":["RobotSpaceExplorer:Autoloader","RobotSpaceExplorer:DroneSwarm"],"picked":"RobotSpaceExplorer:Comet","floor":16},{"not_picked":["RobotSpaceExplorer:PlasmaMissile","RobotSpaceExplorer:StunGrenade"],"picked":"RobotSpaceExplorer:ScrapMissile+1","floor":18},{"not_picked":["RobotSpaceExplorer:SwiftStep","RobotSpaceExplorer:Electropulse"],"picked":"RobotSpaceExplorer:GearShield","floor":19},{"not_picked":["RobotSpaceExplorer:ShockKick","RobotSpaceExplorer:GlueShot"],"picked":"RobotSpaceExplorer:ScrapMissile+1","floor":20},{"not_picked":["RobotSpaceExplorer:MiniBoosters+1","RobotSpaceExplorer:Pulsar"],"picked":"RobotSpaceExplorer:ImprovisedAttack+1","floor":22},{"not_picked":["RobotSpaceExplorer:SwiftStep+1","RobotSpaceExplorer:ShockKick","RobotSpaceExplorer:ScrapToss"],"picked":"SKIP","floor":24}],"player_experience":2069182,"relics_obtained":[{"floor":6,"key":"StuffTheSpire:Expresso"},{"floor":9,"key":"Replay:Mystery Machine"},{"floor":13,"key":"CrustySpines"},{"floor":24,"key":"Omamori"},{"floor":26,"key":"conspire:Boomerang"}],"event_choices":[{"cards_removed":["RobotSpaceExplorer:Strike"],"damage_healed":0,"gold_gain":0,"player_choice":"Offered Basic","damage_taken":0,"max_hp_gain":0,"max_hp_loss":0,"event_name":"Bonfire Elementals","floor":3,"gold_loss":0}],"is_beta":false,"boss_relics":[{"not_picked":["Replay:Ancient Bell","conspire:RunicOctahedron"],"picked":"reliquary:ThirdArm"}],"items_purged_floors":[7,21],"is_endless":false,"potions_floor_spawned":[1,4,20,22],"killed_by":"Shelled Parasite and Fungi","ascension_level":11}}