{"host":"7j96kgp47d19w6vo","time":1614001882,"event":{"mods":["BaseMod","BetterRewards","Custom Start","Friendly Minions","Gold Saver","Minty Spire (QoL Compilation)","Remove Card Discount Mod","StSLib","UnlockEverythingMod"],"gold_per_floor":[1089,1101,1124,1199,1211,1281,1293,1394,1455,1467,1619,1712,1724,1804,1816,2033,2045,2124,2136,2262,2310,2322,2334,2437,2449,2532,2544,2556,2568,2580,2730,2742,2944,2956,3041,3160,3278,3362,3420,3432,3562,3682,3721,3850,3862,3952,3960,3960,3960,4110],"floor_reached":51,"language":"JPN","playtime":5027,"items_purged":["Pain","Writhe"],"score":1289,"play_id":"15b59a5e-6a1a-40dc-a02c-51ac271312e2","local_time":"20210222225122","is_ascension_mode":false,"campfire_choices":[{"data":"Apotheosis","floor":7,"key":"SMITH"},{"data":"Tools of the Trade","floor":13,"key":"SMITH"},{"data":"Adrenaline","floor":15,"key":"SMITH"},{"data":"LiveForever","floor":23,"key":"SMITH"},{"data":"FameAndFortune","floor":25,"key":"SMITH"},{"floor":29,"key":"REST"},{"floor":32,"key":"REST"},{"floor":40,"key":"REST"},{"floor":49,"key":"REST"}],"circlet_count":0,"master_deck":["FameAndFortune","FameAndFortune","FameAndFortune+1","FameAndFortune","FameAndFortune","Enlightenment","Panacea","Panacea","Panacea","Bandage Up","Bandage Up","Forethought","LiveForever+1","Apotheosis+1","Tactician","Reflex","Adrenaline","Adrenaline+1","Envenom","After Image","Tools of the Trade+1","Caltrops","Well Laid Plans","Noxious Fumes","Infinite Blades","Accuracy","Corpse Explosion","Bullet Time","Bullet Time","Footwork","Footwork","Setup","Setup","Cloak And Dagger","Cloak And Dagger","Outmaneuver","Outmaneuver","Backflip","Backflip","Backflip","Backflip","Backflip","Dodge and Roll","Dodge and Roll","Dodge and Roll","Dodge and Roll","Dodge and Roll","Dash","Dash","Heel Hook","Heel Hook","Heel Hook","Heel Hook","Heel Hook","Heel Hook","Heel Hook","Flying Knee","Flying Knee","Flying Knee","Flying Knee","Flying Knee","Neutralize","Neutralize","Demon Form","Metallicize","Barricade","Echo Form","Machine Learning","Self Repair","Self Repair","Turbo","Turbo","Hologram","Hologram","Conserve Battery","Conserve Battery","Conserve Battery","Conserve Battery","Conserve Battery","Zap","Scrape","Gash","Gash","Gash","Gash","Gash","Dodge and Roll","Infinite Blades","Slice","Outmaneuver","Quick Slash","Caltrops","Venomology","Crippling Poison","Noxious Fumes","Slice+1","Backflip+1","Footwork","Phantasmal Killer","Quick Slash","Backflip+1","Deadly Poison+1","Deadly Poison+1","Noxious Fumes+1","Footwork","Leg Sweep+1","Distraction+1","Tactician","Madness","Madness"],"relics":["Ring of the Snake","MealTicket","Oddly Smooth Stone","Ice Cream","Cracked Core","Strawberry","Orichalcum","Eternal Feather","Turnip","Snake Skull","SlaversCollar","Black Star","MawBank","Lee\u0027s Waffle","Blood Vial","Thread and Needle","Anchor","The Courier","Mummified Hand","Question Card","Bag of Preparation","Art of War","Bag of Marbles","WarpedTongs","Nunchaku","Vajra","SacredBark","Bottled Lightning","Bottled Flame","StrikeDummy","Toy Ornithopter","Black Star","Blue Candle","InkBottle","Potion Belt","Pocketwatch","PreservedInsect"],"acts_visited":["Exordium","TheCity","TheBeyond"],"potions_floor_usage":[33,37,37,50,50,50,50,50],"damage_taken":[{"damage":0,"enemies":"2 Louse","floor":1,"turns":3},{"damage":0,"enemies":"Small Slimes","floor":3,"turns":4},{"damage":0,"enemies":"Cultist","floor":4,"turns":5},{"damage":0,"enemies":"Lagavulin","floor":6,"turns":6},{"damage":0,"enemies":"Lots of Slimes","floor":8,"turns":4},{"damage":6,"enemies":"Exordium Thugs","floor":11,"turns":5},{"damage":0,"enemies":"Gremlin Nob","floor":12,"turns":4},{"damage":0,"enemies":"3 Louse","floor":14,"turns":2},{"damage":7,"enemies":"The Guardian","floor":16,"turns":8},{"damage":0,"enemies":"Spheric Guardian","floor":18,"turns":5},{"damage":3,"enemies":"3 Byrds","floor":20,"turns":6},{"damage":8,"enemies":"Shelled Parasite and Fungi","floor":21,"turns":6},{"damage":8,"enemies":"Gremlin Leader","floor":24,"turns":9},{"damage":0,"enemies":"Centurion and Healer","floor":31,"turns":5},{"damage":44,"enemies":"Automaton","floor":33,"turns":8},{"damage":0,"enemies":"Orb Walker","floor":35,"turns":3},{"damage":26,"enemies":"3 Darklings","floor":36,"turns":4},{"damage":7,"enemies":"Transient","floor":37,"turns":5},{"damage":6,"enemies":"Sphere and 2 Shapes","floor":38,"turns":5},{"damage":0,"enemies":"4 Shapes","floor":39,"turns":5},{"damage":3,"enemies":"Nemesis","floor":41,"turns":7},{"damage":0,"enemies":"Writhing Mass","floor":42,"turns":5},{"damage":1,"enemies":"Giant Head","floor":44,"turns":7},{"damage":7,"enemies":"Transient","floor":46,"turns":5},{"damage":0,"enemies":"Donu and Deca","floor":50,"turns":6}],"seed_played":"2033709193717108059","potions_obtained":[{"floor":6,"key":"PowerPotion"},{"floor":11,"key":"Dexterity Potion"},{"floor":18,"key":"Strength Potion"},{"floor":35,"key":"Energy Potion"},{"floor":38,"key":"FairyPotion"}],"is_trial":true,"path_per_floor":["M","?","M","M","?","E","R","M","T","?","M","E","R","M","R","B",null,"M","$","M","M","$","R","E","R","T","?","$","R","$","M","R","B",null,"M","M","M","M","M","R","E","M","T","E","$","M","$","?","R","B",null],"character_chosen":"THE_SILENT","items_purchased":[],"campfire_rested":4,"item_purchase_floors":[],"current_hp_per_floor":[84,84,84,84,77,84,84,84,84,84,84,84,84,84,84,84,84,84,84,84,83,84,84,76,84,84,84,84,84,84,84,84,56,84,84,68,84,84,84,84,84,84,84,84,84,84,84,73,84,84],"gold":4110,"neow_bonus":"","is_daily":false,"chose_seed":false,"campfire_upgraded":5,"win_rate":0.0,"timestamp":1614001882,"path_taken":["M","?","M","M","?","E","R","M","T","?","?","E","R","M","R","BOSS","M","?","M","M","?","R","E","R","T","?","?","R","$","M","R","BOSS","M","M","M","M","M","R","E","M","T","E","$","M","$","?","R","BOSS"],"items_purchased_type":[],"build_version":"2020-12-22","purchased_purges":2,"victory":true,"max_hp_per_floor":[84,84,84,84,84,84,84,84,84,84,84,84,84,84,84,84,84,84,84,84,84,84,84,84,84,84,84,84,84,84,84,84,84,84,84,84,84,84,84,84,84,84,84,84,84,84,84,84,84,84],"card_choices":[{"not_picked":["Acrobatics","Finisher"],"picked":"Dodge and Roll","floor":1},{"not_picked":["Setup","Flying Knee","Quick Slash"],"picked":"SKIP","floor":3},{"not_picked":["Dodge and Roll","Prepared","Dagger Throw"],"picked":"SKIP","floor":4},{"not_picked":["Bouncing Flask","Caltrops","Backflip"],"picked":"Infinite Blades","floor":6},{"not_picked":["Dagger Spray","Dagger Throw","Prepared"],"picked":"Slice","floor":8},{"not_picked":["Dagger Spray","Flying Knee","Dagger Throw"],"picked":"Outmaneuver","floor":11},{"not_picked":["Burst","Concentrate","Bane"],"picked":"Quick Slash","floor":12},{"not_picked":["Bane","Endless Agony","Prepared"],"picked":"Caltrops","floor":14},{"not_picked":["Night Terror","Corpse Explosion","Wraith Form v2"],"picked":"Venomology","floor":16},{"not_picked":["Outmaneuver","Concentrate+1","Deadly Poison+1"],"picked":"Crippling Poison","floor":18},{"not_picked":["Dagger Spray","Expertise","Predator"],"picked":"Noxious Fumes","floor":20},{"not_picked":["Sucker Punch","PiercingWail","Reflex"],"picked":"Slice+1","floor":21},{"not_picked":["Escape Plan","Venomology","Concentrate"],"picked":"Backflip+1","floor":24},{"not_picked":["PiercingWail","All Out Attack+1","Backstab"],"picked":"Footwork","floor":31},{"not_picked":["Doppelganger","Wraith Form v2","A Thousand Cuts"],"picked":"Phantasmal Killer","floor":33},{"not_picked":["Cloak And Dagger","Slice","Accuracy"],"picked":"Quick Slash","floor":35},{"not_picked":["Riddle With Holes","Dagger Spray","Bane"],"picked":"Backflip+1","floor":36},{"not_picked":["Backflip","Acrobatics","Dagger Throw"],"picked":"Deadly Poison+1","floor":37},{"not_picked":["Dagger Spray","Dagger Throw","Blade Dance+1"],"picked":"Deadly Poison+1","floor":38},{"not_picked":["Blur","Quick Slash+1","Flying Knee"],"picked":"Noxious Fumes+1","floor":39},{"not_picked":["Blade Dance","Corpse Explosion","Calculated Gamble+1"],"picked":"Footwork","floor":41},{"not_picked":["Reflex","Outmaneuver","Bane+1"],"picked":"Leg Sweep+1","floor":42},{"not_picked":["Well Laid Plans","Setup+1","Leg Sweep+1"],"picked":"Distraction+1","floor":44},{"not_picked":["Sucker Punch","PiercingWail+1","Dagger Throw+1"],"picked":"Tactician","floor":46}],"player_experience":890707,"relics_obtained":[{"floor":6,"key":"Bag of Preparation"},{"floor":6,"key":"Art of War"},{"floor":9,"key":"Bag of Marbles"},{"floor":12,"key":"Nunchaku"},{"floor":12,"key":"Vajra"},{"floor":24,"key":"Bottled Lightning"},{"floor":24,"key":"Bottled Flame"},{"floor":26,"key":"StrikeDummy"},{"floor":41,"key":"Blue Candle"},{"floor":41,"key":"InkBottle"},{"floor":43,"key":"Potion Belt"},{"floor":44,"key":"Pocketwatch"},{"floor":44,"key":"PreservedInsect"}],"event_choices":[{"damage_healed":0,"gold_gain":0,"player_choice":"Leave","damage_taken":0,"max_hp_gain":0,"max_hp_loss":0,"event_name":"The Cleric","floor":2,"gold_loss":0},{"damage_healed":0,"gold_gain":0,"player_choice":"Success","damage_taken":7,"relics_obtained":["Question Card"],"max_hp_gain":0,"max_hp_loss":0,"event_name":"Scrap Ooze","floor":5,"gold_loss":0},{"damage_healed":0,"gold_gain":0,"player_choice":"Rummage","damage_taken":0,"relics_obtained":["WarpedTongs"],"max_hp_gain":0,"max_hp_loss":0,"event_name":"Accursed Blacksmith","floor":10,"gold_loss":0,"cards_obtained":["Pain"]},{"damage_healed":0,"gold_gain":0,"player_choice":"Opened","damage_taken":0,"relics_obtained":["Toy Ornithopter"],"max_hp_gain":0,"max_hp_loss":0,"event_name":"The Mausoleum","floor":27,"gold_loss":0,"cards_obtained":["Writhe"]},{"damage_healed":0,"gold_gain":0,"player_choice":"Embrace Madness","damage_taken":11,"max_hp_gain":0,"max_hp_loss":0,"event_name":"Winding Halls","floor":48,"gold_loss":0,"cards_obtained":["Madness","Madness"]}],"is_beta":false,"boss_relics":[{"not_picked":["Runic Pyramid","Runic Dome"],"picked":"SacredBark"},{"not_picked":["Philosopher\u0027s Stone","Astrolabe"],"picked":"Black Star"}],"items_purged_floors":[47,47],"is_endless":false,"potions_floor_spawned":[6,8,11,18,33,35,38,39,42,46],"ascension_level":0}}