{"host":"z1zal7c5ufd23ok6","time":1614025964,"event":{"mods":["Act Like it!","Aspiration","Bard","BaseMod","Best Route Mod","Bestiary","Better Note","BetterRewards","Conspire","Downfall","Energized Spire","Gensokyo","Gremlin Mod","GungeonMod","Halation","Hallownest","Hermit","Hubris","Infinite Spire","Jorbs\u0027s Wanderer Trilogy","Lobotomy","Minty Spire (QoL Compilation)","Pale of the Ancients","Reliquary","Replay The Spire","Robot Space Explorer","Ruina","Shop Mod","Spicy Shops","Spikes Relics","Spire Arcade","StSLib","The Animator","The Bug Knight","The Clintock","The Cursed","The Disciple","The Exalted","The Forsaken","The Hierophant","The Judge","The Jungle","The Kombatant","The Poker Player","The Problem Sleuth","The Spell Scribe","Trackpad","Wandering Minibosses"],"gold_per_floor":[114,144,162,162,12,47,63,79,79,113,132,132,132,148,148,253,253,265,265,190,205,205,205,216,227,227,227,245,261,261,277,277,399,399,438,438,132,132,178,178,221,255,255,255,10,26,78,101,101,101,101],"floor_reached":52,"language":"ENG","playtime":2529,"items_purged":[],"score":994,"play_id":"043d0041-d5bc-452f-90f1-86bf19626dba","local_time":"20210222153244","is_ascension_mode":false,"campfire_choices":[{"data":"Body Slam","floor":12,"key":"SMITH"},{"floor":15,"key":"REST"},{"data":"Iron Wave","floor":23,"key":"SMITH"},{"floor":27,"key":"REST"},{"floor":32,"key":"REST"},{"floor":40,"key":"REST"},{"data":"Offering","floor":44,"key":"SMITH"},{"data":"conspire:Banana","floor":49,"key":"SMITH"}],"circlet_count":0,"master_deck":["Strike_R","Strike_R","Strike_R","Strike_R","Defend_R","Defend_R","Defend_R","Defend_R","Bash","conspire:Charge","Iron Wave+1","Body Slam+1","Dual Wield","Shrug It Off","Rage","Feed","Flame Barrier+1","Feel No Pain","Shrug It Off","Offering+1","Armaments","Seeing Red+1","Shrug It Off","Shrug It Off","Juggernaut","Whirlwind+1","conspire:Banana+1","Body Slam+1"],"relics":["Burning Blood","Snack Pack","King of Hearts","LugNut","hubris:64BitClover","halation:PinkSoulGem","reliquary:Ember","ReplayTheSpireMod:TigerMarble","trackpad:WritersBlock","Bromod:ArcaneMomentum","trackpad:BottledShadow","infinitespire:EvilPickle","halation:SmartPhone","Replay:Bottled Flurry","halation:EternalFortune","Replay:Kaleidoscope","DemoMod:MonsterBlood","Boot","Lee\u0027s Waffle","ReplayTheSpireMod:Spearhead"],"acts_visited":["Exordium","TheCity","TheBeyond"],"potions_floor_usage":[50,50],"damage_taken":[{"damage":2.0,"enemies":"Small Slimes","floor":1.0,"turns":3.0},{"damage":9.0,"enemies":"conspire:MimicChest","floor":2.0,"turns":4.0},{"damage":1.0,"enemies":"Cultist","floor":3.0,"turns":3.0},{"damage":30,"enemies":"HollowMod:MossKnight","floor":6,"turns":11},{"damage":0,"enemies":"2 Louse","floor":7,"turns":3},{"damage":4,"enemies":"2 Fungi Beasts","floor":8,"turns":4},{"damage":25,"enemies":"Lagavulin","floor":10,"turns":6},{"damage":0,"enemies":"Large Slime","floor":11,"turns":4},{"damage":11,"enemies":"Exordium Thugs","floor":14,"turns":5},{"damage":55,"enemies":"Slime Boss","floor":16,"turns":11},{"damage":0,"enemies":"Spheric Guardian","floor":18,"turns":3},{"damage":6,"enemies":"Shell Parasite","floor":21,"turns":3},{"damage":31,"enemies":"Sentry and Sphere","floor":24,"turns":5},{"damage":14,"enemies":"Snake Plant","floor":25,"turns":4},{"damage":27,"enemies":"Centurion and Healer","floor":28,"turns":6},{"damage":46,"enemies":"3 Cultists","floor":29,"turns":7},{"damage":12,"enemies":"Chosen and Byrds","floor":31,"turns":6},{"damage":53,"enemies":"Pondfish","floor":33,"turns":7},{"damage":18,"enemies":"3 Darklings","floor":35,"turns":4},{"damage":67,"enemies":"2 Orb Walkers","floor":39,"turns":4},{"damage":22,"enemies":"Giant Head","floor":41,"turns":5},{"damage":0,"enemies":"Orb Walker","floor":42,"turns":1},{"damage":41,"enemies":"Jaw Worm Horde","floor":46,"turns":4},{"damage":14,"enemies":"Transient","floor":48,"turns":5},{"damage":95,"enemies":"infinitespire:MassOfShapes","floor":50,"turns":10}],"seed_played":"-5335420055927031367","potions_obtained":[{"floor":2.0,"key":"Ancient Potion"},{"floor":7,"key":"Strength Potion"},{"floor":14,"key":"AttackPotion"},{"floor":21,"key":"Weak Potion"},{"floor":25,"key":"DemoMod:LeadSkinPotion"}],"is_trial":false,"path_per_floor":["M","?","M","$","$","E","M","M","T","E","M","R","?","M","R","B",null,"M","?","$","M","?","R","M","M","T","R","M","M","AVR","M","R","B",null,"M","?","$","?","?","R","E","M","T","R","$","M","?","M","R","B",null,null],"character_chosen":"IRONCLAD","items_purchased":["King of Hearts","trackpad:WritersBlock","Whirlwind+1","Replay:Bottled Flurry","Lee\u0027s Waffle","conspire:Banana"],"campfire_rested":4,"item_purchase_floors":[5,20,37,37,45,45],"current_hp_per_floor":[80,77,80,80,80,60,66,68,68,49,59,59,59,58,80,39,80,83,83,83,83,83,83,66,60,60,86,69,35,35,41,70,29,101,93,93,93,96,40,72,69,77,77,77,109,76,64,78,78,7,7],"gold":101,"neow_bonus":"TRANSFORM_CARD","is_daily":false,"chose_seed":false,"campfire_upgraded":4,"win_rate":0.0,"timestamp":1614025964,"path_taken":["M","?","?","?","$","E","M","M","T","E","M","R","?","M","R","BOSS","M","?","$","M","?","R","?","M","T","R","M","?","AVR","M","R","BOSS","M","?","$","?","?","R","E","M","T","R","$","?","?","M","R","BOSS"],"items_purchased_type":["Relic","Relic","Card","Relic","Relic","Card"],"build_version":"2020-12-22","purchased_purges":0,"victory":true,"max_hp_per_floor":[80,80,80,80,80,80,80,80,80,80,80,80,80,80,80,80,80,83,83,83,83,83,83,89,89,89,89,89,91,91,97,97,101,101,101,101,101,104,107,107,114,114,114,114,121,123,123,125,125,129,129],"card_choices":[{"not_picked":["Flex","True Grit"],"picked":"Iron Wave","floor":1.0},{"not_picked":["Heavy Blade","Flame Barrier"],"picked":"Body Slam","floor":3.0},{"not_picked":["Spot Weakness","Sentinel"],"picked":"Dual Wield","floor":6},{"not_picked":["Carnage","Reaper"],"picked":"Shrug It Off","floor":7},{"not_picked":["Flex","Twin Strike"],"picked":"Rage","floor":8},{"not_picked":["Corruption","Heavy Blade","Replay:Undeath\u0027s Touch"],"picked":"SKIP","floor":10},{"not_picked":["Headbutt","Perfected Strike","Clash"],"picked":"SKIP","floor":11},{"not_picked":["Clothesline","Heavy Blade","Abandon"],"picked":"SKIP","floor":14},{"not_picked":["Offering","conspire:HitWhereItHurts"],"picked":"Feed","floor":16},{"not_picked":["Perfected Strike+1","True Grit"],"picked":"Flame Barrier+1","floor":18},{"not_picked":["Replay:Undeath\u0027s Touch","Perfected Strike"],"picked":"Feel No Pain","floor":21},{"not_picked":["Iron Wave","Havoc"],"picked":"Armaments","floor":24},{"not_picked":["Run Through","Spot Weakness"],"picked":"Seeing Red+1","floor":25},{"not_picked":["Absolvement","Dark Embrace"],"picked":"Shrug It Off","floor":28},{"not_picked":["Perfected Strike","Replay:Many Hands","Massacre+1"],"picked":"SKIP","floor":29},{"not_picked":["Anger","Warcry+1"],"picked":"Shrug It Off","floor":31},{"not_picked":["Eclipse","DemoMod:Spice"],"picked":"Juggernaut","floor":33},{"not_picked":["Sword Boomerang+1","Anger+1","Headbutt+1"],"picked":"SKIP","floor":35},{"not_picked":["Flex+1","Blood for Blood","Carnage"],"picked":"SKIP","floor":41},{"not_picked":["Wild Strike+1","Iron Wave+1","Run Through+1"],"picked":"SKIP","floor":42},{"not_picked":["Dual Wield","Replay:Undeath\u0027s Touch","Blood for Blood"],"picked":"SKIP","floor":46},{"not_picked":["Pummel+1","Heavy Blade+1"],"picked":"Body Slam+1","floor":47},{"not_picked":["Pommel Strike+1","Infernal Blade","Clothesline"],"picked":"SKIP","floor":48}],"player_experience":292827,"relics_obtained":[{"floor":2.0,"key":"Snack Pack"},{"floor":6,"key":"LugNut"},{"floor":10,"key":"hubris:64BitClover"},{"floor":25,"key":"Bromod:ArcaneMomentum"},{"floor":26,"key":"trackpad:BottledShadow"},{"floor":39,"key":"Replay:Kaleidoscope"},{"floor":41,"key":"DemoMod:MonsterBlood"},{"floor":43,"key":"Boot"},{"floor":47,"key":"ReplayTheSpireMod:Spearhead"}],"event_choices":[{"damage_healed":0,"gold_gain":0,"player_choice":"Gave Potion","damage_taken":0,"relics_obtained":["ReplayTheSpireMod:TigerMarble"],"max_hp_gain":0,"max_hp_loss":0,"event_name":"WeMeetAgain","floor":19,"gold_loss":0},{"damage_healed":0,"gold_gain":0,"player_choice":"2 cards matched","damage_taken":0,"max_hp_gain":0,"max_hp_loss":0,"event_name":"Match and Keep!","floor":22,"gold_loss":0,"cards_obtained":["Shrug It Off","Offering"]},{"damage_healed":0,"gold_gain":0,"player_choice":"Ignored","damage_taken":0,"max_hp_gain":0,"max_hp_loss":0,"event_name":"Tomb of Lord Red Mask","floor":36,"gold_loss":0},{"damage_healed":0,"gold_gain":0,"player_choice":"Fight","damage_taken":0,"max_hp_gain":0,"max_hp_loss":0,"event_name":"Mysterious Sphere","floor":39,"gold_loss":0}],"is_beta":false,"boss_relics":[{"not_picked":["halation:HeavySnake","Electric Blood"],"picked":"reliquary:Ember"},{"not_picked":["theSleuth:MegatonKey","energizedSpire:EnergizedDie"],"picked":"halation:SmartPhone"}],"items_purged_floors":[],"is_endless":false,"potions_floor_spawned":[2,7,14,16,21,25,28,31,35,42,46],"ascension_level":0}}