{"host":"zsnmfqgcm92hlreo","time":1614034826,"event":{"mods":["AchievementEnabler","BaseMod","Bestiary","Block Reminder","Colored Map","Colored Powertips","Filter the Spire","Minty Spire (QoL Compilation)","Permanent Neow","Quick Restart","Relic Stats","StSLib","Weighted Paths"],"gold_per_floor":[111,123,123,133,151,183,194,229,229,229,246,263,538,563,563,641,641,657,582,582,600,600,629,629,629,629,646,74,100,117,143,143,217,217,235,1234,1252,1142,1157,1192,1192,1205,1205,1249,1267,1267,1300,558,558,558,558,558],"floor_reached":51,"language":"ENG","playtime":4016,"items_purged":["Strike_P+1"],"score":1828,"play_id":"f1da7b8f-c698-4274-9925-908c99ec2178","local_time":"20210222170026","is_ascension_mode":true,"campfire_choices":[{"data":"Ragnarok","floor":10.0,"key":"SMITH"},{"data":"Blasphemy","floor":15.0,"key":"SMITH"},{"data":"TalkToTheHand","floor":24.0,"key":"SMITH"},{"data":"TalkToTheHand","floor":32.0,"key":"SMITH"},{"data":"Normality","floor":41.0,"key":"PURGE"},{"floor":46.0,"key":"RECALL"},{"floor":49.0,"key":"REST"}],"circlet_count":0,"master_deck":["AscendersBane","Strike_P+1","Strike_P+1","Strike_P+1","Defend_P+1","Defend_P+1","Defend_P+1","Defend_P+1","Eruption","Vigilance","TalkToTheHand","FearNoEvil","ThirdEye","DeusExMachina","Ragnarok+1","TalkToTheHand+1","BowlingBash","MentalFortress","Blasphemy+1","DeusExMachina","WheelKick","Meditate","Conclude","Ragnarok","Vengeance","TalkToTheHand+1","Wish+1","TalkToTheHand","Meditate","Swivel","MentalFortress","MentalFortress","SandsOfTime"],"relics":["Snecko Eye","Dead Branch","Happy Flower","CaptainsWheel","Ornamental Fan","Calling Bell","Art of War","The Courier","WingedGreaves","Ancient Tea Set","TungstenRod","Peace Pipe","PreservedInsect","TeardropLocket","Akabeko","Calipers","VioletLotus","Boot","GoldenEye","Pen Nib","Damaru","Potion Belt"],"acts_visited":["Exordium","TheCity","TheBeyond"],"potions_floor_usage":[50,50],"damage_taken":[{"damage":0.0,"enemies":"2 Louse","floor":1.0,"turns":2.0},{"damage":0.0,"enemies":"Jaw Worm","floor":2.0,"turns":3.0},{"damage":0.0,"enemies":"Cultist","floor":4.0,"turns":2.0},{"damage":0.0,"enemies":"Blue Slaver","floor":5.0,"turns":2.0},{"damage":15.0,"enemies":"Lagavulin","floor":6.0,"turns":5.0},{"damage":1.0,"enemies":"Exordium Wildlife","floor":7.0,"turns":3.0},{"damage":3.0,"enemies":"3 Sentries","floor":8.0,"turns":4.0},{"damage":0.0,"enemies":"3 Louse","floor":11.0,"turns":2.0},{"damage":8.0,"enemies":"Large Slime","floor":12.0,"turns":3.0},{"damage":5.0,"enemies":"Gremlin Nob","floor":14.0,"turns":3.0},{"damage":5.0,"enemies":"Hexaghost","floor":16.0,"turns":6.0},{"damage":0.0,"enemies":"2 Thieves","floor":18.0,"turns":2.0},{"damage":6.0,"enemies":"Shell Parasite","floor":21.0,"turns":2.0},{"damage":4.0,"enemies":"Slavers","floor":23.0,"turns":4.0},{"damage":0.0,"enemies":"Snake Plant","floor":27.0,"turns":3.0},{"damage":5.0,"enemies":"Book of Stabbing","floor":29.0,"turns":2.0},{"damage":0.0,"enemies":"Centurion and Healer","floor":30.0,"turns":5.0},{"damage":0.0,"enemies":"Gremlin Leader","floor":31.0,"turns":2.0},{"damage":12.0,"enemies":"Champ","floor":33.0,"turns":6.0},{"damage":0.0,"enemies":"3 Darklings","floor":35.0,"turns":2.0},{"damage":0.0,"enemies":"Orb Walker","floor":37.0,"turns":1.0},{"damage":0.0,"enemies":"Transient","floor":39.0,"turns":6.0},{"damage":0.0,"enemies":"Nemesis","floor":40.0,"turns":5.0},{"damage":4.0,"enemies":"Writhing Mass","floor":42.0,"turns":2.0},{"damage":0.0,"enemies":"Maw","floor":44.0,"turns":4.0},{"damage":17.0,"enemies":"4 Shapes","floor":45.0,"turns":8.0},{"damage":0.0,"enemies":"Reptomancer","floor":47.0,"turns":3.0},{"damage":40,"enemies":"Awakened One","floor":50,"turns":19},{"damage":43,"enemies":"Donu and Deca","floor":51,"turns":2}],"seed_played":"-1102573528701828600","potions_obtained":[{"floor":1.0,"key":"GamblersBrew"},{"floor":2.0,"key":"PowerPotion"},{"floor":7.0,"key":"Regen Potion"},{"floor":8.0,"key":"DuplicationPotion"},{"floor":21.0,"key":"PowerPotion"},{"floor":29.0,"key":"Energy Potion"},{"floor":33.0,"key":"SpeedPotion"},{"floor":35.0,"key":"DistilledChaos"},{"floor":37.0,"key":"GamblersBrew"}],"is_trial":false,"path_per_floor":["M","M","?","M","M","E","M","E","T","R","M","M","?","E","R","B",null,"M","?","?","M","T","E","R","$","T","M","$","E","M","E","R","B",null,"M","?","M","?","M","E","R","M","T","M","M","R","E","$","R","B","B"],"character_chosen":"WATCHER","items_purchased":["PreservedInsect","Meditate","Conclude","Ragnarok","TeardropLocket","MentalFortress","MentalFortress","SandsOfTime","Pen Nib","Damaru","Potion Belt","Fruit Juice","LiquidBronze"],"campfire_rested":1,"item_purchase_floors":[28,28,28,28,28,48,48,48,48,48,48,48,48],"current_hp_per_floor":[61,61,61,61,61,46,45,42,42,42,42,34,34,38,38,33,59,59,59,59,53,53,49,49,49,49,49,49,44,44,44,44,32,59,59,59,59,59,59,59,59,55,55,55,38,38,38,43,64,24,0,0],"gold":558,"neow_bonus":"BOSS_RELIC","is_daily":false,"chose_seed":false,"campfire_upgraded":4,"win_rate":0.0,"timestamp":1614034826,"path_taken":["M","M","?","M","M","E","M","E","T","R","M","M","?","E","R","BOSS","M","?","?","M","?","E","R","$","T","M","$","E","?","E","R","BOSS","M","?","M","?","M","E","R","M","T","M","M","R","E","$","R","BOSS","BOSS"],"items_purchased_type":["Relic","Card","Card","Card","Relic","Card","Card","Card","Relic","Relic","Relic","Potion","Potion"],"build_version":"2020-12-22","purchased_purges":1,"victory":false,"max_hp_per_floor":[68,68,68,68,68,68,68,68,68,68,68,68,68,68,68,68,68,68,68,68,68,68,68,68,68,68,68,68,68,68,68,68,68,68,68,68,68,68,68,68,68,68,68,68,68,68,68,73,73,73,73,73],"relic_stats":{"Happy Flower":[30],"counters":[29,113],"Dead Branch":[183],"PreservedInsect":200,"Pen Nib":[5],"Boot":[18],"GoldenEye":[8],"Peace Pipe":1,"Ornamental Fan":[184],"Snecko Eye":[198,182,180,186],"VioletLotus":[17],"Art of War":[3],"obtain_stats":[{"Potion Belt":48,"Calipers":31,"Happy Flower":8,"Dead Branch":6,"Damaru":48,"The Courier":17,"PreservedInsect":28,"Pen Nib":48,"TeardropLocket":28,"Ancient Tea Set":22,"Boot":40,"GoldenEye":47,"Akabeko":29,"Calling Bell":17,"Peace Pipe":26,"CaptainsWheel":9,"Ornamental Fan":14,"Snecko Eye":0,"WingedGreaves":17,"VioletLotus":34,"Art of War":17,"PureWater":0,"TungstenRod":23},{"Potion Belt":27,"Calipers":18,"Happy Flower":7,"Dead Branch":5,"Damaru":27,"The Courier":11,"PreservedInsect":15,"Pen Nib":27,"TeardropLocket":15,"Ancient Tea Set":13,"Boot":23,"GoldenEye":27,"Akabeko":16,"Calling Bell":11,"Peace Pipe":14,"CaptainsWheel":7,"Ornamental Fan":10,"Snecko Eye":0,"WingedGreaves":11,"VioletLotus":19,"Art of War":11,"PureWater":0,"TungstenRod":14},{"Potion Belt":92,"Calipers":55,"Happy Flower":21,"Dead Branch":14,"Damaru":92,"The Courier":35,"PreservedInsect":46,"Pen Nib":92,"TeardropLocket":46,"Ancient Tea Set":39,"Boot":75,"GoldenEye":92,"Akabeko":48,"Calling Bell":35,"Peace Pipe":43,"CaptainsWheel":21,"Ornamental Fan":29,"Snecko Eye":0,"WingedGreaves":35,"VioletLotus":61,"Art of War":35,"PureWater":0,"TungstenRod":43}],"TungstenRod":17},"card_choices":[{"not_picked":["LikeWater","Consecrate"],"picked":"TalkToTheHand","floor":1.0},{"not_picked":["FollowUp","Prostrate"],"picked":"FearNoEvil","floor":2.0},{"not_picked":["EmptyBody","PathToVictory"],"picked":"ThirdEye","floor":4.0},{"not_picked":["FlurryOfBlows","ReachHeaven"],"picked":"DeusExMachina","floor":5.0},{"not_picked":["EmptyBody","CrushJoints"],"picked":"Ragnarok","floor":6.0},{"not_picked":["ReachHeaven","LikeWater"],"picked":"TalkToTheHand","floor":7.0},{"not_picked":["EmptyBody","Evaluate","Protect"],"picked":"SKIP","floor":8.0},{"not_picked":["EmptyFist","CutThroughFate"],"picked":"BowlingBash","floor":11.0},{"not_picked":["CutThroughFate","SashWhip"],"picked":"MentalFortress","floor":12.0},{"not_picked":["ThirdEye","EmptyFist"],"picked":"Blasphemy","floor":14.0},{"not_picked":["Alpha","ConjureBlade"],"picked":"DeusExMachina","floor":16.0},{"not_picked":["TalkToTheHand","BowlingBash"],"picked":"WheelKick","floor":18.0},{"not_picked":["DeceiveReality","ForeignInfluence","Weave+1"],"picked":"SKIP","floor":21.0},{"not_picked":["Prostrate","WreathOfFlame","FlyingSleeves+1"],"picked":"SKIP","floor":23.0},{"not_picked":["FlyingSleeves","CrushJoints","SashWhip+1"],"picked":"SKIP","floor":27.0},{"not_picked":["Evaluate","Meditate"],"picked":"Vengeance","floor":29.0},{"not_picked":["FlyingSleeves+1","ForeignInfluence+1"],"picked":"TalkToTheHand","floor":30.0},{"not_picked":["WreathOfFlame","EmptyFist","FollowUp"],"picked":"SKIP","floor":31.0},{"not_picked":["SpiritShield","Brilliance"],"picked":"Wish","floor":33.0},{"not_picked":["SignatureMove","Evaluate","Consecrate"],"picked":"SKIP","floor":35.0},{"not_picked":["SignatureMove","Evaluate","Consecrate"],"picked":"SKIP","floor":35.0},{"not_picked":["EmptyFist","ThirdEye"],"picked":"TalkToTheHand","floor":37.0},{"not_picked":["SashWhip","FearNoEvil","Conclude+1"],"picked":"SKIP","floor":39.0},{"not_picked":["Consecrate","Prostrate","Meditate"],"picked":"SKIP","floor":40.0},{"not_picked":["Meditate","BowlingBash","FlurryOfBlows+1"],"picked":"SKIP","floor":42.0},{"not_picked":["CrushJoints","Vengeance","Evaluate"],"picked":"SKIP","floor":44.0},{"not_picked":["ClearTheMind","FlyingSleeves"],"picked":"Meditate","floor":45.0},{"not_picked":["FlurryOfBlows","WindmillStrike"],"picked":"Swivel","floor":47.0}],"player_experience":1269891,"relics_obtained":[{"floor":6.0,"key":"Dead Branch"},{"floor":8.0,"key":"Happy Flower"},{"floor":9.0,"key":"CaptainsWheel"},{"floor":14.0,"key":"Ornamental Fan"},{"floor":17.0,"key":"Art of War"},{"floor":17.0,"key":"The Courier"},{"floor":17.0,"key":"WingedGreaves"},{"floor":22.0,"key":"Ancient Tea Set"},{"floor":23.0,"key":"TungstenRod"},{"floor":26.0,"key":"Peace Pipe"},{"floor":29.0,"key":"Akabeko"},{"floor":31.0,"key":"Calipers"},{"floor":40.0,"key":"Boot"},{"floor":47.0,"key":"GoldenEye"}],"event_choices":[{"damage_healed":0.0,"max_hp_gain":0.0,"max_hp_loss":0.0,"gold_gain":0.0,"event_name":"The Cleric","player_choice":"Leave","floor":3.0,"gold_loss":0.0,"damage_taken":0.0},{"damage_healed":0.0,"max_hp_gain":0.0,"max_hp_loss":0.0,"gold_gain":275.0,"event_name":"Golden Shrine","player_choice":"Desecrate","floor":13.0,"gold_loss":0.0,"damage_taken":0.0,"cards_obtained":["Regret"]},{"cards_removed":["Regret"],"damage_healed":0.0,"max_hp_gain":0.0,"max_hp_loss":0.0,"gold_gain":0.0,"event_name":"Beggar","player_choice":"Gave Gold","floor":19.0,"gold_loss":75.0,"damage_taken":0.0},{"damage_healed":0.0,"max_hp_gain":0.0,"max_hp_loss":0.0,"gold_gain":0.0,"event_name":"Back to Basics","player_choice":"Simplicity","floor":20.0,"gold_loss":0.0,"damage_taken":0.0,"cards_upgraded":["Strike_P","Strike_P","Strike_P","Strike_P","Defend_P","Defend_P","Defend_P","Defend_P"]},{"damage_healed":0.0,"max_hp_gain":0.0,"max_hp_loss":0.0,"gold_gain":999.0,"event_name":"MindBloom","player_choice":"Gold","floor":36.0,"gold_loss":0.0,"damage_taken":0.0,"cards_obtained":["Normality","Normality"]},{"cards_removed":["Normality"],"damage_healed":0.0,"max_hp_gain":0.0,"max_hp_loss":0.0,"gold_gain":0.0,"event_name":"Designer","player_choice":"Upgrade and Remove","floor":38.0,"gold_loss":110.0,"damage_taken":0.0,"cards_upgraded":["Wish"]}],"is_beta":false,"boss_relics":[{"not_picked":["Black Star","Tiny House"],"picked":"Calling Bell"},{"not_picked":["Philosopher\u0027s Stone","Sozu"],"picked":"VioletLotus"}],"items_purged_floors":[48],"is_endless":false,"potions_floor_spawned":[1,2,7,8,12,21,29,30,31,33,35,37,44],"killed_by":"Donu and Deca","ascension_level":20}}