{"host":"8rgpnls124hwjv5t","time":1614030158,"event":{"mods":["BaseMod","Colored Map","Colored Powertips","DeckTracker","Highlight Path","Minty Spire (QoL Compilation)","Permanent Neow","Quick Restart","Relic Stats","Shop Mod","StSLib"],"gold_per_floor":[118,135,149,164,214,214,244,244,298,20,20,51,8,8,8,86,86,97,115,128,178,178,178,178],"floor_reached":23,"language":"ENG","playtime":1784,"items_purged":[],"score":426,"play_id":"b368d7bb-2fea-4caa-96f3-8017940e1567","local_time":"20210222164238","is_ascension_mode":true,"campfire_choices":[{"data":"Fusion","floor":6,"key":"SMITH"},{"data":"Consume","floor":8,"key":"SMITH"},{"data":"Cold Snap","floor":11,"key":"SMITH"},{"floor":15,"key":"REST"}],"circlet_count":0,"master_deck":["AscendersBane","Zap","Dualcast","Force Field","Double Energy","Multi-Cast","Reinforced Body","Consume+1","Compile Driver","Undo","Machine Learning","Cold Snap","Fusion+1","Cold Snap+1","Force Field","Capacitor","Swift Strike","Static Discharge","Defragment+1","Core Surge","Conserve Battery+1"],"relics":["Pandora\u0027s Box","Pantograph","Juzu Bracelet","Membership Card","Akabeko","Smiling Mask","SacredBark"],"acts_visited":["Exordium","TheCity"],"potions_floor_usage":[7,16,18,23,23],"damage_taken":[{"damage":3,"enemies":"Cultist","floor":1,"turns":5},{"damage":1,"enemies":"Jaw Worm","floor":2,"turns":6},{"damage":0,"enemies":"Small Slimes","floor":3,"turns":4},{"damage":2,"enemies":"Red Slaver","floor":4,"turns":6},{"damage":10,"enemies":"3 Sentries","floor":7,"turns":4},{"damage":0,"enemies":"Lagavulin","floor":12,"turns":7},{"damage":16,"enemies":"Hexaghost","floor":16,"turns":15},{"damage":15,"enemies":"2 Thieves","floor":18,"turns":4},{"damage":8,"enemies":"Spheric Guardian","floor":19,"turns":6},{"damage":28,"enemies":"Snecko","floor":20,"turns":6},{"damage":16,"enemies":"Book of Stabbing","floor":23,"turns":6}],"seed_played":"-1893390422738100893","potions_obtained":[{"floor":1,"key":"SteroidPotion"},{"floor":4,"key":"PowerPotion"},{"floor":12,"key":"DistilledChaos"},{"floor":18,"key":"PowerPotion"},{"floor":20,"key":"LiquidBronze"}],"is_trial":false,"path_per_floor":["M","M","M","M","?","R","E","R","T","$","R","E","$","?","R","B",null,"M","M","M","?","?","E"],"character_chosen":"DEFECT","items_purchased":["Membership Card","Capacitor","Swift Potion","Swift Strike","Defragment"],"campfire_rested":1,"item_purchase_floors":[10,10,10,10,13],"current_hp_per_floor":[61,60,60,58,51,51,41,41,41,41,41,41,41,15,36,45,65,50,42,14,14,14,0,0],"gold":178,"neow_bonus":"BOSS_RELIC","is_daily":false,"chose_seed":false,"campfire_upgraded":3,"win_rate":0.0,"timestamp":1614030158,"path_taken":["M","M","M","M","?","R","E","R","T","$","R","E","$","?","R","BOSS","M","M","M","?","?","E"],"items_purchased_type":["Relic","Card","Potion","Card","Card"],"build_version":"2020-12-22","purchased_purges":0,"victory":false,"max_hp_per_floor":[71,71,71,71,71,71,71,71,71,71,71,71,71,71,71,71,71,71,71,71,71,71,71,71],"relic_stats":{"counters":[11,69],"Pantograph":25,"Pandora\u0027s Box":["Force Field","Double Energy","Multi-Cast","Reinforced Body","Consume","Compile Driver","Undo","Machine Learning"],"Juzu Bracelet":1,"Smiling Mask":0,"obtain_stats":[{"Pantograph":7,"SacredBark":17,"Pandora\u0027s Box":0,"Juzu Bracelet":9,"Membership Card":10,"Cracked Core":0,"Smiling Mask":14,"Akabeko":12},{"Pantograph":5,"SacredBark":7,"Pandora\u0027s Box":0,"Juzu Bracelet":5,"Membership Card":5,"Cracked Core":0,"Smiling Mask":6,"Akabeko":6},{"Pantograph":25,"SacredBark":47,"Pandora\u0027s Box":0,"Juzu Bracelet":25,"Membership Card":25,"Cracked Core":0,"Smiling Mask":32,"Akabeko":32}]},"card_choices":[{"not_picked":["Reinforced Body","Rebound"],"picked":"Cold Snap","floor":1},{"not_picked":["Redo","Leap"],"picked":"Fusion","floor":2},{"not_picked":["Genetic Algorithm","Leap","Beam Cell"],"picked":"SKIP","floor":3},{"not_picked":["Leap","Go for the Eyes"],"picked":"Cold Snap","floor":4},{"not_picked":["Reboot","Redo"],"picked":"Force Field","floor":7},{"not_picked":["Heatsinks","Aggregate"],"picked":"Static Discharge","floor":12},{"not_picked":["Seek","Reboot"],"picked":"Core Surge","floor":16},{"not_picked":["Sweeping Beam","Redo","Doom and Gloom"],"picked":"SKIP","floor":18},{"not_picked":["Cold Snap","Steam","Gash"],"picked":"SKIP","floor":19},{"not_picked":["Blizzard","Chaos"],"picked":"Conserve Battery+1","floor":20}],"player_experience":632754,"relics_obtained":[{"floor":7,"key":"Pantograph"},{"floor":9,"key":"Juzu Bracelet"},{"floor":12,"key":"Akabeko"}],"event_choices":[{"damage_healed":0,"gold_gain":50,"player_choice":"Touch","damage_taken":7,"max_hp_gain":0,"max_hp_loss":0,"event_name":"FaceTrader","floor":5,"gold_loss":0},{"damage_healed":0,"gold_gain":0,"player_choice":"Success","damage_taken":26,"relics_obtained":["Smiling Mask"],"max_hp_gain":0,"max_hp_loss":0,"event_name":"Scrap Ooze","floor":14,"gold_loss":0},{"damage_healed":0,"gold_gain":50,"player_choice":"Stole From Cult","damage_taken":0,"max_hp_gain":0,"max_hp_loss":0,"event_name":"Nest","floor":21,"gold_loss":0},{"damage_healed":0,"gold_gain":0,"player_choice":"Upgraded","damage_taken":0,"max_hp_gain":0,"max_hp_loss":0,"event_name":"Upgrade Shrine","floor":22,"gold_loss":0,"cards_upgraded":["Defragment"]}],"is_beta":false,"boss_relics":[{"not_picked":["Tiny House","SlaversCollar"],"picked":"SacredBark"}],"items_purged_floors":[],"is_endless":false,"potions_floor_spawned":[1,4,12,18,20],"killed_by":"Book of Stabbing","ascension_level":18}}