{"host":"93bjq340p293ukqy","time":1614026927,"event":{"mods":["BaseMod","Hermit","Minty Spire (QoL Compilation)","StSLib","The Cursed"],"gold_per_floor":[109,109,59,79,100,100,140,156,201,220,220,395,430,61,61,187,187,210,210,210,210,110,144,169,169,222,222,237,257,257,272,272,403,403,428,443,170,185,31,64,80,80,80,116,141,141,141,162,162,162],"floor_reached":51,"language":"ENG","playtime":2429,"items_purged":["Doubt","Writhe","Parasite"],"score":1002,"play_id":"ec442ff9-2724-439e-9f99-f49519fe1279","local_time":"20210222224847","is_ascension_mode":true,"campfire_choices":[{"data":"Barrage","floor":6,"key":"SMITH"},{"data":"Barrage","floor":11,"key":"SMITH"},{"floor":15,"key":"REST"},{"data":"Fusion","floor":25,"key":"SMITH"},{"floor":27,"key":"REST"},{"floor":30,"key":"REST"},{"floor":32,"key":"REST"},{"floor":42,"key":"REST"},{"floor":46,"key":"REST"},{"floor":49,"key":"REST"}],"circlet_count":0,"master_deck":["Strike_B","Strike_B","Strike_B","Defend_B","Defend_B","Defend_B","Defend_B","Zap","Dualcast","Glacier","Barrage+1","Streamline","Barrage+1","Hello World","Machine Learning","Echo Form","Streamline","Reprogram","Fusion+1","Coolheaded","Doom and Gloom+1","Core Surge","Beam Cell+1","Chaos+1","BootSequence+1","Injury","Echo Form"],"relics":["Cursed Key","Golden Idol","Pantograph","Anchor","Blood Vial","Runic Capacitor","Runic Pyramid","Turnip","Symbiotic Virus","Toy Ornithopter","Philosopher\u0027s Stone","Bronze Scales","Lee\u0027s Waffle","Happy Flower","Juzu Bracelet"],"acts_visited":["Exordium","TheCity","TheBeyond"],"potions_floor_usage":[13,13,23,33,41,41,50,50],"damage_taken":[{"damage":1,"enemies":"Jaw Worm","floor":1,"turns":4},{"damage":0,"enemies":"Small Slimes","floor":4,"turns":4},{"damage":3,"enemies":"2 Louse","floor":5,"turns":3},{"damage":7,"enemies":"Lagavulin","floor":7,"turns":8},{"damage":13,"enemies":"Blue Slaver","floor":8,"turns":2},{"damage":0,"enemies":"2 Fungi Beasts","floor":10,"turns":3},{"damage":4,"enemies":"Gremlin Nob","floor":13,"turns":4},{"damage":27,"enemies":"Hexaghost","floor":16,"turns":9},{"damage":0,"enemies":"Chosen","floor":18,"turns":5},{"damage":23,"enemies":"Gremlin Leader","floor":23,"turns":6},{"damage":7,"enemies":"2 Thieves","floor":24,"turns":3},{"damage":28,"enemies":"Shelled Parasite and Fungi","floor":28,"turns":4},{"damage":3,"enemies":"Snecko","floor":29,"turns":3},{"damage":7,"enemies":"Centurion and Healer","floor":31,"turns":5},{"damage":23,"enemies":"Collector","floor":33,"turns":6},{"damage":33,"enemies":"3 Shapes","floor":35,"turns":4},{"damage":5,"enemies":"Orb Walker","floor":36,"turns":2},{"damage":7,"enemies":"Maw","floor":38,"turns":6},{"damage":28,"enemies":"Reptomancer","floor":40,"turns":4},{"damage":10,"enemies":"Transient","floor":41,"turns":5},{"damage":29,"enemies":"Nemesis","floor":44,"turns":6},{"damage":0,"enemies":"4 Shapes","floor":45,"turns":5},{"damage":43,"enemies":"3 Darklings","floor":48,"turns":4},{"damage":56,"enemies":"Donu and Deca","floor":50,"turns":9}],"seed_played":"-668786642963067595","potions_obtained":[{"floor":4,"key":"Fire Potion"},{"floor":8,"key":"DistilledChaos"},{"floor":10,"key":"Explosive Potion"},{"floor":29,"key":"PowerPotion"},{"floor":38,"key":"Swift Potion"},{"floor":40,"key":"DistilledChaos"},{"floor":45,"key":"LiquidBronze"},{"floor":48,"key":"Swift Potion"}],"is_trial":false,"path_per_floor":["M","?","?","M","M","R","E","M","T","M","R","?","E","$","R","B",null,"M","?","?","?","$","E","M","R","T","R","M","M","R","M","R","B",null,"M","M","$","M","$","E","M","R","T","E","M","R","?","M","R","B",null],"character_chosen":"DEFECT","items_purchased":["Runic Capacitor","Machine Learning","Bronze Scales","Lee\u0027s Waffle"],"campfire_rested":7,"item_purchase_floors":[14,14,37,39],"current_hp_per_floor":[67,67,67,67,64,64,57,44,44,44,44,44,40,40,60,42,62,64,64,64,64,64,43,38,38,38,58,32,31,51,46,66,46,63,32,29,29,24,73,45,47,68,68,41,43,64,64,23,44,17],"gold":162,"neow_bonus":"BOSS_RELIC","is_daily":false,"chose_seed":false,"campfire_upgraded":3,"win_rate":0.0,"timestamp":1614026927,"path_taken":["M","?","?","M","M","R","E","M","T","M","R","?","E","$","R","BOSS","M","?","?","?","$","E","M","R","T","R","M","M","R","?","R","BOSS","M","M","$","M","$","E","?","R","T","E","M","R","?","M","R","BOSS"],"items_purchased_type":["Relic","Card","Relic","Relic"],"build_version":"2020-12-22","purchased_purges":3,"victory":true,"max_hp_per_floor":[75,69,69,69,69,69,69,69,69,69,69,69,69,69,69,69,69,69,69,69,69,69,69,69,69,69,69,69,69,69,69,69,69,69,69,69,66,66,73,73,73,73,73,73,73,73,73,73,73,73],"card_choices":[{"not_picked":["Steam","Coolheaded"],"picked":"Glacier","floor":1},{"not_picked":["Hologram","Rebound","Steam"],"picked":"SKIP","floor":4},{"not_picked":["Beam Cell","Turbo"],"picked":"Barrage","floor":5},{"not_picked":["White Noise","Double Energy"],"picked":"Streamline","floor":7},{"not_picked":["Sweeping Beam","Lockon"],"picked":"Barrage","floor":8},{"not_picked":["Coolheaded","Hologram"],"picked":"Hello World","floor":10},{"not_picked":["Leap","Redo","Beam Cell"],"picked":"SKIP","floor":13},{"not_picked":["Fission","Thunder Strike"],"picked":"Echo Form","floor":16},{"not_picked":["Sweeping Beam","Conserve Battery"],"picked":"Streamline","floor":18},{"not_picked":["Reinforced Body+1","Redo+1","Compile Driver"],"picked":"SKIP","floor":23},{"not_picked":["Self Repair","Reinforced Body+1"],"picked":"Fusion","floor":24},{"not_picked":["Coolheaded","Steam+1","Undo"],"picked":"SKIP","floor":28},{"not_picked":["Steam+1","Undo"],"picked":"Coolheaded","floor":28},{"not_picked":["Beam Cell","Double Energy"],"picked":"Doom and Gloom+1","floor":29},{"not_picked":["Rebound","Go for the Eyes","Compile Driver+1"],"picked":"SKIP","floor":31},{"not_picked":["Fission","Hyperbeam"],"picked":"Core Surge","floor":33},{"not_picked":["Doom and Gloom+1","Leap+1"],"picked":"Beam Cell+1","floor":35},{"not_picked":["Scrape","Undo+1","Rip and Tear+1"],"picked":"SKIP","floor":36},{"not_picked":["Beam Cell+1","Turbo"],"picked":"Chaos+1","floor":38},{"not_picked":["Ball Lightning","Turbo"],"picked":"BootSequence+1","floor":40},{"not_picked":["Sweeping Beam","Skim","Redo"],"picked":"SKIP","floor":41},{"not_picked":["Stack","Reprogram+1"],"picked":"Echo Form","floor":44},{"not_picked":["Hello World+1","Leap","Streamline+1"],"picked":"SKIP","floor":45},{"not_picked":["Stack","Steam","Double Energy"],"picked":"SKIP","floor":48}],"player_experience":274889,"relics_obtained":[{"floor":7,"key":"Pantograph"},{"floor":9,"key":"Anchor"},{"floor":13,"key":"Blood Vial"},{"floor":23,"key":"Symbiotic Virus"},{"floor":26,"key":"Toy Ornithopter"},{"floor":40,"key":"Happy Flower"},{"floor":44,"key":"Juzu Bracelet"}],"event_choices":[{"damage_healed":0,"gold_gain":0,"player_choice":"Lose Max HP","damage_taken":0,"relics_obtained":["Golden Idol"],"max_hp_gain":0,"max_hp_loss":6,"event_name":"Golden Idol","floor":2,"gold_loss":0},{"cards_removed":["Strike_B"],"damage_healed":0,"gold_gain":0,"player_choice":"Card Removal","damage_taken":0,"max_hp_gain":0,"max_hp_loss":0,"event_name":"The Cleric","floor":3,"gold_loss":50},{"damage_healed":0,"gold_gain":175,"player_choice":"AGREE","damage_taken":0,"max_hp_gain":0,"max_hp_loss":0,"event_name":"Liars Game","floor":12,"gold_loss":0,"cards_obtained":["Doubt"]},{"damage_healed":0,"gold_gain":0,"player_choice":"Read","damage_taken":0,"max_hp_gain":0,"max_hp_loss":0,"event_name":"The Library","floor":19,"gold_loss":0,"cards_obtained":["Reprogram"]},{"cards_removed":["Writhe"],"damage_healed":0,"gold_gain":0,"player_choice":"Elegance","damage_taken":0,"max_hp_gain":0,"max_hp_loss":0,"event_name":"Back to Basics","floor":20,"gold_loss":0},{"damage_healed":0,"gold_gain":0,"player_choice":"Opened","damage_taken":0,"relics_obtained":["Turnip"],"max_hp_gain":0,"max_hp_loss":0,"event_name":"The Mausoleum","floor":21,"gold_loss":0,"cards_obtained":["Writhe"]},{"damage_healed":0,"gold_gain":0,"player_choice":"Ignored","damage_taken":0,"max_hp_gain":0,"max_hp_loss":0,"event_name":"SecretPortal","floor":47,"gold_loss":0}],"is_beta":false,"boss_relics":[{"not_picked":["Ectoplasm","Astrolabe"],"picked":"Runic Pyramid"},{"not_picked":["Velvet Choker","Snecko Eye"],"picked":"Philosopher\u0027s Stone"}],"items_purged_floors":[14,22,37],"is_endless":false,"potions_floor_spawned":[4,8,10,29,38,40,45,48],"ascension_level":7}}