{"host":"7gewg82ormp6yt4e","time":1614006048,"event":{"mods":["BaseMod","Block Reminder","Colored Map","DeckTracker","Highlight Path","Minty Spire (QoL Compilation)","Relic Stats","StSLib","ojb\u0027s Info Mod"],"gold_per_floor":[114,189,354,354,354,384,384,444,444,459,534,564,564,564,564,934,934,949,1273,1687,2062,2062,2701,2719,2974,2974,2974,2088,2343,2433,3048,3048,3187,3187,3631,3856,3856,2973,3048,3048,3168,2614,2614,1722,1812,1812,1812,1866,1866,1896],"floor_reached":51,"language":"JPN","playtime":9338,"items_purged":["Brutality+1","Blasphemy","Alpha","Electrodynamics"],"score":1065,"play_id":"ff0605ac-b46f-4afb-8f5e-1c3b10dc2e42","local_time":"20210223000048","daily_mods":["Shiny","Diverse","Binary"],"is_ascension_mode":false,"campfire_choices":[{"data":"Wish","floor":7.0,"key":"SMITH"},{"data":"Seek","floor":13.0,"key":"SMITH"},{"data":"Burst","floor":15.0,"key":"SMITH"},{"data":"Hologram","floor":27.0,"key":"SMITH"},{"data":"Barricade","floor":32.0,"key":"SMITH"},{"data":"Omniscience","floor":40.0,"key":"SMITH"},{"data":"Impervious","floor":47,"key":"SMITH"},{"data":"Night Terror","floor":49,"key":"SMITH"}],"circlet_count":0,"master_deck":["Judgement+1","ConjureBlade","MasterReality","Brilliance","Devotion","Ragnarok","LessonLearned+1","Scrawl","Vault","Wish+1","Omniscience+1","Establishment","SpiritShield","DevaForm","DeusExMachina","Multi-Cast","Hyperbeam","Biased Cognition+1","Machine Learning","Buffer","Rainbow","Seek+1","Meteor Strike","Echo Form","All For One","Reboot","Amplify","Creative AI+1","Fission+1","Core Surge","Venomology","Corpse Explosion","Malaise","Phantasmal Killer","Die Die Die","Adrenaline+1","Envenom","Doppelganger","Burst+1","Wraith Form v2","Tools of the Trade","Night Terror+1","Unload+1","After Image","Bullet Time","Glass Knife","A Thousand Cuts","Double Tap","Demon Form+1","Bludgeon","Feed","Limit Break","Corruption+1","Barricade+1","Fiend Fire+1","Berserk","Impervious+1","Juggernaut","Reaper+1","Exhume","Offering+1","Immolate","Backflip","PiercingWail+1","Study","Hologram+1","Dodge and Roll","Chill","Chrysalis","Jack Of All Trades","Seek","Headbutt+1","HandOfGreed","Noxious Fumes","Hologram","Footwork","Fasting2+1","Sadistic Nature+1","Skim"],"relics":["Cracked Core","Singing Bowl","Bag of Preparation","CeramicFish","Mummified Hand","Pen Nib","Philosopher\u0027s Stone","Orichalcum","Eternal Feather","Bird Faced Urn","Lee\u0027s Waffle","DataDisk","Oddly Smooth Stone","Girya","Nuclear Battery","Potion Belt","Boot","Medical Kit","Letter Opener","Toy Ornithopter","Nunchaku","Ancient Tea Set","Frozen Egg 2","Regal Pillow","OrangePellets","Art of War"],"acts_visited":["Exordium","TheCity","TheBeyond"],"potions_floor_usage":[45,50,50,50],"damage_taken":[{"damage":12.0,"enemies":"2 Louse","floor":1.0,"turns":7.0},{"damage":10.0,"enemies":"Small Slimes","floor":3.0,"turns":2.0},{"damage":1.0,"enemies":"Gremlin Nob","floor":6.0,"turns":5.0},{"damage":5.0,"enemies":"Lagavulin","floor":8.0,"turns":10.0},{"damage":6.0,"enemies":"Jaw Worm","floor":10.0,"turns":1.0},{"damage":8.0,"enemies":"2 Fungi Beasts","floor":11.0,"turns":5.0},{"damage":0.0,"enemies":"3 Sentries","floor":12.0,"turns":1.0},{"damage":9.0,"enemies":"Slime Boss","floor":16.0,"turns":11.0},{"damage":22.0,"enemies":"2 Thieves","floor":18.0,"turns":4.0},{"damage":6.0,"enemies":"Spheric Guardian","floor":19.0,"turns":8.0},{"damage":49.0,"enemies":"Centurion and Healer","floor":20.0,"turns":23.0},{"damage":11.0,"enemies":"Chosen and Byrds","floor":21.0,"turns":12.0},{"damage":25.0,"enemies":"Gremlin Leader","floor":23.0,"turns":25.0},{"damage":6.0,"enemies":"Snake Plant","floor":25.0,"turns":21.0},{"damage":10.0,"enemies":"Shelled Parasite and Fungi","floor":29.0,"turns":13.0},{"damage":29.0,"enemies":"Book of Stabbing","floor":30.0,"turns":7.0},{"damage":3.0,"enemies":"Centurion and Healer","floor":31.0,"turns":29.0},{"damage":12.0,"enemies":"Automaton","floor":33.0,"turns":8.0},{"damage":6.0,"enemies":"3 Darklings","floor":35.0,"turns":17.0},{"damage":31.0,"enemies":"3 Shapes","floor":36.0,"turns":7.0},{"damage":6.0,"enemies":"Transient","floor":39.0,"turns":5.0},{"damage":15.0,"enemies":"Giant Head","floor":41.0,"turns":6.0},{"damage":13,"enemies":"Reptomancer","floor":45,"turns":6},{"damage":8,"enemies":"Sphere and 2 Shapes","floor":48,"turns":3},{"damage":24,"enemies":"Time Eater","floor":50,"turns":8}],"seed_played":"-9004314451342404475","potions_obtained":[{"floor":8.0,"key":"SmokeBomb"},{"floor":10.0,"key":"FocusPotion"},{"floor":11.0,"key":"Dexterity Potion"},{"floor":20.0,"key":"Weak Potion"},{"floor":29.0,"key":"FearPotion"},{"floor":30.0,"key":"Swift Potion"},{"floor":37.0,"key":"SkillPotion"},{"floor":39.0,"key":"FairyPotion"},{"floor":48,"key":"SmokeBomb"}],"is_trial":false,"path_per_floor":["M","?","M","?","?","E","R","E","T","M","M","E","R","?","R","B",null,"M","M","M","M","?","E","?","M","T","R","$","M","E","M","R","B",null,"M","M","?","$","M","R","E","$","T","$","E","?","R","M","R","B",null],"character_chosen":"DEFECT","items_purchased":["Lee\u0027s Waffle","DataDisk","Oddly Smooth Stone","LiquidMemories","Weak Potion","Chrysalis","Jack Of All Trades","Potion Belt","Boot","Medical Kit","DuplicationPotion","HandOfGreed","DistilledChaos","Noxious Fumes","Toy Ornithopter","Nunchaku","Hologram","Footwork","Energy Potion","Frozen Egg 2","Regal Pillow","OrangePellets","Fasting2+1","Sadistic Nature+1"],"campfire_rested":0,"item_purchase_floors":[28,28,28,28,28,28,28,38,38,38,38,38,38,38,42,42,42,42,42,44,44,44,44,44],"current_hp_per_floor":[66,55,45,50,47,48,48,48,48,47,44,49,49,115,115,120,120,103,97,111,102,102,111,111,107,107,132,139,144,143,151,151,154,154,154,159,159,159,161,161,158,158,158,158,165,165,165,165,165,165],"gold":1896,"neow_bonus":"","is_daily":true,"chose_seed":false,"campfire_upgraded":8,"win_rate":0.0,"timestamp":1614006048,"path_taken":["M","?","M","?","?","E","R","E","T","M","?","E","R","?","R","BOSS","M","M","?","M","?","E","?","M","T","R","$","M","E","M","R","BOSS","M","M","?","$","M","R","E","$","T","?","E","?","R","M","R","BOSS"],"items_purchased_type":["Relic","Relic","Relic","Potion","Potion","Card","Card","Relic","Relic","Relic","Potion","Card","Potion","Card","Relic","Relic","Card","Card","Potion","Relic","Relic","Relic","Card","Card"],"build_version":"2020-12-22","purchased_purges":4,"victory":true,"max_hp_per_floor":[78,78,78,83,83,85,85,90,90,95,100,105,105,115,115,120,120,125,125,128,130,130,130,130,132,132,132,139,144,146,151,151,154,154,154,159,159,159,161,161,163,163,163,163,165,165,165,165,165,165],"relic_stats":{"Lee\u0027s Waffle":7,"Regal Pillow":0,"Singing Bowl":32,"counters":[25,244],"CeramicFish":144,"Eternal Feather":25,"Pen Nib":[11],"Bag of Preparation":[44],"Letter Opener":[41],"Orichalcum":[96],"Boot":[0],"Medical Kit":[0],"OrangePellets":[7],"Nunchaku":[1],"Mummified Hand":[552],"Bird Faced Urn":[140],"Art of War":[5],"obtain_stats":[{"Regal Pillow":44,"Singing Bowl":5,"CeramicFish":8,"Bag of Preparation":6,"Boot":38,"Ancient Tea Set":43,"Nunchaku":42,"Mummified Hand":9,"Philosopher\u0027s Stone":17,"Cracked Core":0,"Potion Belt":38,"Girya":30,"Lee\u0027s Waffle":28,"Oddly Smooth Stone":28,"Eternal Feather":23,"Pen Nib":12,"Letter Opener":41,"Orichalcum":22,"Frozen Egg 2":44,"Medical Kit":38,"Nuclear Battery":34,"OrangePellets":44,"DataDisk":28,"Bird Faced Urn":26,"Art of War":45,"Toy Ornithopter":42},{"Regal Pillow":22,"Singing Bowl":2,"CeramicFish":4,"Bag of Preparation":3,"Boot":20,"Ancient Tea Set":22,"Nunchaku":22,"Mummified Hand":4,"Philosopher\u0027s Stone":8,"Cracked Core":0,"Potion Belt":20,"Girya":16,"Lee\u0027s Waffle":14,"Oddly Smooth Stone":14,"Eternal Feather":13,"Pen Nib":7,"Letter Opener":22,"Orichalcum":12,"Frozen Egg 2":22,"Medical Kit":20,"Nuclear Battery":18,"OrangePellets":22,"DataDisk":14,"Bird Faced Urn":14,"Art of War":23,"Toy Ornithopter":22},{"Regal Pillow":227,"Singing Bowl":9,"CeramicFish":24,"Bag of Preparation":14,"Boot":216,"Ancient Tea Set":227,"Nunchaku":227,"Mummified Hand":24,"Philosopher\u0027s Stone":42,"Cracked Core":0,"Potion Belt":216,"Girya":155,"Lee\u0027s Waffle":135,"Oddly Smooth Stone":135,"Eternal Feather":114,"Pen Nib":31,"Letter Opener":227,"Orichalcum":89,"Frozen Egg 2":227,"Medical Kit":216,"Nuclear Battery":192,"OrangePellets":227,"DataDisk":135,"Bird Faced Urn":135,"Art of War":233,"Toy Ornithopter":227}],"Toy Ornithopter":1},"card_choices":[{"not_picked":["Underhanded Strike"],"picked":"Backflip","floor":1.0},{"not_picked":["Masterful Stab","Pommel Strike"],"picked":"SKIP","floor":3.0},{"not_picked":["Poisoned Stab","Entrench"],"picked":"Singing Bowl","floor":6.0},{"not_picked":["Escape Plan","Flechettes"],"picked":"Singing Bowl","floor":8.0},{"not_picked":["Crippling Poison","Wireheading"],"picked":"Singing Bowl","floor":10.0},{"not_picked":["CutThroughFate","Go for the Eyes"],"picked":"Singing Bowl","floor":11.0},{"not_picked":["Iron Wave","Redo"],"picked":"Singing Bowl","floor":12.0},{"not_picked":["Venomology","Tools of the Trade"],"picked":"Singing Bowl","floor":16.0},{"not_picked":["Crescendo","ReachHeaven+1"],"picked":"Singing Bowl","floor":18.0},{"not_picked":["Havoc"],"picked":"PiercingWail+1","floor":19.0},{"not_picked":["Streamline"],"picked":"Study","floor":20.0},{"not_picked":["Bane","PiercingWail"],"picked":"Singing Bowl","floor":21.0},{"not_picked":["FlyingSleeves+1"],"picked":"Hologram","floor":23.0},{"not_picked":["Headbutt","Finisher"],"picked":"Singing Bowl","floor":25.0},{"not_picked":["Leap","EmptyBody"],"picked":"Singing Bowl","floor":29.0},{"not_picked":["Brutality","Flex"],"picked":"Singing Bowl","floor":30.0},{"not_picked":["Cloak And Dagger+1","Cold Snap"],"picked":"Singing Bowl","floor":31.0},{"not_picked":["Venomology"],"picked":"Seek","floor":33.0},{"not_picked":["Conclude"],"picked":"Headbutt+1","floor":35.0},{"not_picked":["Sentinel+1","Accuracy"],"picked":"Singing Bowl","floor":36.0},{"not_picked":["Twin Strike+1","Compile Driver+1"],"picked":"Singing Bowl","floor":39.0},{"not_picked":["Steam","JustLucky+1"],"picked":"Singing Bowl","floor":41.0},{"not_picked":["FollowUp","Distraction"],"picked":"Singing Bowl","floor":45},{"not_picked":["EmptyBody"],"picked":"Skim","floor":48}],"player_experience":2897169,"relics_obtained":[{"floor":6.0,"key":"Bag of Preparation"},{"floor":8.0,"key":"CeramicFish"},{"floor":9.0,"key":"Mummified Hand"},{"floor":12.0,"key":"Pen Nib"},{"floor":23.0,"key":"Eternal Feather"},{"floor":26.0,"key":"Bird Faced Urn"},{"floor":30.0,"key":"Girya"},{"floor":41.0,"key":"Letter Opener"},{"floor":43.0,"key":"Ancient Tea Set"},{"floor":45,"key":"Art of War"}],"event_choices":[{"damage_healed":0.0,"max_hp_gain":0.0,"max_hp_loss":0.0,"gold_gain":75.0,"event_name":"World of Goop","player_choice":"Gather Gold","floor":2.0,"gold_loss":0.0,"damage_taken":11.0},{"damage_healed":0.0,"max_hp_gain":5.0,"max_hp_loss":0.0,"gold_gain":0.0,"event_name":"Big Fish","player_choice":"Donut","floor":4.0,"gold_loss":0.0,"damage_taken":0.0},{"damage_healed":0.0,"max_hp_gain":0.0,"max_hp_loss":0.0,"gold_gain":0.0,"event_name":"Scrap Ooze","player_choice":"Success","floor":5.0,"gold_loss":0.0,"damage_taken":3.0,"relics_obtained":["Singing Bowl"]},{"cards_removed":["Thunder Strike"],"damage_healed":56.0,"max_hp_gain":10.0,"max_hp_loss":0.0,"gold_gain":0.0,"event_name":"Bonfire Elementals","player_choice":"Offered Rare","floor":14.0,"gold_loss":0.0,"damage_taken":0.0},{"damage_healed":0.0,"max_hp_gain":0.0,"max_hp_loss":0.0,"gold_gain":0.0,"event_name":"The Mausoleum","player_choice":"Opened","floor":22.0,"gold_loss":0.0,"damage_taken":0.0,"relics_obtained":["Orichalcum"]},{"damage_healed":0.0,"max_hp_gain":0.0,"max_hp_loss":0.0,"gold_gain":0.0,"cards_transformed":["Grand Finale","Storm of Steel"],"event_name":"Drug Dealer","player_choice":"Became Test Subject","floor":24.0,"gold_loss":0.0,"damage_taken":0.0,"cards_obtained":["Dodge and Roll","Chill"]},{"damage_healed":0.0,"max_hp_gain":0.0,"max_hp_loss":0.0,"gold_gain":0.0,"event_name":"Lab","player_choice":"Got Potions","floor":37.0,"gold_loss":0.0,"damage_taken":0.0},{"damage_healed":0,"gold_gain":0,"player_choice":"Ignored","damage_taken":0,"max_hp_gain":0,"max_hp_loss":0,"event_name":"Tomb of Lord Red Mask","floor":46,"gold_loss":0}],"is_beta":false,"boss_relics":[{"not_picked":["Velvet Choker","SacredBark"],"picked":"Philosopher\u0027s Stone"},{"not_picked":["Sozu","Busted Crown"],"picked":"Nuclear Battery"}],"items_purged_floors":[28,38,42,44],"is_endless":false,"potions_floor_spawned":[8,10,11,18,20,29,30,33,39,48],"ascension_level":0}}