{"host":"28p8ce41sjwa6lzf","time":1614009325,"event":{"mods":["BaseMod","Bestiary","Colored Map","Colored Powertips","Dark Map","Highlight Path","Minty Spire (QoL Compilation)","Permanent Neow","Quick Restart","Random Character Button","Rare Cards Sparkle","Relic Stats","StSLib","Unceasing Turn Reminder"],"gold_per_floor":[112,122,197,36,36,36,56,91,114,126,155,155,167,193,193,193,193],"floor_reached":16,"language":"ENG","playtime":866,"items_purged":[],"score":220,"play_id":"09a2444d-5dfc-482a-8837-8f11d26d37a9","local_time":"20210222095525","is_ascension_mode":true,"campfire_choices":[{"data":"Dash","floor":6.0,"key":"SMITH"},{"data":"Unload","floor":12.0,"key":"SMITH"},{"floor":15,"key":"REST"}],"circlet_count":0,"master_deck":["AscendersBane","Strike_G","Strike_G","Strike_G","Strike_G","Strike_G","Defend_G","Defend_G","Defend_G","Defend_G","Defend_G","Survivor","Neutralize","Unload+1","Dash+1","Blade Dance","Noxious Fumes","Wraith Form v2","Outmaneuver","Reflex","Die Die Die"],"relics":["Ring of the Snake","Toy Ornithopter","MealTicket","PreservedInsect","Odd Mushroom","Ornamental Fan"],"acts_visited":["Exordium"],"potions_floor_usage":[16],"damage_taken":[{"damage":1.0,"enemies":"Cultist","floor":1.0,"turns":4.0},{"damage":0.0,"enemies":"Jaw Worm","floor":2.0,"turns":5.0},{"damage":1.0,"enemies":"2 Louse","floor":7.0,"turns":2.0},{"damage":2.0,"enemies":"3 Sentries","floor":8.0,"turns":10.0},{"damage":5.0,"enemies":"Looter","floor":10.0,"turns":4.0},{"damage":6.0,"enemies":"The Mushroom Lair","floor":11.0,"turns":3.0},{"damage":2.0,"enemies":"Blue Slaver","floor":13.0,"turns":4.0},{"damage":26,"enemies":"Lagavulin","floor":14,"turns":7},{"damage":56,"enemies":"Slime Boss","floor":16,"turns":7}],"seed_played":"3363731869381473228","potions_obtained":[{"floor":1.0,"key":"DuplicationPotion"},{"floor":2.0,"key":"SkillPotion"},{"floor":10.0,"key":"LiquidMemories"},{"floor":14,"key":"SpeedPotion"}],"is_trial":false,"path_per_floor":["M","M","?","$","?","R","M","E","T","M","?","R","M","E","R","B"],"character_chosen":"THE_SILENT","items_purchased":["Toy Ornithopter"],"campfire_rested":1,"item_purchase_floors":[4],"current_hp_per_floor":[58,58,47,47,47,47,46,49,49,44,48,48,46,20,39,0,0],"gold":193,"neow_bonus":"ONE_RANDOM_RARE_CARD","is_daily":false,"chose_seed":false,"campfire_upgraded":2,"win_rate":0.0,"timestamp":1614009325,"path_taken":["M","M","?","$","?","R","M","E","T","M","?","R","M","E","R","BOSS"],"items_purchased_type":["Relic"],"build_version":"2020-12-22","purchased_purges":0,"victory":false,"max_hp_per_floor":[66,66,66,66,66,66,66,66,66,66,66,66,66,66,66,66,66],"relic_stats":{"counters":[9,46],"Ornamental Fan":[16],"MealTicket":0,"PreservedInsect":29,"obtain_stats":[{"Ornamental Fan":14,"MealTicket":8,"PreservedInsect":9,"Odd Mushroom":11,"Toy Ornithopter":4,"Ring of the Snake":0},{"Ornamental Fan":8,"MealTicket":4,"PreservedInsect":4,"Odd Mushroom":6,"Toy Ornithopter":2,"Ring of the Snake":0},{"Ornamental Fan":39,"MealTicket":21,"PreservedInsect":21,"Odd Mushroom":28,"Toy Ornithopter":9,"Ring of the Snake":0}],"Toy Ornithopter":20,"Ring of the Snake":[18]},"card_choices":[{"not_picked":["Riddle With Holes","Leg Sweep"],"picked":"Dash","floor":1.0},{"not_picked":["Dodge and Roll","Accuracy"],"picked":"Blade Dance","floor":2.0},{"not_picked":["Slice","Distraction"],"picked":"Noxious Fumes","floor":7.0},{"not_picked":["Sucker Punch","Setup"],"picked":"Wraith Form v2","floor":8.0},{"not_picked":["Acrobatics","Flechettes"],"picked":"Outmaneuver","floor":10.0},{"not_picked":["Blur","Flying Knee"],"picked":"Reflex","floor":11.0},{"not_picked":["Dodge and Roll","Flying Knee","Deflect"],"picked":"SKIP","floor":13.0},{"not_picked":["Eviscerate","Calculated Gamble"],"picked":"Die Die Die","floor":14}],"player_experience":1365039,"relics_obtained":[{"floor":8.0,"key":"MealTicket"},{"floor":9.0,"key":"PreservedInsect"},{"floor":11.0,"key":"Odd Mushroom"},{"floor":14,"key":"Ornamental Fan"}],"event_choices":[{"damage_healed":0.0,"max_hp_gain":0.0,"max_hp_loss":0.0,"gold_gain":75.0,"event_name":"World of Goop","player_choice":"Gather Gold","floor":3.0,"gold_loss":0.0,"damage_taken":11.0},{"damage_healed":0.0,"max_hp_gain":0.0,"max_hp_loss":0.0,"gold_gain":0.0,"event_name":"Liars Game","player_choice":"Ignored","floor":5.0,"gold_loss":0.0,"damage_taken":0.0},{"damage_healed":0.0,"max_hp_gain":0.0,"max_hp_loss":0.0,"gold_gain":0.0,"event_name":"Mushrooms","player_choice":"Fought Mushrooms","floor":11.0,"gold_loss":0.0,"damage_taken":0.0}],"is_beta":false,"boss_relics":[],"items_purged_floors":[],"is_endless":false,"potions_floor_spawned":[1,2,10,14],"killed_by":"Slime Boss","ascension_level":20}}