{"host":"rb2p2z6v6vieend5","time":1614018248,"event":{"mods":["BaseMod","Block Reminder","Colored Map","DeckTracker","Highlight Path","Minty Spire (QoL Compilation)","Random Character Button","Relic Stats"],"gold_per_floor":[10,10,22,39,54,80,80,98,98,98,45,45,45,58,58,58,58],"floor_reached":16,"language":"ENG","playtime":510,"items_purged":[],"score":199,"play_id":"ffd8f4bc-f0b5-4de0-92e3-cdcc3dec86bd","local_time":"20210222192408","is_ascension_mode":true,"campfire_choices":[{"data":"Uppercut","floor":7,"key":"SMITH"},{"floor":15,"key":"DIG"}],"circlet_count":0,"master_deck":["AscendersBane","Strike_R","Strike_R","Strike_R","Strike_R","Defend_R","Defend_R","Bash","Anger","Twin Strike","Headbutt","Uppercut+1","Cleave","Perfected Strike","Parasite","Clash"],"relics":["Burning Blood","Shovel","Unceasing Top","Kunai","Gambling Chip"],"acts_visited":["Exordium"],"potions_floor_usage":[6,16],"damage_taken":[{"damage":7,"enemies":"Jaw Worm","floor":1,"turns":3},{"damage":1,"enemies":"Cultist","floor":3,"turns":3},{"damage":10,"enemies":"Small Slimes","floor":4,"turns":3},{"damage":12,"enemies":"3 Louse","floor":5,"turns":4},{"damage":55,"enemies":"3 Sentries","floor":6,"turns":8},{"damage":12,"enemies":"2 Fungi Beasts","floor":8,"turns":3},{"damage":3,"enemies":"Looter","floor":14,"turns":2},{"damage":56,"enemies":"Slime Boss","floor":16,"turns":6}],"seed_played":"-5333869937974461435","potions_obtained":[{"floor":4,"key":"ElixirPotion"},{"floor":14,"key":"Regen Potion"}],"is_trial":false,"path_per_floor":["M","?","M","M","M","E","R","M","T","T","$","?","$","M","R","B"],"character_chosen":"IRONCLAD","items_purchased":["Perfected Strike"],"campfire_rested":0,"item_purchase_floors":[11],"current_hp_per_floor":[67,67,72,68,62,13,13,7,7,7,7,25,25,28,28,0,0],"gold":58,"neow_bonus":"REMOVE_TWO","is_daily":false,"chose_seed":false,"campfire_upgraded":1,"win_rate":0.0,"timestamp":1614018248,"path_taken":["M","?","?","M","M","E","R","M","T","?","$","?","?","?","R","BOSS"],"items_purchased_type":["Card"],"build_version":"2020-12-22","purchased_purges":0,"victory":false,"max_hp_per_floor":[75,75,75,75,75,75,75,75,75,75,75,75,75,75,75,75,75],"relic_stats":{"Shovel":1,"counters":[8,32],"Gambling Chip":[3],"Kunai":[3],"obtain_stats":[{"Shovel":6,"Gambling Chip":15,"Kunai":10,"Burning Blood":0,"Unceasing Top":9},{"Shovel":5,"Gambling Chip":7,"Kunai":6,"Burning Blood":0,"Unceasing Top":6},{"Shovel":21,"Gambling Chip":26,"Kunai":24,"Burning Blood":0,"Unceasing Top":24}],"Burning Blood":42,"Unceasing Top":[2]},"card_choices":[{"not_picked":["Intimidate","Wild Strike"],"picked":"Anger","floor":1},{"not_picked":["True Grit","Rage"],"picked":"Twin Strike","floor":3},{"not_picked":["Entrench","Body Slam"],"picked":"Headbutt","floor":4},{"not_picked":["Warcry","Headbutt","Havoc"],"picked":"SKIP","floor":5},{"not_picked":["Flex","Berserk"],"picked":"Uppercut","floor":6},{"not_picked":["Feel No Pain","True Grit"],"picked":"Cleave","floor":8},{"not_picked":["Clothesline","Warcry"],"picked":"Clash","floor":14}],"player_experience":809757,"relics_obtained":[{"floor":6,"key":"Shovel"},{"floor":9,"key":"Unceasing Top"},{"floor":10,"key":"Kunai"},{"floor":15,"key":"Gambling Chip"}],"event_choices":[{"cards_removed":["Strike_R"],"damage_healed":0,"gold_gain":0,"player_choice":"Offered Basic","damage_taken":0,"max_hp_gain":0,"max_hp_loss":0,"event_name":"Bonfire Elementals","floor":2,"gold_loss":0},{"damage_healed":18,"gold_gain":0,"player_choice":"Healed and dodged fight","damage_taken":0,"max_hp_gain":0,"max_hp_loss":0,"event_name":"Mushrooms","floor":12,"gold_loss":0,"cards_obtained":["Parasite"]}],"is_beta":false,"boss_relics":[],"items_purged_floors":[],"is_endless":false,"potions_floor_spawned":[4,14],"killed_by":"Slime Boss","ascension_level":19}}