{"host":"uceopoba4zvqsgiy","time":1614012549,"event":{"mods":["2.2 Compatiblity","Act Like it!","BaseMod","Better Skull","Better Third Choice","Elementarium","Evolution","GifTheSpireLib","Hermit","Humility","Infinite Spire","Jorbs\u0027s Wanderer Trilogy","Marked Mod","Minty Spire (QoL Compilation)","Potionbrewer","Reliquary","Replay The Spire","Robot Space Explorer","Shade Mod","Spicy Shops","StS++","StSLib","Stuff the Spire","The Blue Laboratory","The Caster","The Cursed","The Dragon Tamer","The Dragonkin","The Hierophant","The Judge","The Jungle","TheSurvivalist","Wandering Minibosses"],"gold_per_floor":[115,115,132,132,143,143,178,178,178,179,179,179,213,231,231,235,235],"floor_reached":16,"language":"ENG","playtime":1033,"items_purged":[],"score":207,"play_id":"17b88542-a485-422c-8b15-ed15a27b8e3d","local_time":"20210223031909","is_ascension_mode":true,"campfire_choices":[{"data":"Storm","floor":6.0,"key":"SMITH"},{"floor":8.0,"key":"REST"},{"floor":11.0,"key":"REST"},{"floor":15.0,"key":"REST"}],"circlet_count":0,"master_deck":["Barrage","Barrage","Barrage","Barrage","Leap","Leap","Leap","Leap","Zap","Dualcast","Storm+1","Defragment","Defragment","stsjorbsmod:Procrastination","Looming Evil","Cold Snap","StSpp:Channeliser"],"relics":["Cracked Core","EVO:Axolotl","NeowsBlessing","Symbiotic Virus","StuffTheSpire:EmeraldSignet","ReplayTheSpireMod:CursedCoin","Replay:Bandana","Ring of Shattering","ReplayTheSpireMod:Ring of Collecting","StSpp:BoiledEgg"],"acts_visited":["Exordium"],"potions_floor_usage":[],"damage_taken":[{"damage":0.0,"enemies":"2 Louse","floor":1.0,"turns":1.0},{"damage":0.0,"enemies":"Cultist","floor":3.0,"turns":1.0},{"damage":0.0,"enemies":"Jaw Worm","floor":5.0,"turns":2.0},{"damage":60.0,"enemies":"Gremlin Nob","floor":7.0,"turns":6.0},{"damage":46.0,"enemies":"Lagavulin","floor":13.0,"turns":7.0},{"damage":5.0,"enemies":"Red Slaver","floor":14.0,"turns":3.0},{"damage":42,"enemies":"Fading Forest","floor":16,"turns":7}],"seed_played":"4461410432669361457","potions_obtained":[{"floor":14.0,"key":"Dexterity Potion"}],"is_trial":false,"path_per_floor":["M","$","M","?","M","R","E","R","T","$","R","?","E","M","R","B"],"character_chosen":"DEFECT","items_purchased":["ReplayTheSpireMod:CursedCoin","Defragment","Replay:Bandana"],"campfire_rested":3,"item_purchase_floors":[10,10,10],"current_hp_per_floor":[71,71,71,71,71,71,11,34,34,34,57,57,11,6,29,0,0],"gold":235,"neow_bonus":"THREE_ENEMY_KILL","is_daily":false,"chose_seed":false,"campfire_upgraded":1,"win_rate":0.0,"timestamp":1614012549,"path_taken":["M","$","M","?","?","R","E","R","T","$","R","?","E","M","R","BOSS"],"items_purchased_type":["Relic","Card","Relic"],"build_version":"2020-12-22","purchased_purges":0,"victory":false,"max_hp_per_floor":[78,78,78,78,78,78,78,78,78,78,78,78,78,78,78,78,78],"card_choices":[{"not_picked":["Skim","ReplayTheSpireMod:System Scan"],"picked":"Storm","floor":1.0},{"not_picked":["StSpp:Mask","Hologram","Conserve Battery"],"picked":"SKIP","floor":3.0},{"not_picked":["Turbo","Skim","Stack"],"picked":"SKIP","floor":5.0},{"not_picked":["ReplaySort","Go for the Eyes"],"picked":"Defragment","floor":7.0},{"not_picked":["StuffTheSpire:CleanHardDrive","BootSequence"],"picked":"Cold Snap","floor":13.0},{"not_picked":["Ball Lightning","Doom and Gloom"],"picked":"StSpp:Channeliser","floor":14.0}],"player_experience":1855367,"relics_obtained":[{"floor":7.0,"key":"Symbiotic Virus"},{"floor":9.0,"key":"StuffTheSpire:EmeraldSignet"},{"floor":12.0,"key":"Ring of Shattering"},{"floor":12.0,"key":"ReplayTheSpireMod:Ring of Collecting"},{"floor":13.0,"key":"StSpp:BoiledEgg"}],"event_choices":[{"damage_healed":0.0,"max_hp_gain":0.0,"max_hp_loss":0.0,"gold_gain":0.0,"event_name":"The Woman in Blue","player_choice":"Bought 0 Potions","floor":4.0,"gold_loss":0.0,"damage_taken":0.0}],"is_beta":false,"boss_relics":[],"items_purged_floors":[],"is_endless":false,"potions_floor_spawned":[14],"killed_by":"Fading Forest","ascension_level":9,"is_humility":true}}