{"host":"t6r1isv2bex5ovch","time":1614035022,"event":{"mods":["AchievementEnabler","Act Like it!","Aspiration","BaseMod","Better Altar","Better Match","Better Note","Better Sensory Stone","Better Skull","Better Third Choice","Better Vampires","Bossed Relics","Colored Powertips","Displayed Cursed Tome","Evolution","Fox Events","Hubris","Minty Spire (QoL Compilation)","Reliquary","Ruina","StSLib"],"gold_per_floor":[112,112,131,56,67,99,99,128,128,158,158,170,0,32,32,134,134,146,146,171,184,84,109,109,109,109],"floor_reached":25,"language":"ENG","playtime":3173,"items_purged":["Strike_G","Strike_G"],"score":281,"play_id":"2b8d9b81-3340-4b71-b6d8-85eda8d2a0eb","local_time":"20210223100342","is_ascension_mode":true,"campfire_choices":[{"floor":7.0,"key":"RECALL"},{"data":"After Image","floor":11.0,"key":"SMITH"},{"data":"Neutralize","floor":15.0,"key":"SMITH"},{"data":"Terror","floor":24.0,"key":"SMITH"}],"circlet_count":0,"master_deck":["Flying Knee","Flying Knee","Strike_G","Defend_G","Defend_G","Defend_G","Defend_G","Defend_G","Survivor","Neutralize+1","Backstab","Dark Shackles","Flying Knee","Terror+1","After Image+1","Cloak And Dagger","Enlightenment","Blur"],"relics":["Ring of the Snake","EVO:Axolotl","aspiration:HiddenCompartment","aspiration:SeaSaltIceCream","aspiration:Nostalgia","PureWater","aspiration:Lifesprig","reliquary:Boomerang","Black Star","hubris:Towel","aspiration:ChemicalBlood","reliquary:RosewoodLute","hubris:MysteriousPyramids"],"acts_visited":["Exordium","ruina:Briah"],"potions_floor_usage":[25,25],"damage_taken":[{"damage":0.0,"enemies":"2 Louse","floor":1.0,"turns":2.0},{"damage":2.0,"enemies":"Small Slimes","floor":3.0,"turns":3.0},{"damage":1.0,"enemies":"Jaw Worm","floor":5.0,"turns":2.0},{"damage":3.0,"enemies":"3 Sentries","floor":6.0,"turns":10.0},{"damage":27.0,"enemies":"Lagavulin","floor":8.0,"turns":7.0},{"damage":7.0,"enemies":"3 Sentries","floor":10.0,"turns":10.0},{"damage":0.0,"enemies":"Exordium Thugs","floor":12.0,"turns":4.0},{"damage":16.0,"enemies":"Lagavulin","floor":14.0,"turns":9.0},{"damage":4.0,"enemies":"The Guardian","floor":16.0,"turns":12.0},{"damage":19.0,"enemies":"ruina:Nosferatu","floor":18.0,"turns":6.0},{"damage":16.0,"enemies":"ruina:BadWolf","floor":21.0,"turns":6.0},{"damage":24.0,"enemies":"ruina:ServantOfWrath","floor":23.0,"turns":7.0},{"damage":31,"enemies":"ruina:Mountain","floor":25,"turns":27}],"seed_played":"7861951960658795870","potions_obtained":[{"floor":1.0,"key":"EntropicBrew"},{"floor":5.0,"key":"LiquidMemories"},{"floor":8.0,"key":"SpeedPotion"},{"floor":10.0,"key":"Weak Potion"},{"floor":18.0,"key":"Explosive Potion"}],"is_trial":false,"path_per_floor":["M","?","M","$","M","E","R","E","T","E","R","M","?","E","R","B",null,"M","?","T","M","$","E","R","E"],"character_chosen":"THE_SILENT","items_purchased":[],"campfire_rested":0,"item_purchase_floors":[],"current_hp_per_floor":[77,77,75,75,74,77,77,50,50,43,43,43,49,33,33,29,83,64,64,64,48,48,24,24,0,0],"gold":109,"neow_bonus":"TEN_PERCENT_HP_BONUS","is_daily":false,"chose_seed":false,"campfire_upgraded":3,"win_rate":0.0,"timestamp":1614035022,"path_taken":["M","?","M","$","M","E","R","E","T","E","R","M","?","E","R","BOSS","M","?","?","M","?","E","R","E"],"items_purchased_type":[],"build_version":"2020-12-22","purchased_purges":2,"victory":false,"max_hp_per_floor":[77,77,77,77,77,77,77,77,77,77,77,77,83,83,83,83,83,83,83,83,83,83,83,83,83,83],"card_choices":[{"not_picked":["Endless Agony","Underhanded Strike"],"picked":"Backstab","floor":1.0},{"not_picked":["Purity","Mind Blast"],"picked":"Dark Shackles","floor":2.0},{"not_picked":["Noxious Fumes","Expertise"],"picked":"Flying Knee","floor":3.0},{"not_picked":["Dagger Throw","Blur","Setup"],"picked":"SKIP","floor":5.0},{"not_picked":["Cloak And Dagger","Blade Dance"],"picked":"Terror","floor":6.0},{"not_picked":["Storm of Steel","Deflect"],"picked":"After Image","floor":8.0},{"not_picked":["Quick Slash","Blur"],"picked":"Cloak And Dagger","floor":10.0},{"not_picked":["Outmaneuver","Blur","Flying Knee"],"picked":"SKIP","floor":12.0},{"not_picked":["Backflip","Deflect","A Thousand Cuts"],"picked":"SKIP","floor":14.0},{"not_picked":["Underhanded Strike","Deadly Poison+1"],"picked":"Blur","floor":18.0},{"not_picked":["Dagger Spray","Dagger Throw","Leg Sweep"],"picked":"SKIP","floor":21.0},{"not_picked":["Outmaneuver","Deadly Poison","Bouncing Flask+1"],"picked":"SKIP","floor":23.0}],"player_experience":364504,"relics_obtained":[{"floor":6.0,"key":"aspiration:HiddenCompartment"},{"floor":8.0,"key":"aspiration:SeaSaltIceCream"},{"floor":10.0,"key":"aspiration:Lifesprig"},{"floor":14.0,"key":"reliquary:Boomerang"},{"floor":20.0,"key":"aspiration:ChemicalBlood"},{"floor":23.0,"key":"reliquary:RosewoodLute"},{"floor":23.0,"key":"hubris:MysteriousPyramids"}],"event_choices":[{"damage_healed":0.0,"max_hp_gain":0.0,"max_hp_loss":0.0,"gold_gain":1.0,"event_name":"betterStone:BetterStone","player_choice":"1","floor":2.0,"gold_loss":0.0,"damage_taken":0.0},{"damage_healed":0.0,"max_hp_gain":0.0,"max_hp_loss":0.0,"gold_gain":0.0,"event_name":"betterThird:BetterSerpent","player_choice":"RENOUNCE","floor":13.0,"gold_loss":170.0,"damage_taken":170.0,"cards_obtained":["Enlightenment"]}],"is_beta":false,"boss_relics":[{"not_picked":["Sozu","reliquary:Ember"],"picked":"Black Star"}],"items_purged_floors":[4,22],"is_endless":false,"potions_floor_spawned":[1,5,8,10,18],"killed_by":"ruina:Mountain","ascension_level":3}}