{"host":"8is2j71l4wmybkoi","time":1614008855,"event":{"mods":["AchievementEnabler","BaseMod","Colored Map","DeckTracker","Minty Spire (QoL Compilation)","Rare Cards Sparkle","Relic Stats","StSLib","SuperFastMode"],"gold_per_floor":[119,139,151,162,162,197,197,197,197,197,230,230,243,11,11,84,84,96,106,136,136,136,136,161,176,256,276,276,289,305,338,338,411,411,429,448,448,461,1460,1460,1486,1197,1220,792,812,837,837,848,848,848,848],"floor_reached":50,"language":"KOR","playtime":2232,"items_purged":["Strike_G","Normality","Normality"],"score":1166,"play_id":"8b0d0c8b-daa1-43e2-9b4b-0e5ff125d573","local_time":"20210223004735","is_ascension_mode":true,"campfire_choices":[{"data":"Neutralize","floor":7,"key":"SMITH"},{"data":"Deadly Poison","floor":10,"key":"SMITH"},{"floor":12,"key":"REST"},{"data":"Reflex","floor":15,"key":"SMITH"},{"data":"Catalyst","floor":23,"key":"SMITH"},{"data":"Malaise","floor":28,"key":"SMITH"},{"data":"Ghostly","floor":32,"key":"SMITH"},{"data":"Well Laid Plans","floor":40,"key":"SMITH"},{"floor":47,"key":"RECALL"},{"data":"Ghostly","floor":49,"key":"SMITH"}],"circlet_count":0,"master_deck":["AscendersBane","Strike_G","Strike_G","Strike_G","Defend_G","Defend_G","Defend_G","Defend_G","Survivor","Neutralize+1","Infinite Blades","Dagger Throw","Dash+1","Deadly Poison+1","Blur","Deflect","Reflex+1","Poisoned Stab","Corpse Explosion","PiercingWail","Escape Plan","Catalyst+1","Ghostly+1","Ghostly+1","Ghostly","Malaise+1","Quick Slash","Noxious Fumes+1","Well Laid Plans+1","Acrobatics","Calculated Gamble","Acrobatics","Backflip","Crippling Poison+1"],"relics":["Ring of the Snake","Bag of Marbles","Bag of Preparation","Mercury Hourglass","PreservedInsect","Philosopher\u0027s Stone","Red Mask","Girya","Letter Opener","Prayer Wheel","Sozu","Potion Belt","Strawberry","Chemical X","Happy Flower","Vajra"],"acts_visited":["Exordium","TheCity","TheBeyond"],"potions_floor_usage":[6,16,20,50],"damage_taken":[{"damage":0,"enemies":"Small Slimes","floor":1,"turns":3},{"damage":2,"enemies":"Jaw Worm","floor":2,"turns":4},{"damage":1,"enemies":"Cultist","floor":3,"turns":4},{"damage":5,"enemies":"2 Fungi Beasts","floor":4,"turns":4},{"damage":17,"enemies":"3 Sentries","floor":6,"turns":7},{"damage":36,"enemies":"Gremlin Nob","floor":11,"turns":5},{"damage":1,"enemies":"Looter","floor":13,"turns":3},{"damage":4,"enemies":"The Guardian","floor":16,"turns":9},{"damage":7,"enemies":"2 Thieves","floor":18,"turns":2},{"damage":0,"enemies":"3 Byrds","floor":19,"turns":3},{"damage":8,"enemies":"Masked Bandits","floor":20,"turns":3},{"damage":0,"enemies":"Book of Stabbing","floor":24,"turns":4},{"damage":2,"enemies":"Cultist and Chosen","floor":25,"turns":6},{"damage":0,"enemies":"Snake Plant","floor":27,"turns":4},{"damage":0,"enemies":"Chosen and Byrds","floor":29,"turns":5},{"damage":0,"enemies":"Centurion and Healer","floor":30,"turns":3},{"damage":0,"enemies":"Slavers","floor":31,"turns":2},{"damage":12,"enemies":"Automaton","floor":33,"turns":7},{"damage":0,"enemies":"Orb Walker","floor":35,"turns":3},{"damage":2,"enemies":"3 Shapes","floor":36,"turns":2},{"damage":0,"enemies":"Jaw Worm Horde","floor":38,"turns":3},{"damage":0,"enemies":"Nemesis","floor":41,"turns":7},{"damage":4,"enemies":"4 Shapes","floor":45,"turns":4},{"damage":3,"enemies":"Giant Head","floor":46,"turns":6},{"damage":7,"enemies":"Writhing Mass","floor":48,"turns":6},{"damage":43,"enemies":"Time Eater","floor":50,"turns":11}],"seed_played":"-7263737142262210658","potions_obtained":[{"floor":1,"key":"AttackPotion"},{"floor":13,"key":"Poison Potion"},{"floor":16,"key":"PowerPotion"},{"floor":19,"key":"Weak Potion"},{"floor":24,"key":"FairyPotion"},{"floor":27,"key":"SteroidPotion"}],"is_trial":false,"path_per_floor":["M","M","M","M","?","E","R","?","T","R","E","R","M","$","R","B",null,"M","M","?","?","?","R","E","M","T","M","R","M","M","E","R","B",null,"M","M","?","M","?","R","E","$","T","$","M","E","R","M","R","B"],"character_chosen":"THE_SILENT","items_purchased":["PreservedInsect","Strawberry","Backflip","Chemical X","Happy Flower"],"campfire_rested":1,"item_purchase_floors":[14,42,42,44,44],"current_hp_per_floor":[59,57,56,51,56,39,39,39,39,39,3,24,23,23,23,19,58,51,51,43,35,35,35,35,33,33,33,33,33,33,33,33,21,32,32,30,30,30,30,30,30,37,37,37,33,30,30,23,23,0,0],"gold":848,"neow_bonus":"TRANSFORM_CARD","is_daily":false,"chose_seed":false,"campfire_upgraded":8,"win_rate":0.0,"timestamp":1614008855,"path_taken":["M","M","M","M","?","E","R","?","T","R","E","R","M","$","R","BOSS","M","M","?","?","?","R","E","M","T","M","R","M","?","E","R","BOSS","M","M","?","M","?","R","E","$","T","$","M","E","R","M","R","BOSS"],"items_purchased_type":["Relic","Relic","Card","Relic","Relic"],"build_version":"2020-12-22","purchased_purges":3,"victory":false,"max_hp_per_floor":[66,66,66,66,71,71,71,71,71,71,71,71,71,71,71,71,71,71,71,71,35,35,35,35,35,35,35,35,35,35,35,35,35,35,35,35,35,35,35,35,35,42,42,42,42,42,42,42,42,42,42],"relic_stats":{"Sozu":4,"Happy Flower":[9],"counters":[26,119],"Prayer Wheel":5,"PreservedInsect":264,"Bag of Preparation":[42],"Letter Opener":[301],"Chemical X":[5],"obtain_stats":[{"Potion Belt":41,"Girya":24,"Happy Flower":44,"Vajra":46,"PreservedInsect":14,"Bag of Preparation":9,"Letter Opener":26,"Mercury Hourglass":11,"Sozu":34,"Strawberry":42,"Philosopher\u0027s Stone":17,"Prayer Wheel":31,"Bag of Marbles":6,"Red Mask":20,"Chemical X":44,"Ring of the Snake":0},{"Potion Belt":22,"Girya":12,"Happy Flower":22,"Vajra":24,"PreservedInsect":7,"Bag of Preparation":5,"Letter Opener":13,"Mercury Hourglass":6,"Sozu":18,"Strawberry":22,"Philosopher\u0027s Stone":8,"Prayer Wheel":17,"Bag of Marbles":5,"Red Mask":11,"Chemical X":22,"Ring of the Snake":0},{"Potion Belt":92,"Girya":51,"Happy Flower":92,"Vajra":102,"PreservedInsect":30,"Bag of Preparation":22,"Letter Opener":57,"Mercury Hourglass":27,"Sozu":78,"Strawberry":92,"Philosopher\u0027s Stone":39,"Prayer Wheel":71,"Bag of Marbles":22,"Red Mask":47,"Chemical X":92,"Ring of the Snake":0}],"Ring of the Snake":[52],"Mercury Hourglass":[372]},"card_choices":[{"not_picked":["Riddle With Holes","Backflip"],"picked":"Dagger Throw","floor":1},{"not_picked":["Deadly Poison","Blade Dance"],"picked":"Dash","floor":2},{"not_picked":["Backflip","All Out Attack"],"picked":"Deadly Poison","floor":3},{"not_picked":["Acrobatics","Outmaneuver"],"picked":"Blur","floor":4},{"not_picked":["Slice","Skewer"],"picked":"Deflect","floor":6},{"not_picked":["Wraith Form v2","Poisoned Stab"],"picked":"Reflex","floor":11},{"not_picked":["Cloak And Dagger","Deflect"],"picked":"Poisoned Stab","floor":13},{"not_picked":["Doppelganger","Unload"],"picked":"Corpse Explosion","floor":16},{"not_picked":["Riddle With Holes","Skewer"],"picked":"PiercingWail","floor":18},{"not_picked":["Footwork","Bane"],"picked":"Escape Plan","floor":19},{"not_picked":["Setup","Infinite Blades"],"picked":"Catalyst","floor":20},{"not_picked":["Bane","Dagger Throw"],"picked":"Malaise","floor":24},{"not_picked":["Reflex","Deadly Poison"],"picked":"Quick Slash","floor":25},{"not_picked":["Acrobatics","Outmaneuver"],"picked":"Noxious Fumes+1","floor":27},{"not_picked":["Dagger Spray","Flying Knee"],"picked":"Well Laid Plans","floor":29},{"not_picked":["Terror","Caltrops","Dodge and Roll"],"picked":"SKIP","floor":30},{"not_picked":["Dagger Throw","Infinite Blades"],"picked":"Acrobatics","floor":31},{"not_picked":["Corpse Explosion","Phantasmal Killer"],"picked":"Envenom","floor":33},{"not_picked":["Backstab","Leg Sweep"],"picked":"Calculated Gamble","floor":35},{"not_picked":["Reflex","Caltrops+1","Terror"],"picked":"SKIP","floor":35},{"not_picked":["Outmaneuver","Distraction"],"picked":"Acrobatics","floor":36},{"not_picked":["Acrobatics","Underhanded Strike","Cloak And Dagger"],"picked":"SKIP","floor":36},{"not_picked":["Setup+1","Riddle With Holes","Slice"],"picked":"SKIP","floor":38},{"not_picked":["Deflect","Slice+1","Poisoned Stab"],"picked":"SKIP","floor":38},{"not_picked":["Backstab+1","Blade Dance","Reflex+1"],"picked":"SKIP","floor":41},{"not_picked":["Outmaneuver","Deflect"],"picked":"Crippling Poison+1","floor":45},{"not_picked":["Dodge and Roll","Escape Plan","Flechettes+1"],"picked":"SKIP","floor":45},{"not_picked":["Blade Dance","Riddle With Holes+1","Dodge and Roll"],"picked":"SKIP","floor":46},{"not_picked":["Storm of Steel","Acrobatics+1","Heel Hook"],"picked":"SKIP","floor":48},{"not_picked":["Sucker Punch+1","Skewer+1","Accuracy"],"picked":"SKIP","floor":48}],"player_experience":1297579,"relics_obtained":[{"floor":6,"key":"Bag of Marbles"},{"floor":9,"key":"Bag of Preparation"},{"floor":11,"key":"Mercury Hourglass"},{"floor":20,"key":"Red Mask"},{"floor":24,"key":"Girya"},{"floor":26,"key":"Letter Opener"},{"floor":31,"key":"Prayer Wheel"},{"floor":41,"key":"Potion Belt"},{"floor":46,"key":"Vajra"}],"event_choices":[{"damage_healed":0,"gold_gain":0,"player_choice":"Donut","damage_taken":0,"max_hp_gain":5,"max_hp_loss":0,"event_name":"Big Fish","floor":5,"gold_loss":0},{"damage_healed":0,"gold_gain":0,"player_choice":"Forge","damage_taken":0,"max_hp_gain":0,"max_hp_loss":0,"event_name":"Accursed Blacksmith","floor":8,"gold_loss":0,"cards_upgraded":["Dash"]},{"damage_healed":0,"gold_gain":0,"player_choice":"Fought Bandits","damage_taken":0,"max_hp_gain":0,"max_hp_loss":0,"event_name":"Masked Bandits","floor":20,"gold_loss":0},{"damage_healed":0,"gold_gain":0,"player_choice":"Became a Ghost","damage_taken":0,"max_hp_gain":0,"max_hp_loss":36,"event_name":"Ghosts","floor":21,"gold_loss":0,"cards_obtained":["Ghostly","Ghostly","Ghostly"]},{"cards_removed":["Strike_G"],"damage_healed":0,"gold_gain":0,"player_choice":"Elegance","damage_taken":0,"max_hp_gain":0,"max_hp_loss":0,"event_name":"Back to Basics","floor":22,"gold_loss":0},{"cards_removed":["Envenom"],"damage_healed":0,"gold_gain":0,"player_choice":"Removed Power","damage_taken":0,"max_hp_gain":0,"max_hp_loss":0,"event_name":"Falling","floor":37,"gold_loss":0},{"damage_healed":0,"gold_gain":999,"player_choice":"Gold","damage_taken":0,"max_hp_gain":0,"max_hp_loss":0,"event_name":"MindBloom","floor":39,"gold_loss":0,"cards_obtained":["Normality","Normality"]}],"is_beta":false,"boss_relics":[{"not_picked":["Busted Crown","Velvet Choker"],"picked":"Philosopher\u0027s Stone"},{"not_picked":["SacredBark","Runic Dome"],"picked":"Sozu"}],"items_purged_floors":[14,42,44],"is_endless":false,"potions_floor_spawned":[1,13,16,19,24,27,30,35,41,45,46],"killed_by":"Time Eater","ascension_level":15}}