{"host":"snampf0t8p8psf53","time":1614029668,"event":{"mods":["AchievementEnabler","BaseMod","Bestiary","Curses Come First","DeckTracker","Downfall","Marisa????????","Minty Spire (QoL Compilation)","Permanent Neow","Replay The Spire","StSLib","SuperFastMode","The Servant 0.9.4"],"gold_per_floor":[114,129,144,144,144,194,194,194,212,212,212],"floor_reached":10,"language":"ENG","playtime":410,"items_purged":[],"score":58,"play_id":"fceee18e-c2ce-4ff9-a82d-fae439db9360","local_time":"20210222133428","is_ascension_mode":false,"campfire_choices":[{"data":"Starlight","floor":8,"key":"SMITH"}],"circlet_count":0,"master_deck":["Strike_S","Strike_S","Strike_S","Strike_S","Defend_S","Defend_S","Defend_S","Defend_S","KidneyShot","Exchange","Solidify","Starlight+1","BestPractice","BottledTime","Rearm"],"relics":["Uniform","Smiling Mask"],"acts_visited":["Exordium"],"potions_floor_usage":[],"damage_taken":[{"damage":5,"enemies":"Cultist","floor":1,"turns":4},{"damage":6,"enemies":"2 Louse","floor":2,"turns":2},{"damage":5,"enemies":"Small Slimes","floor":3,"turns":4},{"damage":14,"enemies":"3 Louse","floor":9,"turns":3},{"damage":21,"enemies":"Lagavulin","floor":10,"turns":4}],"seed_played":"-1037038083348165608","potions_obtained":[{"floor":1,"key":"LifebloodPotion"},{"floor":6,"key":"LifebloodPotion"},{"floor":9,"key":"Energy Potion"}],"is_trial":false,"path_per_floor":["M","M","M","PTL","PTL","?","$","R","M","E"],"character_chosen":"THE_SERVANT","items_purchased":[],"campfire_rested":0,"item_purchase_floors":[],"current_hp_per_floor":[60,54,49,49,49,33,33,33,19,0,0],"gold":212,"neow_bonus":"ONE_RANDOM_RARE_CARD","is_daily":false,"chose_seed":false,"campfire_upgraded":1,"win_rate":0.0,"timestamp":1614029668,"path_taken":["M","M","M","PTL","PTL","?","$","R","M","E"],"items_purchased_type":[],"build_version":"2020-12-22","purchased_purges":0,"victory":false,"max_hp_per_floor":[65,65,65,65,65,65,65,65,65,65,65],"card_choices":[{"not_picked":["Sabotage","Revamp"],"picked":"Starlight","floor":1},{"not_picked":["ShatteredReality","Alleviate"],"picked":"BestPractice","floor":2},{"not_picked":["Reset","Potential","DoubleEdge"],"picked":"SKIP","floor":3},{"not_picked":["Shuttle","Desolation"],"picked":"BottledTime","floor":6},{"not_picked":["BestPractice","Comet"],"picked":"Rearm","floor":6},{"not_picked":["Sabotage","Rewind","MurderousAura"],"picked":"SKIP","floor":9}],"player_experience":174970,"relics_obtained":[{"floor":6,"key":"Smiling Mask"}],"event_choices":[],"is_beta":false,"boss_relics":[],"items_purged_floors":[],"is_endless":false,"potions_floor_spawned":[1,9],"killed_by":"Lagavulin","ascension_level":0}}