{"host":"7wi4qgm5yw4j7oz0","time":1614006134,"event":{"mods":["AchievementEnabler","BaseMod","Block Reminder","Colored Map","Colored Powertips","Highlight Path","Minty Spire (QoL Compilation)","Permanent Neow","Random Character Button","StSLib","SuperFastMode","everything is the same but u backflip on backflip"],"gold_per_floor":[109,109,124,137,149,149,178,27,27,27,43,43,78,94,94,168,168,186,186,204,224,224,224,224,224,224,224,235,254,266,22,22,22,22],"floor_reached":33,"language":"KOR","playtime":1337,"items_purged":["Strike_R","Strike_R"],"score":453,"play_id":"c7b819f3-6bd7-457a-bcfc-933903f9b425","local_time":"20210223000214","is_ascension_mode":true,"campfire_choices":[{"data":"Body Slam","floor":6.0,"key":"SMITH"},{"data":"Whirlwind","floor":10.0,"key":"SMITH"},{"data":"Bash","floor":12.0,"key":"SMITH"},{"floor":15.0,"key":"REST"},{"data":"True Grit","floor":23.0,"key":"SMITH"},{"data":"Limit Break","floor":25.0,"key":"SMITH"},{"data":"Battle Trance","floor":27.0,"key":"SMITH"},{"floor":32.0,"key":"REST"}],"circlet_count":0,"master_deck":["AscendersBane","Strike_R","Defend_R","Defend_R+1","Defend_R","Defend_R+1","Bash+1","Reckless Charge","Body Slam+1","Twin Strike","Headbutt","Whirlwind+1","Metallicize","Double Tap","Battle Trance+1","True Grit+1","Shrug It Off+1","Limit Break+1","Twin Strike","Deep Breath","Feel No Pain","Fiend Fire"],"relics":["Burning Blood","Shuriken","Self Forming Clay","Pen Nib","Sozu","Bronze Scales"],"acts_visited":["Exordium","TheCity"],"potions_floor_usage":[],"damage_taken":[{"damage":2.0,"enemies":"Small Slimes","floor":1.0,"turns":4.0},{"damage":0.0,"enemies":"2 Louse","floor":3.0,"turns":3.0},{"damage":1.0,"enemies":"Cultist","floor":4.0,"turns":3.0},{"damage":16.0,"enemies":"Blue Slaver","floor":5.0,"turns":4.0},{"damage":18.0,"enemies":"Gremlin Nob","floor":7.0,"turns":4.0},{"damage":0.0,"enemies":"Large Slime","floor":11.0,"turns":4.0},{"damage":19.0,"enemies":"3 Sentries","floor":13.0,"turns":5.0},{"damage":12.0,"enemies":"Red Slaver","floor":14.0,"turns":3.0},{"damage":35.0,"enemies":"Slime Boss","floor":16.0,"turns":8.0},{"damage":10.0,"enemies":"3 Byrds","floor":18.0,"turns":3.0},{"damage":0.0,"enemies":"Spheric Guardian","floor":20.0,"turns":2.0},{"damage":11.0,"enemies":"Centurion and Healer","floor":21.0,"turns":4.0},{"damage":22.0,"enemies":"Cultist and Chosen","floor":28.0,"turns":6.0},{"damage":12.0,"enemies":"Snake Plant","floor":29.0,"turns":3.0},{"damage":12.0,"enemies":"Snecko","floor":30.0,"turns":3.0},{"damage":80,"enemies":"Automaton","floor":33,"turns":6}],"seed_played":"8617248863346377241","potions_obtained":[{"floor":1.0,"key":"PowerPotion"},{"floor":3.0,"key":"Weak Potion"},{"floor":16.0,"key":"FearPotion"}],"is_trial":false,"path_per_floor":["M","?","M","M","M","R","E","$","T","R","M","R","E","M","R","B",null,"M","?","M","M","?","R","?","R","T","R","M","M","M","$","R","B"],"character_chosen":"IRONCLAD","items_purchased":["Whirlwind","Fiend Fire"],"campfire_rested":2,"item_purchase_floors":[8,31],"current_hp_per_floor":[72,49,55,60,50,50,38,38,38,38,44,44,31,25,47,18,61,57,57,63,58,58,58,46,46,46,46,30,24,18,18,40,0,0],"gold":22,"neow_bonus":"TRANSFORM_CARD","is_daily":false,"chose_seed":false,"campfire_upgraded":6,"win_rate":0.0,"timestamp":1614006134,"path_taken":["M","?","M","M","M","R","E","$","T","R","M","R","E","M","R","BOSS","M","?","M","M","?","R","?","R","T","R","M","M","M","$","R","BOSS"],"items_purchased_type":["Card","Card"],"build_version":"2020-12-22","purchased_purges":2,"victory":false,"max_hp_per_floor":[75,75,75,75,75,75,75,75,75,75,75,75,75,75,75,75,75,75,75,75,75,75,75,75,75,75,75,75,75,75,75,75,75,75],"card_choices":[{"not_picked":["Blood for Blood","Havoc"],"picked":"Body Slam","floor":1.0},{"not_picked":["Armaments","Warcry"],"picked":"Twin Strike","floor":3.0},{"not_picked":["Infernal Blade","Warcry","Dual Wield"],"picked":"SKIP","floor":4.0},{"not_picked":["Hemokinesis","Warcry"],"picked":"Headbutt","floor":5.0},{"not_picked":["Reckless Charge","Flex"],"picked":"Perfected Strike","floor":7.0},{"not_picked":["True Grit","Clash","Body Slam"],"picked":"SKIP","floor":11.0},{"not_picked":["Twin Strike","Heavy Blade"],"picked":"Metallicize","floor":13.0},{"not_picked":["Perfected Strike","Armaments","Burning Pact"],"picked":"SKIP","floor":14.0},{"not_picked":["Barricade","Berserk"],"picked":"Double Tap","floor":16.0},{"not_picked":["Flex","Uppercut","Clash"],"picked":"SKIP","floor":18.0},{"not_picked":["Searing Blow","Flex"],"picked":"True Grit","floor":20.0},{"not_picked":["Thunderclap","Power Through"],"picked":"Shrug It Off+1","floor":21.0},{"not_picked":["Blood for Blood","Intimidate"],"picked":"Feel No Pain","floor":28.0},{"not_picked":["Pommel Strike+1","Cleave","Thunderclap"],"picked":"SKIP","floor":29.0},{"not_picked":["Heavy Blade","Iron Wave","Sword Boomerang"],"picked":"SKIP","floor":30.0}],"player_experience":348427,"relics_obtained":[{"floor":7.0,"key":"Shuriken"},{"floor":9.0,"key":"Self Forming Clay"},{"floor":13.0,"key":"Pen Nib"},{"floor":26.0,"key":"Bronze Scales"}],"event_choices":[{"damage_healed":0.0,"max_hp_gain":0.0,"max_hp_loss":0.0,"gold_gain":0.0,"event_name":"Shining Light","player_choice":"Entered Light","floor":2.0,"gold_loss":0.0,"damage_taken":23.0,"cards_upgraded":["Defend_R","Defend_R"]},{"damage_healed":0.0,"max_hp_gain":0.0,"max_hp_loss":0.0,"gold_gain":0.0,"event_name":"The Library","player_choice":"Read","floor":19.0,"gold_loss":0.0,"damage_taken":0.0,"cards_obtained":["Battle Trance"]},{"damage_healed":0.0,"max_hp_gain":0.0,"max_hp_loss":0.0,"gold_gain":0.0,"cards_transformed":["Perfected Strike","Strike_R"],"event_name":"Drug Dealer","player_choice":"Became Test Subject","floor":22.0,"gold_loss":0.0,"damage_taken":0.0,"cards_obtained":["Limit Break","Twin Strike"]},{"damage_healed":0.0,"max_hp_gain":0.0,"max_hp_loss":0.0,"gold_gain":0.0,"event_name":"Knowing Skull","player_choice":"CARD ","floor":24.0,"potions_obtained":[],"gold_loss":0.0,"damage_taken":12.0,"cards_obtained":["Deep Breath"]},{"damage_healed":0.0,"max_hp_gain":0.0,"max_hp_loss":0.0,"gold_gain":0.0,"event_name":"Knowing Skull","player_choice":"CARD ","floor":24.0,"potions_obtained":[],"gold_loss":0.0,"damage_taken":12.0,"cards_obtained":["Deep Breath"]}],"is_beta":false,"boss_relics":[{"not_picked":["Tiny House","Philosopher\u0027s Stone"],"picked":"Sozu"}],"items_purged_floors":[8,31],"is_endless":false,"potions_floor_spawned":[1,3,4,11,16,21,28,30],"killed_by":"Automaton","ascension_level":15}}