{"host":"2ifzph3yvi2kkz1c","time":1614020393,"event":{"mods":["BaseMod","BetterRewards","Colored Map","Conspire","Minty Spire (QoL Compilation)","Permanent Neow","Replay The Spire","StSLib","The Bug Knight"],"gold_per_floor":[110,125,161,177,187,187,112,141,141,141,172,72,85,103,103,177,177,191,191,13,33,52,83,36,67,67,80,80,109,125,135,135,210,210,227,72,72,88,107,137,137,169,169,203,90,90,101,111,111,111,111,111,39,65,65],"floor_reached":56,"language":"ENG","playtime":3645,"items_purged":["Strike_G","Normality","Strike_G","Strike_G"],"score":2497,"play_id":"295d15da-d526-4cb8-863c-b911d5624b98","local_time":"20210222135953","is_ascension_mode":true,"campfire_choices":[{"data":"Storm of Steel","floor":6,"key":"SMITH"},{"floor":28,"key":"REST"},{"floor":32,"key":"REST"},{"floor":41,"key":"REST"},{"floor":49,"key":"REST"},{"data":"Accuracy+1","floor":52,"key":"SMITH"}],"circlet_count":0,"master_deck":["AscendersBane","Strike_G+1","Strike_G","Defend_G","Defend_G","Defend_G","Defend_G","Survivor","Neutralize","Storm of Steel+1","Footwork+1","Dagger Throw+1","Acrobatics","PiercingWail","ReplayTheSpireMod:Scrap Shanks","Tactician","Cloak And Dagger","PiercingWail","ReplayTheSpireMod:Scrap Shanks","Replay:BasicMightCard+1","Calculated Gamble","Accuracy+2","PiercingWail","Terror+1","Cloak And Dagger","Dagger Throw","Hidden Blade+1","Backflip","Backflip","ReplayTheSpireMod:IOU","After Image"],"relics":["Ring of the Snake","Orichalcum","Prayer Wheel","Kunai","ReplayTheSpireMod:Ring of Collecting","Blue Doll","Busted Crown","Replay:Wax Seal","Replay:Baseball","Mercury Hourglass","Matryoshka","Black Star","Membership Card","Torii","Nunchaku","conspire:InfiniteJournal","Whetstone","Shuriken","ReplayTheSpireMod:Ring of Exchange","CeramicFish","Boot","Bag of Preparation","Vajra","Mango"],"acts_visited":["Exordium","TheCity","TheBeyond","TheEnding"],"potions_floor_usage":[8,14,14,23,25,30,39,40,55,55],"damage_taken":[{"damage":0,"enemies":"Small Slimes","floor":1,"turns":4},{"damage":0,"enemies":"2 Louse","floor":2,"turns":4},{"damage":25,"enemies":"conspire:MimicChest","floor":3,"turns":7},{"damage":1,"enemies":"conspire:RoseBush","floor":4,"turns":5},{"damage":2,"enemies":"Red Slaver","floor":5,"turns":5},{"damage":18,"enemies":"3 Sentries","floor":8,"turns":12},{"damage":10,"enemies":"Gremlin Nob","floor":11,"turns":4},{"damage":0,"enemies":"2 Fungi Beasts","floor":13,"turns":5},{"damage":1,"enemies":"Gremlin Gang","floor":14,"turns":8},{"damage":1,"enemies":"Hexaghost","floor":16,"turns":14},{"damage":0,"enemies":"3 Byrds","floor":18,"turns":7},{"damage":10,"enemies":"Chosen","floor":21,"turns":7},{"damage":13,"enemies":"Snecko","floor":22,"turns":6},{"damage":7,"enemies":"Book of Stabbing","floor":23,"turns":6},{"damage":17,"enemies":"Gremlin Leader","floor":25,"turns":6},{"damage":7,"enemies":"Centurion and Healer","floor":27,"turns":4},{"damage":0,"enemies":"HollowMod:Nosk","floor":29,"turns":5},{"damage":0,"enemies":"Chosen and Byrds","floor":30,"turns":6},{"damage":10,"enemies":"3 Cultists","floor":31,"turns":4},{"damage":3,"enemies":"Pondfish","floor":33,"turns":12},{"damage":15,"enemies":"Orb Walker","floor":35,"turns":4},{"damage":2,"enemies":"3 Shapes","floor":38,"turns":4},{"damage":19,"enemies":"Transient","floor":39,"turns":5},{"damage":31,"enemies":"R_Hoarder","floor":40,"turns":8},{"damage":1,"enemies":"HollowMod:StalkingDevout","floor":42,"turns":3},{"damage":14,"enemies":"Reptomancer","floor":44,"turns":3},{"damage":0,"enemies":"4 Shapes","floor":47,"turns":1},{"damage":0,"enemies":"Spire Growth","floor":48,"turns":2},{"damage":16,"enemies":"conspire:OrnateMirror","floor":50,"turns":8},{"damage":1,"enemies":"Shield and Spear","floor":54,"turns":3},{"damage":47,"enemies":"The Heart","floor":55,"turns":8}],"seed_played":"-7735171226292073433","potions_obtained":[{"floor":1,"key":"Adrenaline Potion"},{"floor":2,"key":"SkillPotion"},{"floor":8,"key":"FearPotion"},{"floor":14,"key":"ColorlessPotion"},{"floor":16,"key":"Languid Potion"},{"floor":22,"key":"FearPotion"},{"floor":25,"key":"CunningPotion"},{"floor":29,"key":"GhostInAJar"},{"floor":30,"key":"FearPotion"},{"floor":37,"key":"conspire:TimeTravelPotion"},{"floor":44,"key":"ColorlessPotion"}],"is_trial":false,"path_per_floor":["M","M","?","M","M","R","$","E","T","?","E","$","M","M","R_BF","B",null,"M","?","$","M","M","E","$","E","T","M","R","E","M","M","R","B",null,"M","$","?","M","M","E","R","E","T","E","$","?","M","M","R","B",null,"R","$","E","B",null],"character_chosen":"THE_SILENT","items_purchased":["Replay:BasicMightCard+1","Accuracy+1","Membership Card","DuplicationPotion","Backflip","After Image","Bag of Preparation","EssenceOfSteel"],"campfire_rested":4,"item_purchase_floors":[20,24,36,45,53,53,53,53],"current_hp_per_floor":[59,59,34,33,31,31,31,13,13,13,3,3,3,2,21,20,55,55,55,55,45,32,25,25,8,8,1,20,20,20,10,29,26,56,41,41,41,39,39,8,27,26,26,12,12,12,12,12,31,15,53,53,53,66,19],"gold":65,"neow_bonus":"ONE_RANDOM_RARE_CARD","is_daily":false,"chose_seed":false,"campfire_upgraded":2,"win_rate":0.0,"timestamp":1614020393,"path_taken":["M","M","?","M","M","R","$","E","T","?","E","$","M","M","R_BF","BOSS","M","?","$","?","M","E","?","E","T","M","R","E","M","M","R","BOSS","M","$","?","?","?","E","R","E","T","E","$","?","M","M","R","BOSS","R","$","E","BOSS"],"items_purchased_type":["Card","Card","Relic","Potion","Card","Card","Relic","Potion"],"build_version":"2020-12-22","purchased_purges":4,"victory":true,"max_hp_per_floor":[66,66,66,66,66,66,66,66,66,66,66,66,66,66,66,66,66,66,66,66,66,66,66,66,66,66,66,66,66,66,66,66,66,66,66,66,66,66,66,66,66,66,66,66,66,66,66,66,66,66,66,66,66,80,80],"card_choices":[{"not_picked":["Leg Sweep","PiercingWail"],"picked":"Footwork","floor":1},{"not_picked":["Flying Knee","Dagger Spray"],"picked":"Dagger Throw","floor":2},{"not_picked":["Sucker Punch","Prepared"],"picked":"Acrobatics","floor":3},{"not_picked":["Dagger Throw","Sucker Punch"],"picked":"PiercingWail","floor":4},{"not_picked":["Quick Slash","Poisoned Stab","Prepared"],"picked":"SKIP","floor":5},{"not_picked":["Noxious Fumes","Heel Hook"],"picked":"ReplayTheSpireMod:Scrap Shanks","floor":8},{"not_picked":["conspire:PoisonWeapons","Poison Darts","Slice"],"picked":"SKIP","floor":11},{"not_picked":["Hidden Blade","Bane"],"picked":"Tactician","floor":13},{"not_picked":["Skewer","Replay:Poison Smokescreen","Dodge and Roll"],"picked":"SKIP","floor":13},{"not_picked":["Dagger Throw","Finisher"],"picked":"Cloak And Dagger","floor":14},{"not_picked":["Flying Knee","Acrobatics"],"picked":"PiercingWail","floor":14},{"not_picked":[],"picked":"ReplayTheSpireMod:Scrap Shanks","floor":18},{"not_picked":["Blade Dance+1"],"picked":"SKIP","floor":18},{"not_picked":["Dodge and Roll"],"picked":"SKIP","floor":21},{"not_picked":["Backstab"],"picked":"SKIP","floor":21},{"not_picked":[],"picked":"Calculated Gamble","floor":22},{"not_picked":["Flechettes+1"],"picked":"SKIP","floor":22},{"not_picked":["ReplayTheSpireMod:Tripwire+1"],"picked":"SKIP","floor":23},{"not_picked":["Leg Sweep"],"picked":"SKIP","floor":25},{"not_picked":[],"picked":"PiercingWail","floor":27},{"not_picked":["PiercingWail"],"picked":"SKIP","floor":27},{"not_picked":["Bouncing Flask"],"picked":"SKIP","floor":29},{"not_picked":["Dagger Spray"],"picked":"SKIP","floor":30},{"not_picked":["Dagger Spray"],"picked":"SKIP","floor":30},{"not_picked":[],"picked":"Terror+1","floor":31},{"not_picked":["Bane"],"picked":"SKIP","floor":31},{"not_picked":[],"picked":"Cloak And Dagger","floor":35},{"not_picked":["Bane+1"],"picked":"SKIP","floor":35},{"not_picked":["Sneak Up"],"picked":"SKIP","floor":38},{"not_picked":["Sucker Punch"],"picked":"SKIP","floor":38},{"not_picked":[],"picked":"Dagger Throw","floor":39},{"not_picked":["Finisher"],"picked":"SKIP","floor":39},{"not_picked":[],"picked":"Hidden Blade","floor":40},{"not_picked":["Accuracy"],"picked":"SKIP","floor":42},{"not_picked":["Outmaneuver+1"],"picked":"SKIP","floor":44},{"not_picked":["Quick Slash"],"picked":"SKIP","floor":47},{"not_picked":["Deadly Poison"],"picked":"SKIP","floor":47},{"not_picked":["Poisoned Stab+1"],"picked":"SKIP","floor":48},{"not_picked":["Terror"],"picked":"SKIP","floor":48},{"not_picked":["Prepared"],"picked":"SKIP","floor":54}],"player_experience":385266,"relics_obtained":[{"floor":3,"key":"Orichalcum"},{"floor":8,"key":"Prayer Wheel"},{"floor":9,"key":"Kunai"},{"floor":10,"key":"ReplayTheSpireMod:Ring of Collecting"},{"floor":10,"key":"Ring of Panic"},{"floor":11,"key":"Blue Doll"},{"floor":23,"key":"Replay:Wax Seal"},{"floor":25,"key":"Replay:Baseball"},{"floor":26,"key":"Mercury Hourglass"},{"floor":29,"key":"Matryoshka"},{"floor":40,"key":"Torii"},{"floor":40,"key":"Nunchaku"},{"floor":42,"key":"conspire:InfiniteJournal"},{"floor":42,"key":"Whetstone"},{"floor":43,"key":"Shuriken"},{"floor":43,"key":"ReplayTheSpireMod:Ring of Exchange"},{"floor":44,"key":"CeramicFish"},{"floor":44,"key":"Boot"},{"floor":54,"key":"Vajra"},{"floor":54,"key":"Mango"}],"event_choices":[{"cards_removed":["Defend_G"],"damage_healed":0,"gold_gain":0,"player_choice":"Purged","damage_taken":0,"max_hp_gain":0,"max_hp_loss":0,"event_name":"Purifier","floor":19,"gold_loss":0},{"damage_healed":0,"gold_gain":0,"player_choice":"Got Potions","damage_taken":0,"max_hp_gain":0,"max_hp_loss":0,"event_name":"Lab","floor":37,"gold_loss":0},{"damage_healed":0,"gold_gain":0,"player_choice":"Forge","damage_taken":0,"max_hp_gain":0,"max_hp_loss":0,"event_name":"Accursed Blacksmith","floor":46,"gold_loss":0,"cards_upgraded":["Hidden Blade"]}],"is_beta":false,"boss_relics":[{"not_picked":["Cursed Key","Replay:Grab Bag"],"picked":"Busted Crown"},{"not_picked":["Snecko Eye","Calling Bell"],"picked":"Black Star"}],"items_purged_floors":[7,12,20,45],"is_endless":false,"potions_floor_spawned":[1,2,8,14,16,22,25,29,30,35,44,48,54],"ascension_level":15}}