{"host":"kv06jx36eid0zw4n","time":1614017492,"event":{"mods":["AchievementEnabler","Act Like it!","Aspiration","BaseMod","Beaked The Cultist","Better Note","Better Skull","Better Third Choice","BetterRewards","Block Reminder","Bossed Relics","CCEM2","Colored Map","Conspire","Curses Come First","Dota2Spire","Elementarium","Energized Spire","Fox Events","Friendly Minions","Gensokyo","GifTheSpireLib","Glutton Mod","GungeonMod","Halation","Hallownest","Hermit","Hubris","Infinite Spire","Key Reminder","KomeijiMod","Lobotomy","LobotomyExtend","Menagerie","Mimic Mod","Minty Spire (QoL Compilation)","MostiFishMod","Pale of the Ancients","Quarter Circle Forward PUNCH!","Rare Cards Sparkle","Reliquary","Replay The Spire","Ruina","RumiaBox-????????","Small Relic Pack","Spicy Shops","StSLib","Stuff the Spire","The Blue Laboratory","The Cursed","Trackpad","Uncapped","Wandering Minibosses","Wide Potions","[IsaacMod]????"],"gold_per_floor":[116,116,116,128,142,142,142,8,48,376,389,419,419,419,419,491,491,503,513,413,413,431,448,465,496,496,530,530,559,559,559],"floor_reached":30,"language":"ENG","playtime":4838,"items_purged":[],"score":567,"play_id":"097f64ee-86b3-4466-9621-88f5bfb6eda3","local_time":"20210222191132","is_ascension_mode":true,"campfire_choices":[{"data":"Armaments","floor":6.0,"key":"SMITH"},{"floor":13.0,"key":"RECALL"},{"data":"Shockwave","floor":15.0,"key":"SMITH"},{"data":"hubris:Rewind","floor":28.0,"key":"SMITH"}],"circlet_count":0,"master_deck":["AscendersBane","Defend_R","Defend_R","Defend_R","Defend_R","Bash","Whirlwind","Shockwave+1","Reaper","Armaments+1","Dark Embrace","Whirlwind","Barricade+1","StuffTheSpire:RagingBull","Metallicize","Limit Break+1","Demon Form+1","TheCursedMod:SurpriseAttack","Go for the Eyes","Glutton:GuardStance","MostiFishMod:VineMother","KeiseiJin+1","Shrug It Off+1","Whirlwind","Demon Form+1","hubris:Rewind+1","ReplayTheSpireMod:Limb From Limb","ReplayTheSpireMod:Limb From Limb","Corruption+1","Corruption+1","Armaments","Barricade+1","MostiFishMod:MusicBox+1","Havoc+1","Magnetism+1","Dark Embrace"],"relics":["Burning Blood","DaveBox","HushsDoor","NightmareShop","TheBean","aspiration:Nostalgia","PureWater","SynthV:TestCard","LetterFromLob","Golden Egg","trackpad:Compendium","Ccalipers","keyreminder:keyreminder","CCEMRelics:Francisca","qcfpunch:Killian_Engine_Alpha","wanderingMiniBosses:AbyssPearl","halation:NonexistentMirror","Ancient Tea Set","CCEMRelics:FestiveHat","CCEMRelics:Apple","DemoMod:GlassGuonStoneRelic","trackpad:WondrousWand"],"acts_visited":["Gensokyo:Gensokyo","ruina:Briah"],"potions_floor_usage":[],"damage_taken":[{"damage":0.0,"enemies":"Gensokyo:3_Fairies","floor":1.0,"turns":4.0},{"damage":0.0,"enemies":"Gensokyo:Python","floor":4.0,"turns":1.0},{"damage":0.0,"enemies":"Gensokyo:Gryphon","floor":5.0,"turns":1.0},{"damage":38.0,"enemies":"Gensokyo:VengefulSpirit","floor":9.0,"turns":15.0},{"damage":21.0,"enemies":"Gensokyo:Aya","floor":10.0,"turns":5.0},{"damage":0.0,"enemies":"Gensokyo:VengefulSpirit","floor":11.0,"turns":2.0},{"damage":2.0,"enemies":"Gensokyo:Mamizou","floor":12.0,"turns":8.0},{"damage":18.0,"enemies":"Gensokyo:Reimu","floor":16.0,"turns":8.0},{"damage":21.0,"enemies":"ruina:Nosferatu","floor":18.0,"turns":8.0},{"damage":0.0,"enemies":"ruina:3_Bats","floor":19.0,"turns":3.0},{"damage":3.0,"enemies":"ruina:QueenOfHate","floor":22.0,"turns":2.0},{"damage":7.0,"enemies":"ruina:3_Scarecrows","floor":23.0,"turns":3.0},{"damage":10.0,"enemies":"ruina:KingOfGreed","floor":24.0,"turns":4.0},{"damage":23.0,"enemies":"ruina:ServantOfWrath","floor":25.0,"turns":4.0},{"damage":0.0,"enemies":"ruina:Mountain","floor":27.0,"turns":6.0},{"damage":21.0,"enemies":"ruina:ServantOfWrath","floor":29.0,"turns":4.0}],"seed_played":"-6584368307383309725","potions_obtained":[{"floor":4.0,"key":"Energy Potion"},{"floor":5.0,"key":"DemoMod:LeadSkinPotion"},{"floor":22.0,"key":"LiquidMemories"},{"floor":25.0,"key":"BlessingOfTheForge"},{"floor":27.0,"key":"blueLaboratory:ConflagurationPotion"}],"is_trial":false,"path_per_floor":["M","?","?","M","M","R","E","COS","MIM","E","M","E","R","?","R","B",null,"M","M","?","AVR","M","M","M","E","T","E","R","E","$"],"character_chosen":"IRONCLAD","items_purchased":[],"campfire_rested":0,"item_purchase_floors":[],"current_hp_per_floor":[74,74,56,62,72,72,72,72,42,27,33,37,37,37,37,58,71,75,75,75,75,75,75,75,75,75,75,75,67,67,67],"gold":559,"neow_bonus":"NOSTALGIA","is_daily":false,"chose_seed":false,"campfire_upgraded":3,"win_rate":0.0,"timestamp":1614017492,"path_taken":["M","?","?","M","M","R","E","COS","MIM","E","M","E","R","?","R","BOSS","M","M","?","AVR","M","M","?","E","T","E","R","E","$"],"items_purchased_type":[],"build_version":"2020-12-22","purchased_purges":0,"victory":false,"max_hp_per_floor":[75,75,75,75,75,75,75,75,75,75,75,75,75,75,75,75,75,75,75,75,75,75,75,75,75,75,75,75,75,75,75],"card_choices":[{"not_picked":[],"picked":"ChaosCard","floor":0.0},{"not_picked":["Metallicize","Uppercut"],"picked":"Whirlwind","floor":1.0},{"not_picked":["Headbutt","Thunderclap","Pommel Strike","Blood for Blood"],"picked":"Shockwave","floor":2.0},{"not_picked":["StuffTheSpire:RockThrow","Warcry","Pommel Strike","StuffTheSpire:Incineration"],"picked":"Reaper","floor":2.0},{"not_picked":["ReplayReversal","Heavy Blade","Clothesline","Iron Wave"],"picked":"Armaments","floor":4.0},{"not_picked":["Shrug It Off","Searing Blow","Life Link","Blood for Blood"],"picked":"Dark Embrace","floor":5.0},{"not_picked":["Flame Barrier","hubris:CleavingFinish","True Grit","Body Slam"],"picked":"Whirlwind","floor":9.0},{"not_picked":["MostiFishMod:NewArrival","MostiFishMod:OrdinaryWorld","Bludgeon","MostiFishMod:HellRitual"],"picked":"Barricade","floor":10.0},{"not_picked":["Clash","Entrench","Wild Strike","Brutality"],"picked":"StuffTheSpire:RagingBull","floor":10.0},{"not_picked":["Thunderclap","Carnage","Burning Pact","Replay:Undeath\u0027s Touch"],"picked":"Metallicize","floor":11.0},{"not_picked":["Perfected Strike","Body Slam","Hemokinesis","Dual Wield"],"picked":"Limit Break","floor":12.0},{"not_picked":["MostiFishMod:RacingGame","MostiFishMod:ChineseTea","Impervious","Barricade"],"picked":"Demon Form","floor":16.0},{"not_picked":["Body Slam","hubris:SharpeningStone","Warcry","Clash"],"picked":"Shrug It Off+1","floor":18.0},{"not_picked":["Headbutt","Flame Barrier","hubris:CleavingFinish","MostiFishMod:TemporaryOutbreak"],"picked":"Whirlwind","floor":19.0},{"not_picked":["MostiFishMod:RainCloud","Eclipse","Replay:Many Hands","MostiFishMod:OrdinaryWorld"],"picked":"Demon Form","floor":20.0},{"not_picked":["StuffTheSpire:Slingshot","Twin Strike","Flex","StuffTheSpire:Incineration"],"picked":"ReplayTheSpireMod:Limb From Limb","floor":22.0},{"not_picked":["StuffTheSpire:Slingshot","Flex","Shockwave","Clothesline"],"picked":"Corruption","floor":23.0},{"not_picked":["Pummel","Run Through+1","Anger","Wild Strike"],"picked":"Armaments","floor":24.0},{"not_picked":["Brutality","StuffTheSpire:RockThrow","Twin Strike","StuffTheSpire:Slingshot+1"],"picked":"Barricade","floor":25.0},{"not_picked":["Trip+1","Replay:Sssssssssstrike+1","StuffTheSpire:PlasmaPulse+1","ReplayTheSpireMod:Private Reserves+1"],"picked":"MostiFishMod:MusicBox+1","floor":27.0},{"not_picked":["DemoMod:WhiteBlade","StuffTheSpire:Incineration","Sword Boomerang","StuffTheSpire:RockThrow"],"picked":"Havoc+1","floor":27.0},{"not_picked":["Survey Options+1","Madness+1","StuffTheSpire:PlasmaPunch+1","Bomb"],"picked":"Magnetism+1","floor":29.0},{"not_picked":["ReplayReversal","Warcry","True Grit","Wild Strike"],"picked":"Dark Embrace","floor":29.0}],"player_experience":1670538,"relics_obtained":[{"floor":1.0,"key":"SynthV:TestCard"},{"floor":1.0,"key":"LetterFromLob"},{"floor":9.0,"key":"trackpad:Compendium"},{"floor":10.0,"key":"Ccalipers"},{"floor":12.0,"key":"CCEMRelics:Francisca"},{"floor":18.0,"key":"wanderingMiniBosses:AbyssPearl"},{"floor":25.0,"key":"Ancient Tea Set"},{"floor":26.0,"key":"CCEMRelics:FestiveHat"},{"floor":27.0,"key":"CCEMRelics:Apple"},{"floor":29.0,"key":"trackpad:WondrousWand"}],"event_choices":[],"is_beta":false,"boss_relics":[{"not_picked":["Runic Dome","relicPack:ShieldShield"],"picked":"qcfpunch:Killian_Engine_Alpha"},{"not_picked":[]}],"items_purged_floors":[],"is_endless":false,"potions_floor_spawned":[4,5,16,22,25,27],"ascension_level":18}}