{"host":"8zzc9mdnfkdiyxma","time":1614022394,"event":{"mods":["2.2 Compatiblity","BaseMod","Better Altar","Better Match","Better Note","Better Sensory Stone","Better Skull","Better Third Choice","Better Vampires","Colored Map","Colored Powertips","Dark Map","Emptier Cage","Extra Virgin Snecko Oil","Minty Spire (QoL Compilation)","Permanent Neow","RNG Fix","Rare Cards Sparkle","Relic Filter","Reliquary","SacredBarkPlus","Smile Girya","StSLib","Waifu the Spire"],"gold_per_floor":[361,326,152,152,152,152,8,8,33,64,85,2,2,16,16,16,16],"floor_reached":16,"language":"ENG","playtime":683,"items_purged":["Defend_B","Injury"],"score":192,"play_id":"d297c30c-61c9-406e-ac20-bfbf15930a27","local_time":"20210222143314","is_ascension_mode":true,"campfire_choices":[{"data":"Zap","floor":6,"key":"SMITH"},{"data":"Dualcast","floor":8,"key":"SMITH"},{"floor":15,"key":"REST"}],"circlet_count":0,"master_deck":["AscendersBane","Strike_B","Strike_B","Strike_B","Strike_B","Defend_B","Defend_B","Zap+1","Dualcast+1","Scrape","Panacea","Melter","Glacier","Conserve Battery","Conserve Battery","Beam Cell","Loop"],"relics":["Cracked Core","Golden Idol","Lantern","Pocketwatch"],"acts_visited":["Exordium"],"potions_floor_usage":[16,16],"damage_taken":[{"damage":2,"enemies":"Cultist","floor":1,"turns":4},{"damage":35,"enemies":"Lagavulin","floor":10,"turns":5},{"damage":7,"enemies":"Jaw Worm","floor":11,"turns":2},{"damage":4,"enemies":"Small Slimes","floor":14,"turns":3},{"damage":37,"enemies":"Slime Boss","floor":16,"turns":7}],"seed_played":"4950307414645824168","potions_obtained":[{"floor":1,"key":"LiquidBronze"},{"floor":11,"key":"ColorlessPotion"}],"is_trial":false,"path_per_floor":["M","?","$","?","?","R","$","R","T","E","M","$","?","M","R","B"],"character_chosen":"DEFECT","items_purchased":["Panacea","Melter","Conserve Battery","Beam Cell"],"campfire_rested":1,"item_purchase_floors":[3,7,12,12],"current_hp_per_floor":[44,61,61,61,66,66,66,66,66,31,24,24,17,13,35,0,0],"gold":16,"neow_bonus":"TWO_FIFTY_GOLD","is_daily":false,"chose_seed":false,"campfire_upgraded":2,"win_rate":0.0,"timestamp":1614022394,"path_taken":["M","?","$","?","?","R","$","R","T","E","M","?","?","M","R","BOSS"],"items_purchased_type":["Card","Card","Card","Card"],"build_version":"2020-12-22","purchased_purges":2,"victory":false,"max_hp_per_floor":[71,71,71,71,76,76,76,76,76,76,76,76,76,76,76,76,76],"card_choices":[{"not_picked":["Beam Cell","Barrage"],"picked":"Scrape","floor":1},{"not_picked":["Stack","Consume"],"picked":"Glacier","floor":10},{"not_picked":["Reinforced Body","Rainbow"],"picked":"Conserve Battery","floor":11},{"not_picked":["Redo","Sunder"],"picked":"Loop","floor":14}],"player_experience":1012248,"relics_obtained":[{"floor":9,"key":"Lantern"},{"floor":10,"key":"Pocketwatch"}],"event_choices":[{"damage_healed":17,"gold_gain":0,"player_choice":"Healed","damage_taken":0,"max_hp_gain":0,"max_hp_loss":0,"event_name":"The Cleric","floor":2,"gold_loss":35},{"damage_healed":0,"gold_gain":0,"player_choice":"Take Wound","damage_taken":0,"relics_obtained":["Golden Idol"],"max_hp_gain":0,"max_hp_loss":0,"event_name":"Golden Idol","floor":4,"gold_loss":0,"cards_obtained":["Injury"]},{"damage_healed":0,"gold_gain":0,"player_choice":"Donut","damage_taken":0,"max_hp_gain":5,"max_hp_loss":0,"event_name":"Big Fish","floor":5,"gold_loss":0},{"cards_removed":["Defend_B"],"damage_healed":0,"gold_gain":0,"player_choice":"Card Removal","damage_taken":7,"max_hp_gain":0,"max_hp_loss":0,"event_name":"Golden Wing","floor":13,"gold_loss":0}],"is_beta":false,"boss_relics":[],"items_purged_floors":[3,7],"is_endless":false,"potions_floor_spawned":[1,11],"killed_by":"Slime Boss","ascension_level":20}}