{"host":"sxnl403xm2xmiyj1","time":1614003734,"event":{"mods":["BaseMod","Colored Map","Keyboard Shortcuts","Koishi","Lobotomy","Minty Spire (QoL Compilation)","Quick Restart","StSLib","SuperFastMode"],"gold_per_floor":[219,230,230,246,10,10,67,67,93,112,60,60,85,102,102,198,198,210,210,229,229,244,244,257,286,286,286,300,311,340,94,94,199,199,214,226,246,263,274,306,306,336,361,361,380,410,410,435,435,435],"floor_reached":51,"language":"KOR","playtime":3077,"items_purged":["SpecialBullet"],"score":1365,"play_id":"f3b74b04-e87a-4eb6-be80-8a0fea30e9c3","local_time":"20210222232214","is_ascension_mode":true,"campfire_choices":[{"floor":44,"key":"RECALL"}],"circlet_count":0,"master_deck":["ApocalypseBird","PunishingBird","LongBird","BigBird","SpecialBullet","SpecialBullet","SpecialBullet","SpecialBullet","SpecialBullet","SpecialBullet","InformationCode","SecurityCode","DisciplinaryCode","SpiderBud","Soda","CrumblingArmor","UniverseFragment","Soda","TheSmile","Variant","OSAHOGD","ScreamingWedge","Regret_ego","TrainingCode","OldLady","GreenStem","DreamingCurrent","Pinks","Regret_ego","RecordCode","WallGazer","Regret_ego","DisciplinaryCode","BodiesMountain","RedShoes","CherryBlossom","GoldRush","ShedSkin","Regret_ego","FourthMatchFlame","Mercenary","Twilight","FieryBird","QueenOfHatred","WristCuter","BlackSwan","Regret_ego","LaLuna","FourthMatchFlame","BlackArmy","CherryBlossom+1"],"relics":["CogitoBucket","RabbitCall","Kunai","Singing Bowl","AspirationHeart","Philosopher\u0027s Stone","LuminousBracelet","Regal Pillow","White Beast Statue","FossilizedHelix","Bag of Marbles","Cursed Key","SkinProphecy","Calipers","Smiling Mask","MealTicket","Anchor","Twilight","Meat on the Bone"],"acts_visited":["Exordium","TheCity","TheBeyond"],"potions_floor_usage":[35,51,51,51],"damage_taken":[{"damage":12.0,"enemies":"Small Slimes","floor":1.0,"turns":3.0},{"damage":6.0,"enemies":"Cultist","floor":2.0,"turns":3.0},{"damage":12.0,"enemies":"Jaw Worm","floor":4.0,"turns":2.0},{"damage":27.0,"enemies":"3 Sentries","floor":7.0,"turns":5.0},{"damage":12.0,"enemies":"2 Fungi Beasts","floor":10.0,"turns":4.0},{"damage":30.0,"enemies":"3 Sentries","floor":13.0,"turns":11.0},{"damage":15.0,"enemies":"Looter","floor":14.0,"turns":6.0},{"damage":32.0,"enemies":"Hexaghost","floor":16.0,"turns":8.0},{"damage":8.0,"enemies":"Chosen","floor":18.0,"turns":6.0},{"damage":47,"enemies":"Spheric Guardian","floor":20,"turns":8},{"damage":57,"enemies":"Centurion and Healer","floor":22,"turns":10},{"damage":32,"enemies":"Snake Plant","floor":24,"turns":11},{"damage":52,"enemies":"Gremlin Leader","floor":25,"turns":10},{"damage":102,"enemies":"Sentry and Sphere","floor":28,"turns":6},{"damage":29,"enemies":"Centurion and Healer","floor":29,"turns":5},{"damage":87,"enemies":"Book of Stabbing","floor":30,"turns":5},{"damage":79,"enemies":"Automaton","floor":33,"turns":8},{"damage":253,"enemies":"3 Darklings","floor":35,"turns":9},{"damage":4,"enemies":"3 Shapes","floor":36,"turns":2},{"damage":10,"enemies":"Jaw Worm Horde","floor":37,"turns":3},{"damage":6,"enemies":"Maw","floor":38,"turns":4},{"damage":40,"enemies":"Writhing Mass","floor":39,"turns":4},{"damage":15,"enemies":"Nemesis","floor":40,"turns":4},{"damage":24,"enemies":"Giant Head","floor":42,"turns":5},{"damage":20,"enemies":"Spire Growth","floor":45,"turns":3},{"damage":60,"enemies":"Nemesis","floor":46,"turns":5},{"damage":86,"enemies":"Transient","floor":47,"turns":6},{"damage":0,"enemies":"Reptomancer","floor":48,"turns":2},{"damage":120,"enemies":"FixerMidnight","floor":50,"turns":6},{"damage":41,"enemies":"Malkuth","floor":51,"turns":5},{"damage":77,"enemies":"Netzach","floor":51,"turns":4},{"damage":128,"enemies":"Geburah","floor":51,"turns":6},{"damage":128,"enemies":"Binah","floor":51,"turns":7}],"seed_played":"8916197807231558009","potions_obtained":[{"floor":2.0,"key":"PowerPotion"},{"floor":7.0,"key":"DuplicationPotion"},{"floor":13.0,"key":"SkillPotion"},{"floor":18.0,"key":"SkillPotion"},{"floor":35,"key":"FearPotion"},{"floor":40,"key":"PowerPotion"},{"floor":45,"key":"Energy Potion"}],"is_trial":false,"path_per_floor":["M","M","?","M","$","R","?","?","T","M","$","R","E","M","R","B",null,"M","?","M","?","M","R","M","E","T","R","M","M","E","$","R","B",null,"M","M","M","M","M","E","R","E","T","R","M","E","M","E","R","B",null],"character_chosen":"Angela","items_purchased":["TheSmile","Regret_ego","Regret_ego","FourthMatchFlame","Bag of Marbles"],"campfire_rested":0,"item_purchase_floors":[5,11,31,31,31],"current_hp_per_floor":[59,64,64,54,54,54,42,47,47,50,50,50,35,46,46,36,83,99,99,101,101,109,109,130,134,134,134,95,117,87,87,87,117,137,111,128,148,168,170,176,176,180,180,180,186,194,188,202,202,148],"gold":435,"neow_bonus":"HUNDRED_GOLD","is_daily":false,"chose_seed":false,"campfire_upgraded":0,"win_rate":0.0,"timestamp":1614003734,"path_taken":["M","M","?","M","?","R","?","?","T","M","$","R","E","M","R","BOSS","M","?","M","?","?","R","M","E","T","R","M","?","E","$","R","BOSS","M","M","M","M","M","E","R","E","T","R","M","E","M","E","R","BOSS"],"items_purchased_type":["Card","Card","Card","Card","Relic"],"build_version":"2020-12-22","purchased_purges":1,"victory":true,"max_hp_per_floor":[70,70,70,70,70,70,70,75,75,79,79,79,85,95,95,99,99,99,99,103,103,109,109,130,134,134,134,138,138,140,140,140,144,144,150,156,160,168,170,176,176,180,180,180,186,194,198,202,202,204],"card_choices":[{"not_picked":["Bloodbath","PunishingBird"],"picked":"SpiderBud","floor":1.0},{"not_picked":["WristCuter"],"picked":"Soda","floor":1.0},{"not_picked":["FairyFestival","Scorched"],"picked":"CrumblingArmor","floor":2.0},{"not_picked":["Wingbeat","Hypocrisy"],"picked":"SKIP","floor":2.0},{"not_picked":["Wellcheers","BeautyBeast"],"picked":"UniverseFragment","floor":4.0},{"not_picked":["Loneliness"],"picked":"Soda","floor":4.0},{"not_picked":["CherryBlossoms","FairyFestival"],"picked":"Variant","floor":7.0},{"not_picked":["PunishingBird","Scorched"],"picked":"OSAHOGD","floor":10.0},{"not_picked":["Loneliness"],"picked":"ScreamingWedge","floor":10.0},{"not_picked":["Wellcheers","ShyLook"],"picked":"OldLady","floor":13.0},{"not_picked":["Pleasure","RedEyes"],"picked":"Singing Bowl","floor":13.0},{"not_picked":["SomewhereSpear"],"picked":"GreenStem","floor":14.0},{"not_picked":["NakedNest","BeautyBeast"],"picked":"DreamingCurrent","floor":16.0},{"not_picked":["SoundOfStar"],"picked":"Pinks","floor":16.0},{"not_picked":["SomewhereSpear"],"picked":"Regret_ego","floor":18.0},{"not_picked":["ShyLook","FairyFestival"],"picked":"WallGazer","floor":20},{"not_picked":["CherryBlossom"],"picked":"Regret_ego","floor":20},{"not_picked":["HappyTeddy","Porccubus"],"picked":"LongBird","floor":22},{"not_picked":["GreenStem+1","Amita"],"picked":"Singing Bowl","floor":22},{"not_picked":["MHz","Scorched"],"picked":"BodiesMountain","floor":24},{"not_picked":["BloodyDesire","RedEyes"],"picked":"Singing Bowl","floor":24},{"not_picked":["Mercenary","Laetitia"],"picked":"RedShoes","floor":25},{"not_picked":["SolemnVow+1"],"picked":"CherryBlossom","floor":25},{"not_picked":["Wellcheers","Rudolta"],"picked":"PunishingBird","floor":28},{"not_picked":["CherryBlossom"],"picked":"GoldRush","floor":28},{"not_picked":["Spore"],"picked":"ShedSkin","floor":29},{"not_picked":["Horn","Tough"],"picked":"Singing Bowl","floor":30},{"not_picked":["CherryBlossoms","BigBadWolf"],"picked":"Mercenary","floor":33},{"not_picked":["Pinks"],"picked":"Twilight","floor":33},{"not_picked":["Scarecrow","VoidDream"],"picked":"FieryBird","floor":35},{"not_picked":["Heaven+1","Galaxy+1"],"picked":"Singing Bowl","floor":35},{"not_picked":["LaLuna","Scarecrow"],"picked":"QueenOfHatred","floor":36},{"not_picked":["Diffraction"],"picked":"WristCuter","floor":36},{"not_picked":["Beak","SomewhereSpear"],"picked":"Singing Bowl","floor":37},{"not_picked":["QueenBee","MeltingLove"],"picked":"BlackSwan","floor":38},{"not_picked":["FrostShard+1","GrinderMk4"],"picked":"Singing Bowl","floor":38},{"not_picked":["Lamp+1"],"picked":"Regret_ego","floor":39},{"not_picked":["CherryBlossoms","DespairKnight"],"picked":"LaLuna","floor":40},{"not_picked":["Tough"],"picked":"FourthMatchFlame","floor":40},{"not_picked":["FrostShard+1","Horn+1"],"picked":"Singing Bowl","floor":42},{"not_picked":["Alriune","Scarecrow"],"picked":"BlackArmy","floor":45},{"not_picked":["Soda+1"],"picked":"CherryBlossom+1","floor":45},{"not_picked":["Bloodbath","BlueStar"],"picked":"BigBird","floor":46},{"not_picked":["FrostShard+1","TodaysExpression+1"],"picked":"Singing Bowl","floor":46},{"not_picked":["Beak+1","CrimsonScar"],"picked":"Singing Bowl","floor":47},{"not_picked":["SomewhereSpear","Loneliness+1"],"picked":"Singing Bowl","floor":48}],"player_experience":357628,"relics_obtained":[{"floor":7.0,"key":"Kunai"},{"floor":13.0,"key":"Singing Bowl"},{"floor":25,"key":"Regal Pillow"},{"floor":26,"key":"White Beast Statue"},{"floor":30,"key":"FossilizedHelix"},{"floor":40,"key":"Calipers"},{"floor":42,"key":"Smiling Mask"},{"floor":43,"key":"MealTicket"},{"floor":46,"key":"Anchor"},{"floor":47,"key":"Twilight"},{"floor":48,"key":"Meat on the Bone"}],"event_choices":[{"cards_removed":["SpecialBullet"],"damage_healed":0.0,"max_hp_gain":0.0,"max_hp_loss":0.0,"gold_gain":0.0,"event_name":"Purifier","player_choice":"Purged","floor":3.0,"gold_loss":0.0,"damage_taken":0.0},{"damage_healed":0.0,"max_hp_gain":0.0,"max_hp_loss":0.0,"gold_gain":30.0,"event_name":"Dead Adventurer","player_choice":"Searched \u00273\u0027 times","floor":7.0,"gold_loss":0.0,"damage_taken":0.0},{"damage_healed":0.0,"max_hp_gain":5.0,"max_hp_loss":0.0,"gold_gain":0.0,"event_name":"Big Fish","player_choice":"Donut","floor":8.0,"gold_loss":0.0,"damage_taken":0.0},{"damage_healed":0.0,"max_hp_gain":0.0,"max_hp_loss":0.0,"gold_gain":0.0,"event_name":"Ghosts","player_choice":"Ignored","floor":19.0,"gold_loss":0.0,"damage_taken":0.0},{"damage_healed":0,"gold_gain":0,"player_choice":"Copied","damage_taken":0,"max_hp_gain":0,"max_hp_loss":0,"event_name":"Duplicator","floor":21,"gold_loss":0,"cards_obtained":["DisciplinaryCode"]}],"is_beta":false,"boss_relics":[{"not_picked":["Snecko Eye","Tiny House"],"picked":"Philosopher\u0027s Stone"},{"not_picked":["SlaversCollar","Sozu"],"picked":"Cursed Key"}],"items_purged_floors":[5],"is_endless":false,"potions_floor_spawned":[2,7,13,14,18,20,28,29,30,33,35,36,37,38,39,40,42,45,46,47,48,51,51,51,51],"ascension_level":11}}