{"host":"d6oxvn0vsgxeumax","time":1614022493,"event":{"mods":["BaseMod","Better Altar","Better Match","Better Note","Better Sensory Stone","Better Skull","Better Third Choice","BetterRewards","Bossed Relics","Colored Map","Colored Powertips","Defuse TimeMaze Blight","Downfall","Hubris","Minty Spire (QoL Compilation)","Relic Sorter","Replay The Spire","Shop Mod","Spicy Shops","Spire Arcade","StSLib","Uncapped"],"gold_per_floor":[117,117,117,134,209,237,237,263,263,274,302,302,19,19,19,119,119,130,130,1247,1247,696,696,730,740,740,740,783,783,803,840,840,971,971,992,54,127,127,158,158,193,219,219,254,254,280,117,117,117,127,127,127,34,69,79],"floor_reached":56,"language":"ENG","playtime":1816,"items_purged":["Strike_G","Hallucinations","Strike_G"],"score":1974,"play_id":"58305e60-f1d8-4e6e-b745-b72790d89afb","local_time":"20210222133453","is_ascension_mode":true,"campfire_choices":[{"data":"1","floor":7,"key":"LIFT"},{"data":"2","floor":12,"key":"LIFT"},{"data":"3","floor":15,"key":"LIFT"},{"floor":23,"key":"REST"},{"floor":27,"key":"DIG"},{"floor":29,"key":"DIG"},{"floor":32,"key":"DIG"},{"floor":40,"key":"DIG"},{"floor":45,"key":"RECALL"},{"floor":49,"key":"DIG"},{"floor":52,"key":"DIG"}],"circlet_count":0,"master_deck":["Strike_G","Defend_G","Defend_G","Defend_G+1","Defend_G","Defend_G","Survivor","Neutralize","Poisoned Strike+1","Bane+1","Draining Mist","Noxious Fumes","Bouncing Flask","Glass Knife","Toxin Wave","ReplayTheSpireMod:Necrosis","Draining Mist+1","Poisoned Strike+1","Caltrops","Poison Darts+1","Adrenaline+1","Sadistic Nature+1","ReplayUltimateDefense+1","Specialist+1"],"relics":["Ring of the Snake","Girya","Sling","TungstenRod","sneckomod:BlankCard","CaptainsWheel","hubris:MedicalManual","ClockworkSouvenir","MerchantsRug","ReplayTheSpireMod:CursedCoin","Chemical X","ReplayTheSpireMod:Shallot","PreservedInsect","Lantern","Kunai","Replay:Bottled Snecko","hubris:DuctTape","Gremlin Food","Juzu Bracelet","hubris:TinFlute","Shovel","Medical Kit","Orichalcum","Singing Bowl","Replay:Bandana","Golden Egg","Bronze Scales","Snake Skull","Du-Vu Doll","hexamod:Sixitude","ChewingGum","hexamod:BolsterEngine","Happy Flower","Replay:Mystery Machine","hubris:Potato","Bottled Tornado","Bag of Marbles","TwistedFunnel","Akabeko","bronze:DecasWashers","Guardian:GemstoneGun","Chameleon Ring"],"acts_visited":[],"potions_floor_usage":[55],"damage_taken":[{"damage":0,"enemies":"Jaw Worm","floor":1,"turns":2},{"damage":0,"enemies":"Cultist","floor":4,"turns":2},{"damage":0,"enemies":"Lagavulin","floor":6,"turns":2},{"damage":0,"enemies":"Gremlin Nob","floor":8,"turns":2},{"damage":0,"enemies":"Small Slimes","floor":10,"turns":2},{"damage":0,"enemies":"3 Sentries","floor":11,"turns":3},{"damage":0,"enemies":"The Guardian","floor":16,"turns":4},{"damage":0,"enemies":"3 Byrds","floor":18,"turns":2},{"damage":9,"enemies":"Gremlin Leader","floor":24,"turns":3},{"damage":0,"enemies":"Spheric Guardian","floor":25,"turns":1},{"damage":0,"enemies":"Replay:Snechameleon","floor":28,"turns":2},{"damage":0,"enemies":"Snecko","floor":30,"turns":2},{"damage":0,"enemies":"Book of Stabbing","floor":31,"turns":2},{"damage":4,"enemies":"Champ","floor":33,"turns":4},{"damage":0,"enemies":"3 Darklings","floor":35,"turns":3},{"damage":1,"enemies":"2 Orb Walkers","floor":37,"turns":2},{"damage":0,"enemies":"3 Shapes","floor":39,"turns":3},{"damage":0,"enemies":"Giant Head","floor":41,"turns":2},{"damage":0,"enemies":"Writhing Mass","floor":42,"turns":2},{"damage":0,"enemies":"Nemesis","floor":44,"turns":1},{"damage":0,"enemies":"Sphere and 2 Shapes","floor":46,"turns":2},{"damage":22,"enemies":"Awakened One","floor":50,"turns":6},{"damage":0,"enemies":"Shield and Spear","floor":54,"turns":1},{"damage":43,"enemies":"The Heart","floor":55,"turns":3}],"seed_played":"-925982265366199595","potions_obtained":[{"floor":8,"key":"sneckomod:MuddlingPotion"},{"floor":10,"key":"Milkshake"},{"floor":16,"key":"SteroidPotion"},{"floor":46,"key":"Venom Potion"}],"is_trial":false,"path_per_floor":["M","?","$","M","?","E","R","E","T","M","E","R","$","?","R","B",null,"M","?","?","?","$","R","E","M","T","R","E","R","M","E","R","B",null,"M","$","?","?","M","R","E","M","T","E","R","M","$","?","R","B",null,"R","$","E","B",null],"character_chosen":"THE_SILENT","items_purchased":["Poisoned Strike","Girya","Sling","TungstenRod","sneckomod:BlankCard","Basket Of Snakes","hubris:MedicalManual","ClockworkSouvenir","MerchantsRug","ReplayTheSpireMod:CursedCoin","Chemical X","Eternal Feather","Bane+1","hubris:OldNail","hubris:TenFootPole","Skewer","ReplayTheSpireMod:Shallot","Guide Book","PreservedInsect","DollysMirror","Draining Mist","Omamori","Matryoshka","Noxious Fumes","Juzu Bracelet","hubris:TinFlute","Shovel","Medical Kit","Orichalcum","SteroidPotion","Caltrops","hexamod:BolsterEngine","ReplayTheSpireMod:ShopPack","PrismaticShard","Happy Flower","Replay:Mystery Machine","ReplayUltimateDefense","TwistedFunnel","Specialist","Guardian:GemstoneGun"],"campfire_rested":1,"item_purchase_floors":[0,0,0,0,0,0,0,0,0,0,0,0,0,0,0,0,0,0,0,0,0,0,0,0,13,13,22,22,22,22,22,36,36,36,36,36,36,47,47,53],"current_hp_per_floor":[70,70,70,70,65,65,70,70,70,70,70,70,70,70,70,70,70,70,70,15,15,15,48,41,43,43,55,57,69,71,71,78,74,78,80,84,85,82,84,84,86,88,88,90,90,92,92,92,92,70,92,92,92,94,51],"gold":79,"neow_bonus":"","is_daily":false,"chose_seed":false,"campfire_upgraded":0,"win_rate":0.0,"timestamp":1614022493,"path_taken":["M","?","?","M","?","E","R","E","T","M","E","R","$","?","R","BOSS","M","?","?","?","$","R","E","M","T","R","E","R","M","E","R","BOSS","M","$","?","?","M","R","E","M","T","E","R","M","$","?","R","BOSS","R","$","E","BOSS"],"items_purchased_type":["Card","Relic","Relic","Relic","Relic","Relic","Relic","Relic","Relic","Relic","Relic","Relic","Card","Relic","Relic","Card","Relic","Relic","Relic","Relic","Card","Relic","Relic","Card","Relic","Relic","Relic","Relic","Relic","Potion","Card","Relic","Relic","Relic","Relic","Relic","Card","Relic","Card","Relic"],"build_version":"2020-12-22","purchased_purges":3,"victory":true,"max_hp_per_floor":[70,70,70,70,70,70,70,70,70,70,70,70,70,70,70,70,70,70,70,70,70,70,70,72,74,74,74,76,76,78,78,78,78,78,80,84,86,82,84,84,86,88,88,90,90,92,92,92,92,92,92,92,92,94,94],"card_choices":[{"not_picked":["Poisoned Stab","Dagger Throw"],"picked":"Bouncing Flask","floor":1},{"not_picked":["Slice","Concentrate","Cloak And Dagger"],"picked":"SKIP","floor":4},{"not_picked":["Finisher","Sucker Punch","Quick Slash"],"picked":"SKIP","floor":6},{"not_picked":["Dodge and Roll","Underhanded Strike","Outmaneuver"],"picked":"SKIP","floor":8},{"not_picked":["Bouncing Flask","Fluid Movement"],"picked":"Glass Knife","floor":10},{"not_picked":["Tactician","Prepared"],"picked":"Toxin Wave","floor":11},{"not_picked":["Wraith Form v2","Corpse Explosion"],"picked":"ReplayTheSpireMod:Necrosis","floor":16},{"not_picked":["Bane","Footwork"],"picked":"Draining Mist+1","floor":18},{"not_picked":["hubris:Sniper","Sucker Punch","Acrobatics"],"picked":"Singing Bowl","floor":24},{"not_picked":["Slice+1","Caltrops+1","Poisoned Stab"],"picked":"Singing Bowl","floor":25},{"not_picked":["Acrobatics+1","Backflip+1","Setup+1"],"picked":"Singing Bowl","floor":28},{"not_picked":["Cloak And Dagger","ReplayTheSpireMod:Speed Training","Dagger Throw"],"picked":"Singing Bowl","floor":30},{"not_picked":["ReplayTheSpireMod:Speed Training+1","Acrobatics+1"],"picked":"Poison Darts","floor":31},{"not_picked":["Glass Knife","A Thousand Cuts"],"picked":"Adrenaline","floor":33},{"not_picked":["hubris:SlightOfHand","Blade Dance","Footwork"],"picked":"Singing Bowl","floor":35},{"not_picked":["Transmutation","Apotheosis"],"picked":"Sadistic Nature","floor":36},{"not_picked":["Replay:BasicMightCard","Discovery","Deep Breath"],"picked":"Singing Bowl","floor":36},{"not_picked":["Impatience","Enlightenment","Crow Ritual"],"picked":"Singing Bowl","floor":36},{"not_picked":["Guardian:MultiBeam+1","hexamod:SwordOfDarkness+1","hexamod:Firestarter+1"],"picked":"Singing Bowl","floor":37},{"not_picked":["Bane+1","Crescendo","sneckomod:UnknownClassRED"],"picked":"Singing Bowl","floor":39},{"not_picked":["Power Through","Escape Plan","Expertise+1"],"picked":"Singing Bowl","floor":41},{"not_picked":["Outmaneuver+1","FollowUp","hexamod:NightmareStrike"],"picked":"Singing Bowl","floor":42},{"not_picked":["SignatureMove+1","Mind Blast+1","hexamod:AdvancingGuard+1"],"picked":"Singing Bowl","floor":44},{"not_picked":["sneckomod:MixItUp+1","champ:ArenaPreparation","Blur"],"picked":"Singing Bowl","floor":46},{"not_picked":["Accuracy","Outmaneuver+1","ReplayTheSpireMod:Exploit Weakness"],"picked":"Singing Bowl","floor":54}],"player_experience":1092256,"relics_obtained":[{"floor":6,"key":"Lantern"},{"floor":8,"key":"Kunai"},{"floor":9,"key":"Replay:Bottled Snecko"},{"floor":9,"key":"hubris:DuctTape"},{"floor":11,"key":"Gremlin Food"},{"floor":24,"key":"Singing Bowl"},{"floor":26,"key":"Replay:Bandana"},{"floor":26,"key":"Golden Egg"},{"floor":27,"key":"Bronze Scales"},{"floor":28,"key":"Snake Skull"},{"floor":29,"key":"hubris:AstralHammer"},{"floor":31,"key":"Du-Vu Doll"},{"floor":32,"key":"hexamod:Sixitude"},{"floor":37,"key":"hubris:Potato"},{"floor":40,"key":"MealTicket"},{"floor":41,"key":"Bottled Tornado"},{"floor":44,"key":"Bag of Marbles"},{"floor":49,"key":"Akabeko"},{"floor":52,"key":"bronze:DecasWashers"},{"floor":54,"key":"Chameleon Ring"}],"event_choices":[{"damage_healed":0,"gold_gain":0,"player_choice":"Bought 0 Potions","damage_taken":0,"max_hp_gain":0,"max_hp_loss":0,"event_name":"The Woman in Blue","floor":2,"gold_loss":0},{"damage_healed":0,"gold_gain":75,"player_choice":"Gold","damage_taken":11,"max_hp_gain":0,"max_hp_loss":0,"event_name":"betterThird:BetterGoop","floor":5,"gold_loss":0},{"damage_healed":0,"gold_gain":0,"player_choice":"Copied","damage_taken":0,"max_hp_gain":0,"max_hp_loss":0,"event_name":"Duplicator","floor":19,"gold_loss":0,"cards_obtained":["Poisoned Strike"]},{"damage_healed":0,"gold_gain":1117,"player_choice":"GO GO GO GO GO GO GO GO GO GO ","damage_taken":136,"relics_obtained":[],"max_hp_gain":0,"max_hp_loss":0,"event_name":"betterSkull:BetterSkull","floor":20,"gold_loss":0,"cards_upgraded":[]},{"cards_removed":["Strike_G"],"damage_healed":0,"gold_gain":0,"player_choice":"Card Removal","damage_taken":0,"max_hp_gain":0,"max_hp_loss":0,"event_name":"Wheel of Change","floor":21,"gold_loss":0},{"damage_healed":0,"gold_gain":0,"player_choice":"Fight","damage_taken":0,"max_hp_gain":0,"max_hp_loss":0,"event_name":"Mysterious Sphere","floor":37,"gold_loss":0},{"damage_healed":0,"gold_gain":0,"player_choice":"Max HP","damage_taken":0,"max_hp_gain":0,"max_hp_loss":4,"event_name":"Winding Halls","floor":38,"gold_loss":0}],"is_beta":false,"boss_relics":[{"not_picked":["bronze:MakeshiftBattery","hubris:BlackHole"],"picked":"Velvet Choker"},{"not_picked":["Runic Dome","hubris:HollowSoul"],"picked":"ChewingGum"}],"items_purged_floors":[0,0,36],"is_endless":false,"potions_floor_spawned":[8,10,16,18,24,33,37,39,46,54],"ascension_level":1}}