{"host":"8kqduonnwfg5104l","time":1614034313,"event":{"mods":["BaseMod","Minty Spire (QoL Compilation)","Relic Stats","Spire with Friends"],"gold_per_floor":[117,128,128,2,22,22,49,49,74,108,122,122,133,152,152,152,248,1592,718,730,730,730,324,344,402,402,470,395,395,395,415,475,103,103,201,299,137,157,157,190,226,289,289,308,308,238,238,238,249,301,237,237,237,237,237,237,269,6,6],"floor_reached":60,"language":"ENG","playtime":8731,"items_purged":["Strike_G"],"score":1832,"play_id":"e8ac7424-e32a-41e2-9cd6-778710204ce8","local_time":"20210222235153","is_ascension_mode":true,"campfire_choices":[{"data":"Dagger Spray","floor":6,"key":"SMITH"},{"floor":8,"key":"REST"},{"data":"Tactician","floor":12,"key":"SMITH"},{"data":"Acrobatics","floor":16,"key":"SMITH"},{"data":"Apotheosis","floor":24,"key":"SMITH"},{"floor":30,"key":"RECALL"},{"floor":47,"key":"REST"},{"floor":52,"key":"REST"},{"floor":55,"key":"REST"}],"circlet_count":0,"master_deck":["Strike_G","Strike_G","Strike_G","Defend_G","Defend_G","Defend_G","Survivor","Neutralize","Slice","Dagger Spray+1","Reflex","Dagger Throw","PiercingWail","Acrobatics+1","Tactician+1","Dash","Backflip","Tools of the Trade","CurseOfTheBell","Backflip","Blur","Ghostly","Ghostly","Ghostly","Ghostly","Ghostly","Apotheosis+1","Blind","Terror","Die Die Die","Caltrops","Well Laid Plans","Blur+1","Underhanded Strike+1","Bouncing Flask","Deadly Poison","Reflex","Acrobatics+1"],"relics":["Ring of the Snake","Frozen Eye","Spirit Poop","Pocketwatch","Oddly Smooth Stone","Toy Ornithopter","Calling Bell","Juzu Bracelet","White Beast Statue","Calipers","Strange Spoon","Turnip","Art of War","Oddly Smooth Stone","Fusion Hammer","Shuriken","Pantograph","Strawberry"],"acts_visited":["Exordium","TheCity","TheBeyond","TheEnding"],"potions_floor_usage":[7,13,17,17,20,35,38,40,41,42,53,59,59],"damage_taken":[{"damage":9,"enemies":"Jaw Worm","floor":1,"turns":7},{"damage":0,"enemies":"Cultist","floor":2,"turns":3},{"damage":5,"enemies":"Small Slimes","floor":5,"turns":3},{"damage":28,"enemies":"Gremlin Nob","floor":7,"turns":4},{"damage":26,"enemies":"Lagavulin","floor":10,"turns":8},{"damage":0,"enemies":"3 Louse","floor":11,"turns":2},{"damage":0,"enemies":"Large Slime","floor":13,"turns":4},{"damage":0,"enemies":"Blue Slaver","floor":14,"turns":3},{"damage":56,"enemies":"Hexaghost","floor":17,"turns":18},{"damage":9,"enemies":"Shell Parasite","floor":19,"turns":8},{"damage":7,"enemies":"Chosen","floor":20,"turns":7},{"damage":0,"enemies":"Book of Stabbing","floor":25,"turns":11},{"damage":0,"enemies":"Shelled Parasite and Fungi","floor":31,"turns":9},{"damage":0,"enemies":"Slavers","floor":32,"turns":12},{"damage":3,"enemies":"Automaton","floor":35,"turns":11},{"damage":3,"enemies":"3 Shapes","floor":37,"turns":7},{"damage":2,"enemies":"Orb Walker","floor":38,"turns":4},{"damage":3,"enemies":"4 Shapes","floor":40,"turns":8},{"damage":1,"enemies":"Sphere and 2 Shapes","floor":41,"turns":7},{"damage":0,"enemies":"Giant Head","floor":42,"turns":14},{"damage":0,"enemies":"Transient","floor":44,"turns":5},{"damage":0,"enemies":"Writhing Mass","floor":49,"turns":7},{"damage":2,"enemies":"Sphere and 2 Shapes","floor":50,"turns":5},{"damage":4,"enemies":"Awakened One","floor":53,"turns":20},{"damage":0,"enemies":"Shield and Spear","floor":57,"turns":9},{"damage":18,"enemies":"The Heart","floor":59,"turns":11}],"seed_played":"2634485013196932761","potions_obtained":[{"floor":1,"key":"Dexterity Potion"},{"floor":2,"key":"GamblersBrew"},{"floor":11,"key":"Fire Potion"},{"floor":14,"key":"GamblersBrew"},{"floor":19,"key":"DuplicationPotion"},{"floor":20,"key":"Block Potion"},{"floor":25,"key":"Explosive Potion"},{"floor":31,"key":"Weak Potion"},{"floor":32,"key":"CultistPotion"},{"floor":35,"key":"LiquidBronze"},{"floor":37,"key":"AttackPotion"},{"floor":38,"key":"Swift Potion"},{"floor":40,"key":"EntropicBrew"},{"floor":41,"key":"SteroidPotion"},{"floor":42,"key":"Swift Potion"},{"floor":44,"key":"SmokeBomb"},{"floor":49,"key":"FearPotion"},{"floor":50,"key":"Block Potion"},{"floor":57,"key":"Weak Potion"}],"is_trial":false,"path_per_floor":["M","M","?","$","M","R","E","R","T","E","M","R","M","M","C","R","B",null,"M","M","?","?","$","R","E","?","T","?","?","R","M","E","C","R","B",null,"M","M","$","M","M","E","?","M","T","$","R","?","M","M","C","R","B",null,"R","$","E","C","B",null],"character_chosen":"THE_SILENT","items_purchased":["Reflex","Dagger Throw","Strange Spoon","Apotheosis","Bouncing Flask"],"campfire_rested":4,"item_purchase_floors":[4,4,23,23,46],"current_hp_per_floor":[54,54,54,54,49,49,21,42,42,16,16,16,21,21,21,21,14,30,21,19,17,17,17,17,17,17,17,17,17,17,17,17,17,17,14,16,13,15,15,14,16,17,17,17,17,17,17,17,17,15,14,14,10,13,14,14,14,21,8],"gold":6,"neow_bonus":"","is_daily":false,"chose_seed":true,"campfire_upgraded":4,"win_rate":0.0,"timestamp":1614034313,"path_taken":["M","M","?","$","?","R","E","R","T","E","M","R","M","M","C","R","BOSS","M","M","?","?","$","R","E","?","T","?","?","R","M","E","C","R","BOSS","M","M","?","M","M","E","?","M","T","$","R","?","M","M","C","R","BOSS","R","$","E","C","BOSS"],"items_purchased_type":["Card","Card","Relic","Card","Card"],"build_version":"2020-12-22","purchased_purges":1,"victory":true,"max_hp_per_floor":[70,70,70,70,70,70,70,70,70,70,70,70,70,70,70,70,35,35,35,35,17,17,17,17,17,17,17,17,17,17,17,17,17,17,17,17,17,17,17,17,17,17,17,17,17,17,17,17,17,17,14,14,14,14,14,14,14,21,21],"relic_stats":{"Strange Spoon":[82],"counters":[26,207],"Shuriken":[13],"Pantograph":0,"Turnip":[12],"Juzu Bracelet":2,"Art of War":[16],"obtain_stats":[{"Calipers":18,"Spirit Poop":3,"Oddly Smooth Stone":9,"Juzu Bracelet":18,"White Beast Statue":18,"Calling Bell":18,"Frozen Eye":0,"Strange Spoon":23,"Shuriken":42,"Pantograph":57,"Strawberry":58,"Turnip":25,"Fusion Hammer":36,"Art of War":32,"Toy Ornithopter":10,"Ring of the Snake":0,"Pocketwatch":7},{"Calipers":9,"Spirit Poop":2,"Oddly Smooth Stone":4,"Juzu Bracelet":9,"White Beast Statue":9,"Calling Bell":9,"Frozen Eye":0,"Strange Spoon":11,"Shuriken":20,"Pantograph":25,"Strawberry":25,"Turnip":12,"Fusion Hammer":15,"Art of War":14,"Toy Ornithopter":5,"Ring of the Snake":0,"Pocketwatch":4},{"Calipers":52,"Spirit Poop":10,"Oddly Smooth Stone":17,"Juzu Bracelet":52,"White Beast Statue":52,"Calling Bell":52,"Frozen Eye":0,"Strange Spoon":67,"Shuriken":150,"Pantograph":196,"Strawberry":196,"Turnip":78,"Fusion Hammer":110,"Art of War":99,"Toy Ornithopter":25,"Ring of the Snake":0,"Pocketwatch":17}],"Toy Ornithopter":35,"Ring of the Snake":[52],"Pocketwatch":[234]},"card_choices":[{"not_picked":["Calculated Gamble","Bouncing Flask"],"picked":"Slice","floor":1},{"not_picked":["Endless Agony","Deflect"],"picked":"Dagger Spray","floor":2},{"not_picked":["Bane","Cloak And Dagger"],"picked":"PiercingWail","floor":5},{"not_picked":["Flying Knee","Quick Slash"],"picked":"Acrobatics","floor":7},{"not_picked":["Die Die Die","Heel Hook"],"picked":"Tactician","floor":10},{"not_picked":["PiercingWail","Caltrops"],"picked":"Dash","floor":11},{"not_picked":["Outmaneuver","Deflect"],"picked":"Backflip","floor":13},{"not_picked":["Heel Hook","Endless Agony","Slice"],"picked":"SKIP","floor":14},{"not_picked":["Corpse Explosion","Night Terror"],"picked":"Tools of the Trade","floor":17},{"not_picked":["Bane+1","Outmaneuver"],"picked":"Backflip","floor":19},{"not_picked":["Prepared","Dagger Spray+1"],"picked":"Blur","floor":20},{"not_picked":["Sucker Punch","Dash","Backflip"],"picked":"SKIP","floor":25},{"not_picked":["Sucker Punch+1","Bane+1"],"picked":"Terror","floor":31},{"not_picked":["Outmaneuver","Reflex","Sucker Punch+1"],"picked":"SKIP","floor":32},{"not_picked":["Grand Finale","Venomology"],"picked":"Die Die Die","floor":35},{"not_picked":["Poisoned Stab+1","Bane+1"],"picked":"Caltrops","floor":37},{"not_picked":["Blade Dance","Dash+1","Quick Slash+1"],"picked":"SKIP","floor":38},{"not_picked":["Terror+1","Deflect+1"],"picked":"Well Laid Plans","floor":40},{"not_picked":["Riddle With Holes","Deflect+1"],"picked":"Blur+1","floor":41},{"not_picked":["Outmaneuver+1","Poisoned Stab","Dagger Spray+1"],"picked":"SKIP","floor":42},{"not_picked":["Skewer","Outmaneuver+1"],"picked":"Underhanded Strike+1","floor":44},{"not_picked":["Deflect","Quick Slash"],"picked":"Deadly Poison","floor":49},{"not_picked":["Deflect","Blade Dance+1"],"picked":"Reflex","floor":50},{"not_picked":["Cloak And Dagger+1","Expertise"],"picked":"Acrobatics+1","floor":57}],"player_experience":387703,"relics_obtained":[{"floor":7,"key":"Pocketwatch"},{"floor":9,"key":"Oddly Smooth Stone"},{"floor":10,"key":"Toy Ornithopter"},{"floor":18,"key":"Juzu Bracelet"},{"floor":18,"key":"White Beast Statue"},{"floor":18,"key":"Calipers"},{"floor":25,"key":"Turnip"},{"floor":32,"key":"Art of War"},{"floor":33,"key":"Oddly Smooth Stone"},{"floor":42,"key":"Shuriken"},{"floor":57,"key":"Pantograph"},{"floor":58,"key":"Strawberry"}],"event_choices":[{"cards_removed":["Decay"],"damage_healed":0,"gold_gain":0,"player_choice":"Offered Curse","damage_taken":0,"relics_obtained":["Spirit Poop"],"max_hp_gain":0,"max_hp_loss":0,"event_name":"Bonfire Elementals","floor":3,"gold_loss":0},{"damage_healed":0,"gold_gain":0,"player_choice":"Became a Ghost","damage_taken":0,"max_hp_gain":0,"max_hp_loss":18,"event_name":"Ghosts","floor":21,"gold_loss":0,"cards_obtained":["Ghostly","Ghostly","Ghostly","Ghostly","Ghostly"]},{"damage_healed":0,"gold_gain":0,"player_choice":"Ignored","damage_taken":0,"max_hp_gain":0,"max_hp_loss":0,"event_name":"Cursed Tome","floor":22,"gold_loss":0},{"damage_healed":0,"gold_gain":0,"player_choice":"Ignored","damage_taken":0,"max_hp_gain":0,"max_hp_loss":0,"event_name":"Vampires","floor":26,"gold_loss":0},{"cards_removed":["Defend_G"],"damage_healed":0,"gold_gain":0,"player_choice":"Gave Gold","damage_taken":0,"max_hp_gain":0,"max_hp_loss":0,"event_name":"Beggar","floor":28,"gold_loss":75},{"damage_healed":0,"gold_gain":0,"player_choice":"1 cards matched","damage_taken":0,"max_hp_gain":0,"max_hp_loss":0,"event_name":"Match and Keep!","floor":29,"gold_loss":0,"cards_obtained":["Blind"]},{"cards_removed":["Defend_G"],"damage_healed":0,"gold_gain":0,"player_choice":"Purged","damage_taken":0,"max_hp_gain":0,"max_hp_loss":0,"event_name":"Purifier","floor":43,"gold_loss":0},{"cards_removed":["Strike_G"],"damage_healed":0,"gold_gain":0,"player_choice":"Removed Attack","damage_taken":0,"max_hp_gain":0,"max_hp_loss":0,"event_name":"Falling","floor":48,"gold_loss":0}],"is_beta":false,"boss_relics":[{"not_picked":["Coffee Dripper","Runic Pyramid"],"picked":"Calling Bell"},{"not_picked":["Pandora\u0027s Box","Cursed Key"],"picked":"Fusion Hammer"}],"items_purged_floors":[23],"is_endless":false,"potions_floor_spawned":[1,2,11,14,19,20,25,31,32,35,37,38,40,41,42,44,49,50,57],"ascension_level":10}}