{"host":"z37g2hkgkh2zjyzk","time":1614013462,"event":{"mods":["2.2 Compatiblity","AchievementEnabler","BaseMod","Bestiary","Colored Map","Colored Powertips","Curses Come First","Highlight Path","Keyboard Shortcuts","Minty Spire (QoL Compilation)","Relic Stats","StSLib","SuperFastMode"],"gold_per_floor":[112,132,145,163,181,213,213,242,267,267,277,277,305,320,320,423,423,440,457,475,475,475],"floor_reached":21,"language":"ENG","playtime":1369,"items_purged":[],"score":256,"play_id":"569a8fe0-7f38-438d-8ff8-6577042ced80","local_time":"20210222180422","is_ascension_mode":true,"campfire_choices":[{"floor":7,"key":"REST"},{"data":"Sunder","floor":10,"key":"SMITH"},{"data":"Beam Cell","floor":12,"key":"SMITH"},{"data":"Defragment","floor":15,"key":"SMITH"}],"circlet_count":0,"master_deck":["Strike_B","Strike_B","Strike_B","Strike_B","Defend_B","Defend_B","Defend_B","Defend_B","Zap","Dualcast","BootSequence","Defragment+1","Sunder+1","Machine Learning","Beam Cell+1","Turbo","Buffer","Steam","Coolheaded"],"relics":["Cracked Core","NeowsBlessing","Lantern","Meat on the Bone","Pen Nib","Orichalcum","Inserter"],"acts_visited":["Exordium","TheCity"],"potions_floor_usage":[5,6,6,16,18,20],"damage_taken":[{"damage":0,"enemies":"Cultist","floor":1,"turns":1},{"damage":0,"enemies":"Jaw Worm","floor":2,"turns":1},{"damage":0,"enemies":"2 Louse","floor":3,"turns":1},{"damage":0,"enemies":"Exordium Wildlife","floor":4,"turns":2},{"damage":14,"enemies":"Large Slime","floor":5,"turns":4},{"damage":27,"enemies":"Gremlin Nob","floor":6,"turns":4},{"damage":5,"enemies":"3 Sentries","floor":8,"turns":5},{"damage":0,"enemies":"2 Fungi Beasts","floor":11,"turns":2},{"damage":10,"enemies":"Lagavulin","floor":13,"turns":5},{"damage":0,"enemies":"3 Louse","floor":14,"turns":2},{"damage":22,"enemies":"The Guardian","floor":16,"turns":8},{"damage":10,"enemies":"Spheric Guardian","floor":18,"turns":5},{"damage":0,"enemies":"Chosen","floor":19,"turns":3},{"damage":18,"enemies":"Snake Plant","floor":20,"turns":4},{"damage":52,"enemies":"3 Cultists","floor":21,"turns":7}],"seed_played":"5428266478186160887","potions_obtained":[{"floor":1,"key":"DistilledChaos"},{"floor":3,"key":"Dexterity Potion"},{"floor":4,"key":"SteroidPotion"},{"floor":11,"key":"Block Potion"},{"floor":14,"key":"LiquidMemories"},{"floor":18,"key":"SpeedPotion"},{"floor":20,"key":"BlessingOfTheForge"}],"is_trial":false,"path_per_floor":["M","M","M","M","M","E","R","E","T","R","M","R","E","M","R","B",null,"M","M","M","M"],"character_chosen":"DEFECT","items_purchased":[],"campfire_rested":1,"item_purchase_floors":[],"current_hp_per_floor":[75,75,75,75,61,34,56,51,51,51,51,51,41,41,41,31,64,54,54,48,0,0],"gold":475,"neow_bonus":"THREE_ENEMY_KILL","is_daily":false,"chose_seed":false,"campfire_upgraded":3,"win_rate":0.0,"timestamp":1614013462,"path_taken":["M","M","M","M","M","E","R","E","T","R","M","R","E","M","R","BOSS","M","M","M","?"],"items_purchased_type":[],"build_version":"2020-12-22","purchased_purges":0,"victory":false,"max_hp_per_floor":[75,75,75,75,75,75,75,75,75,75,75,75,75,75,75,75,75,75,75,75,75,75],"relic_stats":{"Inserter":[9],"counters":[15,54],"Pen Nib":[4],"Orichalcum":[84],"obtain_stats":[{"Lantern":6,"Inserter":17,"NeowsBlessing":0,"Pen Nib":9,"Orichalcum":13,"Cracked Core":0,"Meat on the Bone":8},{"Lantern":6,"Inserter":11,"NeowsBlessing":0,"Pen Nib":7,"Orichalcum":9,"Cracked Core":0,"Meat on the Bone":7},{"Lantern":13,"Inserter":35,"NeowsBlessing":0,"Pen Nib":18,"Orichalcum":25,"Cracked Core":0,"Meat on the Bone":18}],"Meat on the Bone":24},"card_choices":[{"not_picked":["Melter","Tempest"],"picked":"BootSequence","floor":1},{"not_picked":["Lockon","Coolheaded"],"picked":"Defragment","floor":2},{"not_picked":["Rebound","Sweeping Beam"],"picked":"Sunder","floor":3},{"not_picked":["Stack","Streamline"],"picked":"Machine Learning","floor":4},{"not_picked":["Streamline","Cold Snap","Redo"],"picked":"SKIP","floor":5},{"not_picked":["Stack","Storm"],"picked":"Beam Cell","floor":6},{"not_picked":["Compile Driver","Cold Snap","Redo"],"picked":"SKIP","floor":8},{"not_picked":["Stack","Beam Cell"],"picked":"Turbo","floor":11},{"not_picked":["Conserve Battery","Undo","Consume"],"picked":"SKIP","floor":13},{"not_picked":["Barrage","Storm","Loop"],"picked":"SKIP","floor":14},{"not_picked":["Multi-Cast","Amplify"],"picked":"Buffer","floor":16},{"not_picked":["Sunder+1","Lockon+1"],"picked":"Steam","floor":18},{"not_picked":["BootSequence+1","Barrage","Stack"],"picked":"SKIP","floor":19},{"not_picked":["Ball Lightning","Conserve Battery+1"],"picked":"Coolheaded","floor":20}],"player_experience":201580,"relics_obtained":[{"floor":6,"key":"Lantern"},{"floor":8,"key":"Meat on the Bone"},{"floor":9,"key":"Pen Nib"},{"floor":13,"key":"Orichalcum"}],"event_choices":[],"is_beta":false,"boss_relics":[{"not_picked":["Pandora\u0027s Box","Calling Bell"],"picked":"Inserter"}],"items_purged_floors":[],"is_endless":false,"potions_floor_spawned":[1,3,4,11,14,18,20],"killed_by":"3 Cultists","ascension_level":5}}