{"host":"9oqmaaz8siap8kj6","time":1614000563,"event":{"mods":["BaseMod","Colored Map","Downfall","Hermit","Marisa????????","Minty Spire (QoL Compilation)","Replay The Spire","StSLib","The Bug Knight","The Cursed","The Runesmith","The Servant 0.9.4"],"gold_per_floor":[115,130,55,67,86,86,86,86,110,110,10,22,50,66,66,164,164,154,25,100,100,19,19,44,44,44,44,44],"floor_reached":27,"language":"ENG","playtime":3070,"items_purged":["Strike_B","Strike_B"],"score":240,"play_id":"88aa2911-5cc7-443b-921d-22e47eba22d7","local_time":"20210222142923","is_ascension_mode":true,"campfire_choices":[{"data":"Zap","floor":6.0,"key":"SMITH"},{"floor":8.0,"key":"REST"},{"floor":15,"key":"REST"},{"data":"FIFO Queue","floor":23,"key":"SMITH"},{"floor":25,"key":"REST"}],"circlet_count":0,"master_deck":["Defend_B+1","Defend_B","Defend_B+1","Defend_B+1","Zap+1","Dualcast","Coolheaded","Redo","CurseOfTheBell","CurseOfTheBell","FIFO Queue","Auto Shields+1","Recycle+1","Cold Snap+1","Loop","Stack","FIFO Queue+1","Coolheaded","Hello World"],"relics":["Cracked Core","Centennial Puzzle","War Paint","downfall:ExtraCursedBell","ReplayFunnel","Mirror","Prayer Wheel","Simple Rune","Astrolabe","Du-Vu Doll","Replay:Multitool"],"acts_visited":["Exordium","TheCity"],"potions_floor_usage":[18],"damage_taken":[{"damage":2.0,"enemies":"Small Slimes","floor":1.0,"turns":3.0},{"damage":0.0,"enemies":"Cultist","floor":2.0,"turns":3.0},{"damage":0.0,"enemies":"Jaw Worm","floor":4.0,"turns":5.0},{"damage":19.0,"enemies":"Exordium Wildlife","floor":5.0,"turns":9.0},{"damage":9.0,"enemies":"Exordium Thugs","floor":12.0,"turns":5.0},{"damage":13,"enemies":"3 Sentries","floor":13,"turns":14},{"damage":12,"enemies":"Lots of Slimes","floor":14,"turns":4},{"damage":4,"enemies":"Fading Forest","floor":16,"turns":11},{"damage":5,"enemies":"2 Thieves","floor":18,"turns":5},{"damage":62,"enemies":"Slavers","floor":24,"turns":9}],"seed_played":"-2227920377795777629","potions_obtained":[{"floor":1.0,"key":"Adrenaline Potion"},{"floor":5.0,"key":"SpeedPotion"},{"floor":12.0,"key":"Weak Potion"}],"is_trial":false,"path_per_floor":["M","M","$","M","M","R","?","R","T","?","$","M","E","M","R","B",null,"M","$","?","$","$","R","E","R","T","$"],"character_chosen":"DEFECT","items_purchased":["FIFO Queue","Coolheaded","Hello World"],"campfire_rested":3,"item_purchase_floors":[19,19,22],"current_hp_per_floor":[73,73,73,73,54,54,54,75,75,75,75,66,53,41,63,59,75,70,70,63,63,63,63,1,23,23,23,23],"gold":44,"neow_bonus":"RANDOM_COMMON_RELIC","is_daily":false,"chose_seed":false,"campfire_upgraded":2,"win_rate":0.0,"timestamp":1614000563,"path_taken":["M","M","$","M","M","R","?","R","T","?","$","M","E","M","R","BOSS","M","$","?","?","$","R","E","R","T","?"],"items_purchased_type":["Card","Card","Card"],"build_version":"2020-12-22","purchased_purges":2,"victory":false,"max_hp_per_floor":[75,75,75,75,75,75,75,75,75,75,75,75,75,75,75,75,75,75,75,75,75,75,75,75,75,75,75,75],"card_choices":[{"not_picked":["Auto Shields","Chaos","Gash"],"picked":"SKIP","floor":1.0},{"not_picked":["Doom and Gloom","Barrage"],"picked":"Coolheaded","floor":2.0},{"not_picked":["BasicCrystalCard","ReplayGash","Compile Driver"],"picked":"SKIP","floor":4.0},{"not_picked":["Streamline","Doom and Gloom"],"picked":"Redo","floor":5.0},{"not_picked":["Panic Button","Doom and Gloom","Hologram"],"picked":"SKIP","floor":12.0},{"not_picked":["BasicCrystalCard","Rebound","Biased Cognition"],"picked":"SKIP","floor":12.0},{"not_picked":["Gash","Compile Driver","Aggregate"],"picked":"SKIP","floor":13},{"not_picked":["Capacitor","Sweeping Beam"],"picked":"FIFO Queue","floor":14},{"not_picked":["Panic Button","Beam Cell","ReplaySort"],"picked":"SKIP","floor":14},{"not_picked":["Amplify","Reboot"],"picked":"Core Surge","floor":16},{"not_picked":["Compile Driver","Ball Lightning+1"],"picked":"Loop","floor":18},{"not_picked":["Streamline","Beam Cell"],"picked":"Stack","floor":18},{"not_picked":["ReplaySort","Panic Button+1","Lockon"],"picked":"SKIP","floor":24}],"player_experience":238791,"relics_obtained":[{"floor":9.0,"key":"War Paint"},{"floor":10.0,"key":"ReplayFunnel"},{"floor":10.0,"key":"Mirror"},{"floor":10.0,"key":"Prayer Wheel"},{"floor":13,"key":"Simple Rune"},{"floor":24,"key":"Du-Vu Doll"},{"floor":26,"key":"Replay:Multitool"}],"event_choices":[{"damage_healed":0,"gold_gain":75,"player_choice":"Touch","damage_taken":7,"max_hp_gain":0,"max_hp_loss":0,"event_name":"FaceTrader","floor":20,"gold_loss":0}],"is_beta":false,"boss_relics":[{"not_picked":["Painkiller Herb","Cursed Key"],"picked":"Astrolabe"}],"items_purged_floors":[3,11],"is_endless":false,"potions_floor_spawned":[1,5,12,13,14],"ascension_level":1}}