{"host":"jt67skv49snb75sm","time":1614003590,"event":{"mods":["BaseMod","Bestiary","Minty Spire (QoL Compilation)","Relic Stats"],"gold_per_floor":[113,124,141,141,152,152,152,152],"floor_reached":7,"language":"ENG","playtime":306,"items_purged":[],"score":86,"play_id":"6edad0d9-3475-4581-8718-9613444567a5","local_time":"20210222151950","is_ascension_mode":true,"campfire_choices":[{"data":"Dagger Spray","floor":6,"key":"SMITH"}],"circlet_count":0,"master_deck":["AscendersBane","Strike_G","Strike_G","Strike_G","Strike_G","Strike_G","Defend_G","Defend_G","Defend_G","Defend_G","Defend_G","Survivor","Neutralize","Cloak And Dagger","Escape Plan","Dagger Spray+1","Decay","Venomology","Flying Knee"],"relics":["Ring of the Snake"],"acts_visited":["Exordium"],"potions_floor_usage":[7,7,7],"damage_taken":[{"damage":3,"enemies":"Small Slimes","floor":1,"turns":5},{"damage":5,"enemies":"Cultist","floor":2,"turns":6},{"damage":0,"enemies":"2 Louse","floor":3,"turns":4},{"damage":6,"enemies":"Blue Slaver","floor":5,"turns":8},{"damage":60,"enemies":"Gremlin Nob","floor":7,"turns":4}],"seed_played":"-3362251819884990871","potions_obtained":[{"floor":3,"key":"Explosive Potion"}],"is_trial":false,"path_per_floor":["M","M","M","?","M","R","E"],"character_chosen":"THE_SILENT","items_purchased":[],"campfire_rested":0,"item_purchase_floors":[],"current_hp_per_floor":[62,57,57,57,51,51,0,0],"gold":152,"neow_bonus":"TEN_PERCENT_HP_BONUS","is_daily":false,"chose_seed":false,"campfire_upgraded":1,"win_rate":0.0,"timestamp":1614003590,"path_taken":["M","M","M","?","?","R","E"],"items_purchased_type":[],"build_version":"2020-12-22","purchased_purges":0,"victory":false,"max_hp_per_floor":[72,72,72,72,72,72,72,72],"relic_stats":{"counters":[5,27],"obtain_stats":[{"Ring of the Snake":0},{"Ring of the Snake":0},{"Ring of the Snake":0}],"Ring of the Snake":[10]},"card_choices":[{"not_picked":["Calculated Gamble","Caltrops"],"picked":"Cloak And Dagger","floor":1},{"not_picked":["Tactician","Acrobatics"],"picked":"Escape Plan","floor":2},{"not_picked":["Terror","Cloak And Dagger"],"picked":"Dagger Spray","floor":3},{"not_picked":["Quick Slash","Escape Plan"],"picked":"Flying Knee","floor":5}],"player_experience":869580,"relics_obtained":[],"event_choices":[{"damage_healed":0,"gold_gain":0,"player_choice":"2 cards matched","damage_taken":0,"max_hp_gain":0,"max_hp_loss":0,"event_name":"Match and Keep!","floor":4,"gold_loss":0,"cards_obtained":["Decay","Venomology"]}],"is_beta":false,"boss_relics":[],"items_purged_floors":[],"is_endless":false,"potions_floor_spawned":[3],"killed_by":"Gremlin Nob","ascension_level":20}}