{"host":"928gv66myv2vlnsd","time":1614009935,"event":{"mods":["BaseMod","Highlight Path","Minty Spire (QoL Compilation)","Relic Stats","StSLib"],"gold_per_floor":[117,192,34,34,54,54,72,107,130,130,164,164,164,164,164],"floor_reached":14,"language":"ENG","playtime":470,"items_purged":[],"score":196,"play_id":"5a6aef71-75b8-458b-9155-869ab174c0ee","local_time":"20210222110535","is_ascension_mode":true,"campfire_choices":[{"data":"Bash","floor":6,"key":"SMITH"},{"floor":10,"key":"REST"},{"floor":13,"key":"REST"}],"circlet_count":0,"master_deck":["AscendersBane","Strike_R","Strike_R","Strike_R","Strike_R","Strike_R","Defend_R","Defend_R","Defend_R","Defend_R","Bash+1","Burning Pact","Pommel Strike","Power Through","Dark Embrace"],"relics":["Burning Blood","NeowsBlessing","Oddly Smooth Stone","Golden Idol","Regal Pillow","Blood Vial","Eternal Feather"],"acts_visited":["Exordium"],"potions_floor_usage":[11,12],"damage_taken":[{"damage":1,"enemies":"Small Slimes","floor":1,"turns":2},{"damage":0,"enemies":"Jaw Worm","floor":5,"turns":1},{"damage":0,"enemies":"2 Louse","floor":7,"turns":1},{"damage":64,"enemies":"Lagavulin","floor":8,"turns":9},{"damage":36,"enemies":"Gremlin Nob","floor":11,"turns":5},{"damage":2,"enemies":"Exordium Thugs","floor":12,"turns":3},{"damage":70,"enemies":"Lagavulin","floor":14,"turns":9}],"seed_played":"1892660142495717362","potions_obtained":[{"floor":7,"key":"Block Potion"},{"floor":8,"key":"SmokeBomb"}],"is_trial":false,"path_per_floor":["M","?","$","?","M","R","M","E","T","R","E","M","R","E"],"character_chosen":"IRONCLAD","items_purchased":["Oddly Smooth Stone"],"campfire_rested":2,"item_purchase_floors":[3],"current_hp_per_floor":[73,62,62,62,68,68,68,10,10,45,17,23,67,0,0],"gold":164,"neow_bonus":"THREE_ENEMY_KILL","is_daily":false,"chose_seed":false,"campfire_upgraded":1,"win_rate":0.0,"timestamp":1614009935,"path_taken":["M","?","$","?","M","R","M","E","T","R","E","M","R","E"],"items_purchased_type":["Relic"],"build_version":"2020-12-22","purchased_purges":0,"victory":false,"max_hp_per_floor":[75,75,75,68,68,68,68,68,68,68,68,68,68,68,68],"relic_stats":{"Blood Vial":5,"Regal Pillow":30,"counters":[7,30],"Golden Idol":25,"Eternal Feather":9,"obtain_stats":[{"Blood Vial":9,"Regal Pillow":8,"NeowsBlessing":0,"Golden Idol":4,"Oddly Smooth Stone":3,"Eternal Feather":11,"Burning Blood":0},{"Blood Vial":4,"Regal Pillow":4,"NeowsBlessing":0,"Golden Idol":1,"Oddly Smooth Stone":1,"Eternal Feather":5,"Burning Blood":0},{"Blood Vial":13,"Regal Pillow":13,"NeowsBlessing":0,"Golden Idol":2,"Oddly Smooth Stone":2,"Eternal Feather":18,"Burning Blood":0}],"Burning Blood":30},"card_choices":[{"not_picked":["Flex","Anger"],"picked":"Burning Pact","floor":1},{"not_picked":["Headbutt","Iron Wave"],"picked":"Pommel Strike","floor":5},{"not_picked":["Heavy Blade","Flex","Warcry"],"picked":"SKIP","floor":7},{"not_picked":["Seeing Red","Perfected Strike"],"picked":"Power Through","floor":8},{"not_picked":["Battle Trance","Pommel Strike"],"picked":"Dark Embrace","floor":11}],"player_experience":1476186,"relics_obtained":[{"floor":8,"key":"Regal Pillow"},{"floor":9,"key":"Blood Vial"},{"floor":11,"key":"Eternal Feather"}],"event_choices":[{"damage_healed":0,"gold_gain":75,"player_choice":"Gather Gold","damage_taken":11,"max_hp_gain":0,"max_hp_loss":0,"event_name":"World of Goop","floor":2,"gold_loss":0},{"damage_healed":0,"gold_gain":0,"player_choice":"Lose Max HP","damage_taken":0,"relics_obtained":["Golden Idol"],"max_hp_gain":0,"max_hp_loss":7,"event_name":"Golden Idol","floor":4,"gold_loss":0}],"is_beta":false,"boss_relics":[],"items_purged_floors":[],"is_endless":false,"potions_floor_spawned":[7,8],"killed_by":"Lagavulin","ascension_level":20}}