{"host":"gzz35fplm60aw28t","time":1614002270,"event":{"mods":["AchievementEnabler","BaseMod","Colored Powertips","DeckTracker","Minty Spire (QoL Compilation)","SuperFastMode"],"gold_per_floor":[109,109,56,56,68,103,103,136,160,160,179,210,210,234,234,365,365,388,413,413,437,26,26,64,79,105,105,5,5,49,69,69,193,193,216,73,88,111,111,149,149,188,234,234,234,234],"floor_reached":45,"language":"ENG","playtime":2656,"items_purged":["Strike_R","Strike_R"],"score":634,"play_id":"b396d188-0a40-425e-8d83-f4d80da3ed05","local_time":"20210222145750","is_ascension_mode":true,"campfire_choices":[{"data":"Shockwave","floor":7,"key":"SMITH"},{"floor":10,"key":"REST"},{"data":"Bash","floor":15,"key":"SMITH"},{"data":"Apotheosis","floor":23,"key":"SMITH"},{"data":"True Grit","floor":27,"key":"SMITH"},{"data":"Fire Breathing","floor":29,"key":"SMITH"},{"data":"Rupture","floor":32,"key":"SMITH"},{"data":"Shrug It Off","floor":41,"key":"SMITH"},{"data":"Limit Break","floor":44,"key":"SMITH"}],"circlet_count":0,"master_deck":["Strike_R","Defend_R","Defend_R","Defend_R","Bash+1","Rupture+1","Limit Break+1","Shockwave+1","Offering","Fire Breathing+1","Injury","Iron Wave","Reaper","Shrug It Off+1","Apotheosis+1","Evolve+1","True Grit+1","Barricade+1","Parasite","Heavy Blade+1"],"relics":["Burning Blood","Regal Pillow","Lantern","Ancient Tea Set","Golden Idol","Mark of Pain","Nloth\u0027s Gift","Juzu Bracelet","Frozen Egg 2","Strawberry","Vajra","Runic Pyramid","HandDrill","Self Forming Clay","White Beast Statue","Boot"],"acts_visited":["Exordium","TheCity","TheBeyond"],"potions_floor_usage":[16,16,16,16,24,40,40,40,45],"damage_taken":[{"damage":5,"enemies":"Small Slimes","floor":1,"turns":4},{"damage":1,"enemies":"Cultist","floor":5,"turns":4},{"damage":25,"enemies":"3 Sentries","floor":6,"turns":7},{"damage":34,"enemies":"Lagavulin","floor":8,"turns":8},{"damage":0,"enemies":"2 Louse","floor":11,"turns":1},{"damage":27,"enemies":"3 Sentries","floor":12,"turns":5},{"damage":15,"enemies":"Blue Slaver","floor":14,"turns":3},{"damage":21,"enemies":"Hexaghost","floor":16,"turns":8},{"damage":26,"enemies":"2 Thieves","floor":18,"turns":4},{"damage":6,"enemies":"3 Byrds","floor":19,"turns":3},{"damage":25,"enemies":"Shelled Parasite and Fungi","floor":21,"turns":8},{"damage":9,"enemies":"Gremlin Leader","floor":24,"turns":5},{"damage":36,"enemies":"3 Cultists","floor":25,"turns":5},{"damage":25,"enemies":"Slavers","floor":30,"turns":3},{"damage":20,"enemies":"Centurion and Healer","floor":31,"turns":4},{"damage":6,"enemies":"Champ","floor":33,"turns":9},{"damage":19,"enemies":"3 Shapes","floor":35,"turns":4},{"damage":27,"enemies":"Orb Walker","floor":37,"turns":4},{"damage":9,"enemies":"Writhing Mass","floor":38,"turns":7},{"damage":89,"enemies":"Reptomancer","floor":40,"turns":7},{"damage":26,"enemies":"Nemesis","floor":42,"turns":9},{"damage":17,"enemies":"Jaw Worm Horde","floor":45,"turns":2}],"seed_played":"5133264400416130056","potions_obtained":[{"floor":1,"key":"Weak Potion"},{"floor":6,"key":"Explosive Potion"},{"floor":8,"key":"Energy Potion"},{"floor":14,"key":"EntropicBrew"},{"floor":19,"key":"Energy Potion"},{"floor":24,"key":"Regen Potion"},{"floor":42,"key":"Weak Potion"}],"is_trial":false,"path_per_floor":["M","?","$","?","M","E","R","E","T","R","M","E","?","M","R","B",null,"M","M","?","M","$","R","E","M","T","R","$","R","E","M","R","B",null,"M","$","M","M","?","E","R","E","T","R","M"],"character_chosen":"IRONCLAD","items_purchased":["Cleave","Juzu Bracelet","Apotheosis","HandDrill"],"campfire_rested":1,"item_purchase_floors":[3,22,22,36],"current_hp_per_floor":[57,57,57,57,62,43,43,15,15,54,60,39,39,30,30,15,80,64,64,64,49,49,49,61,46,53,53,53,53,55,73,73,73,87,84,84,63,60,60,23,23,8,8,8,0,0],"gold":234,"neow_bonus":"TRANSFORM_TWO_CARDS","is_daily":false,"chose_seed":false,"campfire_upgraded":8,"win_rate":0.0,"timestamp":1614002270,"path_taken":["M","?","?","?","M","E","R","E","T","R","M","E","?","M","R","BOSS","M","M","?","M","$","R","E","M","T","R","$","R","E","M","R","BOSS","M","$","M","M","?","E","R","E","T","R","M"],"items_purchased_type":["Card","Relic","Card","Relic"],"build_version":"2020-12-22","purchased_purges":2,"victory":false,"max_hp_per_floor":[80,80,80,80,80,80,80,80,80,80,80,80,80,80,80,80,80,80,80,80,80,80,80,80,80,87,87,87,87,87,87,87,87,87,87,87,87,87,87,87,87,87,87,87,87,87],"card_choices":[{"not_picked":["Combust","Clothesline","Entrench"],"picked":"SKIP","floor":1},{"not_picked":["Wild Strike","Perfected Strike"],"picked":"Shockwave","floor":5},{"not_picked":["Dual Wield","Warcry","Shockwave"],"picked":"SKIP","floor":6},{"not_picked":["Spot Weakness","Clothesline"],"picked":"Offering","floor":8},{"not_picked":["Anger","Clash","Perfected Strike"],"picked":"SKIP","floor":11},{"not_picked":["Perfected Strike","Thunderclap"],"picked":"Fire Breathing","floor":12},{"not_picked":["Armaments","Flame Barrier"],"picked":"Iron Wave","floor":14},{"not_picked":["Impervious","Barricade"],"picked":"Reaper","floor":16},{"not_picked":["Fire Breathing","Dual Wield","Wild Strike"],"picked":"SKIP","floor":18},{"not_picked":["Flame Barrier","Iron Wave+1"],"picked":"Shrug It Off","floor":19},{"not_picked":["Headbutt+1","Fire Breathing","Wild Strike+1"],"picked":"SKIP","floor":21},{"not_picked":["Warcry+1","Armaments"],"picked":"Evolve+1","floor":24},{"not_picked":["Warcry","Shrug It Off"],"picked":"True Grit","floor":25},{"not_picked":["Corruption+1","Offering"],"picked":"Barricade+1","floor":30},{"not_picked":["Infernal Blade+1","Fiend Fire","Ghostly Armor"],"picked":"SKIP","floor":31},{"not_picked":["Pommel Strike+1","Power Through","Disarm"],"picked":"SKIP","floor":35},{"not_picked":["Intimidate","Flex","Twin Strike+1"],"picked":"SKIP","floor":37},{"not_picked":["Whirlwind","Infernal Blade+1"],"picked":"Heavy Blade+1","floor":38},{"not_picked":["Carnage+1","Pommel Strike+1","Rage+1"],"picked":"SKIP","floor":40},{"not_picked":["Clothesline+1","Rage","Blood for Blood+1"],"picked":"SKIP","floor":42}],"player_experience":36715,"relics_obtained":[{"floor":6,"key":"Regal Pillow"},{"floor":8,"key":"Lantern"},{"floor":9,"key":"Bronze Scales"},{"floor":12,"key":"Ancient Tea Set"},{"floor":24,"key":"Frozen Egg 2"},{"floor":26,"key":"Strawberry"},{"floor":30,"key":"Vajra"},{"floor":40,"key":"Self Forming Clay"},{"floor":42,"key":"White Beast Statue"},{"floor":43,"key":"Boot"}],"event_choices":[{"cards_removed":["Defend_R"],"damage_healed":0,"gold_gain":0,"player_choice":"Offered Basic","damage_taken":0,"max_hp_gain":0,"max_hp_loss":0,"event_name":"Bonfire Elementals","floor":2,"gold_loss":0},{"damage_healed":0,"gold_gain":0,"player_choice":"Grow","damage_taken":0,"max_hp_gain":0,"max_hp_loss":0,"event_name":"Living Wall","floor":4,"gold_loss":0,"cards_upgraded":["Cleave"]},{"damage_healed":0,"gold_gain":0,"player_choice":"Take Wound","damage_taken":0,"relics_obtained":["Golden Idol"],"max_hp_gain":0,"max_hp_loss":0,"event_name":"Golden Idol","floor":13,"gold_loss":0,"cards_obtained":["Injury"]},{"damage_healed":0,"gold_gain":0,"player_choice":"Traded Relic","damage_taken":0,"relics_obtained":["Nloth\u0027s Gift"],"max_hp_gain":0,"max_hp_loss":0,"event_name":"N\u0027loth","floor":20,"relics_lost":["Bronze Scales"],"gold_loss":0},{"cards_removed":["Cleave"],"damage_healed":0,"gold_gain":0,"player_choice":"Removed Attack","damage_taken":0,"max_hp_gain":0,"max_hp_loss":0,"event_name":"Falling","floor":39,"gold_loss":0}],"is_beta":false,"boss_relics":[{"not_picked":["Sozu","Runic Dome"],"picked":"Mark of Pain"},{"not_picked":["Pandora\u0027s Box","Coffee Dripper"],"picked":"Runic Pyramid"}],"items_purged_floors":[22,28],"is_endless":false,"potions_floor_spawned":[1,6,8,14,19,24,25,30,38,42],"killed_by":"Jaw Worm Horde","ascension_level":1}}