{"host":"fc4hh3zaz3zk8cya","time":1614033864,"event":{"mods":["BaseMod","BetterRewards","Colored Map","Colored Powertips","Downfall","GifTheSpireLib","Gremlin Mod","Hermit","Highlight Path","Infinite Spire","Minty Spire (QoL Compilation)","Permanent Neow","Quick Restart","Replay The Spire","Shop Mod","StSLib","Stuff the Spire","The Bladedancer","The Construct","The Cursed","The Disciple","The Hayseed","The Hierophant","The Necromancer","The Poker Player","The Runesmith","everything is the same but u backflip on backflip","slay the spire mod where everything is the same but ironclad has a cowboy hat"],"gold_per_floor":[110,110,130,46,64,94,94,94,94,94,94,94,94],"floor_reached":12,"language":"ENG","playtime":329,"items_purged":[],"score":76,"play_id":"650e54b0-acb1-4adb-ae05-310e168d4994","local_time":"20210222174424","is_ascension_mode":false,"campfire_choices":[{"data":"hierophant:PassingBell","floor":7,"key":"SMITH"},{"data":"StuffTheSpire:FreeRealEstate","floor":10,"key":"SMITH"}],"circlet_count":0,"master_deck":["hierophant:Strike_Hierophant+1","hierophant:Strike_Hierophant","hierophant:Strike_Hierophant","hierophant:Strike_Hierophant","hierophant:Punish","hierophant:Defend_Hierophant","hierophant:Defend_Hierophant","hierophant:Defend_Hierophant","hierophant:Defend_Hierophant","hierophant:ChurchCoffers","hierophant:PassingBell+1","hierophant:Smite","StuffTheSpire:FreeRealEstate+1","hierophant:Racketeering","hierophant:OrnateBuckler","Looming Evil"],"relics":["hierophant:PropheticMaskRelic","NeowsBlessing","hierophant:DonationBoxRelic","Ring of Panic","White Beast Statue","WingedGreaves"],"acts_visited":["Exordium"],"potions_floor_usage":[],"damage_taken":[{"damage":0,"enemies":"2 Louse","floor":1,"turns":1},{"damage":0,"enemies":"Jaw Worm","floor":3,"turns":1},{"damage":0,"enemies":"Small Slimes","floor":5,"turns":1},{"damage":18,"enemies":"Gremlin Nob","floor":6,"turns":4},{"damage":0,"enemies":"Lagavulin","floor":12,"turns":1}],"seed_played":"-4361956372065102223","potions_obtained":[{"floor":1,"key":"CultistPotion"},{"floor":5,"key":"construct:ShiftPotion"},{"floor":6,"key":"sneckomod:MuddlingPotion"}],"is_trial":false,"path_per_floor":["M","?","M","$","M","E","R","?","T","R","?","E"],"character_chosen":"HIEROPHANT","items_purchased":["StuffTheSpire:FreeRealEstate"],"campfire_rested":0,"item_purchase_floors":[4],"current_hp_per_floor":[75,75,75,75,75,57,57,57,57,57,57,57,57],"gold":94,"neow_bonus":"THREE_ENEMY_KILL","is_daily":false,"chose_seed":false,"campfire_upgraded":2,"win_rate":0.0,"timestamp":1614033864,"path_taken":["M","?","M","$","M","E","R","?","T","R","?","E"],"items_purchased_type":["Card"],"build_version":"2020-12-22","purchased_purges":0,"victory":false,"max_hp_per_floor":[75,75,75,75,75,75,75,75,75,75,75,75,75],"card_choices":[{"not_picked":["hierophant:Exaltation","hierophant:AuricBeam"],"picked":"hierophant:PassingBell","floor":1},{"not_picked":["hierophant:FaithHealing","hierophant:HammerAndAnvil"],"picked":"hierophant:Smite","floor":3},{"not_picked":["hierophant:Shelter","hierophant:FlamingChariot"],"picked":"hierophant:Racketeering","floor":5},{"not_picked":["hierophant:Encroach","hierophant:SecretStash"],"picked":"hierophant:OrnateBuckler","floor":6}],"player_experience":146305,"relics_obtained":[{"floor":6,"key":"hierophant:DonationBoxRelic"},{"floor":8,"key":"Ring of Panic"},{"floor":9,"key":"White Beast Statue"}],"event_choices":[{"damage_healed":0,"gold_gain":0,"player_choice":"Searched \u00271\u0027 times","damage_taken":0,"relics_obtained":["WingedGreaves"],"max_hp_gain":0,"max_hp_loss":0,"event_name":"Dead Adventurer","floor":11,"gold_loss":0}],"is_beta":false,"boss_relics":[],"items_purged_floors":[],"is_endless":false,"potions_floor_spawned":[1,5,6],"killed_by":"Lagavulin","ascension_level":0}}