{"host":"j5j96s76v36ug78u","time":1614009121,"event":{"mods":["Astrologer","BaseMod","Better Third Choice","Downfall","Hermit","Highlight Path","Minty Spire (QoL Compilation)","Reliquary","StSLib","The Animator","The Hayseed","The Servant 0.9.4"],"gold_per_floor":[127,59,85,96,115,115,115],"floor_reached":6,"language":"ENG","playtime":333,"items_purged":[],"score":46,"play_id":"af64094d-7fd6-427d-93db-c28d8bf508ff","local_time":"20210222125201","is_ascension_mode":true,"campfire_choices":[],"circlet_count":0,"master_deck":["animator:Strike_NoGameNoLife","animator:Defend_NoGameNoLife","animator:Strike","animator:Strike","animator:Strike","animator:Defend","animator:Defend","animator:Defend","animator:DolaSchwi","animator:DolaCouronne","animator:Assassin","animator:Gilgamesh","animator:Entoma+3"],"relics":["animator:LivingPicture","animator:TheMissingPiece","animator:PurgingStone","NeowsBlessing"],"acts_visited":["Exordium"],"potions_floor_usage":[],"damage_taken":[{"damage":0,"enemies":"Cultist","floor":1,"turns":1},{"damage":0,"enemies":"Small Slimes","floor":3,"turns":1},{"damage":0,"enemies":"Jaw Worm","floor":4,"turns":1},{"damage":10,"enemies":"2 Fungi Beasts","floor":5,"turns":6},{"damage":60,"enemies":"Gremlin Nob","floor":6,"turns":5}],"seed_played":"5795249746252032051","potions_obtained":[{"floor":1,"key":"Energy Potion"},{"floor":3,"key":"Fire Potion"}],"is_trial":false,"path_per_floor":["M","$","M","M","M","E"],"character_chosen":"THE_ANIMATOR","items_purchased":["animator:Gilgamesh"],"campfire_rested":0,"item_purchase_floors":[2],"current_hp_per_floor":[66,66,66,68,60,0,0],"gold":115,"neow_bonus":"THREE_ENEMY_KILL","is_daily":false,"chose_seed":false,"campfire_upgraded":0,"win_rate":0.0,"timestamp":1614009121,"path_taken":["M","$","M","M","?","E"],"items_purchased_type":["Card"],"build_version":"2020-12-22","purchased_purges":0,"victory":false,"max_hp_per_floor":[66,66,66,68,70,70,70],"card_choices":[{"not_picked":["animator:Kaijin","animator:AcuraTooru"],"picked":"animator:Assassin","floor":1},{"not_picked":["animator:OrikoMikuni","animator:Geryuganshoop"],"picked":"animator:Entoma","floor":3},{"not_picked":["animator:Spearman","animator:Laby","animator:MetalKnight"],"picked":"SKIP","floor":4},{"not_picked":["animator:Demiurge","animator:PandorasActor"],"picked":"animator:Entoma","floor":5}],"player_experience":297400,"relics_obtained":[],"event_choices":[],"is_beta":false,"boss_relics":[],"items_purged_floors":[],"is_endless":false,"potions_floor_spawned":[1,3],"killed_by":"Gremlin Nob","ascension_level":4}}