{"host":"5tzvto3beate6p8b","time":1614019765,"event":{"mods":["BaseMod","Colored Map","DeckTracker","Minty Spire (QoL Compilation)","Relic Stats","StSLib","SuperFastMode"],"gold_per_floor":[118,135,153,164,164,194,119,130,180,141,141,170,170,190,190,264,264,274,285,335,335,346,346,374,7,7,7,7,7,7],"floor_reached":29,"language":"JPN","playtime":1125,"items_purged":["Decay"],"score":556,"play_id":"40a05d2d-a7e5-4c1c-afa0-863d5e4a8c58","local_time":"20210223034925","is_ascension_mode":true,"campfire_choices":[{"data":"Blade Dance","floor":11.0,"key":"SMITH"},{"data":"Caltrops","floor":13.0,"key":"SMITH"},{"data":"Bouncing Flask","floor":15.0,"key":"SMITH"},{"floor":23,"key":"REST"},{"floor":28,"key":"REST"}],"circlet_count":0,"master_deck":["AscendersBane","Strike_G","Strike_G","Strike_G","Strike_G","Defend_G","Defend_G","Defend_G","Defend_G","Defend_G","Survivor","Neutralize+1","Blade Dance+1","PiercingWail","Poisoned Stab","Masterful Stab","Acrobatics","Prepared","Caltrops+1","Bouncing Flask+1","Burst","PiercingWail","Dagger Throw+1","Masterful Stab+1","Blade Dance","Apotheosis","Footwork","Ghostly","Ghostly","Ghostly"],"relics":["Ring of the Snake","InkBottle","Mercury Hourglass","Snake Skull","Strawberry","WristBlade","HornCleat","Shuriken"],"acts_visited":["Exordium","TheCity"],"potions_floor_usage":[],"damage_taken":[{"damage":0.0,"enemies":"Cultist","floor":1.0,"turns":4.0},{"damage":0.0,"enemies":"Small Slimes","floor":2.0,"turns":3.0},{"damage":1.0,"enemies":"Jaw Worm","floor":3.0,"turns":4.0},{"damage":0.0,"enemies":"Looter","floor":4.0,"turns":4.0},{"damage":20.0,"enemies":"Lagavulin","floor":6.0,"turns":4.0},{"damage":5.0,"enemies":"Exordium Wildlife","floor":8.0,"turns":4.0},{"damage":0.0,"enemies":"3 Sentries","floor":12.0,"turns":4.0},{"damage":1.0,"enemies":"3 Louse","floor":14.0,"turns":3.0},{"damage":2.0,"enemies":"The Guardian","floor":16.0,"turns":7.0},{"damage":0,"enemies":"3 Byrds","floor":18,"turns":2},{"damage":17,"enemies":"Shell Parasite","floor":19,"turns":5},{"damage":14,"enemies":"Centurion and Healer","floor":22,"turns":6},{"damage":53,"enemies":"Book of Stabbing","floor":24,"turns":5},{"damage":16,"enemies":"Slavers","floor":29,"turns":2}],"seed_played":"-5322286678493914483","potions_obtained":[{"floor":1.0,"key":"FearPotion"},{"floor":3.0,"key":"GamblersBrew"},{"floor":4.0,"key":"DistilledChaos"},{"floor":8.0,"key":"AttackPotion"},{"floor":24,"key":"SteroidPotion"}],"is_trial":false,"path_per_floor":["M","M","M","M","T","E","?","M","T","?","R","E","R","M","R","B",null,"M","M","?","?","M","R","E","$","T","?","R","E"],"character_chosen":"THE_SILENT","items_purchased":["Apotheosis","Footwork"],"campfire_rested":2,"item_purchase_floors":[25,25],"current_hp_per_floor":[59,59,58,58,58,38,38,33,33,33,33,40,40,39,39,37,64,64,47,47,47,33,54,1,1,1,1,11,0,0],"gold":7,"neow_bonus":"UPGRADE_CARD","is_daily":false,"chose_seed":false,"campfire_upgraded":3,"win_rate":0.0,"timestamp":1614019765,"path_taken":["M","M","M","M","?","E","?","M","T","?","R","E","R","M","R","BOSS","M","M","?","?","M","R","E","?","T","?","R","E"],"items_purchased_type":["Card","Card"],"build_version":"2020-12-22","purchased_purges":1,"victory":false,"max_hp_per_floor":[66,66,66,66,66,66,66,66,66,66,66,73,73,73,73,73,73,73,73,73,73,73,73,73,73,73,36,36,36,36],"relic_stats":{"counters":[14,56],"Shuriken":[1],"Snake Skull":[31],"obtain_stats":[{"HornCleat":24,"WristBlade":17,"Shuriken":26,"Strawberry":12,"Snake Skull":9,"InkBottle":5,"Ring of the Snake":0,"Mercury Hourglass":6},{"HornCleat":13,"WristBlade":9,"Shuriken":13,"Strawberry":7,"Snake Skull":6,"InkBottle":4,"Ring of the Snake":0,"Mercury Hourglass":5},{"HornCleat":54,"WristBlade":36,"Shuriken":54,"Strawberry":26,"Snake Skull":22,"InkBottle":15,"Ring of the Snake":0,"Mercury Hourglass":19}],"InkBottle":[17],"Ring of the Snake":[28],"Mercury Hourglass":[159]},"card_choices":[{"not_picked":["Footwork","Dagger Spray"],"picked":"Blade Dance","floor":1.0},{"not_picked":["Calculated Gamble","Flying Knee"],"picked":"PiercingWail","floor":2.0},{"not_picked":["Deflect","Backflip"],"picked":"Poisoned Stab","floor":3.0},{"not_picked":["Outmaneuver","Dodge and Roll"],"picked":"Masterful Stab","floor":4.0},{"not_picked":["Bane","Phantasmal Killer"],"picked":"Acrobatics","floor":6.0},{"not_picked":["Infinite Blades","Bane"],"picked":"Prepared","floor":8.0},{"not_picked":["PiercingWail","Flying Knee"],"picked":"Caltrops","floor":12.0},{"not_picked":["Dagger Throw","Dash"],"picked":"Bouncing Flask","floor":14.0},{"not_picked":["Adrenaline","Unload"],"picked":"Burst","floor":16.0},{"not_picked":["Calculated Gamble+1","Escape Plan"],"picked":"PiercingWail","floor":18},{"not_picked":["Poisoned Stab","Setup"],"picked":"Dagger Throw+1","floor":19},{"not_picked":["Cloak And Dagger","Deadly Poison"],"picked":"Masterful Stab+1","floor":22},{"not_picked":["Cloak And Dagger","Acrobatics+1"],"picked":"Blade Dance","floor":24}],"player_experience":845446,"relics_obtained":[{"floor":5.0,"key":"InkBottle"},{"floor":6.0,"key":"Mercury Hourglass"},{"floor":9.0,"key":"Snake Skull"},{"floor":12.0,"key":"Strawberry"},{"floor":24,"key":"HornCleat"},{"floor":26,"key":"Shuriken"}],"event_choices":[{"cards_removed":["Strike_G"],"damage_healed":0.0,"max_hp_gain":0.0,"max_hp_loss":0.0,"gold_gain":0.0,"event_name":"The Cleric","player_choice":"Card Removal","floor":7.0,"gold_loss":75.0,"damage_taken":0.0},{"damage_healed":0.0,"max_hp_gain":0.0,"max_hp_loss":0.0,"gold_gain":0.0,"event_name":"World of Goop","player_choice":"Left Gold","floor":10.0,"gold_loss":39.0,"damage_taken":0.0},{"damage_healed":0,"gold_gain":50,"player_choice":"Stole From Cult","damage_taken":0,"max_hp_gain":0,"max_hp_loss":0,"event_name":"Nest","floor":20,"gold_loss":0},{"damage_healed":0,"gold_gain":0,"player_choice":"Smashed Altar","damage_taken":0,"max_hp_gain":0,"max_hp_loss":0,"event_name":"Forgotten Altar","floor":21,"gold_loss":0,"cards_obtained":["Decay"]},{"damage_healed":0,"gold_gain":0,"player_choice":"Became a Ghost","damage_taken":0,"max_hp_gain":0,"max_hp_loss":37,"event_name":"Ghosts","floor":27,"gold_loss":0,"cards_obtained":["Ghostly","Ghostly","Ghostly"]}],"is_beta":false,"boss_relics":[{"not_picked":["Empty Cage","Busted Crown"],"picked":"WristBlade"}],"items_purged_floors":[25],"is_endless":false,"potions_floor_spawned":[1,3,4,8,24],"killed_by":"Slavers","ascension_level":20}}