{"host":"38abhf7uonnoqlzr","time":1614013386,"event":{"mods":["Act Like it!","Aspiration","BaseMod","Better Note","Better Third Choice","Block Reminder","CapriCore","Colored Map","Conspire","Displayed Cursed Tome","Dota2Spire","Energized Spire","Friendly Minions","Hallownest","Hubris","Minty Spire (QoL Compilation)","Pale of the Ancients","Rare Cards Sparkle","Reimu??????","Relic Stats","Reliquary","Replay The Spire","Ruina","Spicy Shops","StSLib","Waifu the Spire"],"gold_per_floor":[111,286,302,320,320,354,354,369,418,418,450,463,31,42,42,137,137,149,149,149,169,182,182,196,196,221,237,237,262,272,301,313,423,435,463,475,487,9,44,44,61,61,61,90,90,107,134,152,152,152,167,186,218,3,3,18,18,42,42,42],"floor_reached":61,"language":"ENG","playtime":5801,"items_purged":["Doubt","Doubt","Injury"],"score":1432,"play_id":"d87e1700-b9d7-46fd-a338-b019522fa831","local_time":"20210222180306","is_ascension_mode":false,"campfire_choices":[{"data":"FoulBorder2:ReiMu","floor":7.0,"key":"SMITH"},{"floor":10.0,"key":"REST"},{"data":"InherentArray:ReiMu","floor":23.0,"key":"SMITH"},{"floor":25.0,"key":"REST"},{"floor":28.0,"key":"REST"},{"floor":32.0,"key":"REST"},{"data":"YinYang:ReiMu","floor":40.0,"key":"SMITH"},{"data":"YinYang:ReiMu","floor":42.0,"key":"SMITH"},{"data":"KyokaiOfKami:ReiMu","floor":45.0,"key":"SMITH"},{"data":"MikOfLucky:ReiMu","floor":49,"key":"SMITH"},{"data":"FantasyMoon:ReiMu","floor":55,"key":"SMITH"},{"data":"BlastKick2:ReiMu","floor":57,"key":"SMITH"}],"circlet_count":0,"master_deck":["Strike_Lin:ReiMu","Strike_Lin:ReiMu","Strike_Lin:ReiMu","Strike_Lin:ReiMu","Defend_Lin:ReiMu","Defend_Lin:ReiMu","Defend_Lin:ReiMu","Defend_Lin:ReiMu","NB:ReiMu","Stagnation:ReiMu","NineCharacters:ReiMu","YinYangSange:ReiMu","AirStrike:ReiMu","FoulBorder2:ReiMu+1","YinYang:ReiMu+1","ShadowOfCrow2:ReiMu","LearningPray:ReiMu","Mayhem+1","BlastKick2:ReiMu","PrayRite:ReiMu","YinYang:ReiMu+1","InherentArray:ReiMu+1","YinYangSange:ReiMu","PayForSelf:ReiMu+1","MikOfLucky:ReiMu+1","TightArray:ReiMu","KyokaiOfKami:ReiMu+1","SealNeedle:ReiMu","WonderfulDomain:ReiMu","BlastKick2:ReiMu+1","KyokaiOfKami:ReiMu","Replay:Bootleg Shield Generator","Specialist","ReplayTheSpireMod:Splinters","Amulet:ReiMu+1","FineLineFantasy:ReiMu","LovePray:ReiMu+1","YinYangSign:ReiMu+1","MikOfLucky:ReiMu+1","FineLineFantasy:ReiMu+1","FantasyMoon:ReiMu+1","Crusade:ReiMu+1","Amulet:ReiMu+1","DoubleButterfly:ReiMu+1","SpreadBorder2:ReiMu+1","hubris:Greed"],"relics":["FlyPower:ReiMu","SkyOrb:ReiMu","hubris:Towel","PreservedInsect","Akabeko","Dota2Spire:ShadowBlade","Membership Card","HandDrill","Philosopher\u0027s Stone","ruina:PrescriptsGrace","Bow_fan:ReiMu","Dota2Spire:Vanguard","reliquary:SilkGlove","MawBank","Cursed Key","Dota2Spire:OctarineCore","ReplayTheSpireMod:TigerMarble","Eternal Feather","Oddly Smooth Stone","Dota2Spire:ArcaneBoots","Dota2Spire:DrumOfEndurance","Replay:Wax Seal","Dota2Spire:PowerTreads","paleoftheancients:Timepiece","Gremlin Horn","Spirit Poop","paleoftheancients:SoulOfTheWatcher","ReplayTheSpireMod:Lightbulb","Torii","Dota2Spire:UrnOfShadows"],"acts_visited":["Exordium","Exordium","TheBeyond","TheBeyond"],"potions_floor_usage":[60,60,60],"damage_taken":[{"damage":3.0,"enemies":"2 Louse","floor":1.0,"turns":5.0},{"damage":1.0,"enemies":"Small Slimes","floor":3.0,"turns":6.0},{"damage":5.0,"enemies":"Jaw Worm","floor":4.0,"turns":12.0},{"damage":38.0,"enemies":"Gremlin Nob","floor":6.0,"turns":7.0},{"damage":15.0,"enemies":"3 Louse","floor":8.0,"turns":7.0},{"damage":3.0,"enemies":"Lagavulin","floor":11.0,"turns":7.0},{"damage":0.0,"enemies":"Blue Slaver","floor":12.0,"turns":3.0},{"damage":2.0,"enemies":"Looter","floor":14.0,"turns":2.0},{"damage":23.0,"enemies":"The Guardian","floor":16.0,"turns":9.0},{"damage":23.0,"enemies":"ruina:3_Bats","floor":18.0,"turns":6.0},{"damage":3.0,"enemies":"ruina:2_Scarecrows","floor":21.0,"turns":5.0},{"damage":2.0,"enemies":"ruina:QueenOfHate","floor":22.0,"turns":5.0},{"damage":20.0,"enemies":"ruina:3_Scarecrows","floor":24.0,"turns":5.0},{"damage":2.0,"enemies":"ruina:Nos_and_Bat","floor":27.0,"turns":5.0},{"damage":21.0,"enemies":"ruina:Mountain","floor":29.0,"turns":8.0},{"damage":1.0,"enemies":"ruina:QueenOfHate","floor":30.0,"turns":3.0},{"damage":14.0,"enemies":"ruina:ServantOfWrath","floor":31.0,"turns":4.0},{"damage":15.0,"enemies":"ruina:Red_and_Wolf","floor":33.0,"turns":10.0},{"damage":15.0,"enemies":"Orb Walker","floor":35.0,"turns":5.0},{"damage":13.0,"enemies":"3 Shapes","floor":41.0,"turns":4.0},{"damage":3.0,"enemies":"R_Hoarder","floor":44.0,"turns":6.0},{"damage":2.0,"enemies":"Writhing Mass","floor":46.0,"turns":5.0},{"damage":1.0,"enemies":"Reptomancer","floor":47.0,"turns":4.0},{"damage":5,"enemies":"Sphere and 2 Shapes","floor":48,"turns":3},{"damage":17,"enemies":"Time Eater","floor":50,"turns":9},{"damage":12,"enemies":"Time Eater","floor":51,"turns":6},{"damage":23,"enemies":"Time Eater","floor":52,"turns":6},{"damage":0,"enemies":"conspire:MimicChest","floor":53,"turns":2},{"damage":2,"enemies":"conspire:MimicChest","floor":56,"turns":4},{"damage":2,"enemies":"paleoftheancients:N","floor":60,"turns":5}],"seed_played":"2757328485371476746","potions_obtained":[{"floor":4.0,"key":"conspire:TimeTravelPotion"},{"floor":8.0,"key":"AttackPotion"},{"floor":11.0,"key":"BottledKami:ReiMu"},{"floor":18.0,"key":"Block Potion"},{"floor":22.0,"key":"FearPotion"},{"floor":24.0,"key":"Block Potion"},{"floor":29.0,"key":"Fruit Juice"},{"floor":33.0,"key":"HakureiPotion:ReiMu"},{"floor":35.0,"key":"Dota2Spire:Clarity"},{"floor":39.0,"key":"PowerPotion"}],"is_trial":false,"path_per_floor":["M","?","M","M","?","E","R","M","T","R","E","M","$","M","R_BF","B",null,"M","?","?","M","M","R","M","R","T","M","R","E","M","E","R","B",null,"M","$","?","$","?","R","M","R","T","E","R","M","E","M","R","B","M","M","?","$","R","M","R","T","?","B",null],"character_chosen":"REIMU","items_purchased":["Membership Card","Mayhem","BlastKick2:ReiMu","HandDrill","Specialist","Dota2Spire:OctarineCore","ReplayTheSpireMod:TigerMarble","Eternal Feather","Oddly Smooth Stone","Torii"],"campfire_rested":4,"item_purchase_floors":[13,13,13,13,38,38,38,38,38,54],"current_hp_per_floor":[62,62,61,56,56,45,45,30,30,49,46,46,46,44,63,40,65,42,42,42,39,37,37,17,36,36,34,53,32,36,22,43,28,70,55,55,55,55,55,70,57,70,70,67,70,68,67,62,70,70,64,56,63,63,70,69,70,70,70,69],"gold":42,"neow_bonus":"RANDOM_COMMON_RELIC","is_daily":false,"chose_seed":false,"campfire_upgraded":8,"win_rate":0.0,"timestamp":1614013386,"path_taken":["M","?","M","M","?","E","R","M","T","R","E","M","$","M","R_BF","BOSS","M","?","?","M","M","R","M","R","T","M","R","E","M","E","R","BOSS","M","$","?","$","?","R","M","R","T","E","R","M","E","M","R","BOSS","M","M","?","$","R","M","R","T","?","BOSS"],"items_purchased_type":["Relic","Card","Card","Relic","Card","Relic","Relic","Relic","Relic","Relic"],"build_version":"2020-12-22","purchased_purges":3,"victory":true,"max_hp_per_floor":[65,65,65,65,65,65,65,65,65,65,65,65,65,65,65,65,65,65,65,65,65,65,65,65,65,65,65,65,65,70,70,70,70,70,70,70,70,70,70,70,70,70,70,70,70,70,70,70,70,70,70,70,70,70,70,70,70,70,70,70],"relic_stats":{"Gremlin Horn":[7,7],"Torii":0,"counters":[30,166],"Eternal Feather":47,"PreservedInsect":306,"HandDrill":[40],"MawBank":84,"Cursed Key":2,"obtain_stats":[{"Dota2Spire:PowerTreads":47,"reliquary:SilkGlove":29,"Gremlin Horn":50,"Torii":54,"Spirit Poop":50,"Dota2Spire:DrumOfEndurance":43,"Dota2Spire:ShadowBlade":11,"Dota2Spire:Vanguard":26,"Bow_fan:ReiMu":20,"Cursed Key":34,"Frozen Eye":21,"Philosopher\u0027s Stone":17,"ruina:Prescript":19,"ruina:PrescriptsGrace":29,"HandDrill":13,"Dota2Spire:ArcaneBoots":39,"paleoftheancients:SoulOfTheWatcher":51,"Replay:Wax Seal":44,"Dota2Spire:UrnOfShadows":58,"Oddly Smooth Stone":38,"Eternal Feather":38,"PreservedInsect":6,"hubris:Towel":5,"MawBank":31,"Akabeko":9,"paleoftheancients:Timepiece":50,"SkyOrb:ReiMu":0,"Dota2Spire:OctarineCore":38,"ReplayTheSpireMod:TigerMarble":38,"Membership Card":13,"FlyPower:ReiMu":0,"ReplayTheSpireMod:Lightbulb":53},{"Dota2Spire:PowerTreads":23,"reliquary:SilkGlove":15,"Gremlin Horn":25,"Torii":28,"Spirit Poop":25,"Dota2Spire:DrumOfEndurance":20,"Dota2Spire:ShadowBlade":6,"Dota2Spire:Vanguard":13,"Bow_fan:ReiMu":10,"Cursed Key":18,"Frozen Eye":10,"Philosopher\u0027s Stone":9,"ruina:Prescript":10,"ruina:PrescriptsGrace":15,"HandDrill":7,"Dota2Spire:ArcaneBoots":19,"paleoftheancients:SoulOfTheWatcher":26,"Replay:Wax Seal":21,"Dota2Spire:UrnOfShadows":29,"Oddly Smooth Stone":19,"Eternal Feather":19,"PreservedInsect":4,"hubris:Towel":3,"MawBank":17,"Akabeko":5,"paleoftheancients:Timepiece":25,"SkyOrb:ReiMu":0,"Dota2Spire:OctarineCore":19,"ReplayTheSpireMod:TigerMarble":19,"Membership Card":7,"FlyPower:ReiMu":0,"ReplayTheSpireMod:Lightbulb":28},{"Dota2Spire:PowerTreads":131,"reliquary:SilkGlove":91,"Gremlin Horn":143,"Torii":157,"Spirit Poop":143,"Dota2Spire:DrumOfEndurance":116,"Dota2Spire:ShadowBlade":44,"Dota2Spire:Vanguard":78,"Bow_fan:ReiMu":64,"Cursed Key":107,"Frozen Eye":64,"Philosopher\u0027s Stone":58,"ruina:Prescript":64,"ruina:PrescriptsGrace":91,"HandDrill":47,"Dota2Spire:ArcaneBoots":112,"paleoftheancients:SoulOfTheWatcher":149,"Replay:Wax Seal":122,"Dota2Spire:UrnOfShadows":161,"Oddly Smooth Stone":112,"Eternal Feather":112,"PreservedInsect":30,"hubris:Towel":23,"MawBank":98,"Akabeko":37,"paleoftheancients:Timepiece":143,"SkyOrb:ReiMu":0,"Dota2Spire:OctarineCore":112,"ReplayTheSpireMod:TigerMarble":112,"Membership Card":47,"FlyPower:ReiMu":0,"ReplayTheSpireMod:Lightbulb":157}]},"card_choices":[{"not_picked":["Amulet:ReiMu","CollectionFlower2:ReiMu"],"picked":"NineCharacters:ReiMu","floor":1.0},{"not_picked":["Intuition:ReiMu","KamiSacrifice:ReiMu"],"picked":"YinYangSange:ReiMu","floor":3.0},{"not_picked":["Meditation:ReiMu","SubcavityInstant:ReiMu"],"picked":"AirStrike:ReiMu","floor":4.0},{"not_picked":["Determination:ReiMu","AirStrike:ReiMu"],"picked":"FoulBorder2:ReiMu","floor":6.0},{"not_picked":["SubcavityInstant:ReiMu","SpringWay:ReiMu"],"picked":"YinYang:ReiMu","floor":8.0},{"not_picked":["Conquer:ReiMu","Intuition:ReiMu"],"picked":"ShadowOfCrow2:ReiMu","floor":11.0},{"not_picked":["SafetyPray:ReiMu","CareerPray:ReiMu"],"picked":"LearningPray:ReiMu","floor":12.0},{"not_picked":["RainPray2:ReiMu","WonderfulDomain:ReiMu"],"picked":"PrayRite:ReiMu","floor":14.0},{"not_picked":["Dreaming:ReiMu","Shading:ReiMu"],"picked":"YinYang:ReiMu","floor":16.0},{"not_picked":["TightArray:ReiMu+1","Mountainwind:ReiMu"],"picked":"InherentArray:ReiMu","floor":18.0},{"not_picked":["DoubleButterfly:ReiMu+1","SpringWay:ReiMu+1"],"picked":"YinYangSange:ReiMu","floor":21.0},{"not_picked":["Enchanting:ReiMu","Amulet:ReiMu"],"picked":"PayForSelf:ReiMu+1","floor":22.0},{"not_picked":["ShadowOfCrow2:ReiMu+1","Intuition:ReiMu"],"picked":"MikOfLucky:ReiMu","floor":24.0},{"not_picked":["CareerPray:ReiMu","PayForSelf:ReiMu"],"picked":"TightArray:ReiMu","floor":27.0},{"not_picked":["SubcavityInstant:ReiMu","SafetyPray:ReiMu"],"picked":"KyokaiOfKami:ReiMu","floor":29.0},{"not_picked":["Meditation:ReiMu+1","OrbThrow:ReiMu"],"picked":"SealNeedle:ReiMu","floor":30.0},{"not_picked":["SubcavityInstant:ReiMu","CareerPray:ReiMu"],"picked":"WonderfulDomain:ReiMu","floor":31.0},{"not_picked":["Shading:ReiMu","KamiRite:ReiMu"],"picked":"BlastKick2:ReiMu","floor":33.0},{"not_picked":["AirStrike:ReiMu+1","SpreadBorder2:ReiMu+1"],"picked":"KyokaiOfKami:ReiMu","floor":35.0},{"not_picked":["Panacea","Jack Of All Trades"],"picked":"Replay:Bootleg Shield Generator","floor":37.0},{"not_picked":["EmergencyTakeOff:ReiMu+1","TightArray:ReiMu+1"],"picked":"Amulet:ReiMu+1","floor":39.0},{"not_picked":["YinYangSign:ReiMu","KamiSacrifice:ReiMu+1"],"picked":"FineLineFantasy:ReiMu","floor":39.0},{"not_picked":["PassingAway:ReiMu+1","Amulet:ReiMu"],"picked":"LovePray:ReiMu+1","floor":41.0},{"not_picked":["UpKicking:ReiMu+1","MountainWay:ReiMu+1"],"picked":"YinYangSign:ReiMu+1","floor":44.0},{"not_picked":["SpreadBorder2:ReiMu+1","RainPray2:ReiMu+1"],"picked":"MikOfLucky:ReiMu+1","floor":46.0},{"not_picked":["UniversalSpiritual:ReiMu","SpringWay:ReiMu+1"],"picked":"FineLineFantasy:ReiMu+1","floor":47.0},{"not_picked":["LovePray:ReiMu","Conquer:ReiMu"],"picked":"FantasyMoon:ReiMu","floor":48},{"not_picked":["AirManeuver:ReiMu","Conquer:ReiMu"],"picked":"Crusade:ReiMu+1","floor":51},{"not_picked":["BarrageOfMoneybags:ReiMu","EmergencyTakeOff:ReiMu+1"],"picked":"Amulet:ReiMu+1","floor":52},{"not_picked":["SafetyPray:ReiMu+1","SubcavityInstant:ReiMu+1"],"picked":"DoubleButterfly:ReiMu+1","floor":53},{"not_picked":["EmergencyTakeOff:ReiMu","Conquer:ReiMu+1"],"picked":"SpreadBorder2:ReiMu+1","floor":56}],"player_experience":211746,"relics_obtained":[{"floor":6.0,"key":"PreservedInsect"},{"floor":9.0,"key":"Akabeko"},{"floor":11.0,"key":"Dota2Spire:ShadowBlade"},{"floor":26.0,"key":"Dota2Spire:Vanguard"},{"floor":29.0,"key":"reliquary:SilkGlove"},{"floor":31.0,"key":"MawBank"},{"floor":39.0,"key":"Dota2Spire:ArcaneBoots"},{"floor":43.0,"key":"Dota2Spire:DrumOfEndurance"},{"floor":44.0,"key":"Replay:Wax Seal"},{"floor":47.0,"key":"Dota2Spire:PowerTreads"},{"floor":51,"key":"paleoftheancients:SoulOfTheWatcher"},{"floor":53,"key":"ReplayTheSpireMod:Lightbulb"},{"floor":58,"key":"Dota2Spire:UrnOfShadows"}],"event_choices":[{"damage_healed":0.0,"max_hp_gain":0.0,"max_hp_loss":0.0,"gold_gain":175.0,"event_name":"betterThird:BetterSerpent","player_choice":"AGREE","floor":2.0,"gold_loss":0.0,"damage_taken":111.0},{"damage_healed":0.0,"max_hp_gain":0.0,"max_hp_loss":0.0,"gold_gain":0.0,"event_name":"SensoryStone","player_choice":"Memory 1","floor":37.0,"gold_loss":0.0,"damage_taken":0.0}],"is_beta":false,"boss_relics":[{"not_picked":["hubris:CrackedHourglass","energizedSpire:StickyHand"],"picked":"Philosopher\u0027s Stone"},{"not_picked":["Runic Dome","conspire:RunicOctahedron"],"picked":"Cursed Key"}],"items_purged_floors":[13,38,54],"is_endless":false,"potions_floor_spawned":[4,8,11,18,22,24,29,33,35,46,48,56],"ascension_level":0}}