{"host":"2haferq23ht5nrlk","time":1614020116,"event":{"mods":["ATMod(°¢èªMod)","Aspiration","BaseMod","BetterRewards","Colored Powertips","Conspire","Dota2Spire","Faster Ascension Climbing","KomeijiMod","Lobotomy","LobotomyExtend","Marked Mod","Minty Spire (QoL Compilation)","Quick Restart","Relic Filter Mod","Relic Stats","Reliquary","Replay The Spire","RumiaBox-Â¶Ã×æ«µÄÉñÃØºÐ×Ó","Spicy Shops","StSLib","The Cursed","UnlockEverythingMod","¡¾ÒÅÎï¿¨ÅÆ¡¿REMEMod"],"gold_per_floor":[172,172,172,71,85,85,110,110,162,162,197,197,197,210,210,308,308,308,308],"floor_reached":18,"language":"ZHS","playtime":770,"items_purged":[],"score":378,"play_id":"7d649628-077b-4463-a27f-4335e890c244","local_time":"20210223025516","is_ascension_mode":true,"campfire_choices":[{"data":"Absorbed","floor":6,"key":"SMITH"},{"data":"LifeBreak","floor":8,"key":"SMITH"},{"data":"StigmaNizer","floor":10,"key":"SMITH"},{"data":"ScarletDestiny","floor":15,"key":"SMITH"}],"circlet_count":0,"master_deck":["conspire:GhostlyStrike","conspire:GhostlyStrike","conspire:GhostlyStrike","conspire:GhostlyStrike","conspire:GhostlyDefend","conspire:GhostlyDefend","conspire:GhostlyDefend","conspire:GhostlyDefend","Absorbed+1","Scratch","AT_ShrugMaster","BloodySuit+1","Cripple","TricksterDevil","StigmaNizer+1","Absorbed+1","RocketKickup+1","BloodCleaner","ReplayTheSpireMod:Splinters","ReplayTheSpireMod:Splinters","VampireKiss_Remiria","Shame","LifeBreak+1","VampirishNight","Coercion","StigmaNizer","Scratch","ScarletDestiny+1","MillenniumVampire","Parasite","Parasite","Parasite","Parasite","Parasite"],"relics":["ThirstyCrossSpe","AT_ATBox","REME_ComplimentaryCards","Baka","LetterFromLob","aspiration:AnachronicSnailShell","Tiny Chest","Coffee Dripper","ShedSkin_r"],"acts_visited":["Exordium","TheCity"],"potions_floor_usage":[16],"damage_taken":[{"damage":2,"enemies":"Jaw Worm","floor":1,"turns":2},{"damage":0,"enemies":"2 Louse","floor":5,"turns":2},{"damage":24,"enemies":"Lagavulin","floor":7,"turns":4},{"damage":16,"enemies":"Replay:BlueRogue","floor":11,"turns":3},{"damage":3,"enemies":"Cultist","floor":13,"turns":2},{"damage":17,"enemies":"Large Slime","floor":14,"turns":3},{"damage":72,"enemies":"Fading Forest","floor":16,"turns":11}],"seed_played":"7859242284728934036","potions_obtained":[{"floor":14,"key":"Regen Potion"},{"floor":16,"key":"LifebloodPotion"}],"is_trial":false,"path_per_floor":["M","?","?","$","M","R","E","R","T","R","E","?","M","M","R","B",null,"M"],"character_chosen":"RemiriaScarlet","items_purchased":["BloodySuit+1","Cripple","TricksterDevil","RocketKickup+1","BloodCleaner"],"campfire_rested":0,"item_purchase_floors":[0,0,0,4,4],"current_hp_per_floor":[98,98,98,98,98,98,80,80,80,80,64,64,61,44,44,34,100,0,0],"gold":308,"neow_bonus":"","is_daily":false,"chose_seed":false,"campfire_upgraded":4,"win_rate":0.0,"timestamp":1614020116,"path_taken":["M","?","?","$","?","R","E","R","T","R","E","?","M","M","R","BOSS","M"],"items_purchased_type":["Card","Card","Card","Card","Card"],"build_version":"2020-12-22","purchased_purges":0,"victory":false,"max_hp_per_floor":[100,100,100,100,100,100,100,100,100,100,100,100,100,100,100,100,100,98,98],"relic_stats":{"counters":[41,124],"Tiny Chest":0,"obtain_stats":[{"Replay:Accelerometer":48,"AT_ATBox":0,"CeramicFish":9,"REME_ChargedStone":34,"Ancient Tea Set":27,"AT_ArchangelStaff":5,"ClockworkSouvenir":0,"HornCleat":40,"aspiration:AnachronicSnailShell":7,"Tiny Chest":11,"Replay:Bottled Eggs":0,"SumBook":9,"Gremlin Food":54,"Lee\u0027s Waffle":27,"NeowsBlessing":0,"Happy Flower":26,"Blue Candle":2,"Replay:Grab Bag":17,"Guide Book":53,"Replay:WaspNest":29,"Pen Nib":31,"Baka":1,"AT_SilvercatRing":5,"REME_LimitBreaker":40,"Orichalcum":54,"White Beast Statue":23,"aspiration:FrozenJewel":6,"Mercury Hourglass":14,"Heaven_r":8,"SlaversCollar":17,"ThirstyCrossSpe":0,"Orrery":38,"REME_HandOfSuture":29,"Coffee Dripper":17,"Black Star":17,"LetterFromLob":1,"ReplayTheSpireMod:Lightbulb":12,"StrikeDummy":48,"Toy Ornithopter":23,"Unceasing Top":45,"ShedSkin_r":18,"REME_ComplimentaryCards":0},{"Replay:Accelerometer":26,"AT_ATBox":0,"CeramicFish":2,"REME_ChargedStone":18,"Ancient Tea Set":14,"AT_ArchangelStaff":31,"ClockworkSouvenir":29,"HornCleat":23,"aspiration:AnachronicSnailShell":37,"Tiny Chest":38,"Replay:Bottled Eggs":29,"SumBook":33,"Gremlin Food":28,"Lee\u0027s Waffle":14,"NeowsBlessing":0,"Happy Flower":14,"Blue Candle":1,"Replay:Grab Bag":7,"Guide Book":27,"Replay:WaspNest":16,"Pen Nib":17,"Baka":30,"AT_SilvercatRing":2,"REME_LimitBreaker":23,"Orichalcum":28,"White Beast Statue":13,"aspiration:FrozenJewel":32,"Mercury Hourglass":6,"Heaven_r":33,"SlaversCollar":7,"ThirstyCrossSpe":0,"Orrery":21,"REME_HandOfSuture":16,"Coffee Dripper":7,"Black Star":7,"LetterFromLob":30,"ReplayTheSpireMod:Lightbulb":4,"StrikeDummy":26,"Toy Ornithopter":13,"Unceasing Top":24,"ShedSkin_r":41,"REME_ComplimentaryCards":0},{"Replay:Accelerometer":76,"AT_ATBox":0,"CeramicFish":2,"REME_ChargedStone":53,"Ancient Tea Set":44,"AT_ArchangelStaff":91,"ClockworkSouvenir":88,"HornCleat":68,"aspiration:AnachronicSnailShell":105,"Tiny Chest":108,"Replay:Bottled Eggs":88,"SumBook":95,"Gremlin Food":83,"Lee\u0027s Waffle":44,"NeowsBlessing":0,"Happy Flower":44,"Blue Candle":1,"Replay:Grab Bag":22,"Guide Book":80,"Replay:WaspNest":49,"Pen Nib":51,"Baka":89,"AT_SilvercatRing":2,"REME_LimitBreaker":68,"Orichalcum":83,"White Beast Statue":41,"aspiration:FrozenJewel":93,"Mercury Hourglass":16,"Heaven_r":95,"SlaversCollar":22,"ThirstyCrossSpe":0,"Orrery":61,"REME_HandOfSuture":49,"Coffee Dripper":22,"Black Star":22,"LetterFromLob":89,"ReplayTheSpireMod:Lightbulb":7,"StrikeDummy":76,"Toy Ornithopter":41,"Unceasing Top":71,"ShedSkin_r":124,"REME_ComplimentaryCards":0}]},"card_choices":[{"not_picked":["DoubleEdge","DemonsDinnerFork_Remiria"],"picked":"StigmaNizer","floor":1},{"not_picked":["Feint","Rewrite"],"picked":"VampireKiss_Remiria","floor":5},{"not_picked":["DemonLordWalk","DamonLordCradle_Remiria"],"picked":"LifeBreak","floor":7},{"not_picked":["VampireKiss_Remiria","DamonLordCradle_Remiria"],"picked":"VampirishNight","floor":11},{"not_picked":["StigmaNizer","FierceSweep"],"picked":"BloodCollect","floor":13},{"not_picked":["BloodySuit","BodyStrengthen"],"picked":"ScarletDestiny","floor":14},{"not_picked":["RemiliaStalker","Coercion"],"picked":"MillenniumVampire","floor":16}],"player_experience":29217,"relics_obtained":[{"floor":1,"key":"Baka"},{"floor":1,"key":"LetterFromLob"},{"floor":7,"key":"aspiration:AnachronicSnailShell"},{"floor":11,"key":"Tiny Chest"}],"event_choices":[{"damage_healed":0,"gold_gain":0,"player_choice":"Agree","damage_taken":0,"max_hp_gain":0,"max_hp_loss":0,"event_name":"conspire:LoneGhost","floor":2,"gold_loss":0},{"damage_healed":0,"gold_gain":0,"player_choice":"3 cards matched","damage_taken":0,"max_hp_gain":0,"max_hp_loss":0,"event_name":"Match and Keep!","floor":12,"gold_loss":0,"cards_obtained":["Coercion","StigmaNizer","Scratch"]}],"is_beta":false,"boss_relics":[{"not_picked":["Replay:Bronze Core","Fusion Hammer"],"picked":"Coffee Dripper"}],"items_purged_floors":[],"is_endless":false,"potions_floor_spawned":[14,16],"ascension_level":1}}