{"host":"qnonbmyem8gan59d","time":1614021592,"event":{"mods":["BaseMod","Colored Powertips","Downfall","Hermit","Minty Spire (QoL Compilation)","Replay The Spire","StSLib"],"gold_per_floor":[99,114,131,281,281,294,294,94,94,105,122,155,55,72,87,184,234,234,252,252,352,352,140,140,140,167,252,262,272,257,358,372,467,467,467,481,495,495,495,495,519,536,552,552,552,652,652,497,507,507,507,507],"floor_reached":50,"language":"ENG","playtime":5887,"items_purged":["bronze:MaxOutput"],"score":562,"play_id":"247c4e14-b281-400f-b27c-087156a1610c","local_time":"20210222131952","is_ascension_mode":false,"campfire_choices":[{"floor":1.0,"key":"RECALL"},{"data":"bronze:Shell","floor":8.0,"key":"SMITH"},{"data":"bronze:Overload","floor":13.0,"key":"SMITH"},{"floor":18.0,"key":"DIG"},{"data":"downfall:Icky","floor":25.0,"key":"PURGE"},{"data":"bronze:AlphaBuild","floor":45.0,"key":"SMITH"},{"data":"J.A.X.","floor":47.0,"key":"SMITH"}],"circlet_count":0,"master_deck":["bronze:Strike","bronze:Strike","bronze:Strike+1","bronze:Strike","bronze:Defend","bronze:Defend+1","bronze:Defend","bronze:Defend","bronze:Replicate","bronze:Goto","bronze:DelayedSlice","bronze:Shell+1","bronze:ChosenStrike","bronze:Overload+1","bronze:Branch","bronze:ClassDefault","bronze:Format","bronze:Repair","bronze:GetLatest","J.A.X.+1","bronze:DelayedSlice+1","bronze:DelayedSlice+1","bronze:AlphaBuild+1","expansioncontent:QuickStudy","bronze:Assembly","bronze:ForceShield","bronze:BronzeOrb+1","bronze:Repair+1","bronze:FineTuning","bronze:DelayedSlice","Parasite","bronze:BronzeOrb+1"],"relics":["bronze:BronzeCore","FaceOfCleric","downfall:HeartBlessingRed","downfall:HeartBlessingBlue","Letter Opener","Anchor","downfall:HeartBlessingGreen","Tiny House","Peace Pipe","MutagenicStrength","Whetstone","Regal Pillow","Potion Belt","Happy Flower","Replay:Bronze Core","Art of War","Oddly Smooth Stone"],"acts_visited":["Exordium","TheCity","TheBeyond"],"potions_floor_usage":[50],"damage_taken":[{"damage":1.0,"enemies":"Cultist","floor":2.0,"turns":4.0},{"damage":5.0,"enemies":"Small Slimes","floor":3.0,"turns":2.0},{"damage":6.0,"enemies":"2 Louse","floor":6.0,"turns":2.0},{"damage":9.0,"enemies":"2 Fungi Beasts","floor":10.0,"turns":3.0},{"damage":10.0,"enemies":"downfall:LooterAlt","floor":11.0,"turns":2.0},{"damage":22.0,"enemies":"3 Sentries","floor":12.0,"turns":9.0},{"damage":1.0,"enemies":"Exordium Wildlife","floor":14.0,"turns":3.0},{"damage":0.0,"enemies":"Large Slime","floor":15.0,"turns":4.0},{"damage":35.0,"enemies":"WA_ARCHETYPE_RETAIN","floor":16.0,"turns":5.0},{"damage":5.0,"enemies":"3 Byrds","floor":19.0,"turns":5.0},{"damage":10.0,"enemies":"downfall:Augmenter","floor":21.0,"turns":7.0},{"damage":0.0,"enemies":"downfall:FleeingMerchant","floor":23.0,"turns":4.0},{"damage":14.0,"enemies":"Gremlin Leader","floor":26.0,"turns":5.0},{"damage":4.0,"enemies":"Shell Parasite","floor":28.0,"turns":3.0},{"damage":5.0,"enemies":"3 Cultists","floor":29.0,"turns":5.0},{"damage":0.0,"enemies":"downfall:FleeingMerchant","floor":30.0,"turns":4.0},{"damage":1.0,"enemies":"downfall:FleeingMerchant","floor":31.0,"turns":4.0},{"damage":0.0,"enemies":"Shelled Parasite and Fungi","floor":32.0,"turns":5.0},{"damage":118.0,"enemies":"DF_ARCHETYPE_CLAW","floor":33.0,"turns":10.0},{"damage":8.0,"enemies":"Orb Walker","floor":36.0,"turns":4.0},{"damage":0.0,"enemies":"3 Darklings","floor":37.0,"turns":2.0},{"damage":0.0,"enemies":"Maw","floor":42.0,"turns":4.0},{"damage":11.0,"enemies":"Writhing Mass","floor":43.0,"turns":5.0},{"damage":3.0,"enemies":"3 Darklings","floor":49.0,"turns":4.0},{"damage":137,"enemies":"IC_BLOCK_ARCHETYPE","floor":50,"turns":4}],"seed_played":"-7898703610479296088","potions_obtained":[{"floor":3.0,"key":"Milkshake"},{"floor":10.0,"key":"Milkshake"},{"floor":14.0,"key":"GamblersBrew"},{"floor":17.0,"key":"Block Potion"},{"floor":26.0,"key":"Fire Potion"},{"floor":32.0,"key":"Dexterity Potion"},{"floor":33.0,"key":"Explosive Potion"},{"floor":42.0,"key":"Elixir"}],"is_trial":false,"path_per_floor":["R","M","M","?","?","M","T","R","T","M","M","E","R","M","M","B",null,"R","M","?","?","?","$","T","R","E","?","M","M","$","$","M","B",null,"R","M","M","$","?","$","T","M","M","?","R","?","R","$","M","B"],"character_chosen":"THE_AUTOMATON","items_purchased":["expansioncontent:QuickStudy","Happy Flower","Oddly Smooth Stone"],"campfire_rested":0,"item_purchase_floors":[23,31,48],"current_hp_per_floor":[77,76,71,71,71,66,66,76,76,68,59,38,38,38,39,5,99,99,95,95,93,93,101,101,101,95,81,78,81,89,89,107,7,109,109,110,111,111,111,111,111,112,112,112,112,112,112,112,111,0,0,0],"gold":507,"neow_bonus":"TEN_PERCENT_HP_BONUS","is_daily":false,"chose_seed":false,"campfire_upgraded":4,"win_rate":0.0,"timestamp":1614021592,"path_taken":["R","M","M","?","?","?","T","R","?","?","M","E","R","M","M","BOSS","R","M","?","?","?","$","T","R","E","?","M","M","?","$","M","BOSS","R","M","M","$","?","$","T","M","?","?","R","?","R","$","M","BOSS"],"items_purchased_type":["Card","Relic","Relic"],"build_version":"2020-12-22","purchased_purges":1,"victory":false,"max_hp_per_floor":[77,77,77,77,77,78,78,88,88,89,90,91,91,92,93,94,99,99,100,100,101,101,102,102,102,103,103,104,105,106,107,108,109,109,109,110,111,111,111,111,111,112,113,113,113,113,113,113,114,114,114,114],"card_choices":[{"not_picked":["bronze:Turbo","bronze:Deprecate"],"picked":"bronze:DelayedSlice","floor":2.0},{"not_picked":["bronze:Branch","bronze:Overload"],"picked":"bronze:Shell","floor":3.0},{"not_picked":["bronze:Overheat","bronze:BronzeOrb"],"picked":"bronze:ChosenStrike","floor":6.0},{"not_picked":["bronze:Shell","bronze:Optimize"],"picked":"bronze:Overload","floor":10.0},{"not_picked":["bronze:GetLatest","bronze:CloningBeam"],"picked":"bronze:Branch","floor":11.0},{"not_picked":["bronze:Deprecate","bronze:Allocate","bronze:Turbo"],"picked":"SKIP","floor":12.0},{"not_picked":["bronze:DarkDash","bronze:Deprecate"],"picked":"bronze:ClassDefault","floor":14.0},{"not_picked":["bronze:OilSpill","bronze:Overheat"],"picked":"bronze:WildBeam","floor":15.0},{"not_picked":["bronze:Verify","bronze:BurnOut"],"picked":"bronze:Format","floor":16.0},{"not_picked":["bronze:Deprecate","bronze:DelayedSlice"],"picked":"bronze:Boost","floor":17.0},{"not_picked":["bronze:BitShift","bronze:Safeguard"],"picked":"bronze:Repair","floor":19.0},{"not_picked":[],"picked":"J.A.X.","floor":21.0},{"not_picked":["bronze:WhirlingStrike","bronze:BugBarrage"],"picked":"bronze:DelayedSlice+1","floor":22.0},{"not_picked":["bronze:DelayedSlice","bronze:FineTuning"],"picked":"bronze:AlphaBuild","floor":23.0},{"not_picked":["bronze:DelayedSlice","bronze:ClassDefault"],"picked":"bronze:Assembly","floor":26.0},{"not_picked":["bronze:BitShift","bronze:WhirlingStrike","bronze:Shield+1"],"picked":"SKIP","floor":28.0},{"not_picked":["bronze:DelayedGuard","bronze:WildBeam"],"picked":"bronze:ForceShield","floor":29.0},{"not_picked":["bronze:Break","bronze:Branch"],"picked":"bronze:BronzeOrb+1","floor":30.0},{"not_picked":["bronze:Invalidate","bronze:WhirlingStrike+1"],"picked":"bronze:Repair+1","floor":31.0},{"not_picked":["bronze:Boost","bronze:CloningBeam+1"],"picked":"bronze:FineTuning","floor":32.0},{"not_picked":["bronze:CutThrough+1","bronze:WhirlingStrike+1","bronze:Deprecate+1"],"picked":"SKIP","floor":36.0},{"not_picked":["bronze:MaxOutput","bronze:Shield"],"picked":"bronze:DelayedSlice","floor":37.0},{"not_picked":["bronze:Turbo","bronze:Boost","bronze:Invalidate"],"picked":"SKIP","floor":42.0},{"not_picked":["bronze:Return+1","bronze:Shield+1"],"picked":"bronze:BronzeOrb+1","floor":43.0},{"not_picked":["bronze:FineTuning","bronze:Iterate+1","bronze:BugBarrage"],"picked":"SKIP","floor":49.0}],"player_experience":126843,"relics_obtained":[{"floor":9.0,"key":"Letter Opener"},{"floor":12.0,"key":"Anchor"},{"floor":18.0,"key":"Peace Pipe"},{"floor":21.0,"key":"MutagenicStrength"},{"floor":22.0,"key":"Whetstone"},{"floor":24.0,"key":"Regal Pillow"},{"floor":26.0,"key":"Potion Belt"},{"floor":41.0,"key":"Art of War"}],"event_choices":[{"damage_healed":0.0,"max_hp_gain":0.0,"max_hp_loss":0.0,"gold_gain":0.0,"event_name":"FaceTrader","player_choice":"Trade","floor":5.0,"gold_loss":0.0,"damage_taken":0.0,"relics_obtained":["FaceOfCleric"]},{"damage_healed":0.0,"max_hp_gain":0.0,"max_hp_loss":0.0,"gold_gain":0.0,"event_name":"The Library","player_choice":"Read","floor":20.0,"gold_loss":0.0,"damage_taken":0.0,"cards_obtained":["bronze:GetLatest"]}],"is_beta":false,"boss_relics":[{"not_picked":["Ring of Chaos","Replay:Drink Me"],"picked":"Tiny House"},{"not_picked":["Coffee Dripper","Calling Bell"],"picked":"Replay:Bronze Core"}],"items_purged_floors":[31],"is_endless":false,"potions_floor_spawned":[3,10,14,15,26,32,33,42],"killed_by":"IC_BLOCK_ARCHETYPE","ascension_level":0}}