{"host":"7jbuhzz8yy5cuou7","time":1614005448,"event":{"mods":["AchievementEnabler","Act Like it!","BaseMod","Better Third Choice","Bossed Relics","Colored Map","Colored Powertips","Dark Map","DeckTracker","Minty Spire (QoL Compilation)","Permanent Neow","Quick Restart","Ruina","StSLib","The Cursed","The Hierophant","Weighted Paths"],"gold_per_floor":[114,114,39,39,52,52,13,13,39,39,39,189,189,220,220,294,294,264,264,17,17,17,17,17,17,17],"floor_reached":25,"language":"ENG","playtime":865,"items_purged":["Strike_B"],"score":383,"play_id":"b8dbcf15-d568-4e8b-acbb-c7facfa6e6c4","local_time":"20210222075048","is_ascension_mode":true,"campfire_choices":[{"floor":6,"key":"REST"},{"floor":8,"key":"REST"},{"data":"Immolate","floor":11,"key":"SMITH"},{"floor":13,"key":"REST"},{"floor":15,"key":"RECALL"},{"floor":24,"key":"REST"}],"circlet_count":0,"master_deck":["AscendersBane","Strike_B","Defend_B","Defend_B","Defend_B","Defend_B+1","Zap","Dualcast+1","FTL","Immolate+1","Rebound","Doubt","Echo Form","Auto Shields"],"relics":["Cracked Core","Ginger","Juzu Bracelet","betterThird:SlimedRelic","Centennial Puzzle","Ectoplasm","Lee\u0027s Waffle","betterThird:NestCultRelic","Vajra"],"acts_visited":["Exordium","TheCity"],"potions_floor_usage":[14,16],"damage_taken":[{"damage":1,"enemies":"2 Louse","floor":1,"turns":2},{"damage":0,"enemies":"Small Slimes","floor":5,"turns":2},{"damage":20,"enemies":"Lagavulin","floor":14,"turns":3},{"damage":14,"enemies":"Slime Boss","floor":16,"turns":6},{"damage":22,"enemies":"2 Thieves","floor":18,"turns":2},{"damage":5,"enemies":"Chosen","floor":22,"turns":3},{"damage":58,"enemies":"Slavers","floor":23,"turns":8},{"damage":41,"enemies":"Gremlin Leader","floor":25,"turns":2}],"seed_played":"3967583302701106698","potions_obtained":[{"floor":1,"key":"Swift Potion"},{"floor":14,"key":"BlessingOfTheForge"}],"is_trial":false,"path_per_floor":["M","?","?","?","M","R","?","R","T","?","R","?","R","E","R","B",null,"M","?","$","?","M","E","R","E"],"character_chosen":"DEFECT","items_purchased":["Lee\u0027s Waffle"],"campfire_rested":4,"item_purchase_floors":[20],"current_hp_per_floor":[45,38,38,26,26,47,36,57,57,36,36,36,57,37,37,23,59,37,37,78,78,73,15,38,0,0],"gold":17,"neow_bonus":"ONE_RARE_RELIC","is_daily":false,"chose_seed":false,"campfire_upgraded":1,"win_rate":0.0,"timestamp":1614005448,"path_taken":["M","?","?","?","M","R","?","R","T","?","R","?","R","E","R","BOSS","M","?","$","?","M","E","R","E"],"items_purchased_type":["Relic"],"build_version":"2020-12-22","purchased_purges":1,"victory":false,"max_hp_per_floor":[71,71,71,71,71,71,71,71,71,71,71,71,71,71,71,71,71,71,71,78,78,78,78,78,78,78],"card_choices":[{"not_picked":["Loop","Leap"],"picked":"FTL","floor":1},{"not_picked":["Streamline","Leap"],"picked":"Rebound","floor":5},{"not_picked":["Redo","Multi-Cast","Sweeping Beam"],"picked":"SKIP","floor":14},{"not_picked":["Rainbow","Amplify"],"picked":"Echo Form","floor":16},{"not_picked":["Sweeping Beam","Gash","Stack"],"picked":"SKIP","floor":18},{"not_picked":["Redo+1","Steam","Storm"],"picked":"SKIP","floor":22},{"not_picked":["Undo","Barrage+1"],"picked":"Auto Shields","floor":23}],"player_experience":433246,"relics_obtained":[{"floor":14,"key":"Centennial Puzzle"},{"floor":23,"key":"Vajra"}],"event_choices":[{"cards_removed":["Strike_B"],"damage_healed":0,"gold_gain":0,"player_choice":"Card Removal","damage_taken":7,"max_hp_gain":0,"max_hp_loss":0,"event_name":"Golden Wing","floor":2,"gold_loss":0},{"cards_removed":["Strike_B"],"damage_healed":0,"gold_gain":0,"player_choice":"Card Removal","damage_taken":0,"max_hp_gain":0,"max_hp_loss":0,"event_name":"The Cleric","floor":3,"gold_loss":75},{"damage_healed":0,"gold_gain":0,"player_choice":"Slimed","damage_taken":11,"max_hp_gain":0,"max_hp_loss":0,"event_name":"betterThird:BetterGoop","floor":7,"gold_loss":39},{"damage_healed":57,"gold_gain":0,"player_choice":"Upgrade","damage_taken":21,"max_hp_gain":0,"max_hp_loss":71,"event_name":"betterThird:BetterShining","floor":10,"gold_loss":0,"cards_upgraded":["Dualcast","Defend_B"]},{"damage_healed":0,"gold_gain":150,"player_choice":"AGREE","damage_taken":39,"max_hp_gain":0,"max_hp_loss":0,"event_name":"betterThird:BetterSerpent","floor":12,"gold_loss":0},{"damage_healed":0,"gold_gain":0,"player_choice":"Madness","damage_taken":0,"relics_obtained":["betterThird:NestCultRelic"],"max_hp_gain":0,"max_hp_loss":0,"event_name":"betterThird:BetterNest","floor":21,"gold_loss":0}],"is_beta":false,"boss_relics":[{"not_picked":["Velvet Choker","Calling Bell"],"picked":"Ectoplasm"}],"items_purged_floors":[20],"is_endless":false,"potions_floor_spawned":[1,14],"killed_by":"Gremlin Leader","ascension_level":16}}