{"host":"rm0ctv8qd8mnbkg1","time":1614003826,"event":{"mods":["Aspiration","BaseMod","Beaked The Cultist","BetterRewards","Colored Map","DNKmod","Dark Map","Defuse TimeMaze Blight","Downfall","Friendly Minions","Hubris","Marisa????????","Minty Spire (QoL Compilation)","MostiFishMod","Permanent Neow","Rare Cards Sparkle","Relic Sorter","Reliquary","Replay The Spire","RumiaBox-????????","Shade Mod","Shop Mod","Spicy Shops","Spire Arcade","StSLib","The Construct","The Servant 0.9.4","TheVacant","Wandering Minibosses","[IsaacMod]????","??????REMEMod"],"gold_per_floor":[10020,9750,9768,9768,9778,9778,9805,9805,9805,9831,9841,9852,9852,9470,9470,9574,9574,9590,9590,9601,9236,9255,9284,9300,9332,9332,8852,8886,8886,8886],"floor_reached":29,"language":"ENG","playtime":827,"items_purged":[],"score":615,"play_id":"67b57f4a-f9c3-4432-a0e3-ac05952e4531","local_time":"20210222142346","is_ascension_mode":true,"campfire_choices":[{"data":"Slimebound:MassFeed","floor":6,"key":"SMITH"},{"data":"PendulumOfEternity","floor":8,"key":"SMITH"},{"data":"Rearm","floor":15,"key":"SMITH"},{"data":"SurpressingFire","floor":29,"key":"SMITH"}],"circlet_count":0,"master_deck":["Strike_S+1","Strike_S+1","Strike_S+1","Strike_S+1","Defend_S+1","Defend_S+1","Defend_S+1","Defend_S+1","KidneyShot","Exchange+1","Slimebound:MassFeed+1","PendulumOfEternity+1","Contraction","Desolation","Starlight","Dilation+1","Rearm+1","DoubleEdge","SurpressingFire+1","Dilation+1","Sunlight+1","CurseOfTheBell","SurpressingFire+1","DancingSilver+1","MostiFishMod:PerfectForm+1","SilverMatrix+1","Spin","SurpressingFire+1","FlawlessForm+1"],"relics":["Uniform","REME_ComplimentaryCards","DaveBox","HushsDoor","PokeGo","Membership Card","aspiration:Nostalgia","sneckomod:SneckoSoul","Tiny Chest","hubris:EmptyBottle","Golden Egg","Replay:WaspNest","War Paint","BookofShadows","Lantern","War Paint","Frozen Eye","Calling Bell","BookOfRevelations","Blue Candle","Torii","ClockworkSouvenir","HornCleat","Omamori","reliquary:PurpleTingedLeaf","Bag of Preparation","bronze:DecasWashers","bronze:DonusWashers","KneeBrace","DeadEye","ZombieArmy"],"acts_visited":["Exordium","TheCity"],"potions_floor_usage":[],"damage_taken":[{"damage":7,"enemies":"2 Louse","floor":1,"turns":2},{"damage":0,"enemies":"Small Slimes","floor":3,"turns":1},{"damage":0,"enemies":"Cultist","floor":5,"turns":1},{"damage":0,"enemies":"Lagavulin","floor":7,"turns":4},{"damage":0,"enemies":"3 Sentries","floor":10,"turns":4},{"damage":0,"enemies":"Large Slime","floor":11,"turns":1},{"damage":0,"enemies":"3 Louse","floor":12,"turns":2},{"damage":0,"enemies":"Hexaghost","floor":16,"turns":16},{"damage":0,"enemies":"Spheric Guardian","floor":18,"turns":1},{"damage":0,"enemies":"3 Byrds","floor":20,"turns":3},{"damage":0,"enemies":"Snecko","floor":22,"turns":3},{"damage":0,"enemies":"Gremlin Leader","floor":23,"turns":4},{"damage":0,"enemies":"3 Cultists","floor":24,"turns":3},{"damage":0,"enemies":"Replay:Snechameleon","floor":25,"turns":4},{"damage":0,"enemies":"Slavers","floor":28,"turns":3}],"seed_played":"-7756724030344656199","potions_obtained":[{"floor":16,"key":"champ:CounterPotion"},{"floor":23,"key":"PowerPotion"},{"floor":25,"key":"Energy Potion"}],"is_trial":false,"path_per_floor":["M","$","M","?","M","R","E","R","T","E","M","M","?","$","R","B",null,"M","?","M","$","M","E","M","E","T","$","E","R"],"character_chosen":"THE_SERVANT","items_purchased":["Tiny Chest","hubris:EmptyBottle","Golden Egg","Lantern","SurpressingFire","reliquary:SculptingSteel","Frozen Eye","Dilation","SurpressingFire","DancingSilver","ClockworkSouvenir","MostiFishMod:PerfectForm","HornCleat","Omamori","bronze:DonusWashers","KneeBrace","DeadEye","ZombieArmy","FlawlessForm"],"campfire_rested":0,"item_purchase_floors":[2,2,2,14,14,14,14,14,17,17,21,21,21,21,27,27,27,27,27],"current_hp_per_floor":[993,993,993,998,998,998,998,998,998,1002,1002,1010,1010,1010,1010,1010,1011,1011,1011,1011,1011,1011,1011,1019,1019,1019,1019,1019,1019,1019],"gold":8886,"neow_bonus":"NOSTALGIA","is_daily":false,"chose_seed":false,"campfire_upgraded":4,"win_rate":0.0,"timestamp":1614003826,"path_taken":["M","$","M","?","M","R","E","R","T","E","M","M","?","$","R","BOSS","M","?","M","$","M","E","M","E","T","$","E","R"],"items_purchased_type":["Relic","Relic","Relic","Relic","Card","Relic","Relic","Card","Card","Card","Relic","Card","Relic","Relic","Relic","Relic","Relic","Relic","Card"],"build_version":"2020-12-22","purchased_purges":0,"victory":false,"max_hp_per_floor":[1000,1000,1000,1005,1005,1005,1005,1005,1005,1009,1009,1017,1017,1017,1017,1017,1011,1011,1011,1011,1011,1011,1011,1019,1019,1019,1019,1019,1019,1019],"card_choices":[{"not_picked":["Defy","Replace"],"picked":"PendulumOfEternity","floor":1},{"not_picked":["Revamp","DualDimension"],"picked":"Contraction","floor":3},{"not_picked":["Defy","BottledTime"],"picked":"Desolation","floor":5},{"not_picked":["Rewind","Deadline"],"picked":"Starlight","floor":7},{"not_picked":["Desolation","FastForward"],"picked":"Dilation","floor":10},{"not_picked":["Spin","Alleviate"],"picked":"Rearm","floor":11},{"not_picked":["Moondial","Orbit"],"picked":"DoubleEdge","floor":12},{"not_picked":["TheWorld","Duplication"],"picked":"Sunlight","floor":16},{"not_picked":["Rearm","FastForward","Rewind+1"],"picked":"SKIP","floor":18},{"not_picked":["Rearm","Alleviate+1","Revamp"],"picked":"SKIP","floor":20},{"not_picked":["TimeWarp","Desolation","Rewind"],"picked":"SKIP","floor":22},{"not_picked":["Comet","TheWorld"],"picked":"SilverMatrix","floor":23},{"not_picked":["Manipulate+1","BottledTime+1"],"picked":"Spin","floor":24},{"not_picked":["Rearm","Potential"],"picked":"SurpressingFire","floor":25},{"not_picked":["DancingSilver","Rewind","Orbit"],"picked":"SKIP","floor":28}],"player_experience":400258,"relics_obtained":[{"floor":7,"key":"Replay:WaspNest"},{"floor":9,"key":"War Paint"},{"floor":10,"key":"BookofShadows"},{"floor":17,"key":"BookOfRevelations"},{"floor":17,"key":"Blue Candle"},{"floor":17,"key":"Torii"},{"floor":23,"key":"reliquary:PurpleTingedLeaf"},{"floor":25,"key":"Bag of Preparation"},{"floor":26,"key":"bronze:DecasWashers"}],"event_choices":[{"damage_healed":0,"gold_gain":0,"player_choice":"Donut","damage_taken":0,"max_hp_gain":5,"max_hp_loss":0,"event_name":"Big Fish","floor":4,"gold_loss":0},{"damage_healed":0,"gold_gain":0,"player_choice":"Bought 0 Potions","damage_taken":0,"max_hp_gain":0,"max_hp_loss":0,"event_name":"The Woman in Blue","floor":13,"gold_loss":0},{"damage_healed":0,"gold_gain":0,"player_choice":"Simplicity","damage_taken":0,"max_hp_gain":0,"max_hp_loss":0,"event_name":"Back to Basics","floor":19,"gold_loss":0,"cards_upgraded":["Strike_S","Strike_S","Strike_S","Strike_S","Defend_S"]}],"is_beta":false,"boss_relics":[{"not_picked":["Tiny House","SacredBark"],"picked":"Calling Bell"},{"not_picked":[]}],"items_purged_floors":[],"is_endless":false,"potions_floor_spawned":[7,16,23,24,25],"ascension_level":2}}