{"host":"qc8p2flj7wsy3zpg","time":1614021560,"event":{"mods":["BaseMod","Highlight Path","Minty Spire (QoL Compilation)","Monster List Patch","Relic Stats","StSLib"],"gold_per_floor":[109,121,132,132,151,184,184,200,200,227,183,210,210,228,228,302,302,316,316,347,347,347,376,376,409,409,420,420,14,42,42,42,119,119,138,138,152,152,165,200,218,218,241,287,317,368,378,3,3,3,3,3],"floor_reached":51,"language":"ENG","playtime":2687,"items_purged":["Strike_G","Strike_G"],"score":1637,"play_id":"be75ba18-f999-456d-b8eb-68bcb782a6b7","local_time":"20210222131920","is_ascension_mode":true,"campfire_choices":[{"floor":7.0,"key":"REST"},{"floor":13.0,"key":"REST"},{"data":"Catalyst","floor":15.0,"key":"SMITH"},{"floor":24.0,"key":"REST"},{"floor":28.0,"key":"REST"},{"floor":32.0,"key":"REST"},{"data":"Ghostly","floor":42.0,"key":"SMITH"},{"floor":49.0,"key":"RECALL"}],"circlet_count":0,"master_deck":["AscendersBane","Strike_G","Strike_G","Strike_G","Defend_G","Defend_G+1","Defend_G","Defend_G","Defend_G","Survivor","Neutralize","Blade Dance","Blade Dance","Noxious Fumes","Skewer","Catalyst+1","Deadly Poison","Accuracy","Dagger Spray","PiercingWail","Corpse Explosion+1","Dash","Ghostly+1","Ghostly","Ghostly","Blade Dance","Phantasmal Killer","Infinite Blades","Crippling Poison","Accuracy","After Image","Finisher","Good Instincts","Calculated Gamble","Calculated Gamble","Backflip+1"],"relics":["Ring of the Snake","Centennial Puzzle","Sundial","Letter Opener","Matryoshka","Strawberry","Akabeko","Sozu","Red Mask","MutagenicStrength","Enchiridion","Pen Nib","Oddly Smooth Stone","War Paint","Art of War","Medical Kit","Blood Vial","Runic Pyramid","Frozen Egg 2","Meat on the Bone","Smiling Mask","Regal Pillow","Pantograph","Mango","TwistedFunnel","Orichalcum"],"acts_visited":["Exordium","TheCity","TheBeyond"],"potions_floor_usage":[],"damage_taken":[{"damage":1.0,"enemies":"Cultist","floor":1.0,"turns":5.0},{"damage":2.0,"enemies":"2 Louse","floor":2.0,"turns":5.0},{"damage":2.0,"enemies":"Jaw Worm","floor":3.0,"turns":3.0},{"damage":15.0,"enemies":"3 Louse","floor":5.0,"turns":5.0},{"damage":6.0,"enemies":"Gremlin Nob","floor":6.0,"turns":3.0},{"damage":2.0,"enemies":"2 Fungi Beasts","floor":8.0,"turns":3.0},{"damage":27.0,"enemies":"3 Sentries","floor":10.0,"turns":7.0},{"damage":11.0,"enemies":"Gremlin Nob","floor":12.0,"turns":3.0},{"damage":3.0,"enemies":"Looter","floor":14.0,"turns":2.0},{"damage":27.0,"enemies":"The Guardian","floor":16.0,"turns":9.0},{"damage":2.0,"enemies":"Chosen","floor":18.0,"turns":4.0},{"damage":4.0,"enemies":"Masked Bandits","floor":20.0,"turns":3.0},{"damage":12.0,"enemies":"Book of Stabbing","floor":23.0,"turns":6.0},{"damage":0.0,"enemies":"Gremlin Leader","floor":25.0,"turns":4.0},{"damage":0.0,"enemies":"2 Thieves","floor":27.0,"turns":1.0},{"damage":16.0,"enemies":"Slavers","floor":30.0,"turns":4.0},{"damage":15.0,"enemies":"Collector","floor":33.0,"turns":8.0},{"damage":0.0,"enemies":"3 Shapes","floor":35.0,"turns":2.0},{"damage":3.0,"enemies":"3 Darklings","floor":37.0,"turns":6.0},{"damage":1.0,"enemies":"Maw","floor":39.0,"turns":6.0},{"damage":0.0,"enemies":"Nemesis","floor":40.0,"turns":3.0},{"damage":11.0,"enemies":"Jaw Worm Horde","floor":41.0,"turns":2.0},{"damage":13.0,"enemies":"Giant Head","floor":45.0,"turns":8.0},{"damage":0.0,"enemies":"2 Orb Walkers","floor":46.0,"turns":3.0},{"damage":0.0,"enemies":"3 Darklings","floor":47.0,"turns":1.0},{"damage":3,"enemies":"Time Eater","floor":50,"turns":8},{"damage":69,"enemies":"Awakened One","floor":51,"turns":11}],"seed_played":"-1715268221821059838","potions_obtained":[{"floor":3.0,"key":"Strength Potion"},{"floor":5.0,"key":"Weak Potion"},{"floor":8.0,"key":"Fruit Juice"},{"floor":10.0,"key":"Energy Potion"},{"floor":12.0,"key":"Ancient Potion"},{"floor":16.0,"key":"SkillPotion"}],"is_trial":false,"path_per_floor":["M","M","M","?","M","E","R","M","T","E","?","E","R","M","R","B",null,"M","?","?","?","?","E","R","E","T","M","R","$","E","$","R","B",null,"M","?","M","?","M","E","M","R","T","T","E","?","M","$","R","B","B"],"character_chosen":"THE_SILENT","items_purchased":["Art of War","Medical Kit","TwistedFunnel","Orichalcum"],"campfire_rested":5,"item_purchase_floors":[29,29,48,48],"current_hp_per_floor":[58,56,54,49,34,28,47,45,45,25,25,14,35,32,32,10,61,59,39,35,35,14,2,13,13,13,13,24,24,8,8,19,6,31,33,33,32,32,33,35,26,26,26,26,27,43,45,45,45,48,0,0],"gold":3,"neow_bonus":"RANDOM_COMMON_RELIC","is_daily":false,"chose_seed":false,"campfire_upgraded":2,"win_rate":0.0,"timestamp":1614021560,"path_taken":["M","M","M","?","M","E","R","M","T","E","?","E","R","M","R","BOSS","M","?","?","?","?","E","R","E","T","M","R","$","E","?","R","BOSS","M","?","M","?","M","E","M","R","T","?","E","?","?","$","R","BOSS","BOSS"],"items_purchased_type":["Relic","Relic","Relic","Relic"],"build_version":"2020-12-22","purchased_purges":2,"victory":false,"max_hp_per_floor":[66,66,66,66,66,66,66,66,66,73,73,73,73,73,73,78,78,78,39,39,39,39,39,39,39,39,39,39,39,39,39,39,39,39,39,39,39,37,37,37,37,37,37,37,37,51,51,51,51,51,51,51],"relic_stats":{"Regal Pillow":0,"counters":[27,125],"Pen Nib":[17],"Letter Opener":[309],"War Paint":["Corpse Explosion","Defend_G"],"Orichalcum":[12],"Medical Kit":[0],"Smiling Mask":50,"Sozu":5,"Blood Vial":18,"Centennial Puzzle":[63],"Sundial":[8],"Pantograph":9,"Art of War":[11],"obtain_stats":[{"TwistedFunnel":48,"Regal Pillow":44,"Enchiridion":22,"Mango":46,"Smiling Mask":43,"Sozu":17,"Blood Vial":30,"Centennial Puzzle":0,"Matryoshka":9,"Sundial":4,"Strawberry":10,"Pantograph":45,"Red Mask":20,"Ring of the Snake":0,"Runic Pyramid":34,"Oddly Smooth Stone":25,"Pen Nib":23,"Letter Opener":6,"War Paint":26,"Frozen Egg 2":40,"Orichalcum":48,"Medical Kit":29,"Akabeko":12,"MutagenicStrength":21,"Art of War":29,"Meat on the Bone":43},{"TwistedFunnel":25,"Regal Pillow":22,"Enchiridion":12,"Mango":24,"Smiling Mask":22,"Sozu":10,"Blood Vial":16,"Centennial Puzzle":0,"Matryoshka":6,"Sundial":3,"Strawberry":7,"Pantograph":23,"Red Mask":12,"Ring of the Snake":0,"Runic Pyramid":17,"Oddly Smooth Stone":14,"Pen Nib":13,"Letter Opener":5,"War Paint":14,"Frozen Egg 2":21,"Orichalcum":25,"Medical Kit":15,"Akabeko":8,"MutagenicStrength":12,"Art of War":15,"Meat on the Bone":22},{"TwistedFunnel":106,"Regal Pillow":94,"Enchiridion":52,"Mango":105,"Smiling Mask":94,"Sozu":45,"Blood Vial":67,"Centennial Puzzle":0,"Matryoshka":24,"Sundial":13,"Strawberry":31,"Pantograph":102,"Red Mask":52,"Ring of the Snake":0,"Runic Pyramid":75,"Oddly Smooth Stone":62,"Pen Nib":58,"Letter Opener":21,"War Paint":62,"Frozen Egg 2":92,"Orichalcum":106,"Medical Kit":63,"Akabeko":34,"MutagenicStrength":52,"Art of War":63,"Meat on the Bone":94}],"Ring of the Snake":[54],"Meat on the Bone":12},"card_choices":[{"not_picked":["PiercingWail","Underhanded Strike"],"picked":"Blade Dance","floor":1.0},{"not_picked":["Sucker Punch","Expertise"],"picked":"Blade Dance","floor":2.0},{"not_picked":["Quick Slash","Eviscerate"],"picked":"Noxious Fumes","floor":3.0},{"not_picked":["Crippling Poison","Underhanded Strike"],"picked":"Skewer","floor":5.0},{"not_picked":["Quick Slash","Sucker Punch"],"picked":"Catalyst","floor":6.0},{"not_picked":["Grand Finale","Cloak And Dagger"],"picked":"Deadly Poison","floor":8.0},{"not_picked":["Outmaneuver","PiercingWail"],"picked":"Accuracy","floor":10.0},{"not_picked":["Prepared","Quick Slash"],"picked":"Dagger Spray","floor":12.0},{"not_picked":["Acrobatics","Predator"],"picked":"PiercingWail","floor":14.0},{"not_picked":["Die Die Die","Storm of Steel"],"picked":"Corpse Explosion","floor":16.0},{"not_picked":["Outmaneuver","Quick Slash"],"picked":"Dash","floor":18.0},{"not_picked":["Calculated Gamble","Finisher"],"picked":"Blade Dance","floor":20.0},{"not_picked":["Backstab","Bane"],"picked":"Phantasmal Killer","floor":23.0},{"not_picked":["Slice","Poisoned Stab"],"picked":"Infinite Blades","floor":25.0},{"not_picked":["Expertise+1","Bane"],"picked":"Crippling Poison","floor":27.0},{"not_picked":["Bane","Footwork"],"picked":"Accuracy","floor":30.0},{"not_picked":["Storm of Steel","Doppelganger"],"picked":"After Image","floor":33.0},{"not_picked":["Backstab","Accuracy"],"picked":"Finisher","floor":35.0},{"not_picked":["Enlightenment","Finesse"],"picked":"Good Instincts","floor":36.0},{"not_picked":["Backstab+1","Dash","Flying Knee"],"picked":"SKIP","floor":37.0},{"not_picked":["Riddle With Holes","Deadly Poison+1"],"picked":"Calculated Gamble","floor":39.0},{"not_picked":["Skewer","Underhanded Strike"],"picked":"Calculated Gamble","floor":45.0},{"not_picked":["Deflect","Sucker Punch"],"picked":"Backflip+1","floor":46.0},{"not_picked":["Deflect","Sucker Punch","Quick Slash+1"],"picked":"SKIP","floor":47.0}],"player_experience":2415896,"relics_obtained":[{"floor":6.0,"key":"Letter Opener"},{"floor":9.0,"key":"Matryoshka"},{"floor":10.0,"key":"Strawberry"},{"floor":12.0,"key":"Akabeko"},{"floor":20.0,"key":"Red Mask"},{"floor":22.0,"key":"Enchiridion"},{"floor":23.0,"key":"Pen Nib"},{"floor":25.0,"key":"Oddly Smooth Stone"},{"floor":26.0,"key":"War Paint"},{"floor":30.0,"key":"Blood Vial"},{"floor":40.0,"key":"Frozen Egg 2"},{"floor":43.0,"key":"Meat on the Bone"},{"floor":43.0,"key":"Smiling Mask"},{"floor":44.0,"key":"Regal Pillow"},{"floor":45.0,"key":"Pantograph"},{"floor":46.0,"key":"Mango"}],"event_choices":[{"damage_healed":0.0,"max_hp_gain":0.0,"max_hp_loss":0.0,"gold_gain":0.0,"event_name":"Scrap Ooze","player_choice":"Success","floor":4.0,"gold_loss":0.0,"damage_taken":5.0,"relics_obtained":["Sundial"]},{"damage_healed":0.0,"max_hp_gain":0.0,"max_hp_loss":0.0,"gold_gain":0.0,"event_name":"World of Goop","player_choice":"Left Gold","floor":11.0,"gold_loss":44.0,"damage_taken":0.0},{"damage_healed":0.0,"max_hp_gain":0.0,"max_hp_loss":39.0,"gold_gain":0.0,"event_name":"Ghosts","player_choice":"Became a Ghost","floor":19.0,"gold_loss":0.0,"damage_taken":0.0,"cards_obtained":["Ghostly","Ghostly","Ghostly"]},{"damage_healed":0.0,"max_hp_gain":0.0,"max_hp_loss":0.0,"gold_gain":0.0,"event_name":"Masked Bandits","player_choice":"Fought Bandits","floor":20.0,"gold_loss":0.0,"damage_taken":0.0},{"damage_healed":0.0,"max_hp_gain":0.0,"max_hp_loss":0.0,"gold_gain":0.0,"event_name":"Drug Dealer","player_choice":"Inject Mutagens","floor":21.0,"gold_loss":0.0,"damage_taken":0.0,"relics_obtained":["MutagenicStrength"]},{"damage_healed":0.0,"max_hp_gain":0.0,"max_hp_loss":0.0,"gold_gain":0.0,"event_name":"Cursed Tome","player_choice":"Obtained Book","floor":22.0,"gold_loss":0.0,"damage_taken":21.0},{"damage_healed":0.0,"max_hp_gain":0.0,"max_hp_loss":0.0,"gold_gain":0.0,"event_name":"SensoryStone","player_choice":"Memory 1","floor":36.0,"gold_loss":0.0,"damage_taken":0.0},{"damage_healed":0.0,"max_hp_gain":0.0,"max_hp_loss":2.0,"gold_gain":0.0,"event_name":"Winding Halls","player_choice":"Max HP","floor":38.0,"gold_loss":0.0,"damage_taken":0.0},{"damage_healed":0.0,"max_hp_gain":0.0,"max_hp_loss":0.0,"gold_gain":0.0,"event_name":"Mysterious Sphere","player_choice":"Fight","floor":46.0,"gold_loss":0.0,"damage_taken":0.0}],"is_beta":false,"boss_relics":[{"not_picked":["Busted Crown","Ectoplasm"],"picked":"Sozu"},{"not_picked":["SlaversCollar","HoveringKite"],"picked":"Runic Pyramid"}],"items_purged_floors":[29,48],"is_endless":false,"potions_floor_spawned":[3,5,8,10,12,16,23,30,37,45,46],"killed_by":"Awakened One","ascension_level":20}}