{"host":"7qm5pxtihm4ks7s4","time":1614013604,"event":{"mods":["BaseMod","ChefMod","Colored Map","Friendly Minions","Minty Spire (QoL Compilation)","Replay The Spire","Robot Space Explorer","StSLib"],"gold_per_floor":[209,228,59,74,2,2,15,15,15,42,56,75,92,92,92,195,195,215,234,184,197,210,210,210,210,210,245,171,184,148,10,10,10,10],"floor_reached":33,"language":"DUT","playtime":1467,"items_purged":["Strike_R"],"score":289,"play_id":"b5464ab5-279d-452d-b89c-3468112782c4","local_time":"20210222180644","is_ascension_mode":false,"campfire_choices":[{"data":"Inflame","floor":6,"key":"SMITH"},{"data":"Heavy Blade","floor":8,"key":"SMITH"},{"floor":15,"key":"DIG"},{"data":"Whirlwind","floor":23,"key":"SMITH"},{"floor":32,"key":"REST"}],"circlet_count":0,"master_deck":["Strike_R","Strike_R","Strike_R","Strike_R","Defend_R","Defend_R","Defend_R","Defend_R","Bash","Flex","Flex","Heavy Blade+1","Spot Weakness","Inflame+1","Ghostly Armor","Heavy Blade+1","Cleave","Shrug It Off","Impervious","Iron Wave","Heavy Blade","Whirlwind+1","Run Through+1","Run Through","Ghostly Armor","Inflame","Blind"],"relics":["Burning Blood","Eternal Feather","Pondfish Scales","Pear","Runic Pyramid","Matryoshka","Peace Pipe"],"acts_visited":["Exordium","TheCity"],"potions_floor_usage":[10,11,11,22,22,25,29,33,33],"damage_taken":[{"damage":10,"enemies":"Cultist","floor":1,"turns":4},{"damage":1,"enemies":"Jaw Worm","floor":2,"turns":5},{"damage":5,"enemies":"Small Slimes","floor":4,"turns":3},{"damage":0,"enemies":"Exordium Thugs","floor":7,"turns":2},{"damage":4,"enemies":"3 Sentries","floor":10,"turns":6},{"damage":2,"enemies":"Blue Slaver","floor":11,"turns":2},{"damage":0,"enemies":"Gremlin Gang","floor":12,"turns":4},{"damage":7,"enemies":"Large Slime","floor":13,"turns":5},{"damage":17,"enemies":"The Guardian","floor":16,"turns":9},{"damage":21,"enemies":"Shell Parasite","floor":18,"turns":4},{"damage":13,"enemies":"2 Thieves","floor":19,"turns":4},{"damage":14,"enemies":"Snake Plant","floor":21,"turns":3},{"damage":10,"enemies":"Centurion and Healer","floor":22,"turns":6},{"damage":0,"enemies":"Slavers","floor":25,"turns":1},{"damage":45,"enemies":"Gremlin Leader","floor":27,"turns":10},{"damage":11,"enemies":"3 Cultists","floor":29,"turns":4},{"damage":81,"enemies":"Automaton","floor":33,"turns":10}],"seed_played":"-2938631876464391639","potions_obtained":[{"floor":1,"key":"Fire Potion"},{"floor":2,"key":"Dexterity Potion"},{"floor":10,"key":"EntropicBrew"},{"floor":12,"key":"Adrenaline Potion"},{"floor":13,"key":"Toxic Potion"},{"floor":18,"key":"SmokeBomb"},{"floor":21,"key":"Toxic Potion"},{"floor":27,"key":"Swift Potion"},{"floor":29,"key":"DuplicationPotion"}],"is_trial":false,"path_per_floor":["M","M","$","M","$","R","M","R","T","E","M","M","M","?","R_BF","B",null,"M","M","?","M","M","R","?","E","T","E","$","M","$","$","R","B"],"character_chosen":"IRONCLAD","items_purchased":["Flex","Heavy Blade","Inflame","Ghostly Armor","Inflame","Fire Potion","Blind"],"campfire_rested":1,"item_purchase_floors":[3,3,5,28,30,31,31],"current_hp_per_floor":[76,80,80,80,80,80,80,80,80,80,80,80,79,79,90,79,90,75,68,68,60,56,68,62,68,68,29,29,24,24,24,66,0,0],"gold":10,"neow_bonus":"HUNDRED_GOLD","is_daily":false,"chose_seed":false,"campfire_upgraded":3,"win_rate":0.0,"timestamp":1614013604,"path_taken":["M","M","?","M","?","R","M","R","T","E","?","M","M","?","R_BF","BOSS","M","M","?","?","M","R","?","E","T","E","$","M","?","$","R","BOSS"],"items_purchased_type":["Card","Card","Card","Card","Card","Potion","Card"],"build_version":"2020-12-22","purchased_purges":1,"victory":false,"max_hp_per_floor":[80,80,80,80,80,80,80,80,80,80,80,80,80,80,90,90,90,90,90,90,90,90,90,90,90,90,90,90,90,90,90,90,90,90],"card_choices":[{"not_picked":["Shockwave","True Grit","Intimidate"],"picked":"SKIP","floor":1},{"not_picked":["Replay:Undeath\u0027s Touch","Headbutt"],"picked":"Flex","floor":2},{"not_picked":["ReplayTheSpireMod:Strike From Hell","Cleave"],"picked":"Spot Weakness","floor":4},{"not_picked":["Shockwave","Reaper"],"picked":"Ghostly Armor","floor":7},{"not_picked":["Perfected Strike","Reckless Charge","Seeing Red"],"picked":"SKIP","floor":10},{"not_picked":["Warcry","Pommel Strike"],"picked":"Heavy Blade","floor":11},{"not_picked":["Replay:Undeath\u0027s Touch","Sword Boomerang"],"picked":"Cleave","floor":12},{"not_picked":["Disarm","Clothesline"],"picked":"Shrug It Off","floor":13},{"not_picked":["Bludgeon","Brutality"],"picked":"Impervious","floor":16},{"not_picked":["Fire Breathing","Run Through"],"picked":"Iron Wave","floor":18},{"not_picked":["Twin Strike+1","Headbutt"],"picked":"Heavy Blade","floor":19},{"not_picked":["Perfected Strike","Combust"],"picked":"Whirlwind","floor":21},{"not_picked":["Dual Wield","Thunderclap"],"picked":"Run Through+1","floor":22},{"not_picked":["Cleave","Sever Soul"],"picked":"Run Through","floor":27},{"not_picked":["Defy Death","Warcry","Hemokinesis+1"],"picked":"SKIP","floor":29}],"player_experience":25950,"relics_obtained":[{"floor":9,"key":"Eternal Feather"},{"floor":10,"key":"Pondfish Scales"},{"floor":15,"key":"Pear"},{"floor":26,"key":"Matryoshka"},{"floor":27,"key":"Peace Pipe"}],"event_choices":[{"damage_healed":0,"gold_gain":0,"player_choice":"Upgraded","damage_taken":0,"max_hp_gain":0,"max_hp_loss":0,"event_name":"Upgrade Shrine","floor":14,"gold_loss":0,"cards_upgraded":["Heavy Blade"]},{"damage_healed":0,"gold_gain":0,"player_choice":"Bet on Murderer","damage_taken":0,"max_hp_gain":0,"max_hp_loss":0,"event_name":"The Joust","floor":20,"gold_loss":50},{"damage_healed":0,"gold_gain":0,"player_choice":"","damage_taken":6,"max_hp_gain":0,"max_hp_loss":0,"event_name":"Knowing Skull","floor":24,"potions_obtained":[],"gold_loss":0,"cards_obtained":[]}],"is_beta":false,"boss_relics":[{"not_picked":["Astrolabe","Snecko Eye"],"picked":"Runic Pyramid"}],"items_purged_floors":[3],"is_endless":false,"potions_floor_spawned":[1,2,10,12,13,18,21,27,29],"killed_by":"Automaton","ascension_level":0}}