{"host":"xvcswx52z80fmg13","time":1614025869,"event":{"mods":["BaseMod","Colored Map","Colored Powertips","Highlight Path","Minty Spire (QoL Compilation)"],"gold_per_floor":[16,31,31,31,31,31,55,99,99,99,117,117,117,158,158,281,281,299,318,368,53,71,106,106,141,141,176,196,196,196,221,221,346,346,371,395,395,3,16,16,32,32,32,45,45,45,45,45,45,45,45,45,45,79,79,79],"floor_reached":55,"language":"ENG","playtime":4869,"items_purged":["Strike_G"],"score":733,"play_id":"857eb5ad-0133-4ec1-b220-4b4806016220","local_time":"20210222163109","is_ascension_mode":false,"campfire_choices":[{"floor":6.0,"key":"REST"},{"data":"After Image","floor":10.0,"key":"SMITH"},{"data":"A Thousand Cuts","floor":13.0,"key":"SMITH"},{"floor":15.0,"key":"REST"},{"floor":24.0,"key":"REST"},{"floor":32.0,"key":"REST"},{"floor":40,"key":"RECALL"},{"data":"Envenom","floor":42,"key":"SMITH"},{"data":"A Thousand Cuts","floor":46,"key":"SMITH"},{"data":"Blade Dance","floor":49,"key":"SMITH"},{"data":"Cloak And Dagger","floor":52,"key":"SMITH"}],"circlet_count":0,"master_deck":["Strike_G","Strike_G","Defend_G","Defend_G","Defend_G","Survivor","Neutralize+1","After Image+1","Expertise","Slice","Quick Slash","A Thousand Cuts+1","Cloak And Dagger+1","Envenom+1","Prepared","Prepared","Slice+1","Blade Dance+1","Endless Agony","A Thousand Cuts+1","Deflect+1","Backstab+1","Blade Dance+1","Madness","Madness"],"relics":["Ring of the Snake","Golden Idol","WingedGreaves","Pear","Art of War","Singing Bowl","SlaversCollar","Letter Opener","Nunchaku","The Specimen","PreservedInsect","Ice Cream","Busted Crown","Sling","Ninja Scroll","Bottled Lightning","Happy Flower"],"acts_visited":["Exordium","TheCity","TheBeyond","TheEnding"],"potions_floor_usage":[55,55,55],"damage_taken":[{"damage":0.0,"enemies":"2 Louse","floor":1.0,"turns":5.0},{"damage":0.0,"enemies":"Jaw Worm","floor":2.0,"turns":4.0},{"damage":0.0,"enemies":"Cultist","floor":7.0,"turns":3.0},{"damage":31.0,"enemies":"3 Sentries","floor":8.0,"turns":13.0},{"damage":1.0,"enemies":"Looter","floor":11.0,"turns":4.0},{"damage":3.0,"enemies":"Lagavulin","floor":14.0,"turns":7.0},{"damage":10.0,"enemies":"Slime Boss","floor":16.0,"turns":10.0},{"damage":17.0,"enemies":"Chosen","floor":18.0,"turns":7.0},{"damage":10.0,"enemies":"Shell Parasite","floor":19.0,"turns":12.0},{"damage":17.0,"enemies":"Centurion and Healer","floor":22.0,"turns":9.0},{"damage":8.0,"enemies":"Book of Stabbing","floor":23.0,"turns":5.0},{"damage":30.0,"enemies":"Gremlin Leader","floor":25.0,"turns":5.0},{"damage":11.0,"enemies":"Slavers","floor":27.0,"turns":4.0},{"damage":8.0,"enemies":"Cultist and Chosen","floor":28.0,"turns":8.0},{"damage":0.0,"enemies":"Shelled Parasite and Fungi","floor":31.0,"turns":6.0},{"damage":14.0,"enemies":"Automaton","floor":33.0,"turns":8.0},{"damage":0.0,"enemies":"Orb Walker","floor":35.0,"turns":3.0},{"damage":0.0,"enemies":"3 Darklings","floor":36.0,"turns":3.0},{"damage":10,"enemies":"Spire Growth","floor":39,"turns":4},{"damage":7,"enemies":"Writhing Mass","floor":41,"turns":6},{"damage":0,"enemies":"Transient","floor":44,"turns":5},{"damage":64,"enemies":"Awakened One","floor":50,"turns":12},{"damage":7,"enemies":"Shield and Spear","floor":54,"turns":3},{"damage":94,"enemies":"The Heart","floor":55,"turns":5}],"seed_played":"7225092415145904128","potions_obtained":[{"floor":7.0,"key":"DistilledChaos"},{"floor":8.0,"key":"LiquidBronze"},{"floor":18.0,"key":"Ancient Potion"},{"floor":19.0,"key":"Strength Potion"},{"floor":27.0,"key":"Dexterity Potion"},{"floor":31.0,"key":"GamblersBrew"},{"floor":33.0,"key":"PowerPotion"},{"floor":41,"key":"AttackPotion"}],"is_trial":false,"path_per_floor":["M","M","?","?","$","R","M","E","T","R","M","?","R","E","R","B",null,"M","M","?","$","M","E","R","E","T","E","M","?","?","M","R","B",null,"M","M","?","$","M","R","M","R","T","M","$","R","?","?","R","B",null,"R","$","E","B"],"character_chosen":"THE_SILENT","items_purchased":["Letter Opener","Sling","Ninja Scroll"],"campfire_rested":4,"item_purchase_floors":[21,38,38],"current_hp_per_floor":[70,70,53,39,39,60,60,29,39,39,38,31,31,30,54,44,82,67,57,57,57,40,32,57,29,29,18,12,12,12,14,41,27,90,90,92,92,92,82,82,75,75,75,77,77,77,77,65,65,1,94,94,94,89,0,0],"gold":79,"neow_bonus":"TRANSFORM_TWO_CARDS","is_daily":false,"chose_seed":false,"campfire_upgraded":6,"win_rate":0.0,"timestamp":1614025869,"path_taken":["M","M","?","?","?","R","?","E","T","R","M","?","R","E","R","BOSS","M","M","?","$","?","E","R","E","T","E","M","?","?","M","R","BOSS","M","?","?","$","?","R","?","R","T","M","$","R","?","?","R","BOSS","R","$","E","BOSS"],"items_purchased_type":["Relic","Relic","Relic"],"build_version":"2020-12-22","purchased_purges":1,"victory":false,"max_hp_per_floor":[70,70,70,70,70,70,70,70,80,80,80,80,80,82,82,82,82,84,84,84,84,84,84,84,86,86,86,88,88,88,90,90,90,90,90,92,92,92,92,92,92,92,92,94,94,94,94,94,94,94,94,94,94,96,96,96],"card_choices":[{"not_picked":["Outmaneuver","All Out Attack"],"picked":"Slice","floor":1.0},{"not_picked":["Sucker Punch","Backflip"],"picked":"Quick Slash","floor":2.0},{"not_picked":["Setup","Bane","Expertise"],"picked":"SKIP","floor":7.0},{"not_picked":["Quick Slash","Outmaneuver"],"picked":"A Thousand Cuts","floor":8.0},{"not_picked":["Sucker Punch","Catalyst"],"picked":"Cloak And Dagger","floor":11.0},{"not_picked":["Heel Hook","Concentrate","Dagger Spray"],"picked":"Singing Bowl","floor":14.0},{"not_picked":["Grand Finale","Wraith Form v2"],"picked":"Envenom","floor":16.0},{"not_picked":["Choke","Backflip","Underhanded Strike"],"picked":"Singing Bowl","floor":18.0},{"not_picked":["Noxious Fumes","Deadly Poison"],"picked":"Prepared","floor":19.0},{"not_picked":["Noxious Fumes","Slice"],"picked":"Prepared","floor":22.0},{"not_picked":["Dagger Throw","Endless Agony"],"picked":"Slice+1","floor":23.0},{"not_picked":["Glass Knife","Masterful Stab","Deadly Poison"],"picked":"Singing Bowl","floor":25.0},{"not_picked":["Setup","Slice"],"picked":"Blade Dance+1","floor":27.0},{"not_picked":["Cloak And Dagger","Dagger Spray","Glass Knife"],"picked":"Singing Bowl","floor":28.0},{"not_picked":["Concentrate","Poisoned Stab","Outmaneuver"],"picked":"Singing Bowl","floor":31.0},{"not_picked":["Burst","Unload"],"picked":"A Thousand Cuts","floor":33.0},{"not_picked":[],"picked":"Deflect+1","floor":35.0},{"not_picked":["Dodge and Roll"],"picked":"Singing Bowl","floor":36.0},{"not_picked":[],"picked":"Backstab+1","floor":39},{"not_picked":[],"picked":"Blade Dance","floor":41},{"not_picked":["Predator+1"],"picked":"Singing Bowl","floor":44},{"not_picked":["Flying Knee"],"picked":"Singing Bowl","floor":54}],"player_experience":1337323,"relics_obtained":[{"floor":8.0,"key":"WingedGreaves"},{"floor":9.0,"key":"Pear"},{"floor":14.0,"key":"Singing Bowl"},{"floor":23.0,"key":"Nunchaku"},{"floor":25.0,"key":"The Specimen"},{"floor":27.0,"key":"PreservedInsect"},{"floor":43,"key":"Bottled Lightning"},{"floor":54,"key":"Happy Flower"}],"event_choices":[{"damage_healed":0.0,"max_hp_gain":0.0,"max_hp_loss":0.0,"gold_gain":0.0,"event_name":"Golden Idol","player_choice":"Take Damage","floor":3.0,"gold_loss":0.0,"damage_taken":17.0,"relics_obtained":["Golden Idol"]},{"damage_healed":0.0,"max_hp_gain":0.0,"max_hp_loss":0.0,"gold_gain":0.0,"event_name":"Shining Light","player_choice":"Entered Light","floor":4.0,"gold_loss":0.0,"damage_taken":14.0,"cards_upgraded":["Neutralize","Defend_G"]},{"damage_healed":0.0,"max_hp_gain":0.0,"max_hp_loss":0.0,"gold_gain":0.0,"event_name":"Scrap Ooze","player_choice":"Success","floor":12.0,"gold_loss":0.0,"damage_taken":7.0,"relics_obtained":["Art of War"]},{"damage_healed":0.0,"max_hp_gain":0.0,"max_hp_loss":0.0,"gold_gain":100.0,"event_name":"The Joust","player_choice":"Bet on Murderer","floor":20.0,"gold_loss":50.0,"damage_taken":0.0},{"damage_healed":0.0,"max_hp_gain":0.0,"max_hp_loss":0.0,"gold_gain":0.0,"event_name":"The Mausoleum","player_choice":"Opened","floor":29.0,"gold_loss":0.0,"damage_taken":0.0,"relics_obtained":["Ice Cream"],"cards_obtained":["Writhe"]},{"damage_healed":0.0,"max_hp_gain":0.0,"max_hp_loss":0.0,"gold_gain":0.0,"cards_transformed":["Strike_G"],"event_name":"Transmorgrifier","player_choice":"Transformed","floor":30.0,"gold_loss":0.0,"damage_taken":0.0,"cards_obtained":["Endless Agony"]},{"cards_removed":["Writhe"],"damage_healed":0.0,"max_hp_gain":0.0,"max_hp_loss":0.0,"gold_gain":0.0,"event_name":"Fountain of Cleansing","player_choice":"Removed Curses","floor":37.0,"gold_loss":0.0,"damage_taken":0.0},{"cards_removed":["Defend_G"],"damage_healed":0,"gold_gain":0,"player_choice":"Removed Skill","damage_taken":0,"max_hp_gain":0,"max_hp_loss":0,"event_name":"Falling","floor":47,"gold_loss":0},{"damage_healed":0,"gold_gain":0,"player_choice":"Embrace Madness","damage_taken":12,"max_hp_gain":0,"max_hp_loss":0,"event_name":"Winding Halls","floor":48,"gold_loss":0,"cards_obtained":["Madness","Madness"]}],"is_beta":false,"boss_relics":[{"not_picked":["Runic Dome","Runic Pyramid"],"picked":"SlaversCollar"},{"not_picked":["SacredBark","WristBlade"],"picked":"Busted Crown"}],"items_purged_floors":[21],"is_endless":false,"potions_floor_spawned":[7,8,18,19,27,31,33,41,44],"killed_by":"The Heart","ascension_level":0}}