{"host":"cfluht5kr2kfk9p9","time":1614001676,"event":{"mods":["Act Like it!","BaseMod","Highlight Path","Minty Spire (QoL Compilation)","Quick Restart","Rare Cards Sparkle","Relic Stats","Ring Of Destiny","Spicy Shops","StSLib","Youmu£®ªÍ∆«—˝√Œ£©"],"gold_per_floor":[114,134,134,59,59,84,84,109,136,166,184,215,21,54,54,154,154,166,81,114,130,146,190,190,190,214,236,281,293,324,346,358,474,486,523,535,563,590,617,671,683,707,719,773,799,837,849,900,912,924,936,948,3,37,37],"floor_reached":56,"language":"ZHS","playtime":1969,"items_purged":["RingOfDestiny:Strike_SF","RingOfDestiny:RattanBeetle","RingOfDestiny:Defend_SF"],"score":1702,"play_id":"0d214213-d1c0-4f87-91f5-2d1e5a9e8e39","local_time":"20210222214756","is_ascension_mode":true,"campfire_choices":[{"data":"RingOfDestiny:FallenFlower","floor":7,"key":"SMITH"},{"data":"RingOfDestiny:PerfectExecution","floor":15,"key":"SMITH"},{"data":"RingOfDestiny:NonMudra","floor":24,"key":"SMITH"},{"floor":32,"key":"RECALL"},{"data":"RingOfDestiny:HeptMudra","floor":41,"key":"SMITH"},{"data":"RingOfDestiny:FallenFlower","floor":49,"key":"SMITH"},{"data":"RingOfDestiny:WristBlade","floor":52,"key":"SMITH"}],"circlet_count":0,"master_deck":["RingOfDestiny:Defend_SF","RingOfDestiny:ShadowCard","RingOfDestiny:FallenFlower+1","RingOfDestiny:FrozenDark+1","RingOfDestiny:FlashOfSlash+1","RingOfDestiny:WoodRelease","RingOfDestiny:SneakAttack+1","RingOfDestiny:HeptMudra+1","RingOfDestiny:ShadowMark","RingOfDestiny:PerfectExecution+1","RingOfDestiny:NonMudra+1","RingOfDestiny:WristBlade+1","RingOfDestiny:NinjutsuScroll+1","RingOfDestiny:Belt+1","RingOfDestiny:NonMudra+1","RingOfDestiny:FallenFlower+1","RingOfDestiny:WristBlade+1"],"relics":["RingOfDestiny:ShadowKunai","Smiling Mask","Bag of Preparation","Pear","Letter Opener","Orrery","Blood Vial","Black Star","InkBottle","Red Mask","CeramicFish","Centennial Puzzle","MawBank","Frozen Egg 2","Bottled Flame","Busted Crown","Omamori","Bronze Scales","Singing Bowl","Vajra","Unceasing Top","Mummified Hand","Toy Ornithopter","Potion Belt","Ginger","Sundial","Whetstone","CaptainsWheel","Oddly Smooth Stone","Strawberry","White Beast Statue"],"acts_visited":["Exordium","RingOfDestiny:IdeologyCorridor","RingOfDestiny:KnowledgeHall","RingOfDestiny:WisdomThrone"],"potions_floor_usage":[36,55,55,55,55,55],"damage_taken":[{"damage":1.0,"enemies":"2 Louse","floor":1.0,"turns":2.0},{"damage":13.0,"enemies":"Jaw Worm","floor":2.0,"turns":2.0},{"damage":6,"enemies":"RingOfDestiny:TheMonitor","floor":6,"turns":3},{"damage":9,"enemies":"RingOfDestiny:ExtinctionMoon","floor":8,"turns":3},{"damage":1,"enemies":"RingOfDestiny:TalkingChest","floor":10,"turns":2},{"damage":1,"enemies":"Gremlin Gang","floor":11,"turns":2},{"damage":6,"enemies":"RingOfDestiny:ExtinctionMoon","floor":12,"turns":3},{"damage":0,"enemies":"RingOfDestiny:TheMonitor","floor":14,"turns":2},{"damage":23,"enemies":"Slime Boss","floor":16,"turns":7},{"damage":0,"enemies":"2 Thieves","floor":18,"turns":1},{"damage":0,"enemies":"Masked Bandits","floor":20,"turns":1},{"damage":1,"enemies":"Shell Parasite","floor":21,"turns":1},{"damage":0,"enemies":"Snecko","floor":22,"turns":2},{"damage":11,"enemies":"Book of Stabbing","floor":23,"turns":2},{"damage":0,"enemies":"Shelled Parasite and Fungi","floor":27,"turns":2},{"damage":1,"enemies":"Gremlin Leader","floor":28,"turns":3},{"damage":1,"enemies":"Snake Plant","floor":30,"turns":1},{"damage":1,"enemies":"Snecko","floor":31,"turns":1},{"damage":1,"enemies":"Collector","floor":33,"turns":4},{"damage":8,"enemies":"3 Darklings","floor":35,"turns":2},{"damage":2,"enemies":"3 Shapes","floor":37,"turns":1},{"damage":12,"enemies":"Jaw Worm Horde","floor":38,"turns":2},{"damage":0,"enemies":"Spire Growth","floor":39,"turns":1},{"damage":4,"enemies":"Giant Head","floor":40,"turns":1},{"damage":0,"enemies":"Writhing Mass","floor":42,"turns":2},{"damage":0,"enemies":"Reptomancer","floor":44,"turns":2},{"damage":0,"enemies":"Jaw Worm Horde","floor":45,"turns":1},{"damage":0,"enemies":"Nemesis","floor":46,"turns":1},{"damage":6,"enemies":"Reptomancer","floor":48,"turns":2},{"damage":37,"enemies":"Donu and Deca","floor":50,"turns":5},{"damage":12,"enemies":"RingOfDestiny:Fyra","floor":54,"turns":3},{"damage":85,"enemies":"RingOfDestiny:Rita","floor":55,"turns":6}],"seed_played":"5515859073555527291","potions_obtained":[{"floor":6,"key":"Swift Potion"},{"floor":10,"key":"Swift Potion"},{"floor":14,"key":"Fire Potion"},{"floor":18,"key":"DistilledChaos"},{"floor":36,"key":"Fruit Juice"},{"floor":36,"key":"SpeedPotion"},{"floor":38,"key":"Energy Potion"},{"floor":45,"key":"Swift Potion"},{"floor":48,"key":"LiquidMemories"}],"is_trial":false,"path_per_floor":["M","M","?","$","?","E","R","E","T","E","M","E","$","E","R","B",null,"M","?","?","M","M","E","R","?","T","M","E","$","M","M","R","B",null,"M","?","M","M","M","E","R","M","T","E","M","E","?","E","R","B",null,"R","$","E","B",null],"character_chosen":"ShadowFlower","items_purchased":["Orrery","Sundial","Whetstone","ColorlessPotion","CaptainsWheel","Oddly Smooth Stone"],"campfire_rested":0,"item_purchase_floors":[13,53,53,53,53,53],"current_hp_per_floor":[63,52,45,45,28,26,26,20,20,33,38,33,33,40,40,36,96,96,96,96,96,96,92,92,73,73,82,98,98,101,101,101,101,101,95,100,105,102,106,106,106,106,106,106,108,110,110,104,104,94,110,110,110,107,78],"gold":37,"neow_bonus":"REMOVE_TWO","is_daily":false,"chose_seed":false,"campfire_upgraded":6,"win_rate":0.0,"timestamp":1614001676,"path_taken":["M","M","?","$","?","E","R","E","T","E","M","E","?","E","R","BOSS","M","?","?","M","M","E","R","?","T","M","E","$","M","M","R","BOSS","M","?","?","?","M","E","R","M","T","E","M","E","?","E","R","BOSS","R","$","E","BOSS"],"items_purchased_type":["Relic","Relic","Relic","Potion","Relic","Relic"],"build_version":"2020-12-22","purchased_purges":3,"victory":true,"max_hp_per_floor":[86,86,86,86,86,86,86,86,86,96,96,96,96,96,96,96,96,96,96,96,96,96,96,96,101,101,101,101,101,101,101,101,101,101,101,106,106,106,106,106,106,106,106,106,108,110,110,110,110,110,110,110,110,119,119],"relic_stats":{"Singing Bowl":6,"counters":[32,73],"CeramicFish":54,"Bag of Preparation":[56],"Letter Opener":[449],"Ginger":[0],"Whetstone":["RingOfDestiny:SneakAttack","RingOfDestiny:WristBlade"],"Smiling Mask":125,"MawBank":324,"Blood Vial":17,"Centennial Puzzle":[36],"Busted Crown":22,"Mummified Hand":[5],"Sundial":[8],"Bronze Scales":[78],"Black Star":7,"obtain_stats":[{"Singing Bowl":43,"CeramicFish":23,"Vajra":44,"Bag of Preparation":8,"Ginger":48,"Whetstone":53,"Smiling Mask":6,"Blood Vial":14,"Centennial Puzzle":23,"Mummified Hand":46,"Sundial":53,"Strawberry":54,"Red Mask":20,"InkBottle":19,"Potion Belt":48,"Pear":10,"Oddly Smooth Stone":53,"RingOfDestiny:ShadowKunai":0,"Omamori":40,"Letter Opener":12,"Frozen Egg 2":28,"MawBank":26,"White Beast Statue":54,"Bottled Flame":28,"CaptainsWheel":53,"Busted Crown":34,"Bronze Scales":40,"Orrery":13,"Black Star":17,"Unceasing Top":44,"Toy Ornithopter":46},{"Singing Bowl":25,"CeramicFish":14,"Vajra":26,"Bag of Preparation":4,"Ginger":29,"Whetstone":30,"Smiling Mask":3,"Blood Vial":8,"Centennial Puzzle":14,"Mummified Hand":28,"Sundial":30,"Strawberry":31,"Red Mask":11,"InkBottle":10,"Potion Belt":29,"Pear":5,"Oddly Smooth Stone":30,"RingOfDestiny:ShadowKunai":0,"Omamori":24,"Letter Opener":7,"Frozen Egg 2":16,"MawBank":14,"White Beast Statue":31,"Bottled Flame":16,"CaptainsWheel":30,"Busted Crown":19,"Bronze Scales":24,"Orrery":7,"Black Star":9,"Unceasing Top":26,"Toy Ornithopter":28},{"Singing Bowl":53,"CeramicFish":33,"Vajra":55,"Bag of Preparation":10,"Ginger":59,"Whetstone":64,"Smiling Mask":7,"Blood Vial":19,"Centennial Puzzle":33,"Mummified Hand":57,"Sundial":64,"Strawberry":67,"Red Mask":28,"InkBottle":27,"Potion Belt":59,"Pear":12,"Oddly Smooth Stone":64,"RingOfDestiny:ShadowKunai":0,"Omamori":51,"Letter Opener":17,"Frozen Egg 2":38,"MawBank":33,"White Beast Statue":67,"Bottled Flame":38,"CaptainsWheel":64,"Busted Crown":44,"Bronze Scales":51,"Orrery":17,"Black Star":26,"Unceasing Top":55,"Toy Ornithopter":57}],"InkBottle":[43],"Unceasing Top":[13],"Toy Ornithopter":10},"card_choices":[{"not_picked":["RingOfDestiny:PoisonedShiv","RingOfDestiny:BeeZone"],"picked":"RingOfDestiny:FrozenDark","floor":1.0},{"not_picked":["RingOfDestiny:Belt","RingOfDestiny:Spur"],"picked":"RingOfDestiny:FlashOfSlash","floor":2.0},{"not_picked":["RingOfDestiny:OctMudra","RingOfDestiny:MetalRelease"],"picked":"RingOfDestiny:WoodRelease","floor":6},{"not_picked":["RingOfDestiny:DeadlyShadow","RingOfDestiny:BeeZone"],"picked":"RingOfDestiny:SneakAttack","floor":8},{"not_picked":["RingOfDestiny:DarkLight","RingOfDestiny:FallenFlower"],"picked":"RingOfDestiny:HeptMudra","floor":10},{"not_picked":["RingOfDestiny:MetalRelease","RingOfDestiny:EarthRelease","RingOfDestiny:FrozenDark"],"picked":"SKIP","floor":11},{"not_picked":["RingOfDestiny:UndecMudra","RingOfDestiny:NonMudra"],"picked":"RingOfDestiny:ShadowMark","floor":12},{"not_picked":["RingOfDestiny:ShadowCutter","RingOfDestiny:Stealth"],"picked":"RingOfDestiny:PerfectExecution","floor":13},{"not_picked":["RingOfDestiny:FrozenDark","RingOfDestiny:Belt","RingOfDestiny:DarkLight"],"picked":"SKIP","floor":14},{"not_picked":["RingOfDestiny:WoodRelease","RingOfDestiny:ButaMudra","RingOfDestiny:ShadowRose"],"picked":"SKIP","floor":18},{"not_picked":["RingOfDestiny:WoodRelease","RingOfDestiny:ButaMudra","RingOfDestiny:ShadowRose"],"picked":"SKIP","floor":18},{"not_picked":["RingOfDestiny:DarkLight","RingOfDestiny:ShadowStab"],"picked":"RingOfDestiny:NonMudra","floor":20},{"not_picked":["RingOfDestiny:Conspiracy","RingOfDestiny:MetalRelease","RingOfDestiny:Stealth"],"picked":"SKIP","floor":21},{"not_picked":["RingOfDestiny:HexaMudra","RingOfDestiny:MetalRelease","RingOfDestiny:ButaMudra"],"picked":"SKIP","floor":22},{"not_picked":["RingOfDestiny:GasBomb","RingOfDestiny:NinjutsuMudra"],"picked":"RingOfDestiny:WristBlade","floor":23},{"not_picked":["RingOfDestiny:ShadowStab","RingOfDestiny:Servicing","RingOfDestiny:PoisonedShiv"],"picked":"SKIP","floor":27},{"not_picked":["RingOfDestiny:ShadowPortal","RingOfDestiny:ShadowRose","RingOfDestiny:Spur"],"picked":"SKIP","floor":28},{"not_picked":["RingOfDestiny:FinalAttack+1","RingOfDestiny:DarkLight","RingOfDestiny:PentMudra"],"picked":"SKIP","floor":30},{"not_picked":["RingOfDestiny:MetalRelease+1","RingOfDestiny:BeeZone","RingOfDestiny:Belt+1"],"picked":"SKIP","floor":31},{"not_picked":["RingOfDestiny:DarkProjection","RingOfDestiny:ShadowMark"],"picked":"RingOfDestiny:NinjutsuScroll+1","floor":33},{"not_picked":[],"picked":"RingOfDestiny:Belt+1","floor":35},{"not_picked":["RingOfDestiny:ShadowRose"],"picked":"SKIP","floor":37},{"not_picked":["RingOfDestiny:MetalRelease"],"picked":"SKIP","floor":38},{"not_picked":["RingOfDestiny:StaminaBook+1"],"picked":"SKIP","floor":39},{"not_picked":[],"picked":"RingOfDestiny:NonMudra+1","floor":40},{"not_picked":["RingOfDestiny:ShadowStab+1"],"picked":"SKIP","floor":42},{"not_picked":[],"picked":"RingOfDestiny:FallenFlower","floor":44},{"not_picked":["RingOfDestiny:ShadowBlossom"],"picked":"Singing Bowl","floor":45},{"not_picked":["RingOfDestiny:FinalAttack"],"picked":"Singing Bowl","floor":46},{"not_picked":[],"picked":"RingOfDestiny:WristBlade","floor":48},{"not_picked":["RingOfDestiny:Stealth+1"],"picked":"Singing Bowl","floor":54}],"player_experience":64087,"relics_obtained":[{"floor":6,"key":"Smiling Mask"},{"floor":8,"key":"Bag of Preparation"},{"floor":10,"key":"Pear"},{"floor":12,"key":"Letter Opener"},{"floor":14,"key":"Blood Vial"},{"floor":20,"key":"Red Mask"},{"floor":23,"key":"CeramicFish"},{"floor":23,"key":"Centennial Puzzle"},{"floor":26,"key":"MawBank"},{"floor":28,"key":"Frozen Egg 2"},{"floor":28,"key":"Bottled Flame"},{"floor":40,"key":"Omamori"},{"floor":40,"key":"Bronze Scales"},{"floor":43,"key":"Singing Bowl"},{"floor":44,"key":"Vajra"},{"floor":44,"key":"Unceasing Top"},{"floor":46,"key":"Mummified Hand"},{"floor":46,"key":"Toy Ornithopter"},{"floor":48,"key":"Potion Belt"},{"floor":48,"key":"Ginger"},{"floor":54,"key":"Strawberry"},{"floor":54,"key":"White Beast Statue"}],"event_choices":[{"cards_removed":["RingOfDestiny:Strike_SF"],"damage_healed":0.0,"max_hp_gain":0.0,"max_hp_loss":0.0,"gold_gain":0.0,"event_name":"Golden Wing","player_choice":"Card Removal","floor":3.0,"gold_loss":0.0,"damage_taken":7.0},{"damage_healed":0,"gold_gain":0,"player_choice":"Entered Light","damage_taken":17,"max_hp_gain":0,"max_hp_loss":0,"event_name":"Shining Light","floor":5,"gold_loss":0,"cards_upgraded":["RingOfDestiny:FlashOfSlash","RingOfDestiny:FrozenDark"]},{"damage_healed":0,"gold_gain":0,"player_choice":"Obtained Relic","damage_taken":0,"relics_obtained":["InkBottle"],"max_hp_gain":0,"max_hp_loss":0,"event_name":"Addict","floor":19,"gold_loss":85},{"damage_healed":0,"gold_gain":0,"player_choice":"Fought Bandits","damage_taken":0,"max_hp_gain":0,"max_hp_loss":0,"event_name":"Masked Bandits","floor":20,"gold_loss":0},{"damage_healed":0,"gold_gain":0,"player_choice":"Shed Blood","damage_taken":24,"max_hp_gain":5,"max_hp_loss":0,"event_name":"Forgotten Altar","floor":25,"gold_loss":0},{"damage_healed":0,"gold_gain":0,"player_choice":"Got Potions","damage_taken":0,"max_hp_gain":0,"max_hp_loss":0,"event_name":"Lab","floor":36,"gold_loss":0},{"cards_removed":["RingOfDestiny:PoisonedShiv"],"damage_healed":0,"gold_gain":0,"player_choice":"Purged","damage_taken":0,"max_hp_gain":0,"max_hp_loss":0,"event_name":"Purifier","floor":47,"gold_loss":0}],"is_beta":false,"boss_relics":[{"not_picked":["Sozu","Astrolabe"],"picked":"Black Star"},{"not_picked":["Tiny House","Snecko Eye"],"picked":"Busted Crown"}],"items_purged_floors":[4,13,53],"is_endless":false,"potions_floor_spawned":[6,10,14,18,23,28,31,35,38,45,46,48],"ascension_level":3}}