{"host":"phapnj0danpxvjlm","time":1614018694,"event":{"mods":["Act Like it!","BaseMod","Better Note","Better Third Choice","Bossed Relics","Colored Powertips","Downfall","Hermit","Lobotomy","Marisa????????","Minty Spire (QoL Compilation)","Permanent Neow","Quick Restart","Rare Cards Sparkle","Ruina","Spire Arcade","StSLib","The Animator","The Necromancer","The Wild Card"],"gold_per_floor":[113,126,100,114,114,114,130,54,54,54,54,54,54],"floor_reached":12,"language":"ENG","playtime":300,"items_purged":[],"score":68,"play_id":"7bf9bc60-fa9f-4ecc-9657-051dd5d49b43","local_time":"20210222193134","is_ascension_mode":false,"campfire_choices":[{"data":"Requiem","floor":6,"key":"SMITH"},{"data":"Summon_Undead_Army","floor":10,"key":"SMITH"}],"circlet_count":0,"master_deck":["Strike_W","Strike_W","Strike_W","Strike_W","Defend_W","Defend_W","Defend_W","Negative_Energy_Arrows","Bone_Wall","CrumblingArmor","WallGazer","Blood_Curse","OldLady","Requiem+1","MeatLantern","Summon_Undead_Army+1"],"relics":["Vampire_Amulet","CogitoBucket","betterThird:SlimedRelic","Letter Opener"],"acts_visited":["Exordium"],"potions_floor_usage":[7],"damage_taken":[{"damage":7,"enemies":"2 Louse","floor":1,"turns":3},{"damage":2,"enemies":"Small Slimes","floor":2,"turns":3},{"damage":3,"enemies":"Cultist","floor":4,"turns":5},{"damage":8,"enemies":"Exordium Thugs","floor":7,"turns":4},{"damage":58,"enemies":"Gremlin Nob","floor":12,"turns":2}],"seed_played":"5997631525880836555","potions_obtained":[{"floor":1,"key":"Swift Potion"}],"is_trial":false,"path_per_floor":["M","M","?","M","?","R","M","$","T","R","T","E"],"character_chosen":"NECROMANCER","items_purchased":["Summon_Undead_Army"],"campfire_rested":0,"item_purchase_floors":[8],"current_hp_per_floor":[72,74,63,62,62,62,58,58,58,58,58,0,0],"gold":54,"neow_bonus":"","is_daily":false,"chose_seed":false,"campfire_upgraded":2,"win_rate":0.0,"timestamp":1614018694,"path_taken":["M","M","?","M","?","R","?","$","T","R","?","E"],"items_purchased_type":["Card"],"build_version":"2020-12-22","purchased_purges":0,"victory":false,"max_hp_per_floor":[75,75,75,75,75,75,75,75,75,75,75,75,75],"card_choices":[{"not_picked":["OldLady","DreamingCurrent"],"picked":"CrumblingArmor","floor":1},{"not_picked":["Slay_Living","Vampiric_Strike","Blood_Shield"],"picked":"SKIP","floor":1},{"not_picked":["Slay_Living","Vampiric_Strike","Blood_Shield"],"picked":"SKIP","floor":1},{"not_picked":["QueenBee","UniverseFragment"],"picked":"WallGazer","floor":2},{"not_picked":["Negative_Energy_Sphere","Bones_to_Steel"],"picked":"Blood_Curse","floor":2},{"not_picked":["Scorched","Wellcheers","GreedKing"],"picked":"Singing Bowl","floor":4},{"not_picked":["MeatLantern","HeroicMonk"],"picked":"OldLady","floor":4},{"not_picked":["Blood_Shield","Shade_Step","Bone_Prison"],"picked":"SKIP","floor":4},{"not_picked":["MeatLantern","FairyFestival","BeautyBeast"],"picked":"Singing Bowl","floor":7},{"not_picked":["Mercenary","FairyFestival"],"picked":"MeatLantern","floor":7},{"not_picked":["Toxic_Smoke_Screen","Bones_to_Steel","Stop_Heart"],"picked":"SKIP","floor":7}],"player_experience":583106,"relics_obtained":[{"floor":9,"key":"Letter Opener"}],"event_choices":[{"damage_healed":0,"gold_gain":0,"player_choice":"Slimed","damage_taken":11,"max_hp_gain":0,"max_hp_loss":0,"event_name":"betterThird:BetterGoop","floor":3,"gold_loss":26},{"damage_healed":0,"gold_gain":0,"cards_transformed":["Defend_W"],"player_choice":"Transformed","damage_taken":0,"max_hp_gain":0,"max_hp_loss":0,"event_name":"Transmorgrifier","floor":5,"gold_loss":0,"cards_obtained":["Requiem"]}],"is_beta":false,"boss_relics":[],"items_purged_floors":[],"is_endless":false,"potions_floor_spawned":[1],"killed_by":"Gremlin Nob","ascension_level":0}}