{"host":"y4fuci1jk2rsxnep","time":1614030741,"event":{"mods":["AchievementEnabler","BaseMod","Colored Powertips","Custom Start","Defuse TimeMaze Blight","Dio Mod","Downfall","Hermit","Hero for Fun","Hubris","Hunter ??","Infinite Spire","Minty Spire (QoL Compilation)","Quick Restart","Reliquary","Remove Card Discount Mod","Replay The Spire","StSLib","The Blackbeard","The Bug Knight","The Mystic","The Runesmith"],"gold_per_floor":[118,118,133,145,162,162,182,182,182,195,230,86,86,101,101,204,204,215,314,314,168,168,168],"floor_reached":22,"language":"ENG","playtime":1854,"items_purged":[],"score":223,"play_id":"6350d91b-560e-4855-896a-7e6e76950eec","local_time":"20210222225221","is_ascension_mode":true,"campfire_choices":[{"data":"hermit:FromBeyond","floor":6,"key":"SMITH"},{"data":"hermit:Grudge","floor":8,"key":"SMITH"},{"floor":13,"key":"REST"},{"floor":15,"key":"REST"}],"circlet_count":0,"master_deck":["hermit:Strike_Hermit","hermit:Strike_Hermit","hermit:Strike_Hermit","hermit:Defend_Hermit","hermit:Defend_Hermit","hermit:Defend_Hermit","hermit:Snapshot","hermit:Covet","hermit:Dissolve","hermit:Showdown","hermit:Virtue","hermit:FromBeyond+1","Doubt","hermit:GhostlyPresence","hermit:Grudge+1","hermit:HighCaliber","hermit:GoldenBullet","hermit:Adapt","hermit:Determination","Pain"],"relics":["hermit:Momento","Bag of Marbles","Replay:Bottled Flurry","reliquary:FingerTrap","hubris:Stopwatch","ReplayTheSpireMod:Ring of Exchange","Ring of Fangs","Juzu Bracelet"],"acts_visited":["Exordium","TheCity"],"potions_floor_usage":[11,16,22,22],"damage_taken":[{"damage":9,"enemies":"Jaw Worm","floor":1,"turns":3},{"damage":0,"enemies":"Cultist","floor":3,"turns":3},{"damage":4,"enemies":"Small Slimes","floor":4,"turns":4},{"damage":0,"enemies":"3 Louse","floor":5,"turns":3},{"damage":1,"enemies":"Looter","floor":7,"turns":4},{"damage":6,"enemies":"Blue Slaver","floor":10,"turns":4},{"damage":26,"enemies":"Gremlin Nob","floor":11,"turns":5},{"damage":1,"enemies":"Exordium Thugs","floor":14,"turns":3},{"damage":50,"enemies":"Slime Boss","floor":16,"turns":13},{"damage":51,"enemies":"3 Byrds","floor":18,"turns":5},{"damage":28,"enemies":"Shell Parasite","floor":22,"turns":5}],"seed_played":"4823242986375879981","potions_obtained":[{"floor":7,"key":"Fire Potion"},{"floor":11,"key":"LiquidMemories"},{"floor":14,"key":"FearPotion"},{"floor":16,"key":"PowerPotion"}],"is_trial":false,"path_per_floor":["M","?","M","M","M","R","M","R","T","M","E","$","R","M","R","B",null,"M","?","?","$","M"],"character_chosen":"HERMIT","items_purchased":["reliquary:FingerTrap","Juzu Bracelet"],"campfire_rested":2,"item_purchase_floors":[12,21],"current_hp_per_floor":[45,45,45,41,41,41,40,40,40,34,8,8,30,29,51,1,75,24,24,24,24,0,0],"gold":168,"neow_bonus":"TRANSFORM_TWO_CARDS","is_daily":false,"chose_seed":false,"campfire_upgraded":2,"win_rate":0.0,"timestamp":1614030741,"path_taken":["M","?","M","M","M","R","M","R","T","M","E","$","R","?","R","BOSS","M","?","?","$","M"],"items_purchased_type":["Relic","Relic"],"build_version":"2020-12-22","purchased_purges":0,"victory":false,"max_hp_per_floor":[75,75,75,75,75,75,75,75,75,75,75,75,75,75,75,75,75,75,75,75,75,75,75],"card_choices":[{"not_picked":["hermit:BigShot","hermit:BodyArmor"],"picked":"hermit:Virtue","floor":1},{"not_picked":["hermit:Glare","hermit:Roulette","hermit:Vantage"],"picked":"SKIP","floor":3},{"not_picked":["hermit:Coalescence","hermit:Roulette"],"picked":"hermit:GhostlyPresence","floor":4},{"not_picked":["hermit:CursedWeapon","hermit:WideOpen"],"picked":"hermit:Grudge","floor":5},{"not_picked":["hermit:Desperado","hermit:Enervate","hermit:Cheat"],"picked":"SKIP","floor":7},{"not_picked":["hermit:Vantage","hermit:Combo","hermit:WideOpen"],"picked":"SKIP","floor":10},{"not_picked":["hermit:Dive","hermit:Vantage"],"picked":"hermit:HighCaliber","floor":11},{"not_picked":["hermit:HighNoon","hermit:SprayPray"],"picked":"hermit:GoldenBullet","floor":14},{"not_picked":["hermit:HighNoon","hermit:Magnum"],"picked":"hermit:Adapt","floor":16},{"not_picked":["hermit:Dive","hermit:NoHoldsBarred"],"picked":"hermit:Determination","floor":18}],"player_experience":693211,"relics_obtained":[{"floor":9,"key":"Bag of Marbles"},{"floor":11,"key":"Replay:Bottled Flurry"},{"floor":20,"key":"ReplayTheSpireMod:Ring of Exchange"},{"floor":20,"key":"Ring of Fangs"}],"event_choices":[{"damage_healed":0,"gold_gain":0,"player_choice":"2 cards matched","damage_taken":0,"max_hp_gain":0,"max_hp_loss":0,"event_name":"Match and Keep!","floor":2,"gold_loss":0,"cards_obtained":["hermit:FromBeyond","Doubt"]},{"damage_healed":0,"gold_gain":99,"player_choice":"Stole From Cult","damage_taken":0,"max_hp_gain":0,"max_hp_loss":0,"event_name":"Nest","floor":19,"gold_loss":0}],"is_beta":false,"boss_relics":[{"not_picked":["Replay:Bronze Core","hermit:BartenderGlass"],"picked":"hubris:Stopwatch"}],"items_purged_floors":[],"is_endless":false,"potions_floor_spawned":[7,11,14,16],"killed_by":"Shell Parasite","ascension_level":4}}