{"host":"v1g0lpd6z6lg7is8","time":1614000662,"event":{"mods":["BaseMod","Colored Map","Colored Powertips","Minty Spire (QoL Compilation)","Quick Restart"],"gold_per_floor":[113,113,127,127,28,55,81,95,119,137,37,37,37,12,12,112,112,125,125,144,159,84,111,111,111,111,122,141,141,168,179,179,179,179],"floor_reached":33,"language":"ZHS","playtime":1129,"items_purged":["Strike_R","Strike_R"],"score":265,"play_id":"c1bbee95-99dc-4d35-9df8-f0e89183db03","local_time":"20210222213102","is_ascension_mode":false,"campfire_choices":[{"data":"Heavy Blade","floor":12,"key":"SMITH"},{"data":"Inflame","floor":15,"key":"SMITH"},{"data":"Flex","floor":25,"key":"SMITH"},{"data":"1","floor":32,"key":"LIFT"}],"circlet_count":0,"master_deck":["Strike_R","Strike_R","Strike_R","Defend_R","Defend_R","Defend_R","Bash+1","Flex+1","Shrug It Off","Seeing Red","Heavy Blade+1","Inflame+1","Shrug It Off","Flex"],"relics":["Burning Blood","Vajra","Prayer Wheel","Odd Mushroom","MealTicket","Busted Crown","Bag of Marbles","Juzu Bracelet","Girya","Dream Catcher"],"acts_visited":["Exordium","TheCity"],"potions_floor_usage":[23],"damage_taken":[{"damage":1,"enemies":"Cultist","floor":1,"turns":3},{"damage":9,"enemies":"Small Slimes","floor":3,"turns":4},{"damage":36,"enemies":"Lagavulin","floor":6,"turns":5},{"damage":26,"enemies":"The Mushroom Lair","floor":7,"turns":5},{"damage":6,"enemies":"Jaw Worm","floor":8,"turns":3},{"damage":5,"enemies":"Looter","floor":10,"turns":3},{"damage":34,"enemies":"The Guardian","floor":16,"turns":11},{"damage":5,"enemies":"3 Byrds","floor":18,"turns":6},{"damage":12,"enemies":"Shell Parasite","floor":20,"turns":4},{"damage":23,"enemies":"Centurion and Healer","floor":21,"turns":5},{"damage":17,"enemies":"Gremlin Leader","floor":23,"turns":5},{"damage":0,"enemies":"Snake Plant","floor":27,"turns":1},{"damage":3,"enemies":"Snecko","floor":28,"turns":3},{"damage":9,"enemies":"Sentry and Sphere","floor":31,"turns":5},{"damage":78,"enemies":"Automaton","floor":33,"turns":6}],"seed_played":"8341741718619114786","potions_obtained":[{"floor":6,"key":"Energy Potion"},{"floor":8,"key":"Strength Potion"},{"floor":18,"key":"Dexterity Potion"},{"floor":23,"key":"SpeedPotion"}],"is_trial":false,"path_per_floor":["M","?","M","?","$","E","?","M","T","M","$","R","$","$","R","B",null,"M","?","M","M","?","E","?","R","T","M","M","?","T","M","R","B"],"character_chosen":"IRONCLAD","items_purchased":["Flex","Shrug It Off"],"campfire_rested":0,"item_purchase_floors":[5,14],"current_hp_per_floor":[80,80,77,70,70,40,20,20,20,21,36,36,51,66,66,38,80,80,80,74,57,57,46,46,46,46,52,55,40,40,37,37,0,0],"gold":179,"neow_bonus":"UPGRADE_CARD","is_daily":false,"chose_seed":false,"campfire_upgraded":3,"win_rate":0.0,"timestamp":1614000662,"path_taken":["M","?","M","?","$","E","?","M","T","M","$","R","?","$","R","BOSS","M","?","?","M","?","E","?","R","T","M","M","?","?","M","R","BOSS"],"items_purchased_type":["Card","Card"],"build_version":"2020-12-22","purchased_purges":2,"victory":false,"max_hp_per_floor":[80,80,80,80,80,80,80,80,80,80,80,80,80,80,80,80,80,80,80,80,80,80,80,80,80,80,80,80,85,85,85,85,85,85],"card_choices":[{"not_picked":["Headbutt","True Grit","Armaments"],"picked":"SKIP","floor":1},{"not_picked":["Power Through","Thunderclap","Wild Strike"],"picked":"SKIP","floor":3},{"not_picked":["Demon Form","Clash"],"picked":"Shrug It Off","floor":6},{"not_picked":["Sever Soul","Thunderclap","Iron Wave"],"picked":"SKIP","floor":8},{"not_picked":["Seeing Red","Clothesline","Power Through"],"picked":"SKIP","floor":8},{"not_picked":["Clothesline","Power Through"],"picked":"Seeing Red","floor":8},{"not_picked":["Sever Soul","Thunderclap","Iron Wave"],"picked":"SKIP","floor":8},{"not_picked":["Rage","Body Slam"],"picked":"Heavy Blade","floor":10},{"not_picked":["Disarm","Body Slam"],"picked":"Inflame","floor":10},{"not_picked":[],"picked":"Flex","floor":18},{"not_picked":["Intimidate"],"picked":"SKIP","floor":18},{"not_picked":["Dropkick"],"picked":"SKIP","floor":20},{"not_picked":["Warcry+1"],"picked":"SKIP","floor":20},{"not_picked":["Clash"],"picked":"SKIP","floor":21},{"not_picked":["Anger"],"picked":"SKIP","floor":21},{"not_picked":["Rampage"],"picked":"SKIP","floor":23},{"not_picked":["Rupture"],"picked":"SKIP","floor":27},{"not_picked":["Iron Wave"],"picked":"SKIP","floor":27},{"not_picked":["Twin Strike"],"picked":"SKIP","floor":28},{"not_picked":["Blood for Blood"],"picked":"SKIP","floor":28},{"not_picked":["Twin Strike+1"],"picked":"SKIP","floor":31},{"not_picked":["Pommel Strike+1"],"picked":"SKIP","floor":31}],"player_experience":1972878,"relics_obtained":[{"floor":6,"key":"Prayer Wheel"},{"floor":7,"key":"Odd Mushroom"},{"floor":9,"key":"MealTicket"},{"floor":23,"key":"Bag of Marbles"},{"floor":26,"key":"Girya"},{"floor":30,"key":"Dream Catcher"}],"event_choices":[{"damage_healed":0,"gold_gain":0,"player_choice":"Box","damage_taken":0,"relics_obtained":["Vajra"],"max_hp_gain":0,"max_hp_loss":0,"event_name":"Big Fish","floor":2,"gold_loss":0,"cards_obtained":["Regret"]},{"cards_removed":["Regret"],"damage_healed":0,"gold_gain":0,"player_choice":"Card Removal","damage_taken":7,"max_hp_gain":0,"max_hp_loss":0,"event_name":"Golden Wing","floor":4,"gold_loss":0},{"damage_healed":0,"gold_gain":0,"player_choice":"Fought Mushrooms","damage_taken":0,"max_hp_gain":0,"max_hp_loss":0,"event_name":"Mushrooms","floor":7,"gold_loss":0},{"damage_healed":0,"gold_gain":0,"player_choice":"Ignored","damage_taken":0,"max_hp_gain":0,"max_hp_loss":0,"event_name":"N\u0027loth","floor":19,"gold_loss":0},{"cards_removed":["Defend_R"],"damage_healed":0,"gold_gain":0,"player_choice":"Gave Gold","damage_taken":0,"max_hp_gain":0,"max_hp_loss":0,"event_name":"Beggar","floor":22,"gold_loss":75},{"damage_healed":0,"gold_gain":0,"player_choice":"Opened","damage_taken":0,"relics_obtained":["Juzu Bracelet"],"max_hp_gain":0,"max_hp_loss":0,"event_name":"The Mausoleum","floor":24,"gold_loss":0},{"damage_healed":0,"gold_gain":0,"player_choice":"Shed Blood","damage_taken":20,"max_hp_gain":5,"max_hp_loss":0,"event_name":"Forgotten Altar","floor":29,"gold_loss":0}],"is_beta":false,"boss_relics":[{"not_picked":["Velvet Choker","Sozu"],"picked":"Busted Crown"}],"items_purged_floors":[5,11],"is_endless":false,"potions_floor_spawned":[6,8,18,23,28,31],"killed_by":"Automaton","ascension_level":0}}