{"host":"a6m4v7p1efmaozv7","time":1614012253,"event":{"mods":["BaseMod","Colored Map","Colored Powertips","DeckTracker","Keyboard Shortcuts","Minty Spire (QoL Compilation)","Permanent Neow","Relic Stats","StSLib","SuperFastMode"],"gold_per_floor":[368,368,384,267,278,278,306,306,306,331,348,141,153,186,186,260,260,277,296,66,79,79,79],"floor_reached":22,"language":"ENG","playtime":521,"items_purged":["Strike_G","Strike_G","Strike_G"],"score":412,"play_id":"e0f0c2a0-90e7-43e3-a8df-4e86a77a3bf4","local_time":"20210223014413","is_ascension_mode":true,"campfire_choices":[{"data":"Bouncing Flask","floor":6,"key":"SMITH"},{"floor":8,"key":"REST"},{"data":"Neutralize","floor":15,"key":"SMITH"}],"circlet_count":0,"master_deck":["AscendersBane","Strike_G","Strike_G","Defend_G","Defend_G","Defend_G","Defend_G","Defend_G","Survivor","Neutralize+1","All Out Attack+1","Dash","Bouncing Flask+1","Deadly Poison+1","Tactician+1","Grand Finale","Backflip+1","Master of Strategy+1"],"relics":["Ring of the Snake","Incense Burner","Toxic Egg 2","Darkstone Periapt","Smiling Mask","Coffee Dripper"],"acts_visited":["Exordium","TheCity"],"potions_floor_usage":[13],"damage_taken":[{"damage":0,"enemies":"2 Louse","floor":1,"turns":5},{"damage":1,"enemies":"Cultist","floor":3,"turns":4},{"damage":0,"enemies":"Jaw Worm","floor":5,"turns":4},{"damage":46,"enemies":"3 Sentries","floor":7,"turns":11},{"damage":20,"enemies":"Lagavulin","floor":10,"turns":5},{"damage":0,"enemies":"Gremlin Gang","floor":11,"turns":2},{"damage":3,"enemies":"Lots of Slimes","floor":13,"turns":3},{"damage":3,"enemies":"3 Sentries","floor":14,"turns":6},{"damage":2,"enemies":"Hexaghost","floor":16,"turns":9},{"damage":21,"enemies":"Shell Parasite","floor":18,"turns":4},{"damage":7,"enemies":"2 Thieves","floor":19,"turns":3},{"damage":19,"enemies":"Snake Plant","floor":21,"turns":2},{"damage":15,"enemies":"Cultist and Chosen","floor":22,"turns":4}],"seed_played":"-191194822910145029","potions_obtained":[{"floor":5,"key":"Strength Potion"},{"floor":7,"key":"Explosive Potion"},{"floor":16,"key":"Dexterity Potion"}],"is_trial":false,"path_per_floor":["M","?","M","$","M","R","E","R","T","E","M","$","M","E","R","B",null,"M","M","$","M","M"],"character_chosen":"THE_SILENT","items_purchased":["Dash","FairyPotion","Master of Strategy+1"],"campfire_rested":1,"item_purchase_floors":[4,12,20],"current_hp_per_floor":[59,59,58,58,58,58,12,30,30,10,10,10,7,4,4,2,46,25,18,18,18,3,3],"gold":79,"neow_bonus":"TWO_FIFTY_GOLD","is_daily":false,"chose_seed":false,"campfire_upgraded":2,"win_rate":0.0,"timestamp":1614012253,"path_taken":["M","?","M","$","M","R","E","R","T","E","?","$","M","E","R","BOSS","M","?","$","M","M"],"items_purchased_type":["Card","Potion","Card"],"build_version":"2020-12-22","purchased_purges":3,"victory":false,"max_hp_per_floor":[60,60,60,60,60,60,60,60,60,60,60,60,60,60,60,60,60,60,60,60,60,60,60],"relic_stats":{"Darkstone Periapt":0,"counters":[13,62],"Smiling Mask":75,"obtain_stats":[{"Darkstone Periapt":10,"Incense Burner":7,"Coffee Dripper":17,"Toxic Egg 2":9,"Smiling Mask":14,"Ring of the Snake":0},{"Darkstone Periapt":5,"Incense Burner":4,"Coffee Dripper":9,"Toxic Egg 2":4,"Smiling Mask":8,"Ring of the Snake":0},{"Darkstone Periapt":29,"Incense Burner":24,"Coffee Dripper":49,"Toxic Egg 2":24,"Smiling Mask":40,"Ring of the Snake":0}],"Ring of the Snake":[26]},"card_choices":[{"not_picked":["Prepared","Concentrate"],"picked":"All Out Attack","floor":1},{"not_picked":["Flying Knee","Finisher","Outmaneuver"],"picked":"SKIP","floor":3},{"not_picked":["Calculated Gamble","Endless Agony"],"picked":"Bouncing Flask","floor":5},{"not_picked":["Underhanded Strike","Deflect","Expertise"],"picked":"SKIP","floor":7},{"not_picked":["Die Die Die","Dagger Throw","Calculated Gamble+1"],"picked":"SKIP","floor":10},{"not_picked":["Cloak And Dagger+1","Prepared+1"],"picked":"Deadly Poison+1","floor":11},{"not_picked":["Underhanded Strike","Quick Slash","Dagger Throw"],"picked":"SKIP","floor":13},{"not_picked":["Grand Finale","Riddle With Holes"],"picked":"Tactician+1","floor":14},{"not_picked":["Tools of the Trade","Venomology+1"],"picked":"Grand Finale","floor":16},{"not_picked":["Predator","Noxious Fumes","Blade Dance+1"],"picked":"SKIP","floor":18},{"not_picked":["Bane","Setup+1"],"picked":"Backflip+1","floor":19},{"not_picked":["Reflex+1","PiercingWail+1","Finisher"],"picked":"SKIP","floor":21}],"player_experience":2019889,"relics_obtained":[{"floor":7,"key":"Incense Burner"},{"floor":9,"key":"Toxic Egg 2"},{"floor":10,"key":"Darkstone Periapt"},{"floor":14,"key":"Smiling Mask"}],"event_choices":[{"damage_healed":0,"gold_gain":0,"player_choice":"Upgraded","damage_taken":0,"max_hp_gain":0,"max_hp_loss":0,"event_name":"Upgrade Shrine","floor":2,"gold_loss":0,"cards_upgraded":["All Out Attack"]}],"is_beta":false,"boss_relics":[{"not_picked":["SlaversCollar","SacredBark"],"picked":"Coffee Dripper"}],"items_purged_floors":[4,12,20],"is_endless":false,"potions_floor_spawned":[5,7,16,19],"killed_by":"Cultist and Chosen","ascension_level":20}}