{"host":"oq9vgnvl0fi8z8ha","time":1614006036,"event":{"mods":["BaseMod","Block Reminder","ChefMod","Curses Come First","Evolution","Fox Events","Highlight Path","Minty Spire (QoL Compilation)","Relic Stats","Robot Space Explorer","Smile Girya","StSLib","The Blue Laboratory","The Bug Knight","The Runesmith","Treasure Hunter","Unceasing Turn Reminder"],"gold_per_floor":[258,269,269,288,315,345,345,356,356,374,387,412,481,501,501,602,602,621,638,53,53,65,65,65],"floor_reached":23,"language":"ENG","playtime":1897,"items_purged":[],"score":205,"play_id":"7b063ab9-9c82-4c74-bd42-42415d91539c","local_time":"20210222080036","is_ascension_mode":false,"campfire_choices":[{"floor":7,"key":"RECALL"},{"floor":15,"key":"REST"}],"circlet_count":0,"master_deck":["chefmod:IcePick","chefmod:FryPan+1","chefmod:Chop","chefmod:SliceAndDice","chefmod:QuickThaw","chefmod:Defend","chefmod:Defend","chefmod:Defend","chefmod:Defend","chefmod:TodaysSpecial","chefmod:Flambe","chefmod:SliceAndDice+1","chefmod:Fillet","TH:Mimic","TH:CursedSword","chefmod:AllYouCanEat","chefmod:Ratatouille","TH:CursedSword","chefmod:FarmersMarket","chefmod:BaoBuns","TH:CopperCoins","chefmod:FireUp","chefmod:FireUp","TH:DeckOfManyThings","chefmod:OrderUp","chefmod:TonkotsuRamen+1","chefmod:Escargot","Bandage Up","chefmod:HotSoup","chefmod:KnifeFlurry","chefmod:SaveForLater"],"relics":["chefmod:TrustyPot","EVO:Axolotl","Runesmith:AutoHammer","Art of War","Pantograph","Sozu","chefmod:CookieJar","Letter Opener"],"acts_visited":["Exordium","TheCity"],"potions_floor_usage":[12,14],"damage_taken":[{"damage":0,"enemies":"Small Slimes","floor":1,"turns":3},{"damage":0,"enemies":"Jaw Worm","floor":2,"turns":3},{"damage":0,"enemies":"2 Louse","floor":4,"turns":2},{"damage":9,"enemies":"3 Sentries","floor":6,"turns":4},{"damage":7,"enemies":"Large Slime","floor":8,"turns":5},{"damage":1,"enemies":"3 Louse","floor":10,"turns":2},{"damage":4,"enemies":"Gremlin Gang","floor":11,"turns":6},{"damage":27,"enemies":"Gremlin Nob","floor":12,"turns":4},{"damage":4,"enemies":"Large Slime","floor":14,"turns":5},{"damage":44,"enemies":"Hexaghost","floor":16,"turns":11},{"damage":11,"enemies":"Shell Parasite","floor":18,"turns":6},{"damage":25,"enemies":"Chosen","floor":19,"turns":6},{"damage":33,"enemies":"Snecko","floor":22,"turns":5},{"damage":18,"enemies":"Gremlin Leader","floor":23,"turns":2}],"seed_played":"-696843873117390044","potions_obtained":[{"floor":6,"key":"GamblersBrew"},{"floor":8,"key":"BlessingOfTheForge"},{"floor":14,"key":"blueLaboratory:BottledHope"}],"is_trial":false,"path_per_floor":["M","M","?","M","T","E","R","M","T","M","M","E","?","M","R","B",null,"M","M","$","?","M","E"],"character_chosen":"THE_CHEF","items_purchased":["chefmod:CookieJar","Letter Opener","Bandage Up","chefmod:HotSoup","chefmod:KnifeFlurry"],"campfire_rested":1,"item_purchase_floors":[20,20,20,20,20],"current_hp_per_floor":[83,83,66,66,66,57,57,50,50,49,45,18,18,14,38,19,83,72,47,47,47,18,0,0],"gold":65,"neow_bonus":"TEN_PERCENT_HP_BONUS","is_daily":false,"chose_seed":false,"campfire_upgraded":0,"win_rate":0.0,"timestamp":1614006036,"path_taken":["M","M","?","M","?","E","R","M","T","M","M","E","?","M","R","BOSS","M","M","$","?","M","E"],"items_purchased_type":["Relic","Relic","Card","Card","Card"],"build_version":"2020-12-22","purchased_purges":0,"victory":false,"max_hp_per_floor":[83,83,83,83,83,83,83,83,83,83,83,83,83,83,83,83,83,83,83,83,70,70,70,70],"relic_stats":{"Sozu":2,"counters":[14,64],"Pantograph":25,"Art of War":[3],"Letter Opener":[5],"obtain_stats":[{"Sozu":17,"chefmod:TrustyPot":0,"chefmod:CookieJar":20,"Pantograph":12,"Art of War":9,"EVO:Axolotl":0,"Runesmith:AutoHammer":6,"Letter Opener":20},{"Sozu":10,"chefmod:TrustyPot":0,"chefmod:CookieJar":12,"Pantograph":8,"Art of War":5,"EVO:Axolotl":0,"Runesmith:AutoHammer":4,"Letter Opener":12},{"Sozu":45,"chefmod:TrustyPot":0,"chefmod:CookieJar":57,"Pantograph":29,"Art of War":17,"EVO:Axolotl":0,"Runesmith:AutoHammer":12,"Letter Opener":57}]},"card_choices":[{"not_picked":["chefmod:ZaruSoba","chefmod:FryPan"],"picked":"chefmod:Flambe","floor":1},{"not_picked":["chefmod:GroceryDelivery","chefmod:IcePick"],"picked":"chefmod:SliceAndDice","floor":2},{"not_picked":["chefmod:SliceAndDice","chefmod:FiveAlarmChili"],"picked":"chefmod:Fillet","floor":4},{"not_picked":["TH:EnergyPotion"],"picked":"TH:Mimic","floor":5},{"not_picked":["TH:ElvenBoots"],"picked":"TH:CursedSword","floor":6},{"not_picked":["chefmod:SearedScallops","chefmod:SliceAndDice"],"picked":"chefmod:AllYouCanEat","floor":6},{"not_picked":["chefmod:Granita","chefmod:Bruschetta"],"picked":"chefmod:Ratatouille","floor":8},{"not_picked":["TH:DeckOfManyThings"],"picked":"TH:CursedSword","floor":9},{"not_picked":["chefmod:Sorbet","chefmod:Chop"],"picked":"chefmod:FarmersMarket","floor":10},{"not_picked":["chefmod:Fillet","chefmod:PrepCook"],"picked":"chefmod:BaoBuns","floor":11},{"not_picked":["TH:PixieDust"],"picked":"TH:CopperCoins","floor":12},{"not_picked":["chefmod:DinoKale","chefmod:NoSoupForYou"],"picked":"chefmod:FireUp","floor":12},{"not_picked":["chefmod:FryPan","chefmod:IcePick"],"picked":"chefmod:FireUp","floor":14},{"not_picked":["TH:EnergyPotion"],"picked":"TH:DeckOfManyThings","floor":16},{"not_picked":["chefmod:BananaSplit","chefmod:FullCourseMeal"],"picked":"chefmod:OrderUp","floor":16},{"not_picked":["chefmod:KnifeFlurry","chefmod:IcePick"],"picked":"chefmod:TonkotsuRamen+1","floor":18},{"not_picked":["chefmod:Gelato","chefmod:Granita"],"picked":"chefmod:Escargot","floor":19},{"not_picked":["chefmod:Puree","chefmod:Fillet+1"],"picked":"chefmod:SaveForLater","floor":22}],"player_experience":293034,"relics_obtained":[{"floor":6,"key":"Runesmith:AutoHammer"},{"floor":9,"key":"Art of War"},{"floor":12,"key":"Pantograph"}],"event_choices":[{"damage_healed":0,"gold_gain":0,"player_choice":"Entered Light","damage_taken":17,"max_hp_gain":0,"max_hp_loss":0,"event_name":"Shining Light","floor":3,"gold_loss":0,"cards_upgraded":["chefmod:SliceAndDice","chefmod:FryPan"]},{"damage_healed":0,"gold_gain":69,"player_choice":"Gained Gold","damage_taken":0,"max_hp_gain":0,"max_hp_loss":0,"event_name":"Golden Wing","floor":13,"gold_loss":0}],"is_beta":false,"boss_relics":[{"not_picked":["chefmod:OldKettle","Busted Crown"],"picked":"Sozu"}],"items_purged_floors":[],"is_endless":false,"potions_floor_spawned":[1,6,8,14,19],"killed_by":"Gremlin Leader","ascension_level":0}}