{"host":"wqwfknj40rilnol1","time":1614021477,"event":{"mods":["BaseMod","BetterRewards","Block Reminder","Colored Map","Hubris","Minty Spire (QoL Compilation)","Permanent Neow","Relic Stats","StSLib","The Cursed"],"gold_per_floor":[113,113,113,169,188,267,267,306,306,347,23,66,91,114,114,235,235,249,174,192,192,32,32,63,83,83,182,182,1,36,49,49,150,150,168,168,186,197,197,197,33,33,60,60,76,76,91,102,102,102],"floor_reached":51,"language":"ENG","playtime":1802,"items_purged":[],"score":1521,"play_id":"24ab78a2-b94c-49cd-b944-f6d7f512508d","local_time":"20210222201757","is_ascension_mode":true,"campfire_choices":[{"data":"Apotheosis","floor":7,"key":"SMITH"},{"data":"Limit Break","floor":15,"key":"SMITH"},{"data":"Spot Weakness","floor":23,"key":"SMITH"},{"data":"Feed","floor":32,"key":"SMITH"},{"data":"Immolate","floor":40,"key":"SMITH"},{"data":"Uppercut","floor":42,"key":"SMITH"},{"data":"Mayhem","floor":49,"key":"SMITH"}],"circlet_count":0,"master_deck":["AscendersBane","Strike_R","Strike_R","Strike_R","Strike_R","Defend_R","Defend_R","Defend_R","Defend_R","Bash","Carnage","Apotheosis+1","Flame Barrier","Warcry","Shrug It Off","hubris:StunningStrike","Spot Weakness+1","Carnage","Limit Break+1","Feed+1","hubris:SharpeningStone","Cleave","Discovery","Uppercut+1","Battle Trance","Feed","Immolate+1","Shrug It Off","Mayhem+1","Deep Breath","Spot Weakness+1","Parasite","Parasite"],"relics":["Burning Blood","hubris:EmptyBottle","Du-Vu Doll","Peace Pipe","Bloody Idol","Eternal Feather","Pantograph","Oddly Smooth Stone","hubris:DeckOfHolding","Toy Ornithopter","Darkstone Periapt","Vajra","Philosopher\u0027s Stone","HornCleat","Blood Vial","Membership Card","Unceasing Top","Cursed Key","hubris:Icosahedron","hubris:FunFungus","Regal Pillow"],"acts_visited":["Exordium","TheCity","TheBeyond"],"potions_floor_usage":[6,6,10,10,12,25,25,30,30,30,30,37,45,45,47,50],"damage_taken":[{"damage":0,"enemies":"2 Louse","floor":1,"turns":3},{"damage":4,"enemies":"Jaw Worm","floor":5,"turns":3},{"damage":12,"enemies":"3 Sentries","floor":6,"turns":7},{"damage":18,"enemies":"Gremlin Nob","floor":8,"turns":3},{"damage":4,"enemies":"Lagavulin","floor":10,"turns":3},{"damage":25,"enemies":"Gremlin Nob","floor":12,"turns":5},{"damage":0,"enemies":"Small Slimes","floor":13,"turns":4},{"damage":1,"enemies":"Exordium Wildlife","floor":14,"turns":3},{"damage":46,"enemies":"Hexaghost","floor":16,"turns":8},{"damage":7,"enemies":"Shell Parasite","floor":18,"turns":3},{"damage":0,"enemies":"Chosen","floor":20,"turns":3},{"damage":50,"enemies":"Book of Stabbing","floor":24,"turns":5},{"damage":34,"enemies":"Shelled Parasite and Fungi","floor":25,"turns":6},{"damage":43,"enemies":"Slavers","floor":30,"turns":7},{"damage":0,"enemies":"Snecko","floor":31,"turns":3},{"damage":71,"enemies":"Automaton","floor":33,"turns":8},{"damage":0,"enemies":"Orb Walker","floor":35,"turns":3},{"damage":10,"enemies":"3 Shapes","floor":37,"turns":3},{"damage":25,"enemies":"Jaw Worm Horde","floor":38,"turns":2},{"damage":5,"enemies":"4 Shapes","floor":45,"turns":2},{"damage":25,"enemies":"3 Darklings","floor":47,"turns":3},{"damage":16,"enemies":"Writhing Mass","floor":48,"turns":5},{"damage":17,"enemies":"hubris:GrandSnecko","floor":50,"turns":7}],"seed_played":"-3535188181482116967","potions_obtained":[{"floor":5,"key":"ColorlessPotion"},{"floor":8,"key":"SkillPotion"},{"floor":10,"key":"BlessingOfTheForge"},{"floor":12,"key":"LiquidBronze"},{"floor":18,"key":"Regen Potion"},{"floor":24,"key":"PowerPotion"},{"floor":25,"key":"Explosive Potion"},{"floor":30,"key":"SneckoOil"},{"floor":35,"key":"Explosive Potion"},{"floor":47,"key":"Swift Potion"}],"is_trial":false,"path_per_floor":["M","?","?","?","M","E","R","E","T","E","$","E","M","M","R","B",null,"M","?","M","?","$","R","E","M","T","?","$","$","E","M","R","B",null,"M","$","M","M","?","R","$","R","T","?","M","?","M","M","R","B",null],"character_chosen":"IRONCLAD","items_purchased":["hubris:EmptyBottle","Carnage","Apotheosis","DuplicationPotion","Flame Barrier","Darkstone Periapt","Spot Weakness","Discovery","Uppercut","Membership Card","Battle Trance","hubris:FunFungus","Shrug It Off"],"campfire_rested":0,"item_purchase_floors":[0,0,0,0,0,11,11,22,22,29,29,41,41],"current_hp_per_floor":[78,58,55,55,57,51,60,48,48,50,50,36,42,47,59,40,70,69,69,79,79,79,84,45,72,72,77,77,77,60,73,88,28,73,86,86,95,89,89,103,103,103,109,99,113,119,106,113,129,118],"gold":102,"neow_bonus":"","is_daily":false,"chose_seed":false,"campfire_upgraded":7,"win_rate":0.0,"timestamp":1614021477,"path_taken":["M","?","?","?","M","E","R","E","T","E","$","E","M","M","R","BOSS","M","?","M","?","?","R","E","M","T","?","?","$","E","M","R","BOSS","M","$","M","M","?","R","$","R","T","?","M","?","M","M","R","BOSS"],"items_purchased_type":["Relic","Card","Card","Potion","Card","Relic","Card","Card","Card","Relic","Card","Relic","Card"],"build_version":"2020-12-22","purchased_purges":0,"victory":true,"max_hp_per_floor":[80,80,80,80,80,80,80,80,80,80,80,80,80,80,80,80,80,80,80,84,84,84,84,84,84,84,84,84,84,88,88,88,88,88,88,88,95,103,103,103,103,103,109,109,113,119,119,129,129,129],"relic_stats":{"Darkstone Periapt":18,"Regal Pillow":0,"counters":[88,398],"Eternal Feather":71,"Cursed Key":1,"Burning Blood":481,"Peace Pipe":0,"Blood Vial":12,"Bloody Idol":54,"Pantograph":21,"obtain_stats":[{"Ice Cream":37,"Mark of the Bloom":39,"Calipers":12,"Vajra":12,"Whetstone":23,"Blood Vial":26,"Centennial Puzzle":43,"HornCleat":6,"FaceOfCleric":20,"Sundial":25,"Strawberry":14,"Philosopher\u0027s Stone":17,"hubris:DeckOfHolding":31,"Fusion Hammer":34,"Kunai":8,"Oddly Smooth Stone":8,"Eternal Feather":3,"Charon\u0027s Ashes":38,"Pen Nib":43,"Du-Vu Doll":0,"Bottled Flame":26,"Brimstone":19,"Bronze Scales":47,"hubris:ToyBattleship":46,"Unceasing Top":30,"Pocketwatch":23,"Darkstone Periapt":11,"hubris:Metronome":14,"Regal Pillow":43,"Incense Burner":9,"Juzu Bracelet":26,"hubris:EmptyBottle":12,"Cursed Key":34,"Burning Blood":0,"Frozen Eye":3,"Nunchaku":38,"Matryoshka":26,"hubris:Icosahedron":29,"Pantograph":6,"hubris:FunFungus":41,"Red Mask":21,"Red Skull":6,"hubris:GlazedTorus":42,"hubris:64BitClover":31,"Golden Idol":2,"hubris:MedicalManual":0,"Frozen Egg 2":41,"White Beast Statue":9,"Mercury Hourglass":11,"Peace Pipe":0,"Anchor":7,"hubris:Spice":0,"Bloody Idol":21,"Bag of Marbles":19,"Membership Card":0,"hubris:CrackedHourglass":17,"TungstenRod":0,"Toy Ornithopter":10,"hubris:BottledRain":11},{"Ice Cream":36,"Mark of the Bloom":60,"Calipers":49,"Vajra":71,"Whetstone":31,"Blood Vial":78,"Centennial Puzzle":39,"HornCleat":47,"FaceOfCleric":53,"Sundial":32,"Strawberry":50,"Philosopher\u0027s Stone":7,"hubris:DeckOfHolding":16,"Fusion Hammer":34,"Kunai":23,"Oddly Smooth Stone":69,"Eternal Feather":66,"Charon\u0027s Ashes":36,"Pen Nib":39,"Du-Vu Doll":65,"Bottled Flame":12,"Brimstone":27,"Bronze Scales":42,"hubris:ToyBattleship":63,"Unceasing Top":79,"Pocketwatch":11,"Darkstone Periapt":70,"hubris:Metronome":6,"Regal Pillow":84,"Incense Burner":4,"Juzu Bracelet":57,"hubris:EmptyBottle":49,"Cursed Key":81,"Burning Blood":0,"Frozen Eye":2,"Nunchaku":36,"Matryoshka":32,"hubris:Icosahedron":33,"Pantograph":68,"hubris:FunFungus":84,"Red Mask":10,"Red Skull":22,"hubris:GlazedTorus":39,"hubris:64BitClover":33,"Golden Idol":66,"hubris:MedicalManual":43,"Frozen Egg 2":38,"White Beast Statue":23,"Mercury Hourglass":24,"Peace Pipe":65,"Anchor":4,"hubris:Spice":43,"Bloody Idol":76,"Bag of Marbles":27,"Membership Card":43,"hubris:CrackedHourglass":26,"TungstenRod":43,"Toy Ornithopter":70,"hubris:BottledRain":5},{"Ice Cream":167,"Mark of the Bloom":282,"Calipers":223,"Vajra":323,"Whetstone":146,"Blood Vial":355,"Centennial Puzzle":180,"HornCleat":209,"FaceOfCleric":244,"Sundial":150,"Strawberry":228,"Philosopher\u0027s Stone":36,"hubris:DeckOfHolding":70,"Fusion Hammer":158,"Kunai":108,"Oddly Smooth Stone":315,"Eternal Feather":302,"Charon\u0027s Ashes":167,"Pen Nib":180,"Du-Vu Doll":299,"Bottled Flame":53,"Brimstone":133,"Bronze Scales":190,"hubris:ToyBattleship":290,"Unceasing Top":362,"Pocketwatch":50,"Darkstone Periapt":318,"hubris:Metronome":28,"Regal Pillow":381,"Incense Burner":16,"Juzu Bracelet":267,"hubris:EmptyBottle":223,"Cursed Key":373,"Burning Blood":0,"Frozen Eye":8,"Nunchaku":167,"Matryoshka":150,"hubris:Icosahedron":153,"Pantograph":312,"hubris:FunFungus":381,"Red Mask":46,"Red Skull":98,"hubris:GlazedTorus":180,"hubris:64BitClover":153,"Golden Idol":302,"hubris:MedicalManual":195,"Frozen Egg 2":176,"White Beast Statue":108,"Mercury Hourglass":114,"Peace Pipe":299,"Anchor":16,"hubris:Spice":195,"Bloody Idol":344,"Bag of Marbles":133,"Membership Card":195,"hubris:CrackedHourglass":128,"TungstenRod":195,"Toy Ornithopter":318,"hubris:BottledRain":25}],"Toy Ornithopter":32,"Unceasing Top":[1]},"card_choices":[{"not_picked":["Anger","Perfected Strike","Clash"],"picked":"SKIP","floor":1},{"not_picked":["Second Wind","Rampage"],"picked":"Warcry","floor":5},{"not_picked":["Havoc","Flex","Bloodletting"],"picked":"SKIP","floor":6},{"not_picked":["Second Wind","Headbutt"],"picked":"Shrug It Off","floor":8},{"not_picked":["Heavy Blade","Dual Wield"],"picked":"hubris:StunningStrike","floor":10},{"not_picked":["Disarm","Twin Strike"],"picked":"Carnage","floor":12},{"not_picked":["Blood for Blood","Heavy Blade","Perfected Strike"],"picked":"SKIP","floor":13},{"not_picked":["Whirlwind","Wild Strike"],"picked":"Limit Break","floor":14},{"not_picked":["Impervious","Exhume"],"picked":"Feed","floor":16},{"not_picked":["Sever Soul+1","Body Slam+1"],"picked":"hubris:SharpeningStone","floor":18},{"not_picked":["Hemokinesis","hubris:ReadiedAction"],"picked":"Cleave","floor":20},{"not_picked":["Dropkick","Wild Strike","Bloodletting"],"picked":"SKIP","floor":24},{"not_picked":["Cleave","Dark Embrace","True Grit"],"picked":"SKIP","floor":25},{"not_picked":["True Grit","Hemokinesis"],"picked":"Feed","floor":30},{"not_picked":["Warcry","Infernal Blade","Sword Boomerang"],"picked":"SKIP","floor":31},{"not_picked":["Double Tap","Impervious"],"picked":"Immolate","floor":33},{"not_picked":["Havoc","Body Slam","Clash"],"picked":"SKIP","floor":35},{"not_picked":["Dual Wield+1","Wild Strike+1","Spot Weakness"],"picked":"SKIP","floor":37},{"not_picked":["Burning Pact","Sword Boomerang","Shrug It Off"],"picked":"SKIP","floor":38},{"not_picked":["Impatience","Bandage Up"],"picked":"Mayhem","floor":44},{"not_picked":["Trip","hubris:Ssssneak"],"picked":"Deep Breath","floor":44},{"not_picked":["hubris:ReadiedAction","Thunderclap+1"],"picked":"Spot Weakness+1","floor":45},{"not_picked":["Body Slam+1","Blood for Blood","Shockwave"],"picked":"SKIP","floor":47},{"not_picked":["Armaments","Shockwave+1","Flex"],"picked":"SKIP","floor":48}],"player_experience":298699,"relics_obtained":[{"floor":6,"key":"Pantograph"},{"floor":8,"key":"Oddly Smooth Stone"},{"floor":9,"key":"hubris:DeckOfHolding"},{"floor":10,"key":"Toy Ornithopter"},{"floor":12,"key":"Vajra"},{"floor":24,"key":"HornCleat"},{"floor":26,"key":"Blood Vial"},{"floor":30,"key":"Unceasing Top"},{"floor":43,"key":"Regal Pillow"}],"event_choices":[{"damage_healed":0,"gold_gain":0,"player_choice":"Take Damage","damage_taken":20,"relics_obtained":["Golden Idol"],"max_hp_gain":0,"max_hp_loss":0,"event_name":"Golden Idol","floor":2,"gold_loss":0},{"damage_healed":0,"gold_gain":0,"player_choice":"Success","damage_taken":3,"relics_obtained":["Eternal Feather"],"max_hp_gain":0,"max_hp_loss":0,"event_name":"Scrap Ooze","floor":3,"gold_loss":0},{"damage_healed":0,"gold_gain":56,"player_choice":"Gained Gold","damage_taken":0,"max_hp_gain":0,"max_hp_loss":0,"event_name":"Golden Wing","floor":4,"gold_loss":0},{"cards_removed":["Strike_R"],"damage_healed":0,"gold_gain":0,"player_choice":"Gave Gold","damage_taken":0,"max_hp_gain":0,"max_hp_loss":0,"event_name":"Beggar","floor":19,"gold_loss":75},{"damage_healed":0,"gold_gain":0,"player_choice":"Gave Idol","damage_taken":0,"relics_obtained":["Bloody Idol"],"max_hp_gain":0,"max_hp_loss":0,"event_name":"Forgotten Altar","floor":21,"relics_lost":["Golden Idol"],"gold_loss":0},{"damage_healed":0,"gold_gain":99,"player_choice":"Stole From Cult","damage_taken":0,"max_hp_gain":0,"max_hp_loss":0,"event_name":"Nest","floor":27,"gold_loss":0},{"damage_healed":0,"gold_gain":0,"player_choice":"Memory 3","damage_taken":10,"max_hp_gain":0,"max_hp_loss":0,"event_name":"SensoryStone","floor":44,"gold_loss":0},{"damage_healed":0,"gold_gain":0,"cards_transformed":["Regret"],"player_choice":"Transformed","damage_taken":0,"max_hp_gain":0,"max_hp_loss":0,"event_name":"Transmorgrifier","floor":46,"gold_loss":0,"cards_obtained":["Parasite"]}],"is_beta":false,"boss_relics":[{"not_picked":["Sozu","Coffee Dripper"],"picked":"Philosopher\u0027s Stone"},{"not_picked":["Snecko Eye","Astrolabe"],"picked":"Cursed Key"}],"items_purged_floors":[],"is_endless":false,"potions_floor_spawned":[5,8,10,12,18,24,25,30,35,47],"ascension_level":12}}