{"host":"ssbj2e5691x5ub3h","time":1614032540,"event":{"mods":["BaseMod","Downfall","Minty Spire (QoL Compilation)","Quick Restart","StSLib","SuperFastMode"],"gold_per_floor":[99,117,117,32,42,55,80,80,91,91,109,109,120,138,149,244,244,244,259,279,189,200,200,223,223,62,75,70,89,89,113,131,226,226,226,246,263,281,294,294,364,364,364,376,376,81,81,81,91,91],"floor_reached":51,"language":"ENG","playtime":2261,"items_purged":["bronze:Strike","bronze:Defend"],"score":645,"play_id":"805e26e2-38e4-4231-9890-508e7781c29f","local_time":"20210222192220","is_ascension_mode":false,"campfire_choices":[{"data":"bronze:Goto","floor":1,"key":"SMITH"},{"data":"bronze:Assembly","floor":8,"key":"SMITH"},{"data":"bronze:DelayedSlice","floor":10,"key":"SMITH"},{"data":"bronze:Overload","floor":18,"key":"SMITH"},{"data":"bronze:RecursiveStrike","floor":25,"key":"SMITH"},{"floor":30,"key":"REST"},{"data":"bronze:Verify","floor":35,"key":"SMITH"},{"data":"bronze:GetLatest","floor":40,"key":"SMITH"},{"data":"bronze:Repair","floor":43,"key":"SMITH"},{"data":"bronze:OilSpill","floor":47,"key":"SMITH"},{"data":"bronze:OilSpill","floor":48,"key":"SMITH"}],"circlet_count":0,"master_deck":["bronze:Strike","bronze:Defend","bronze:Replicate","bronze:Goto+1","bronze:OilSpill+1","bronze:Assembly+1","bronze:Repair+1","bronze:Optimize","bronze:DelayedSlice+1","bronze:OilSpill+1","bronze:WhirlingStrike","bronze:Overload+1","bronze:Branch","bronze:GetLatest+1","bronze:RecursiveStrike+1","bronze:Boost","bronze:ChosenStrike","bronze:Verify+1","bronze:WhirlingStrike+1","bronze:DelayedSlice+1"],"relics":["bronze:PlatinumCore","bronze:ProtectiveGoggles","Busted Crown","Bag of Preparation","bronze:SilverBullet","Sundial","Anchor","Mercury Hourglass","Sling","Blood Vial"],"acts_visited":["Exordium","TheCity","TheBeyond"],"potions_floor_usage":[9,33,33,50],"damage_taken":[{"damage":10,"enemies":"Jaw Worm","floor":2,"turns":4},{"damage":0,"enemies":"downfall:FleeingMerchant","floor":4,"turns":4},{"damage":0,"enemies":"Cultist","floor":5,"turns":3},{"damage":9,"enemies":"2 Louse","floor":6,"turns":2},{"damage":0,"enemies":"Lots of Slimes","floor":9,"turns":2},{"damage":2,"enemies":"Gremlin Gang","floor":11,"turns":2},{"damage":6,"enemies":"Exordium Wildlife","floor":13,"turns":2},{"damage":0,"enemies":"Large Slime","floor":14,"turns":2},{"damage":0,"enemies":"Gremlin Gang","floor":15,"turns":3},{"damage":11,"enemies":"IC_STATUS_ARCHETYPE","floor":16,"turns":6},{"damage":0,"enemies":"3 Byrds","floor":19,"turns":3},{"damage":6,"enemies":"Spheric Guardian","floor":20,"turns":3},{"damage":0,"enemies":"downfall:FleeingMerchant","floor":21,"turns":4},{"damage":9,"enemies":"3 Cultists","floor":22,"turns":5},{"damage":0,"enemies":"downfall:FleeingMerchant","floor":26,"turns":4},{"damage":2,"enemies":"Cultist and Chosen","floor":27,"turns":3},{"damage":0,"enemies":"downfall:FleeingMerchant","floor":28,"turns":2},{"damage":22,"enemies":"Centurion and Healer","floor":29,"turns":3},{"damage":4,"enemies":"Snake Plant","floor":32,"turns":3},{"damage":7,"enemies":"DF_ARCHETYPE_CLAW","floor":33,"turns":5},{"damage":0,"enemies":"3 Darklings","floor":36,"turns":3},{"damage":0,"enemies":"Orb Walker","floor":37,"turns":2},{"damage":5,"enemies":"4 Shapes","floor":38,"turns":2},{"damage":0,"enemies":"Jaw Worm Horde","floor":39,"turns":2},{"damage":0,"enemies":"Spire Growth","floor":44,"turns":4},{"damage":19,"enemies":"Writhing Mass","floor":49,"turns":4},{"damage":20,"enemies":"SI_POISON_ARCHETYPE","floor":50,"turns":8}],"seed_played":"-2443882352110573851","potions_obtained":[{"floor":0,"key":"CultistPotion"},{"floor":0,"key":"SneckoOil"},{"floor":0,"key":"DistilledChaos"},{"floor":6,"key":"Block Potion"},{"floor":9,"key":"Swift Potion"},{"floor":27,"key":"PowerPotion"},{"floor":29,"key":"DuplicationPotion"},{"floor":38,"key":"SteroidPotion"}],"is_trial":false,"path_per_floor":["R","M","?","$","M","M","T","R","M","R","M","?","M","M","M","B",null,"R","M","M","$","M","?","T","R","$","M","$","M","R","T","M","B",null,"R","M","M","M","M","R","T","?","R","M","?","$","R","R","M","B",null],"character_chosen":"THE_AUTOMATON","items_purchased":["bronze:Optimize","bronze:SilverBullet","Sundial","Sling","Blood Vial"],"campfire_rested":1,"item_purchase_floors":[4,26,28,46,46],"current_hp_per_floor":[70,60,60,60,70,61,61,61,70,70,68,68,62,70,70,59,70,70,70,64,70,63,63,63,63,70,68,68,46,67,67,66,66,70,70,70,70,65,70,70,70,70,70,70,70,70,70,70,58,50],"gold":91,"neow_bonus":"THREE_SMALL_POTIONS","is_daily":false,"chose_seed":false,"campfire_upgraded":10,"win_rate":0.0,"timestamp":1614032540,"path_taken":["R","M","?","?","M","M","T","R","?","R","M","?","M","M","M","BOSS","R","M","M","?","M","?","T","R","$","?","?","?","R","?","M","BOSS","R","M","M","M","M","R","T","?","R","M","?","$","R","R","M","BOSS"],"items_purchased_type":["Card","Relic","Relic","Relic","Relic"],"build_version":"2020-12-22","purchased_purges":2,"victory":true,"max_hp_per_floor":[70,70,70,70,70,70,70,70,70,70,70,70,70,70,70,70,70,70,70,70,70,70,70,70,70,70,70,70,70,70,70,70,70,70,70,70,70,70,70,70,70,70,70,70,70,70,70,70,70,70],"card_choices":[{"not_picked":["bronze:Branch","bronze:ForLoop"],"picked":"bronze:OilSpill","floor":2},{"not_picked":["bronze:Flail","bronze:Shield"],"picked":"bronze:Repair","floor":4},{"not_picked":["bronze:FollowUp","bronze:BuggyMess"],"picked":"bronze:DelayedSlice","floor":5},{"not_picked":["bronze:Allocate","bronze:Branch"],"picked":"bronze:OilSpill","floor":6},{"not_picked":["bronze:Frontload","bronze:HyperBeam"],"picked":"bronze:WhirlingStrike","floor":9},{"not_picked":["bronze:NullPointer","bronze:BugBarrage","bronze:FollowUp"],"picked":"SKIP","floor":11},{"not_picked":["bronze:BronzeOrb","bronze:BronzeArmor"],"picked":"bronze:Overload","floor":13},{"not_picked":["bronze:Overheat","bronze:DelayedSlice"],"picked":"bronze:Branch","floor":14},{"not_picked":["bronze:BitShift","bronze:NullPointer"],"picked":"bronze:GetLatest","floor":15},{"not_picked":["bronze:ThunderWave","bronze:Format"],"picked":"bronze:RecursiveStrike","floor":16},{"not_picked":["bronze:Deprecate"],"picked":"SKIP","floor":19},{"not_picked":[],"picked":"bronze:Boost","floor":20},{"not_picked":[],"picked":"bronze:ChosenStrike","floor":21},{"not_picked":["bronze:CutThrough"],"picked":"SKIP","floor":22},{"not_picked":["bronze:DelayedGuard"],"picked":"SKIP","floor":26},{"not_picked":["bronze:Shield"],"picked":"SKIP","floor":27},{"not_picked":["bronze:Invalidate+1"],"picked":"SKIP","floor":28},{"not_picked":["bronze:ForLoop"],"picked":"SKIP","floor":29},{"not_picked":["bronze:BuggyMess"],"picked":"SKIP","floor":32},{"not_picked":[],"picked":"bronze:Verify","floor":33},{"not_picked":["bronze:Overheat"],"picked":"SKIP","floor":36},{"not_picked":[],"picked":"bronze:WhirlingStrike+1","floor":37},{"not_picked":["bronze:MaxOutput"],"picked":"SKIP","floor":38},{"not_picked":["bronze:Frontload+1"],"picked":"SKIP","floor":39},{"not_picked":[],"picked":"bronze:DelayedSlice+1","floor":44},{"not_picked":["bronze:Iterate"],"picked":"SKIP","floor":49}],"player_experience":171327,"relics_obtained":[{"floor":7,"key":"bronze:ProtectiveGoggles"},{"floor":24,"key":"Bag of Preparation"},{"floor":31,"key":"Anchor"},{"floor":41,"key":"Mercury Hourglass"}],"event_choices":[{"cards_removed":["bronze:Defend"],"damage_healed":0,"gold_gain":0,"player_choice":"Card Removal","damage_taken":0,"max_hp_gain":0,"max_hp_loss":0,"event_name":"Wheel of Change","floor":12,"gold_loss":0},{"damage_healed":0,"gold_gain":0,"player_choice":"Ignored","damage_taken":0,"max_hp_gain":0,"max_hp_loss":0,"event_name":"NoteForYourself","floor":23,"gold_loss":0},{"cards_removed":["bronze:Strike"],"damage_healed":0,"gold_gain":0,"player_choice":"Removed Attack","damage_taken":0,"max_hp_gain":0,"max_hp_loss":0,"event_name":"Falling","floor":42,"gold_loss":0},{"cards_removed":["bronze:Defend"],"damage_healed":0,"gold_gain":0,"player_choice":"Offered Basic","damage_taken":0,"max_hp_gain":0,"max_hp_loss":0,"event_name":"Bonfire Elementals","floor":45,"gold_loss":0}],"is_beta":false,"boss_relics":[{"not_picked":["SacredBark","Sozu"],"picked":"Busted Crown"},{"not_picked":["bronze:MakeshiftBattery","Philosopher\u0027s Stone"],"picked":"bronze:PlatinumCore"}],"items_purged_floors":[21,28],"is_endless":false,"potions_floor_spawned":[2,6,9,11,20,27,29,32,38],"ascension_level":0}}