{"host":"dztixnx9b0gu6w9i","time":1614025227,"event":{"mods":["BaseMod","Bestiary","Minty Spire (QoL Compilation)","Relic Stats","Slay the Relics Exporter","SpireBot","ojb\u0027s Better Paths Mod","ojb\u0027s Info Mod"],"gold_per_floor":[109,259,269,544,16,16,35,67,67,67,24,99,99,134,134,216,216,236,12,30,30,30],"floor_reached":21,"language":"ENG","playtime":3016,"items_purged":["Strike_R"],"score":370,"play_id":"eeb534c1-ecbf-4319-b82c-dc0d665bf82c","local_time":"20210222152027","is_ascension_mode":true,"campfire_choices":[{"data":"Armaments","floor":6,"key":"SMITH"},{"data":"Blood for Blood","floor":10,"key":"SMITH"},{"floor":15,"key":"REST"}],"circlet_count":0,"master_deck":["AscendersBane","Strike_R","Strike_R","Strike_R","Strike_R","Defend_R","Defend_R","Defend_R","Defend_R","Bash","Pommel Strike","Doubt","Armaments+1","Regret","Blood for Blood+1","Pommel Strike","Flame Barrier","Rupture","Evolve","Fiend Fire","Power Through+1","Feed","Intimidate+1"],"relics":["Burning Blood","NeowsBlessing","Blue Candle","Frozen Eye","Kunai","Toxic Egg 2","CeramicFish","SacredBark"],"acts_visited":["Exordium","TheCity"],"potions_floor_usage":[18],"damage_taken":[{"damage":0,"enemies":"Small Slimes","floor":1,"turns":1},{"damage":0,"enemies":"Cultist","floor":3,"turns":1},{"damage":0,"enemies":"2 Louse","floor":7,"turns":1},{"damage":39,"enemies":"3 Sentries","floor":8,"turns":9},{"damage":16,"enemies":"Lagavulin","floor":14,"turns":5},{"damage":24,"enemies":"Slime Boss","floor":16,"turns":9},{"damage":14,"enemies":"Spheric Guardian","floor":18,"turns":5},{"damage":30,"enemies":"Shell Parasite","floor":20,"turns":7},{"damage":49,"enemies":"Snecko","floor":21,"turns":5}],"seed_played":"-6313276396298187190","potions_obtained":[{"floor":8,"key":"Block Potion"},{"floor":16,"key":"ElixirPotion"}],"is_trial":false,"path_per_floor":["M","?","M","?","$","R","M","E","T","R","$","?","?","E","R","B",null,"M","$","M","M"],"character_chosen":"IRONCLAD","items_purchased":["Blood for Blood","Blue Candle","Frozen Eye","Rupture","Feed","Intimidate+1"],"campfire_rested":1,"item_purchase_floors":[5,5,5,11,19,19],"current_hp_per_floor":[74,74,75,75,75,75,75,42,42,42,42,31,31,21,43,25,63,55,55,34,0,0],"gold":30,"neow_bonus":"THREE_ENEMY_KILL","is_daily":false,"chose_seed":false,"campfire_upgraded":2,"win_rate":0.0,"timestamp":1614025227,"path_taken":["M","?","M","?","$","R","?","E","T","R","?","?","?","E","R","BOSS","M","$","M","?"],"items_purchased_type":["Card","Relic","Relic","Card","Card","Card"],"build_version":"2020-12-22","purchased_purges":1,"victory":false,"max_hp_per_floor":[75,75,75,75,75,75,75,75,75,75,75,75,75,75,75,75,75,75,75,78,78,78],"relic_stats":{"counters":[9,43],"Blue Candle":[15],"CeramicFish":45,"Kunai":[7],"obtain_stats":[{"Frozen Eye":5,"NeowsBlessing":0,"Blue Candle":5,"CeramicFish":14,"SacredBark":17,"Kunai":8,"Toxic Egg 2":9,"Burning Blood":0},{"Frozen Eye":2,"NeowsBlessing":0,"Blue Candle":2,"CeramicFish":5,"SacredBark":6,"Kunai":4,"Toxic Egg 2":4,"Burning Blood":0},{"Frozen Eye":2,"NeowsBlessing":0,"Blue Candle":2,"CeramicFish":17,"SacredBark":26,"Kunai":12,"Toxic Egg 2":12,"Burning Blood":0}],"Burning Blood":37},"card_choices":[{"not_picked":["Perfected Strike","True Grit"],"picked":"Pommel Strike","floor":1},{"not_picked":["Clothesline","Spot Weakness"],"picked":"Armaments","floor":3},{"not_picked":["Clash","Flex"],"picked":"Pommel Strike","floor":7},{"not_picked":["Rampage","Sentinel"],"picked":"Flame Barrier","floor":8},{"not_picked":["Iron Wave","Thunderclap"],"picked":"Evolve","floor":14},{"not_picked":["Demon Form","Barricade"],"picked":"Fiend Fire","floor":16},{"not_picked":["Spot Weakness+1","Sword Boomerang"],"picked":"Power Through+1","floor":18},{"not_picked":["Wild Strike","Headbutt","Sword Boomerang"],"picked":"SKIP","floor":20},{"not_picked":["Wild Strike","Headbutt","Sword Boomerang"],"picked":"SKIP","floor":20}],"player_experience":8774736,"relics_obtained":[{"floor":8,"key":"Kunai"},{"floor":9,"key":"Toxic Egg 2"},{"floor":14,"key":"CeramicFish"}],"event_choices":[{"damage_healed":0,"gold_gain":150,"player_choice":"AGREE","damage_taken":0,"max_hp_gain":0,"max_hp_loss":0,"event_name":"Liars Game","floor":2,"gold_loss":0,"cards_obtained":["Doubt"]},{"damage_healed":0,"gold_gain":275,"player_choice":"Desecrate","damage_taken":0,"max_hp_gain":0,"max_hp_loss":0,"event_name":"Golden Shrine","floor":4,"gold_loss":0,"cards_obtained":["Regret"]},{"damage_healed":0,"gold_gain":75,"player_choice":"Gather Gold","damage_taken":11,"max_hp_gain":0,"max_hp_loss":0,"event_name":"World of Goop","floor":12,"gold_loss":0},{"damage_healed":0,"gold_gain":0,"player_choice":"Ignored","damage_taken":0,"max_hp_gain":0,"max_hp_loss":0,"event_name":"Fountain of Cleansing","floor":13,"gold_loss":0}],"is_beta":false,"boss_relics":[{"not_picked":["Ectoplasm","Black Star"],"picked":"SacredBark"}],"items_purged_floors":[19],"is_endless":false,"potions_floor_spawned":[8,16],"killed_by":"Snecko","ascension_level":20}}