{"host":"o0dii6afppedd0fm","time":1614000632,"event":{"mods":["BaseMod","Colored Powertips","Minty Spire (QoL Compilation)","Replay The Spire","StSLib","The Animator","The Cursed","The Hierophant","The Runesmith","The Servant 0.9.4"],"gold_per_floor":[361,361,381,398,416,416,450,463,463,463,463,463,479,493,2,21,21,117,167,167],"floor_reached":19,"language":"ZHS","playtime":1838,"items_purged":[],"score":171,"play_id":"815fb537-0006-4238-a319-e04cfc21d9e0","local_time":"20210222213032","is_ascension_mode":false,"campfire_choices":[{"floor":6.0,"key":"REST"},{"floor":17.0,"key":"REST"}],"circlet_count":0,"master_deck":["Strike_P","Strike_P","Strike_P","Strike_P","Defend_P","Defend_P","Defend_P","Defend_P","Eruption","Vigilance","Vigilance","Strike_B","Conclude","Replay:Battleflow","Prostrate","BattleHymn","SashWhip","CutThroughFate","FlurryOfBlows+1","ClearTheMind","Study+1","ReplayUltimateDefense+1","FlyingSleeves+1","Consecrate+1","Replay:Vibes","LessonLearned+1","SashWhip"],"relics":["PureWater","GremlinMask","Bronze Scales","Golden Egg","Ring of Misfortune","Chemical X","Tiny House"],"acts_visited":["Exordium","TheCity"],"potions_floor_usage":[],"damage_taken":[{"damage":2.0,"enemies":"Small Slimes","floor":1.0,"turns":2.0},{"damage":0.0,"enemies":"Cultist","floor":3.0,"turns":3.0},{"damage":2.0,"enemies":"2 Louse","floor":4.0,"turns":4.0},{"damage":14.0,"enemies":"Blue Slaver","floor":5.0,"turns":4.0},{"damage":10.0,"enemies":"Gremlin Nob","floor":7.0,"turns":4.0},{"damage":13.0,"enemies":"Gremlin Gang","floor":8.0,"turns":3.0},{"damage":13.0,"enemies":"2 Fungi Beasts","floor":13.0,"turns":3.0},{"damage":0.0,"enemies":"Large Slime","floor":14.0,"turns":4.0},{"damage":8.0,"enemies":"Blue Slaver","floor":16.0,"turns":3.0},{"damage":37.0,"enemies":"Slime Boss","floor":18.0,"turns":9.0}],"seed_played":"-1256179534107543602","potions_obtained":[{"floor":1.0,"key":"Dexterity Potion"},{"floor":5.0,"key":"Languid Potion"},{"floor":7.0,"key":"Flashbang"},{"floor":8.0,"key":"Energy Potion"},{"floor":18.0,"key":"Strength Potion"},{"floor":19,"key":"GamblersBrew"}],"is_trial":false,"path_per_floor":["M","?","M","M","M","R","E","M","T","PTL","PTL","?","M","M","$","M","R","B",null],"character_chosen":"WATCHER","items_purchased":["Study","ReplayUltimateDefense","FlyingSleeves","Consecrate","Chemical X"],"campfire_rested":2,"item_purchase_floors":[15,15,15,15,15],"current_hp_per_floor":[70,70,70,68,54,72,62,49,49,49,49,49,36,36,36,28,49,12,77,77],"gold":167,"neow_bonus":"TWO_FIFTY_GOLD","is_daily":false,"chose_seed":false,"campfire_upgraded":0,"win_rate":0.0,"timestamp":1614000632,"path_taken":["M","?","?","M","M","R","E","M","T","PTL","PTL","?","M","M","$","M","R","BOSS"],"items_purchased_type":["Card","Card","Card","Card","Relic"],"build_version":"2020-12-22","purchased_purges":0,"victory":false,"max_hp_per_floor":[72,72,72,72,72,72,72,72,72,72,72,72,72,72,72,72,72,72,77,77],"card_choices":[{"not_picked":["MentalFortress","Crescendo"],"picked":"Conclude","floor":1.0},{"not_picked":["Prostrate","ThirdEye"],"picked":"Replay:Battleflow","floor":3.0},{"not_picked":["EmptyBody","Indignation"],"picked":"Prostrate","floor":4.0},{"not_picked":["Swivel","JustLucky"],"picked":"BattleHymn","floor":5.0},{"not_picked":["Weave","Study"],"picked":"SashWhip","floor":7.0},{"not_picked":["ReachHeaven","ThirdEye"],"picked":"CutThroughFate","floor":8.0},{"not_picked":["BowlingBash","Evaluate"],"picked":"FlurryOfBlows","floor":13.0},{"not_picked":["Evaluate","JustLucky"],"picked":"ClearTheMind","floor":14.0},{"not_picked":["CutThroughFate","FlyingSleeves"],"picked":"Replay:Vibes","floor":16.0},{"not_picked":["Omniscience","Establishment"],"picked":"LessonLearned","floor":18.0},{"not_picked":["ThirdEye","Nirvana"],"picked":"SashWhip","floor":19}],"player_experience":46084,"relics_obtained":[{"floor":7.0,"key":"Bronze Scales"},{"floor":9.0,"key":"Golden Egg"},{"floor":12.0,"key":"Ring of Misfortune"}],"event_choices":[{"damage_healed":0.0,"max_hp_gain":0.0,"max_hp_loss":0.0,"gold_gain":0.0,"event_name":"FaceTrader","player_choice":"Trade","floor":2.0,"gold_loss":0.0,"damage_taken":0.0,"relics_obtained":["GremlinMask"]}],"is_beta":false,"boss_relics":[{"not_picked":["Coffee Dripper","SacredBark"],"picked":"Tiny House"}],"items_purged_floors":[],"is_endless":false,"potions_floor_spawned":[1,5,7,8,13,18],"ascension_level":0}}