{"host":"q9718omregw4er46","time":1614000565,"event":{"mods":["BaseMod","Bestiary","Colored Powertips","Custom Start","Minty Spire (QoL Compilation)","Quick Restart","Relic Stats"],"gold_per_floor":[112,128,128,141,9,34,34,53,76,92,126,126,152,165,165,241,241,257,271,271,271,288,288,288],"floor_reached":23,"language":"ENG","playtime":1305,"items_purged":[],"score":526,"play_id":"9d09d471-c46f-4a5b-85d9-2227a29d70c3","local_time":"20210222182925","is_ascension_mode":true,"campfire_choices":[{"data":"Bash","floor":7.0,"key":"SMITH"},{"data":"Armaments","floor":12.0,"key":"SMITH"},{"data":"Clothesline","floor":15.0,"key":"SMITH"}],"circlet_count":0,"master_deck":["AscendersBane","Strike_R+1","Strike_R+1","Strike_R+1","Strike_R+1","Defend_R+1","Defend_R+1","Defend_R+1","Defend_R+1","Bash+1","Infernal Blade","Sever Soul","Blood for Blood","Dark Embrace","Spot Weakness","Combust","Armaments+1","Disarm","Clothesline+1","Impervious","Demon Form","Heavy Blade","True Grit","Uppercut"],"relics":["Snecko Eye","PreservedInsect","Red Skull","Smiling Mask","Boot","Philosopher\u0027s Stone"],"acts_visited":["Exordium","TheCity"],"potions_floor_usage":[22,23],"damage_taken":[{"damage":2.0,"enemies":"Jaw Worm","floor":1.0,"turns":3.0},{"damage":0.0,"enemies":"Cultist","floor":2.0,"turns":3.0},{"damage":4.0,"enemies":"2 Louse","floor":4.0,"turns":4.0},{"damage":15.0,"enemies":"3 Sentries","floor":6.0,"turns":5.0},{"damage":0.0,"enemies":"Red Slaver","floor":8.0,"turns":1.0},{"damage":18.0,"enemies":"Gremlin Gang","floor":10.0,"turns":3.0},{"damage":0.0,"enemies":"Gremlin Nob","floor":11.0,"turns":2.0},{"damage":0.0,"enemies":"Lagavulin","floor":13.0,"turns":3.0},{"damage":3.0,"enemies":"Exordium Wildlife","floor":14.0,"turns":3.0},{"damage":6.0,"enemies":"Slime Boss","floor":16.0,"turns":7.0},{"damage":25.0,"enemies":"Shell Parasite","floor":18.0,"turns":5.0},{"damage":11.0,"enemies":"3 Byrds","floor":19.0,"turns":3.0},{"damage":1,"enemies":"Snecko","floor":22,"turns":3},{"damage":28,"enemies":"Slavers","floor":23,"turns":1}],"seed_played":"2775873086663873460","potions_obtained":[{"floor":4.0,"key":"Fire Potion"},{"floor":11.0,"key":"ColorlessPotion"},{"floor":14.0,"key":"FearPotion"}],"is_trial":true,"path_per_floor":["M","M","?","M","$","E","R","M","T","M","E","R","E","M","R","B",null,"M","M","?","?","M","E"],"character_chosen":"IRONCLAD","items_purchased":["Dark Embrace","PowerPotion"],"campfire_rested":0,"item_purchase_floors":[5,5],"current_hp_per_floor":[66,66,66,62,62,47,47,47,47,29,29,29,29,26,26,20,61,36,25,25,25,24,0,0],"gold":288,"neow_bonus":"","is_daily":false,"chose_seed":false,"campfire_upgraded":3,"win_rate":0.0,"timestamp":1614000565,"path_taken":["M","M","?","M","$","E","R","M","T","M","E","R","E","M","R","BOSS","M","?","?","?","M","E"],"items_purchased_type":["Card","Potion"],"build_version":"2020-12-22","purchased_purges":0,"victory":false,"max_hp_per_floor":[75,75,75,75,75,75,75,75,75,75,75,75,75,75,75,75,75,75,75,75,75,75,75,75],"relic_stats":{"counters":[14,46],"Snecko Eye":[76,87,94,67],"PreservedInsect":92,"Smiling Mask":0,"Boot":[3],"obtain_stats":[{"Snecko Eye":0,"Philosopher\u0027s Stone":17,"PreservedInsect":6,"Smiling Mask":11,"Boot":13,"Red Skull":9},{"Snecko Eye":0,"Philosopher\u0027s Stone":10,"PreservedInsect":4,"Smiling Mask":7,"Boot":8,"Red Skull":5},{"Snecko Eye":0,"Philosopher\u0027s Stone":34,"PreservedInsect":15,"Smiling Mask":21,"Boot":24,"Red Skull":16}]},"card_choices":[{"not_picked":["Anger","Flex"],"picked":"Infernal Blade","floor":1.0},{"not_picked":["Warcry","Ghostly Armor"],"picked":"Sever Soul","floor":2.0},{"not_picked":["Warcry","Havoc"],"picked":"Blood for Blood","floor":4.0},{"not_picked":["Perfected Strike","Thunderclap"],"picked":"Spot Weakness","floor":6.0},{"not_picked":["Headbutt","Evolve"],"picked":"Combust","floor":8.0},{"not_picked":["Flex","Pommel Strike"],"picked":"Armaments","floor":10.0},{"not_picked":["Dropkick","Ghostly Armor"],"picked":"Disarm","floor":11.0},{"not_picked":["Rampage","Infernal Blade"],"picked":"Clothesline","floor":13.0},{"not_picked":["Bloodletting","Rampage"],"picked":"Impervious","floor":14.0},{"not_picked":["Feed","Bludgeon"],"picked":"Demon Form","floor":16.0},{"not_picked":["Clash","Iron Wave"],"picked":"Heavy Blade","floor":18.0},{"not_picked":["Headbutt","Twin Strike"],"picked":"True Grit","floor":19.0},{"not_picked":["Rampage","Body Slam"],"picked":"Uppercut","floor":22}],"player_experience":832362,"relics_obtained":[{"floor":6.0,"key":"PreservedInsect"},{"floor":9.0,"key":"Red Skull"},{"floor":11.0,"key":"Smiling Mask"},{"floor":13.0,"key":"Boot"}],"event_choices":[{"cards_removed":["Strike_R"],"damage_healed":0.0,"max_hp_gain":0.0,"max_hp_loss":0.0,"gold_gain":0.0,"event_name":"Bonfire Elementals","player_choice":"Offered Basic","floor":3.0,"gold_loss":0.0,"damage_taken":0.0},{"damage_healed":0.0,"max_hp_gain":0.0,"max_hp_loss":0.0,"gold_gain":0.0,"event_name":"Back to Basics","player_choice":"Simplicity","floor":20.0,"gold_loss":0.0,"damage_taken":0.0,"cards_upgraded":["Strike_R","Strike_R","Strike_R","Strike_R","Defend_R","Defend_R","Defend_R","Defend_R"]},{"damage_healed":0.0,"max_hp_gain":0.0,"max_hp_loss":0.0,"gold_gain":0.0,"event_name":"Match and Keep!","player_choice":"0 cards matched","floor":21.0,"gold_loss":0.0,"damage_taken":0.0,"cards_obtained":[]}],"is_beta":false,"boss_relics":[{"not_picked":["Empty Cage","Velvet Choker"],"picked":"Philosopher\u0027s Stone"}],"items_purged_floors":[],"is_endless":false,"potions_floor_spawned":[4,6,8,11,14,18],"killed_by":"Slavers","ascension_level":20}}