{"host":"x3tdtn2vw0frar62","time":1614017369,"event":{"mods":["100% Spire Juice","Aspiration","BaseMod","Better Note","Better Sensory Stone","Better Third Choice","BetterRewards","CatGirl Mod","Hermit","Hubris","LagranYue(???·?)","Marisa????????","Minty Spire (QoL Compilation)","Morshu Shopkeeper","Morshu Shopkeeper - ENHANCED","Practice Mode","Railgun Mod","Relic Stats","Reliquary","Remilia??????","Replay The Spire","Robot Space Explorer","Shade Mod","Shop Mod","Spicy Shops","Spire Arcade","StSLib","The Cursed","The Dragon Tamer","The Marked","The Runesmith","The Sage","The Senshi","The Servant 0.9.4"],"gold_per_floor":[359,112,112,58,75,103,103,136,162,162,173,193,204,54,54,153,203,217,72,72,87,87,87,114,128,128,153,153,169,12,28,28,131,131,143,196,196,207,207,221,221,51,51,51,63,97,65,75,75,75],"floor_reached":51,"language":"ENG","playtime":10628,"items_purged":["Writhe"],"score":807,"play_id":"07b3ac3c-b746-4680-b558-5179ce5880fc","local_time":"20210222130929","is_ascension_mode":true,"campfire_choices":[{"data":"RobotSpaceExplorer:Pulsar","floor":7,"key":"SMITH"},{"floor":10,"key":"REST"},{"floor":15,"key":"DIG"},{"data":"RobotSpaceExplorer:Accelerator","floor":23,"key":"SMITH"},{"floor":32,"key":"REST"},{"floor":49,"key":"REST"}],"circlet_count":0,"master_deck":["RobotSpaceExplorer:Strike","RobotSpaceExplorer:Strike","RobotSpaceExplorer:Strike","RobotSpaceExplorer:Strike","RobotSpaceExplorer:Defend","RobotSpaceExplorer:Defend","RobotSpaceExplorer:Defend","RobotSpaceExplorer:Defend","RobotSpaceExplorer:Scan+1","RobotSpaceExplorer:MiniLasers","RobotSpaceExplorer:Pulsar+1","RobotSpaceExplorer:ShovelStrike","RobotSpaceExplorer:MiniDrones","RobotSpaceExplorer:Accelerator+1","RobotSpaceExplorer:LuckyStrike","RobotSpaceExplorer:Discharger","RobotSpaceExplorer:Comet","RobotSpaceExplorer:StarLightning","RobotSpaceExplorer:LaserBurst","RobotSpaceExplorer:FranticSearch","RobotSpaceExplorer:Electroshield+1","Spreading Infection","RobotSpaceExplorer:Comet"],"relics":["RobotSpaceExplorer:RoboCore","Letter Opener","reliquary:JackalopeAntler","Iron Hammer","StoneCalendar","reliquary:ExpiredCoupon","Bag of Preparation","Oddly Smooth Stone","Tiny House","Replay:Baseball","hubris:Icosahedron","aspiration:RitualStick","Replay:Mystery Machine","ReplayTheSpireMod:Ninjato","theSenshi:SailorFukuRelic","Toy Ornithopter","Busted Crown","CatCart","ReplayTheSpireMod:CursedCoin","aspiration:KaomsHeart"],"acts_visited":["Exordium","TheCity","TheBeyond"],"potions_floor_usage":[29,33,33,36,36,38,50,50,50],"damage_taken":[{"damage":0,"enemies":"Small Slimes","floor":1,"turns":3},{"damage":3,"enemies":"Cultist","floor":5,"turns":4},{"damage":25,"enemies":"3 Sentries","floor":6,"turns":12},{"damage":17,"enemies":"Gremlin Nob","floor":8,"turns":4},{"damage":0,"enemies":"2 Louse","floor":11,"turns":1},{"damage":0,"enemies":"Looter","floor":12,"turns":2},{"damage":0,"enemies":"Exordium Wildlife","floor":13,"turns":5},{"damage":18,"enemies":"The Guardian","floor":16,"turns":10},{"damage":6,"enemies":"3 Byrds","floor":18,"turns":3},{"damage":0,"enemies":"Chosen","floor":21,"turns":4},{"damage":30,"enemies":"Slavers","floor":24,"turns":4},{"damage":11,"enemies":"Snake Plant","floor":25,"turns":6},{"damage":4,"enemies":"Gremlin Leader","floor":27,"turns":4},{"damage":1,"enemies":"Chosen and Byrds","floor":29,"turns":5},{"damage":0,"enemies":"Sentry and Sphere","floor":31,"turns":3},{"damage":26,"enemies":"hubris:MusketHawk","floor":33,"turns":6},{"damage":8,"enemies":"3 Shapes","floor":35,"turns":3},{"damage":14,"enemies":"Orin","floor":36,"turns":8},{"damage":23,"enemies":"3 Darklings","floor":38,"turns":4},{"damage":22,"enemies":"Spire Growth","floor":40,"turns":4},{"damage":11,"enemies":"4 Shapes","floor":45,"turns":2},{"damage":6,"enemies":"Maw","floor":47,"turns":5},{"damage":14,"enemies":"Spire Growth","floor":48,"turns":4},{"damage":46,"enemies":"Awakened One","floor":50,"turns":8}],"seed_played":"-8136989233139149544","potions_obtained":[{"floor":1,"key":"Fire Potion"},{"floor":8,"key":"Dexterity Potion"},{"floor":11,"key":"EntropicBrew"},{"floor":13,"key":"ColorlessPotion"},{"floor":25,"key":"RobotSpaceExplorer:LiquidFusion"},{"floor":29,"key":"RobotSpaceExplorer:RecyclePotion"},{"floor":33,"key":"Languid Potion"},{"floor":35,"key":"Elixir"},{"floor":38,"key":"DuplicationPotion"}],"is_trial":false,"path_per_floor":["M","$","?","$","M","E","R","E","T","R","M","M","M","$","R","B",null,"M","$","?","M","?","R","E","M","T","E","$","M","$","M","R","B",null,"M","?","$","M","?","M","?","$","T","$","M","?","M","M","R","B",null],"character_chosen":"RobotSpaceExplorer","items_purchased":["Letter Opener","RobotSpaceExplorer:Pulsar","Bag of Preparation","RobotSpaceExplorer:LuckyStrike","Replay:Baseball","RobotSpaceExplorer:LaserBurst","Toy Ornithopter","ReplayTheSpireMod:CursedCoin","aspiration:KaomsHeart","aspiration:KMNothing","aspiration:KMNothing","aspiration:KMNothing","aspiration:KMNothing","aspiration:KMNothing","aspiration:KMNothing"],"campfire_rested":3,"item_purchase_floors":[2,4,14,14,19,30,30,42,42,44,44,44,44,44,44],"current_hp_per_floor":[68,68,68,68,65,40,40,23,23,43,43,43,43,43,43,25,73,67,67,67,67,52,52,22,11,11,7,7,6,6,6,27,11,73,65,61,61,43,61,39,39,139,139,139,128,59,53,39,90,59],"gold":75,"neow_bonus":"TWO_FIFTY_GOLD","is_daily":false,"chose_seed":false,"campfire_upgraded":2,"win_rate":0.0,"timestamp":1614017369,"path_taken":["M","$","?","$","M","E","R","E","T","R","M","M","M","?","R","BOSS","M","$","?","M","?","R","E","M","T","E","$","M","?","M","R","BOSS","M","?","$","M","?","M","?","$","T","?","M","?","M","M","R","BOSS"],"items_purchased_type":["Relic","Card","Relic","Card","Relic","Card","Relic","Relic","Relic","Relic","Relic","Relic","Relic","Relic","Relic"],"build_version":"2020-12-22","purchased_purges":1,"victory":true,"max_hp_per_floor":[68,68,68,68,68,68,68,68,68,68,68,68,68,68,68,68,73,73,73,73,73,73,73,73,73,73,73,73,73,73,73,73,73,73,73,73,73,73,73,73,73,173,173,173,173,173,173,173,173,173],"relic_stats":{"Busted Crown":16,"counters":[24,114],"StoneCalendar":[156],"Bag of Preparation":[34],"Letter Opener":[104],"obtain_stats":[{"Tiny House":17,"ReplayTheSpireMod:Ninjato":26,"ReplayTheSpireMod:CursedCoin":42,"Oddly Smooth Stone":15,"RobotSpaceExplorer:RoboCore":0,"StoneCalendar":8,"Bag of Preparation":14,"Letter Opener":2,"Replay:Mystery Machine":24,"aspiration:RitualStick":22,"reliquary:JackalopeAntler":3,"reliquary:ExpiredCoupon":9,"Replay:Baseball":19,"hubris:Icosahedron":20,"Busted Crown":34,"aspiration:KaomsHeart":42,"Iron Hammer":6,"theSenshi:SailorFukuRelic":27,"CatCart":36,"Toy Ornithopter":30},{"Tiny House":8,"ReplayTheSpireMod:Ninjato":12,"ReplayTheSpireMod:CursedCoin":20,"Oddly Smooth Stone":7,"RobotSpaceExplorer:RoboCore":0,"StoneCalendar":4,"Bag of Preparation":7,"Letter Opener":1,"Replay:Mystery Machine":11,"aspiration:RitualStick":10,"reliquary:JackalopeAntler":1,"reliquary:ExpiredCoupon":4,"Replay:Baseball":9,"hubris:Icosahedron":9,"Busted Crown":16,"aspiration:KaomsHeart":20,"Iron Hammer":3,"theSenshi:SailorFukuRelic":13,"CatCart":18,"Toy Ornithopter":14},{"Tiny House":41,"ReplayTheSpireMod:Ninjato":58,"ReplayTheSpireMod:CursedCoin":95,"Oddly Smooth Stone":31,"RobotSpaceExplorer:RoboCore":0,"StoneCalendar":23,"Bag of Preparation":31,"Letter Opener":3,"Replay:Mystery Machine":52,"aspiration:RitualStick":48,"reliquary:JackalopeAntler":3,"reliquary:ExpiredCoupon":23,"Replay:Baseball":44,"hubris:Icosahedron":44,"Busted Crown":76,"aspiration:KaomsHeart":95,"Iron Hammer":19,"theSenshi:SailorFukuRelic":62,"CatCart":87,"Toy Ornithopter":67}],"aspiration:RitualStick":[0],"Toy Ornithopter":40},"card_choices":[{"not_picked":["RobotSpaceExplorer:PlasmaMissile","RobotSpaceExplorer:TurboDodge","RobotSpaceExplorer:LaserBurst"],"picked":"SKIP","floor":1},{"not_picked":["RobotSpaceExplorer:Counterblock","RobotSpaceExplorer:ShockKick","RobotSpaceExplorer:ImprovisedAttack"],"picked":"SKIP","floor":5},{"not_picked":["RobotSpaceExplorer:Discharger","RobotSpaceExplorer:Counterblock","RobotSpaceExplorer:TrailblazerForm"],"picked":"SKIP","floor":6},{"not_picked":["RobotSpaceExplorer:LuckyStrike","RobotSpaceExplorer:ScrapToss"],"picked":"RobotSpaceExplorer:ShovelStrike","floor":8},{"not_picked":["RobotSpaceExplorer:Ammunition","RobotSpaceExplorer:SwiftStep"],"picked":"RobotSpaceExplorer:MiniDrones","floor":11},{"not_picked":["RobotSpaceExplorer:Electropulse","RobotSpaceExplorer:ShovelStrike"],"picked":"RobotSpaceExplorer:Accelerator","floor":12},{"not_picked":["RobotSpaceExplorer:Counterblock","RobotSpaceExplorer:SlimeMissile","RobotSpaceExplorer:SwiftStep"],"picked":"SKIP","floor":13},{"not_picked":["RobotSpaceExplorer:SlimeMissile","RobotSpaceExplorer:ScrapMissile"],"picked":"RobotSpaceExplorer:Discharger","floor":17},{"not_picked":["RobotSpaceExplorer:Pulsar","RobotSpaceExplorer:SurgingStrike","RobotSpaceExplorer:Ammunition"],"picked":"SKIP","floor":18},{"not_picked":["RobotSpaceExplorer:DualCore","RobotSpaceExplorer:FreezingShield","RobotSpaceExplorer:Ammunition"],"picked":"SKIP","floor":21},{"not_picked":["RobotSpaceExplorer:StunGrenade","RobotSpaceExplorer:BigMissile"],"picked":"RobotSpaceExplorer:Comet","floor":24},{"not_picked":["RobotSpaceExplorer:SurgingStrike","RobotSpaceExplorer:Calculate"],"picked":"RobotSpaceExplorer:StarLightning","floor":25},{"not_picked":["RobotSpaceExplorer:ScrapMissile","RobotSpaceExplorer:StarLightning","RobotSpaceExplorer:ShockKick+1"],"picked":"SKIP","floor":27},{"not_picked":["RobotSpaceExplorer:SwiftStep","RobotSpaceExplorer:Electropulse","RobotSpaceExplorer:GlueShot"],"picked":"SKIP","floor":29},{"not_picked":["RobotSpaceExplorer:DualCore+1","RobotSpaceExplorer:StunGrenade+1","RobotSpaceExplorer:LaserBurst"],"picked":"SKIP","floor":31},{"not_picked":[],"picked":"RobotSpaceExplorer:FranticSearch","floor":35},{"not_picked":[],"picked":"RobotSpaceExplorer:Electroshield+1","floor":38},{"not_picked":["RobotSpaceExplorer:FreezeRay"],"picked":"SKIP","floor":40},{"not_picked":["RobotSpaceExplorer:FrostMissile+1"],"picked":"SKIP","floor":45},{"not_picked":[],"picked":"RobotSpaceExplorer:Comet","floor":47},{"not_picked":["RobotSpaceExplorer:MiniDrones"],"picked":"SKIP","floor":48}],"player_experience":193813,"relics_obtained":[{"floor":6,"key":"Iron Hammer"},{"floor":8,"key":"StoneCalendar"},{"floor":9,"key":"reliquary:ExpiredCoupon"},{"floor":15,"key":"Oddly Smooth Stone"},{"floor":24,"key":"Replay:Mystery Machine"},{"floor":26,"key":"ReplayTheSpireMod:Ninjato"},{"floor":27,"key":"theSenshi:SailorFukuRelic"},{"floor":36,"key":"CatCart"},{"floor":46,"key":"aspiration:KMNothing"}],"event_choices":[{"damage_healed":0,"gold_gain":0,"player_choice":"Gave Potion","damage_taken":0,"relics_obtained":["reliquary:JackalopeAntler"],"max_hp_gain":0,"max_hp_loss":0,"event_name":"WeMeetAgain","floor":3,"gold_loss":0},{"damage_healed":0,"gold_gain":0,"player_choice":"Fight","damage_taken":0,"max_hp_gain":0,"max_hp_loss":0,"event_name":"OrinTheCat","floor":36,"gold_loss":0},{"damage_healed":18,"gold_gain":0,"player_choice":"Writhe","damage_taken":0,"max_hp_gain":0,"max_hp_loss":0,"event_name":"Winding Halls","floor":39,"gold_loss":0,"cards_obtained":["Writhe"]},{"damage_healed":0,"gold_gain":0,"player_choice":"Ignored","damage_taken":0,"max_hp_gain":0,"max_hp_loss":0,"event_name":"Tomb of Lord Red Mask","floor":41,"gold_loss":0}],"is_beta":false,"boss_relics":[{"not_picked":["RobotSpaceExplorer:Reprocessor","hubris:Stopwatch"],"picked":"Tiny House"},{"not_picked":["Black Star","Astrolabe"],"picked":"Busted Crown"}],"items_purged_floors":[42],"is_endless":false,"potions_floor_spawned":[1,8,11,13,16,24,25,29,33,35,38,45],"ascension_level":1}}