{"host":"mnpd8gh7cwxsn5kh","time":1614010988,"event":{"mods":["BaseMod","Bestiary","Block Reminder","Colored Map","Colored Powertips","Highlight Path","Minty Spire (QoL Compilation)","Relic Sorter","Relic Stats"],"gold_per_floor":[116,116,130,130,145,176,176,197,197,210,210,229,263,278,278,278,278],"floor_reached":16,"language":"ENG","playtime":1712,"items_purged":[],"score":224,"play_id":"25ab385f-7023-4d15-ae8a-bd963223791f","local_time":"20210222172308","is_ascension_mode":true,"campfire_choices":[{"floor":7,"key":"REST"},{"floor":11,"key":"REST"},{"floor":15,"key":"REST"}],"circlet_count":0,"master_deck":["AscendersBane","Strike_R","Strike_R","Strike_R","Strike_R","Defend_R","Defend_R","Defend_R","Defend_R","Bash+1","Wild Strike","Shrug It Off+1","Ghostly Armor","Cleave","Headbutt","Battle Trance","Twin Strike"],"relics":["Burning Blood","Centennial Puzzle","Du-Vu Doll","Odd Mushroom","Peace Pipe","StrikeDummy"],"acts_visited":["Exordium"],"potions_floor_usage":[10,13,14,16],"damage_taken":[{"damage":1,"enemies":"Cultist","floor":1,"turns":3},{"damage":4,"enemies":"Jaw Worm","floor":3,"turns":6},{"damage":8,"enemies":"Small Slimes","floor":5,"turns":5},{"damage":40,"enemies":"3 Sentries","floor":6,"turns":14},{"damage":9,"enemies":"The Mushroom Lair","floor":8,"turns":4},{"damage":25,"enemies":"Exordium Wildlife","floor":10,"turns":7},{"damage":0,"enemies":"Large Slime","floor":12,"turns":5},{"damage":28,"enemies":"Lagavulin","floor":13,"turns":9},{"damage":10,"enemies":"Gremlin Gang","floor":14,"turns":3},{"damage":35,"enemies":"Hexaghost","floor":16,"turns":10}],"seed_played":"6291541927194330568","potions_obtained":[{"floor":5,"key":"Weak Potion"},{"floor":12,"key":"Weak Potion"},{"floor":13,"key":"GamblersBrew"},{"floor":14,"key":"PowerPotion"}],"is_trial":false,"path_per_floor":["M","?","M","?","M","E","R","?","T","M","R","M","E","M","R","B"],"character_chosen":"IRONCLAD","items_purchased":[],"campfire_rested":3,"item_purchase_floors":[],"current_hp_per_floor":[73,66,68,45,43,9,31,28,28,9,31,37,15,11,33,0,0],"gold":278,"neow_bonus":"RANDOM_COMMON_RELIC","is_daily":false,"chose_seed":false,"campfire_upgraded":0,"win_rate":0.0,"timestamp":1614010988,"path_taken":["M","?","M","?","M","E","R","?","T","M","R","?","E","M","R","BOSS"],"items_purchased_type":[],"build_version":"2020-12-22","purchased_purges":0,"victory":false,"max_hp_per_floor":[75,75,75,75,75,75,75,75,75,75,75,75,75,75,75,75,75],"relic_stats":{"Peace Pipe":0,"Centennial Puzzle":[27],"counters":[10,66],"obtain_stats":[{"Du-Vu Doll":6,"Peace Pipe":9,"Centennial Puzzle":0,"Odd Mushroom":8,"StrikeDummy":13,"Burning Blood":0},{"Du-Vu Doll":4,"Peace Pipe":5,"Centennial Puzzle":0,"Odd Mushroom":5,"StrikeDummy":8,"Burning Blood":0},{"Du-Vu Doll":28,"Peace Pipe":32,"Centennial Puzzle":0,"Odd Mushroom":32,"StrikeDummy":53,"Burning Blood":0}],"Burning Blood":54},"card_choices":[{"not_picked":["Entrench","Clash"],"picked":"Wild Strike","floor":1},{"not_picked":["Heavy Blade","Pummel"],"picked":"Shrug It Off","floor":3},{"not_picked":["Twin Strike","Thunderclap"],"picked":"Ghostly Armor","floor":5},{"not_picked":["Double Tap","Heavy Blade"],"picked":"Cleave","floor":6},{"not_picked":["Dark Embrace","Heavy Blade","Infernal Blade"],"picked":"SKIP","floor":10},{"not_picked":["Hemokinesis","Perfected Strike"],"picked":"Headbutt","floor":12},{"not_picked":["Headbutt","Brutality"],"picked":"Battle Trance","floor":13},{"not_picked":["Sever Soul","Headbutt"],"picked":"Twin Strike","floor":14}],"player_experience":682067,"relics_obtained":[{"floor":6,"key":"Du-Vu Doll"},{"floor":8,"key":"Odd Mushroom"},{"floor":9,"key":"Peace Pipe"},{"floor":13,"key":"StrikeDummy"}],"event_choices":[{"cards_removed":["Strike_R"],"damage_healed":0,"gold_gain":0,"player_choice":"Card Removal","damage_taken":7,"max_hp_gain":0,"max_hp_loss":0,"event_name":"Golden Wing","floor":2,"gold_loss":0},{"damage_healed":0,"gold_gain":0,"player_choice":"Entered Light","damage_taken":23,"max_hp_gain":0,"max_hp_loss":0,"event_name":"Shining Light","floor":4,"gold_loss":0,"cards_upgraded":["Bash","Shrug It Off"]},{"damage_healed":0,"gold_gain":0,"player_choice":"Fought Mushrooms","damage_taken":0,"max_hp_gain":0,"max_hp_loss":0,"event_name":"Mushrooms","floor":8,"gold_loss":0}],"is_beta":false,"boss_relics":[],"items_purged_floors":[],"is_endless":false,"potions_floor_spawned":[5,12,13,14],"killed_by":"Hexaghost","ascension_level":20}}