{"host":"aq6zgkax5kiz71xp","time":1614033456,"event":{"mods":["BaseMod","Bestiary","Minty Spire (QoL Compilation)","Quick Restart","StSLib","The Cursed","The Runesmith"],"gold_per_floor":[115,40,54,70,70,70,82,82,161,161,180,199,199,244,256,371,383,408,420,420],"floor_reached":19,"language":"ZHS","playtime":628,"items_purged":["Defend_B"],"score":194,"play_id":"dcbfb14a-c8e7-4dea-bfb1-8aec47d8923f","local_time":"20210223063736","is_ascension_mode":true,"campfire_choices":[{"data":"Dualcast","floor":6,"key":"SMITH"},{"data":"Zap","floor":8,"key":"SMITH"},{"data":"Redo","floor":15,"key":"SMITH"}],"circlet_count":0,"master_deck":["Strike_B","Strike_B","Strike_B","Strike_B","Defend_B","Defend_B","Defend_B","Zap+1","Dualcast+1","Redo+1","Capacitor","Compile Driver","Redo+1","Static Discharge","Buffer"],"relics":["Cracked Core","NeowsBlessing","InkBottle","Runesmith:Nanobots","MawBank","Art of War","SlaversCollar"],"acts_visited":["Exordium","TheCity"],"potions_floor_usage":[7,18],"damage_taken":[{"damage":0,"enemies":"Cultist","floor":1,"turns":1},{"damage":0,"enemies":"2 Louse","floor":3,"turns":1},{"damage":0,"enemies":"Jaw Worm","floor":4,"turns":1},{"damage":1,"enemies":"3 Louse","floor":7,"turns":3},{"damage":5,"enemies":"Lots of Slimes","floor":11,"turns":4},{"damage":0,"enemies":"Large Slime","floor":12,"turns":4},{"damage":35,"enemies":"Lagavulin","floor":14,"turns":4},{"damage":28,"enemies":"Hexaghost","floor":16,"turns":6},{"damage":11,"enemies":"2 Thieves","floor":18,"turns":4},{"damage":0,"enemies":"3 Byrds","floor":19,"turns":1}],"seed_played":"-7336955344346454708","potions_obtained":[{"floor":3,"key":"Block Potion"},{"floor":11,"key":"FearPotion"},{"floor":16,"key":"SteroidPotion"},{"floor":18,"key":"Explosive Potion"}],"is_trial":false,"path_per_floor":["M","$","M","M","?","R","M","R","T","T","M","M","?","E","R","B",null,"M","M"],"character_chosen":"DEFECT","items_purchased":[],"campfire_rested":0,"item_purchase_floors":[],"current_hp_per_floor":[75,75,75,75,75,75,74,74,74,74,69,69,69,34,34,6,75,64,64,64],"gold":420,"neow_bonus":"THREE_ENEMY_KILL","is_daily":false,"chose_seed":false,"campfire_upgraded":3,"win_rate":0.0,"timestamp":1614033456,"path_taken":["M","$","?","M","?","R","?","R","T","?","M","M","?","E","R","BOSS","M","?"],"items_purchased_type":[],"build_version":"2020-12-22","purchased_purges":1,"victory":false,"max_hp_per_floor":[75,75,75,75,75,75,75,75,75,75,75,75,75,75,75,75,75,75,75,75],"card_choices":[{"not_picked":["Barrage","Hologram"],"picked":"Redo","floor":1},{"not_picked":["Barrage","Sweeping Beam"],"picked":"Capacitor","floor":3},{"not_picked":["Stack","Hello World"],"picked":"Compile Driver","floor":4},{"not_picked":["Consume","Sunder","Hologram"],"picked":"SKIP","floor":7},{"not_picked":["Streamline","Cold Snap"],"picked":"Redo","floor":11},{"not_picked":["Rebound","Hyperbeam","Conserve Battery"],"picked":"SKIP","floor":12},{"not_picked":["Force Field","Turbo"],"picked":"Static Discharge","floor":14},{"not_picked":["Fission","Hyperbeam"],"picked":"Buffer","floor":16},{"not_picked":["Hologram","Conserve Battery","Turbo+1"],"picked":"SKIP","floor":18}],"player_experience":463856,"relics_obtained":[{"floor":9,"key":"InkBottle"},{"floor":10,"key":"Runesmith:Nanobots"},{"floor":14,"key":"Art of War"}],"event_choices":[{"damage_healed":0,"gold_gain":0,"player_choice":"Upgraded","damage_taken":0,"max_hp_gain":0,"max_hp_loss":0,"event_name":"Upgrade Shrine","floor":5,"gold_loss":0,"cards_upgraded":["Redo"]},{"damage_healed":0,"gold_gain":0,"player_choice":"Gave Potion","damage_taken":0,"relics_obtained":["MawBank"],"max_hp_gain":0,"max_hp_loss":0,"event_name":"WeMeetAgain","floor":13,"gold_loss":0}],"is_beta":false,"boss_relics":[{"not_picked":["Fusion Hammer","Coffee Dripper"],"picked":"SlaversCollar"}],"items_purged_floors":[2],"is_endless":false,"potions_floor_spawned":[3,11,16,18],"killed_by":"3 Byrds","ascension_level":3}}