{"host":"e8rlfedn69rz2s07","time":1614036039,"event":{"mods":["AchievementEnabler","BaseMod","Minty Spire (QoL Compilation)","Permanent Neow","Relic Stats"],"gold_per_floor":[15,15,26,39,51,85,85,119,167,167,180,208,226,253,253,358,358,377,392,421,437,362,393,393,420,447,473,492,520,589,600,600,696,696,708,1707,1722,1100,1100,1100,1129,1129,1129,97,112,144,0,16,16,16,16,16,16,45,45],"floor_reached":56,"language":"ENG","playtime":3472,"items_purged":["Normality","Normality"],"score":1915,"play_id":"a59a6221-dd8a-41cf-8f0f-40b26652c324","local_time":"20210223012039","is_ascension_mode":true,"campfire_choices":[{"floor":7.0,"key":"REST"},{"data":"Eruption","floor":15.0,"key":"SMITH"},{"data":"Omniscience","floor":24.0,"key":"SMITH"},{"floor":32.0,"key":"REST"},{"floor":40.0,"key":"RECALL"},{"floor":42.0,"key":"REST"},{"floor":49,"key":"DIG"},{"floor":52,"key":"DIG"}],"circlet_count":0,"master_deck":["Strike_P+1","Strike_P+1","Defend_P+1","Defend_P+1","Defend_P+1","Defend_P+1","Eruption+1","Vigilance+1","CarveReality+1","BowlingBash+1","ThirdEye+1","EmptyMind+1","LessonLearned+1","EmptyBody+1","FlurryOfBlows+1","WheelKick+1","Conclude+1","Omniscience+1","EmptyFist","TalkToTheHand+1","Vault+1","Vengeance+1","Writhe","BattleHymn+1","DeusExMachina","Normality","Vault+1","Wallop+1","Protect+1","Indignation","Fasting2","FearNoEvil","TalkToTheHand","SashWhip+1","Omniscience+1","Devotion","CrushJoints+1"],"relics":["PureWater","CaptainsWheel","Dead Branch","InkBottle","Tiny Chest","Happy Flower","White Beast Statue","TeardropLocket","Cursed Key","Red Mask","Toy Ornithopter","Blue Candle","Bottled Lightning","Boot","Kunai","Snecko Eye","Pear","Centennial Puzzle","TheAbacus","Incense Burner","FossilizedHelix","Shovel","Medical Kit","Pantograph","DollysMirror","Thread and Needle","Bottled Flame","Akabeko"],"acts_visited":["Exordium","TheCity","TheBeyond","TheEnding"],"potions_floor_usage":[54],"damage_taken":[{"damage":2.0,"enemies":"Jaw Worm","floor":1.0,"turns":3.0},{"damage":0.0,"enemies":"Cultist","floor":3.0,"turns":2.0},{"damage":7.0,"enemies":"Small Slimes","floor":4.0,"turns":2.0},{"damage":6.0,"enemies":"Looter","floor":5.0,"turns":3.0},{"damage":5.0,"enemies":"3 Sentries","floor":6.0,"turns":9.0},{"damage":0.0,"enemies":"Gremlin Nob","floor":8.0,"turns":2.0},{"damage":1.0,"enemies":"Blue Slaver","floor":11.0,"turns":4.0},{"damage":4.0,"enemies":"3 Sentries","floor":12.0,"turns":4.0},{"damage":0.0,"enemies":"2 Fungi Beasts","floor":13.0,"turns":3.0},{"damage":0.0,"enemies":"Gremlin Nob","floor":14.0,"turns":2.0},{"damage":31.0,"enemies":"Hexaghost","floor":16.0,"turns":9.0},{"damage":0.0,"enemies":"Chosen","floor":18.0,"turns":3.0},{"damage":0.0,"enemies":"3 Byrds","floor":19.0,"turns":4.0},{"damage":0.0,"enemies":"Masked Bandits","floor":20.0,"turns":2.0},{"damage":14.0,"enemies":"Snake Plant","floor":21.0,"turns":7.0},{"damage":2.0,"enemies":"Slavers","floor":23.0,"turns":3.0},{"damage":0.0,"enemies":"Gremlin Leader","floor":25.0,"turns":4.0},{"damage":3.0,"enemies":"Book of Stabbing","floor":27.0,"turns":4.0},{"damage":0.0,"enemies":"Snecko","floor":28.0,"turns":2.0},{"damage":1.0,"enemies":"Gremlin Leader","floor":29.0,"turns":5.0},{"damage":2.0,"enemies":"Centurion and Healer","floor":31.0,"turns":6.0},{"damage":26.0,"enemies":"Automaton","floor":33.0,"turns":5.0},{"damage":8.0,"enemies":"Orb Walker","floor":35.0,"turns":4.0},{"damage":3.0,"enemies":"3 Shapes","floor":37.0,"turns":3.0},{"damage":3.0,"enemies":"Reptomancer","floor":41.0,"turns":7.0},{"damage":0.0,"enemies":"Jaw Worm Horde","floor":45.0,"turns":3.0},{"damage":0.0,"enemies":"Nemesis","floor":46.0,"turns":7.0},{"damage":0,"enemies":"Transient","floor":48,"turns":5},{"damage":8,"enemies":"Donu and Deca","floor":50,"turns":7},{"damage":0,"enemies":"Shield and Spear","floor":54,"turns":4},{"damage":2,"enemies":"The Heart","floor":55,"turns":11}],"seed_played":"3209668096588819211","potions_obtained":[{"floor":3.0,"key":"Dexterity Potion"},{"floor":5.0,"key":"DuplicationPotion"},{"floor":6.0,"key":"Ambrosia"},{"floor":11.0,"key":"Swift Potion"},{"floor":13.0,"key":"Weak Potion"},{"floor":14.0,"key":"Energy Potion"},{"floor":16.0,"key":"Energy Potion"},{"floor":18.0,"key":"SteroidPotion"},{"floor":20.0,"key":"DistilledChaos"},{"floor":21.0,"key":"DistilledChaos"},{"floor":23.0,"key":"SneckoOil"},{"floor":25.0,"key":"SkillPotion"},{"floor":33.0,"key":"Dexterity Potion"},{"floor":41.0,"key":"PowerPotion"},{"floor":45.0,"key":"Explosive Potion"},{"floor":46.0,"key":"GamblersBrew"},{"floor":48,"key":"Fruit Juice"},{"floor":54,"key":"FairyPotion"}],"is_trial":false,"path_per_floor":["M","?","M","M","M","E","R","E","T","?","M","E","M","E","R","B",null,"M","M","?","M","?","E","R","E","T","E","M","E","T","M","R","B",null,"M","?","M","$","?","R","E","R","T","$","M","E","$","M","R","B",null,"R","$","E","B",null],"character_chosen":"WATCHER","items_purchased":["Pear","Centennial Puzzle","TheAbacus","Fasting2","FossilizedHelix","Shovel","Medical Kit","FearNoEvil","TalkToTheHand","DollysMirror"],"campfire_rested":3,"item_purchase_floors":[38,38,38,44,44,44,44,44,44,47],"current_hp_per_floor":[63,63,63,56,50,45,66,66,66,59,58,54,54,54,54,23,60,60,60,60,46,46,44,44,49,49,46,46,45,45,43,64,43,65,57,57,54,64,64,64,61,82,82,82,82,82,82,82,82,74,80,80,80,87,85],"gold":45,"neow_bonus":"ONE_RARE_RELIC","is_daily":false,"chose_seed":false,"campfire_upgraded":2,"win_rate":0.0,"timestamp":1614036039,"path_taken":["M","?","M","M","?","E","R","E","T","?","M","E","M","E","R","BOSS","M","M","?","M","?","E","R","E","T","E","M","E","?","M","R","BOSS","M","?","M","$","?","R","E","R","T","$","M","E","$","M","R","BOSS","R","$","E","BOSS"],"items_purchased_type":["Relic","Relic","Relic","Card","Relic","Relic","Relic","Card","Card","Relic"],"build_version":"2020-12-22","purchased_purges":2,"victory":true,"max_hp_per_floor":[72,72,72,72,72,72,72,72,72,72,72,72,72,72,72,72,72,72,72,72,72,72,72,72,72,72,72,72,72,72,72,72,72,72,72,72,72,82,82,82,82,82,82,82,82,82,82,82,82,82,82,82,82,87,87],"relic_stats":{"Happy Flower":[39],"counters":[31,139],"Dead Branch":[174],"Blue Candle":[18],"Cursed Key":2,"Boot":[44],"Medical Kit":[0],"Centennial Puzzle":[9],"TheAbacus":[48],"Shovel":2,"Pantograph":0,"Snecko Eye":[97,93,81,109],"Tiny Chest":1,"Kunai":[42],"obtain_stats":[{"Incense Burner":41,"TeardropLocket":14,"Cursed Key":17,"Boot":29,"Centennial Puzzle":38,"TheAbacus":38,"Shovel":44,"DollysMirror":47,"Pantograph":46,"Tiny Chest":9,"Red Mask":20,"Kunai":30,"InkBottle":8,"Pear":38,"Happy Flower":10,"Dead Branch":6,"Blue Candle":25,"Thread and Needle":49,"Medical Kit":44,"White Beast Statue":12,"Akabeko":54,"CaptainsWheel":0,"Bottled Flame":52,"Snecko Eye":34,"Bottled Lightning":27,"PureWater":0,"Toy Ornithopter":23,"FossilizedHelix":44},{"Incense Burner":25,"TeardropLocket":10,"Cursed Key":11,"Boot":20,"Centennial Puzzle":24,"TheAbacus":24,"Shovel":25,"DollysMirror":27,"Pantograph":27,"Tiny Chest":6,"Red Mask":14,"Kunai":20,"InkBottle":6,"Pear":24,"Happy Flower":6,"Dead Branch":5,"Blue Candle":17,"Thread and Needle":28,"Medical Kit":25,"White Beast Statue":8,"Akabeko":30,"CaptainsWheel":0,"Bottled Flame":29,"Snecko Eye":22,"Bottled Lightning":18,"PureWater":0,"Toy Ornithopter":16,"FossilizedHelix":25},{"Incense Burner":102,"TeardropLocket":34,"Cursed Key":43,"Boot":77,"Centennial Puzzle":95,"TheAbacus":95,"Shovel":102,"DollysMirror":112,"Pantograph":112,"Tiny Chest":21,"Red Mask":52,"Kunai":77,"InkBottle":21,"Pear":95,"Happy Flower":21,"Dead Branch":19,"Blue Candle":66,"Thread and Needle":117,"Medical Kit":102,"White Beast Statue":29,"Akabeko":128,"CaptainsWheel":0,"Bottled Flame":124,"Snecko Eye":88,"Bottled Lightning":70,"PureWater":0,"Toy Ornithopter":62,"FossilizedHelix":102}],"InkBottle":[57],"Toy Ornithopter":12},"card_choices":[{"not_picked":["Evaluate","MentalFortress"],"picked":"CarveReality","floor":1.0},{"not_picked":["Crescendo","WaveOfTheHand"],"picked":"BowlingBash","floor":3.0},{"not_picked":["Sanctity","CutThroughFate"],"picked":"ThirdEye","floor":4.0},{"not_picked":["ClearTheMind","Weave"],"picked":"EmptyMind","floor":5.0},{"not_picked":["Wish","PathToVictory"],"picked":"LessonLearned","floor":6.0},{"not_picked":["WindmillStrike","PathToVictory"],"picked":"EmptyBody","floor":8.0},{"not_picked":["FlyingSleeves","Nirvana"],"picked":"FlurryOfBlows","floor":11.0},{"not_picked":["Prostrate","WreathOfFlame"],"picked":"WheelKick","floor":12.0},{"not_picked":["CutThroughFate","WreathOfFlame"],"picked":"Conclude","floor":13.0},{"not_picked":["PathToVictory","EmptyBody","ReachHeaven"],"picked":"SKIP","floor":14.0},{"not_picked":["DevaForm","DeusExMachina"],"picked":"Omniscience","floor":16.0},{"not_picked":["Study","SashWhip+1"],"picked":"EmptyFist","floor":18.0},{"not_picked":["SashWhip","ClearTheMind"],"picked":"TalkToTheHand+1","floor":19.0},{"not_picked":["FearNoEvil","CrushJoints"],"picked":"Vault","floor":20.0},{"not_picked":["Weave","CutThroughFate","Crescendo"],"picked":"SKIP","floor":21.0},{"not_picked":["Consecrate","ClearTheMind"],"picked":"Vengeance","floor":23.0},{"not_picked":["JustLucky","SignatureMove","Prostrate+1"],"picked":"SKIP","floor":25.0},{"not_picked":["SashWhip","Establishment"],"picked":"BattleHymn+1","floor":27.0},{"not_picked":["Pray","ClearTheMind"],"picked":"LikeWater","floor":28.0},{"not_picked":["Evaluate","InnerPeace"],"picked":"DeusExMachina","floor":29.0},{"not_picked":["ThirdEye","ClearTheMind","SashWhip"],"picked":"SKIP","floor":31.0},{"not_picked":["SpiritShield","Brilliance"],"picked":"Vault","floor":33.0},{"not_picked":["Perseverance","Halt+1"],"picked":"Wallop+1","floor":35.0},{"not_picked":["BowlingBash+1","Halt"],"picked":"Protect","floor":37.0},{"not_picked":["CutThroughFate","WindmillStrike"],"picked":"Indignation","floor":41.0},{"not_picked":["Prostrate","Crescendo"],"picked":"SashWhip+1","floor":45.0},{"not_picked":["ReachHeaven","BattleHymn","Prostrate"],"picked":"SKIP","floor":46.0},{"not_picked":["EmptyBody+1","Indignation"],"picked":"Devotion","floor":48},{"not_picked":["CutThroughFate+1","WreathOfFlame+1"],"picked":"CrushJoints+1","floor":54}],"player_experience":1111423,"relics_obtained":[{"floor":6.0,"key":"Dead Branch"},{"floor":8.0,"key":"InkBottle"},{"floor":9.0,"key":"Tiny Chest"},{"floor":12.0,"key":"White Beast Statue"},{"floor":14.0,"key":"TeardropLocket"},{"floor":20.0,"key":"Red Mask"},{"floor":23.0,"key":"Toy Ornithopter"},{"floor":25.0,"key":"Blue Candle"},{"floor":27.0,"key":"Bottled Lightning"},{"floor":29.0,"key":"Boot"},{"floor":30.0,"key":"Kunai"},{"floor":41.0,"key":"Incense Burner"},{"floor":46.0,"key":"Pantograph"},{"floor":49,"key":"Thread and Needle"},{"floor":52,"key":"Bottled Flame"},{"floor":54,"key":"Akabeko"}],"event_choices":[{"cards_removed":["Strike_P"],"damage_healed":0.0,"max_hp_gain":0.0,"max_hp_loss":0.0,"gold_gain":0.0,"event_name":"Purifier","player_choice":"Purged","floor":2.0,"gold_loss":0.0,"damage_taken":0.0},{"damage_healed":0.0,"max_hp_gain":0.0,"max_hp_loss":0.0,"gold_gain":0.0,"event_name":"Scrap Ooze","player_choice":"Success","floor":10.0,"gold_loss":0.0,"damage_taken":7.0,"relics_obtained":["Happy Flower"]},{"damage_healed":0.0,"max_hp_gain":0.0,"max_hp_loss":0.0,"gold_gain":0.0,"event_name":"Masked Bandits","player_choice":"Fought Bandits","floor":20.0,"gold_loss":0.0,"damage_taken":0.0},{"cards_removed":["Strike_P"],"damage_healed":0.0,"max_hp_gain":0.0,"max_hp_loss":0.0,"gold_gain":0.0,"event_name":"Beggar","player_choice":"Gave Gold","floor":22.0,"gold_loss":75.0,"damage_taken":0.0},{"damage_healed":0.0,"max_hp_gain":0.0,"max_hp_loss":0.0,"gold_gain":999.0,"event_name":"MindBloom","player_choice":"Gold","floor":36.0,"gold_loss":0.0,"damage_taken":0.0,"cards_obtained":["Normality","Normality"]},{"cards_removed":["LikeWater"],"damage_healed":0.0,"max_hp_gain":0.0,"max_hp_loss":0.0,"gold_gain":0.0,"event_name":"Falling","player_choice":"Removed Power","floor":39.0,"gold_loss":0.0,"damage_taken":0.0}],"is_beta":false,"boss_relics":[{"not_picked":["Astrolabe","Sozu"],"picked":"Cursed Key"},{"not_picked":["Fusion Hammer","HolyWater"],"picked":"Snecko Eye"}],"items_purged_floors":[38,44],"is_endless":false,"potions_floor_spawned":[3,5,6,11,13,14,16,18,19,20,21,23,25,27,28,29,31,33,35,37,41,45,46,48,54],"ascension_level":6}}