{"host":"agga6lej02o7kt08","time":1614004254,"event":{"mods":["Act Like it!","Arknights","Aspiration","BaseMod","Better Third Choice","BetterRewards","Colored Map","Colored Powertips","Hubris","Minty Spire (QoL Compilation)","Reliquary","Spicy Shops","StSLib","¡¼?Úª?ø«¡½REMEMod"],"gold_per_floor":[119,119,139,151,60,86,96,121,171,231,249,259,287,299,299,394,394,408,408,427,93,93,120,120,148,148,148,172,184,211,230,230,327,327,338,338,358,358,358,393,403,431,431,431,479,479,498,533,533,533,533,533,16,45,45],"floor_reached":54,"language":"KOR","playtime":2495,"items_purged":["ats:Defend","ats:Strike V","ats:Defend"],"score":1040,"play_id":"fbc74108-6ee6-41e0-aa9d-d9dda0528297","local_time":"20210222233054","is_ascension_mode":true,"campfire_choices":[{"data":"ats:Emotion Absorption","floor":15,"key":"SMITH"},{"data":"ats:Shell Defense","floor":24,"key":"SMITH"},{"data":"ats:Overload","floor":32,"key":"SMITH"},{"data":"ats:Armor Crushing Shot","floor":44,"key":"SMITH"},{"data":"ats:Powerful Strike","floor":46,"key":"SMITH"},{"floor":49,"key":"RECALL"},{"data":"ats:Thorns","floor":52,"key":"SMITH"}],"circlet_count":0,"master_deck":["ats:Strike C","ats:Strike G+1","ats:Strike S+1","ats:Armor Crushing Shot+1","ats:Defend","ats:Emotion Absorption+1","ats:Thorns+1","ats:Overload+1","ats:Powerful Strike+1","ats:Echo Reverb","ats:Shell Defense+1","ats:Guard Mode+1","ats:Wolf Pack","CurseOfTheBell","ats:Charging Defense","ats:Rapid Magazine","ats:Rapid Magazine+1","ats:Ambush"],"relics":["ats:Sanity","REME_ComplimentaryCards","Thread and Needle","ats:Originium","Oddly Smooth Stone","Nunchaku","Bag of Preparation","reliquary:RedPaperclip","reliquary:QuartzCube","reliquary:PrincelyHelmet","reliquary:Firecrackers","FossilizedHelix","aspiration:RitualStick","Whetstone","hubris:Metronome","Calling Bell","hubris:SlimyHat","Incense Burner","hubris:BottledRain","Turnip","REME_LimitBreaker","aspiration:AnachronicSnailShell","hubris:BundleOfHerbs","reliquary:RoseTintedGlasses"],"acts_visited":["Exordium","TheCity","TheBeyond","TheEnding"],"potions_floor_usage":[6,8,10,11,13,16,25,30,42,54],"damage_taken":[{"damage":11,"enemies":"ats:Genji","floor":1,"turns":5},{"damage":0,"enemies":"Cultist","floor":3,"turns":5},{"damage":0,"enemies":"Small Slimes","floor":4,"turns":3},{"damage":9,"enemies":"Lagavulin","floor":6,"turns":10},{"damage":0,"enemies":"Looter","floor":7,"turns":3},{"damage":13,"enemies":"Gremlin Nob","floor":8,"turns":4},{"damage":7,"enemies":"Lagavulin","floor":10,"turns":7},{"damage":0,"enemies":"3 Louse","floor":11,"turns":4},{"damage":1,"enemies":"Blue Slaver","floor":12,"turns":2},{"damage":0,"enemies":"3 Sentries","floor":13,"turns":6},{"damage":0,"enemies":"2 Fungi Beasts","floor":14,"turns":4},{"damage":4,"enemies":"The Guardian","floor":16,"turns":12},{"damage":5,"enemies":"Chosen","floor":18,"turns":5},{"damage":1,"enemies":"Spheric Guardian","floor":20,"turns":4},{"damage":59,"enemies":"Gremlin Leader","floor":23,"turns":8},{"damage":3,"enemies":"Book of Stabbing","floor":25,"turns":7},{"damage":7,"enemies":"Snake Plant","floor":29,"turns":4},{"damage":25,"enemies":"REME_1_Revenger","floor":30,"turns":6},{"damage":0,"enemies":"Sentry and Sphere","floor":31,"turns":4},{"damage":0,"enemies":"Champ","floor":33,"turns":8},{"damage":0,"enemies":"Orb Walker","floor":35,"turns":1},{"damage":14,"enemies":"3 Shapes","floor":37,"turns":4},{"damage":0,"enemies":"Reptomancer","floor":40,"turns":7},{"damage":0,"enemies":"Jaw Worm Horde","floor":41,"turns":4},{"damage":34,"enemies":"Giant Head","floor":42,"turns":10},{"damage":0,"enemies":"2 Orb Walkers","floor":45,"turns":6},{"damage":2,"enemies":"4 Shapes","floor":47,"turns":6},{"damage":0,"enemies":"Reptomancer","floor":48,"turns":8},{"damage":0,"enemies":"hubris:GrandSnecko","floor":50,"turns":3},{"damage":7,"enemies":"Shield and Spear","floor":54,"turns":9}],"seed_played":"-2268303807120942007","potions_obtained":[{"floor":4,"key":"Block Potion"},{"floor":7,"key":"Swift Potion"},{"floor":8,"key":"REME_GoldPotion"},{"floor":10,"key":"Block Potion"},{"floor":11,"key":"BlessingOfTheForge"},{"floor":12,"key":"Strength Potion"},{"floor":13,"key":"ats:Burn Small Potion"},{"floor":14,"key":"Regen Potion"},{"floor":16,"key":"FearPotion"},{"floor":20,"key":"DuplicationPotion"},{"floor":30,"key":"DuplicationPotion"},{"floor":33,"key":"Swift Potion"},{"floor":42,"key":"ats:Top Emergency Sanity Potion"}],"is_trial":false,"path_per_floor":["M","?","M","M","$","E","M","E","T","E","M","M","E","M","R","B",null,"M","?","M","$","?","E","R","E","T","?","T","M","E","M","R","B",null,"M","?","M","?","?","E","M","E","T","R","?","R","M","E","R","B",null,"R","$","E"],"character_chosen":"DOCTOR_CLASS","items_purchased":["Thread and Needle","reliquary:QuartzCube","reliquary:RoseTintedGlasses","ats:Ambush"],"campfire_rested":0,"item_purchase_floors":[5,21,53,53],"current_hp_per_floor":[68,68,68,68,68,59,59,46,46,39,39,38,38,38,38,34,79,74,74,76,76,76,23,23,25,25,9,9,5,13,13,13,16,79,79,79,65,65,65,68,68,34,34,34,34,34,37,40,40,40,79,79,79,72,72],"gold":45,"neow_bonus":"TEN_PERCENT_HP_BONUS","is_daily":false,"chose_seed":false,"campfire_upgraded":6,"win_rate":0.0,"timestamp":1614004254,"path_taken":["M","?","M","M","$","E","M","E","T","E","?","M","E","M","R","BOSS","M","?","?","$","?","E","R","E","T","?","?","M","E","M","R","BOSS","M","?","M","?","?","E","M","E","T","R","?","R","M","E","R","BOSS","R","$","E"],"items_purchased_type":["Relic","Relic","Relic","Card"],"build_version":"2020-12-22","purchased_purges":3,"victory":false,"max_hp_per_floor":[79,79,79,79,79,79,79,79,79,79,79,79,79,79,79,79,79,79,79,79,79,79,79,79,79,79,79,79,79,79,79,79,79,79,79,79,79,79,79,79,79,79,79,79,79,79,79,79,79,79,79,79,79,79,79],"card_choices":[{"not_picked":["ats:Healing Drone","ats:Thermite Blade"],"picked":"ats:Thorns","floor":1},{"not_picked":["ats:Powerful Strike","ats:Blood Oath"],"picked":"ats:Overload","floor":3},{"not_picked":["ats:Blood Oath","ats:Cat Scratch"],"picked":"ats:Powerful Strike","floor":4},{"not_picked":["ats:Hammer On","ats:Curse Doll","ats:Assault Order"],"picked":"SKIP","floor":6},{"not_picked":["ats:Consecutive Shot Auto","ats:Assault Order","ats:Soul Rend"],"picked":"SKIP","floor":7},{"not_picked":["ats:Encircling Forest","ats:Absolute Focus","ats:Flexible Camouflage"],"picked":"SKIP","floor":8},{"not_picked":["ats:Closed Bolt Burst Fire","ats:Apocalypse","ats:Revitalization"],"picked":"SKIP","floor":10},{"not_picked":["ats:Sashimi Platter","ats:Powerful Strike","ats:Counter Healing Mode"],"picked":"SKIP","floor":11},{"not_picked":["ats:Blood Oath","ats:Consecutive Shot Auto","ats:Powerful Strike"],"picked":"SKIP","floor":12},{"not_picked":["ats:Leaping Hammer","ats:Hook Shot","ats:Counter Healing Mode"],"picked":"SKIP","floor":13},{"not_picked":["ats:Burning Ground","ats:Counter Healing Mode","ats:Poison Spread"],"picked":"SKIP","floor":14},{"not_picked":["ats:Durian","ats:Wolf Pack"],"picked":"ats:Echo Reverb","floor":16},{"not_picked":["ats:Closed Bolt Burst Fire","ats:Counter Healing Mode+1"],"picked":"ats:Shell Defense","floor":18},{"not_picked":["ats:Curse Doll","ats:Leaping Hammer+1"],"picked":"ats:Guard Mode+1","floor":20},{"not_picked":["ats:Encircling Forest+1","ats:Assault Order","ats:Hammer On"],"picked":"SKIP","floor":23},{"not_picked":["ats:Cat Scratch","ats:Sword Rain+1","ats:Poison Spread"],"picked":"SKIP","floor":25},{"not_picked":["ats:Flexible Camouflage+1","ats:Powerful Strike+1","ats:Support Order"],"picked":"SKIP","floor":29},{"not_picked":["ats:Healing Drone+1","ats:Poison Spread+1","ats:Ignite"],"picked":"SKIP","floor":30},{"not_picked":["ats:Assault Order+1","ats:True Silver Slash","ats:LN2 Cannon"],"picked":"SKIP","floor":31},{"not_picked":["ats:Disruption Kick","ats:Dogmatic Field"],"picked":"ats:Wolf Pack","floor":33},{"not_picked":["ats:Phantom+1","ats:Very Hot Blade+1","ats:Charging Defense"],"picked":"SKIP","floor":35},{"not_picked":["ats:Phantom+1","ats:Very Hot Blade+1"],"picked":"ats:Charging Defense","floor":35},{"not_picked":["ats:Consecutive Shot Auto+1","ats:Shell Defense+1"],"picked":"ats:Rapid Magazine","floor":37},{"not_picked":["ats:Blood Oath","ats:Red Shift","ats:Very Hot Blade"],"picked":"SKIP","floor":40},{"not_picked":["ats:Powerful Strike+1","ats:Red Shift","ats:Literary Storm+1"],"picked":"SKIP","floor":41},{"not_picked":["ats:Blood Oath+1","ats:Beaten Up+1","ats:Shell Defense"],"picked":"SKIP","floor":42},{"not_picked":["ats:Absolute Focus+1","ats:Shell Defense+1","ats:Charging Defense+1"],"picked":"SKIP","floor":47},{"not_picked":["ats:Very Hot Blade+1","ats:True Silver Slash"],"picked":"ats:Rapid Magazine+1","floor":48}],"player_experience":886732,"relics_obtained":[{"floor":6,"key":"ats:Originium"},{"floor":6,"key":"White Beast Statue"},{"floor":8,"key":"ats:Originium"},{"floor":8,"key":"Oddly Smooth Stone"},{"floor":9,"key":"Nunchaku"},{"floor":10,"key":"ats:Originium"},{"floor":10,"key":"Bag of Preparation"},{"floor":13,"key":"ats:Originium"},{"floor":13,"key":"hubris:ToyBattleship"},{"floor":23,"key":"reliquary:PrincelyHelmet"},{"floor":25,"key":"reliquary:Firecrackers"},{"floor":26,"key":"FossilizedHelix"},{"floor":28,"key":"Whetstone"},{"floor":30,"key":"hubris:Metronome"},{"floor":34,"key":"hubris:SlimyHat"},{"floor":34,"key":"Incense Burner"},{"floor":34,"key":"hubris:BottledRain"},{"floor":40,"key":"Turnip"},{"floor":42,"key":"REME_LimitBreaker"},{"floor":45,"key":"aspiration:AnachronicSnailShell"},{"floor":48,"key":"hubris:BundleOfHerbs"}],"event_choices":[{"damage_healed":0,"gold_gain":0,"player_choice":"Bought 0 Potions","damage_taken":0,"max_hp_gain":0,"max_hp_loss":0,"event_name":"The Woman in Blue","floor":2,"gold_loss":0},{"damage_healed":0,"gold_gain":0,"player_choice":"0 cards matched","damage_taken":0,"max_hp_gain":0,"max_hp_loss":0,"event_name":"Match and Keep!","floor":19,"gold_loss":0,"cards_obtained":[]},{"damage_healed":0,"gold_gain":0,"player_choice":"Ignored","damage_taken":0,"max_hp_gain":0,"max_hp_loss":0,"event_name":"Tomb of Lord Red Mask","floor":36,"gold_loss":0},{"cards_removed":["ats:Defend"],"damage_healed":0,"gold_gain":0,"player_choice":"Removed Skill","damage_taken":0,"max_hp_gain":0,"max_hp_loss":0,"event_name":"Falling","floor":38,"gold_loss":0},{"damage_healed":0,"gold_gain":0,"player_choice":"Memory 1","damage_taken":0,"max_hp_gain":0,"max_hp_loss":0,"event_name":"SensoryStone","floor":39,"gold_loss":0},{"damage_healed":0,"gold_gain":0,"player_choice":"Fight","damage_taken":0,"max_hp_gain":0,"max_hp_loss":0,"event_name":"Mysterious Sphere","floor":45,"gold_loss":0}],"is_beta":false,"boss_relics":[{"not_picked":["aspiration:SilentSkillbook","Pandora\u0027s Box"],"picked":"reliquary:RedPaperclip"},{"not_picked":["hubris:BlackHole","reliquary:Craggleroot"],"picked":"Calling Bell"}],"items_purged_floors":[21,53,53],"is_endless":false,"potions_floor_spawned":[4,7,8,10,11,12,13,14,16,20,30,33,37,41,42],"killed_by":"Shield and Spear","ascension_level":1}}