{"host":"kig4ty9d1aubg29s","time":1614001508,"event":{"mods":["BaseMod","Minty Spire (QoL Compilation)","READ ME - Guardian Mod","READ ME - Snecko Mod","StSLib","The Cursed","The Gatherer","The Hierophant","The Runesmith"],"gold_per_floor":[116,116,136,153,153,153,163,163,190,190,190,190,190,203,203,280,280,292,342,355,355,355],"floor_reached":21,"language":"KOR","playtime":469,"items_purged":[],"score":321,"play_id":"f4b3dc17-c03b-4eec-ac2a-5b1b49759f73","local_time":"20210222224508","is_ascension_mode":true,"campfire_choices":[{"data":"Poisoned Stab","floor":6,"key":"SMITH"},{"data":"Neutralize","floor":8,"key":"SMITH"},{"data":"Quick Slash","floor":10,"key":"SMITH"},{"floor":15,"key":"REST"}],"circlet_count":0,"master_deck":["AscendersBane","Strike_G","Strike_G","Strike_G","Strike_G+1","Strike_G","Defend_G+1","Defend_G","Defend_G","Defend_G","Defend_G","Survivor","Neutralize+1","Quick Slash+1","Poisoned Stab+1","Backstab","Die Die Die","Dash+1"],"relics":["Ring of the Serpent","NeowsBlessing","Regal Pillow","Singing Bowl","Dream Catcher","Bronze Scales"],"acts_visited":["Exordium","TheCity"],"potions_floor_usage":[7,18],"damage_taken":[{"damage":0,"enemies":"Small Slimes","floor":1,"turns":1},{"damage":0,"enemies":"Cultist","floor":3,"turns":1},{"damage":0,"enemies":"2 Louse","floor":4,"turns":1},{"damage":0,"enemies":"Blue Slaver","floor":7,"turns":2},{"damage":0,"enemies":"Large Slime","floor":14,"turns":5},{"damage":46,"enemies":"The Guardian","floor":16,"turns":11},{"damage":13,"enemies":"Spheric Guardian","floor":18,"turns":4},{"damage":22,"enemies":"Shell Parasite","floor":20,"turns":4},{"damage":12,"enemies":"3 Cultists","floor":21,"turns":3}],"seed_played":"-1882245539222554163","potions_obtained":[{"floor":1,"key":"Fire Potion"},{"floor":4,"key":"Weak Potion"}],"is_trial":false,"path_per_floor":["M","?","M","M","?","R","M","R","T","R","T","?","?","M","R","B",null,"M","?","M","M"],"character_chosen":"THE_SILENT","items_purchased":[],"campfire_rested":1,"item_purchase_floors":[],"current_hp_per_floor":[59,59,59,59,59,59,61,61,61,61,61,41,34,34,70,24,59,46,46,26,14,14],"gold":355,"neow_bonus":"THREE_ENEMY_KILL","is_daily":false,"chose_seed":false,"campfire_upgraded":3,"win_rate":0.0,"timestamp":1614001508,"path_taken":["M","?","?","?","?","R","M","R","T","R","?","?","?","M","R","BOSS","M","?","M","M"],"items_purchased_type":[],"build_version":"2020-12-22","purchased_purges":0,"victory":false,"max_hp_per_floor":[66,66,66,66,66,66,68,68,68,68,68,68,68,68,70,70,70,70,70,72,72,72],"card_choices":[{"not_picked":["Masterful Stab","Expertise"],"picked":"Catalyst","floor":1},{"not_picked":["Backflip","Accuracy"],"picked":"Quick Slash","floor":3},{"not_picked":["Backflip","Deflect"],"picked":"Poisoned Stab","floor":4},{"not_picked":["Backflip","Masterful Stab","Flying Knee"],"picked":"Singing Bowl","floor":7},{"not_picked":["Dodge and Roll","Deflect"],"picked":"Backstab","floor":14},{"not_picked":["Heel Hook","Tactician","Choke"],"picked":"Singing Bowl","floor":15},{"not_picked":["Doppelganger","Night Terror"],"picked":"Die Die Die","floor":16},{"not_picked":["Eviscerate","PiercingWail"],"picked":"Dash+1","floor":18},{"not_picked":["Cloak And Dagger","Slice","Dagger Spray"],"picked":"Singing Bowl","floor":20}],"player_experience":2010540,"relics_obtained":[{"floor":9,"key":"Dream Catcher"},{"floor":11,"key":"Bronze Scales"}],"event_choices":[{"cards_removed":["Catalyst"],"damage_healed":0,"gold_gain":0,"player_choice":"Gave Card","damage_taken":0,"relics_obtained":["Regal Pillow"],"max_hp_gain":0,"max_hp_loss":0,"event_name":"WeMeetAgain","floor":2,"gold_loss":0},{"damage_healed":0,"gold_gain":0,"player_choice":"Box","damage_taken":0,"relics_obtained":["Singing Bowl"],"max_hp_gain":0,"max_hp_loss":0,"event_name":"Big Fish","floor":5,"gold_loss":0,"cards_obtained":["Regret"]},{"damage_healed":0,"gold_gain":0,"player_choice":"Entered Light","damage_taken":20,"max_hp_gain":0,"max_hp_loss":0,"event_name":"Shining Light","floor":12,"gold_loss":0,"cards_upgraded":["Defend_G","Strike_G"]},{"cards_removed":["Regret"],"damage_healed":0,"gold_gain":0,"player_choice":"Card Removal","damage_taken":7,"max_hp_gain":0,"max_hp_loss":0,"event_name":"Golden Wing","floor":13,"gold_loss":0},{"damage_healed":0,"gold_gain":50,"player_choice":"Stole From Cult","damage_taken":0,"max_hp_gain":0,"max_hp_loss":0,"event_name":"Nest","floor":19,"gold_loss":0}],"is_beta":false,"boss_relics":[{"not_picked":["Runic Dome","Runesmith:UraniumAnvil"],"picked":"Ring of the Serpent"}],"items_purged_floors":[],"is_endless":false,"potions_floor_spawned":[1,4],"killed_by":"3 Cultists","ascension_level":18}}