{"host":"9z6a73ubmgnn64m2","time":1614037220,"event":{"mods":["BaseMod","Bestiary","Colored Map","Highlight Path","Minty Spire (QoL Compilation)","Relic Stats"],"gold_per_floor":[114,139,149,166,176,203,0,0,69,99,119,136,164,182,182,280,280,297,297,212,230,230,263,281,281,281,8,38,52,52,66,66,171,171,185,201,201,101,111,111,121,135,135,135,170,170,45,45,45,45],"floor_reached":51,"language":"ENG","playtime":6408,"items_purged":["Decay","Writhe","Strike_R"],"score":748,"play_id":"cd1ac751-36b9-42d1-ac8c-527856fe0aff","local_time":"20210222194020","is_ascension_mode":true,"campfire_choices":[{"floor":8,"key":"REST"},{"data":"Rampage","floor":15,"key":"SMITH"},{"floor":25,"key":"REST"},{"floor":32,"key":"REST"},{"floor":40,"key":"REST"},{"floor":44,"key":"REST"},{"floor":49,"key":"DIG"}],"circlet_count":0,"master_deck":["Strike_R","Strike_R","Strike_R","Strike_R","Defend_R","Defend_R","Defend_R","Defend_R","Bash","Wild Strike","Rampage+1","Reckless Charge","Thunderclap","Flex","Shrug It Off","Inflame","Sever Soul","Flame Barrier","Immolate","Bloodletting","Limit Break+1","Cleave+1","Inflame","Uppercut","Clothesline","Body Slam","True Grit","Entrench","Corruption+1","Flex+1"],"relics":["Burning Blood","Pen Nib","Strawberry","Red Skull","InkBottle","Ice Cream","Question Card","SlaversCollar","Shovel","Lantern","Omamori","Shuriken","Happy Flower","Orichalcum","Philosopher\u0027s Stone","Vajra","Bag of Preparation","Centennial Puzzle"],"acts_visited":["Exordium","TheCity","TheBeyond"],"potions_floor_usage":[6,16,16,16,29,33,41,50,50,50],"damage_taken":[{"damage":7,"enemies":"Cultist","floor":1,"turns":5},{"damage":6,"enemies":"Jaw Worm","floor":3,"turns":3},{"damage":5,"enemies":"2 Louse","floor":4,"turns":2},{"damage":17,"enemies":"Exordium Thugs","floor":5,"turns":4},{"damage":35,"enemies":"Lagavulin","floor":6,"turns":6},{"damage":32,"enemies":"Gremlin Nob","floor":10,"turns":4},{"damage":14,"enemies":"Lots of Slimes","floor":11,"turns":4},{"damage":2,"enemies":"Large Slime","floor":12,"turns":5},{"damage":18,"enemies":"Lagavulin","floor":13,"turns":5},{"damage":0,"enemies":"Exordium Thugs","floor":14,"turns":2},{"damage":27,"enemies":"Hexaghost","floor":16,"turns":6},{"damage":53,"enemies":"3 Byrds","floor":18,"turns":6},{"damage":8,"enemies":"Chosen","floor":21,"turns":3},{"damage":29,"enemies":"Book of Stabbing","floor":23,"turns":4},{"damage":3,"enemies":"Centurion and Healer","floor":24,"turns":4},{"damage":29,"enemies":"Slavers","floor":28,"turns":3},{"damage":20,"enemies":"Shelled Parasite and Fungi","floor":29,"turns":4},{"damage":9,"enemies":"Chosen and Byrds","floor":31,"turns":4},{"damage":26,"enemies":"Champ","floor":33,"turns":7},{"damage":13,"enemies":"3 Shapes","floor":35,"turns":5},{"damage":12,"enemies":"3 Darklings","floor":36,"turns":4},{"damage":37,"enemies":"4 Shapes","floor":39,"turns":4},{"damage":48,"enemies":"Maw","floor":41,"turns":7},{"damage":0,"enemies":"Transient","floor":42,"turns":5},{"damage":25,"enemies":"Giant Head","floor":45,"turns":6},{"damage":61,"enemies":"Donu and Deca","floor":50,"turns":7}],"seed_played":"8113364646427702626","potions_obtained":[{"floor":1,"key":"Fire Potion"},{"floor":6,"key":"PowerPotion"},{"floor":10,"key":"FearPotion"},{"floor":11,"key":"AttackPotion"},{"floor":24,"key":"BlessingOfTheForge"},{"floor":29,"key":"SteroidPotion"},{"floor":33,"key":"GamblersBrew"},{"floor":35,"key":"Energy Potion"},{"floor":36,"key":"Dexterity Potion"},{"floor":37,"key":"Fire Potion"},{"floor":37,"key":"AttackPotion"},{"floor":42,"key":"Swift Potion"}],"is_trial":false,"path_per_floor":["M","T","M","M","M","E","$","R","T","E","M","M","E","M","R","B",null,"M","?","?","M","?","E","M","R","T","$","E","M","?","M","R","B",null,"M","M","?","$","M","R","M","M","T","R","E","?","$","?","R","B",null],"character_chosen":"IRONCLAD","items_purchased":["Red Skull","Shrug It Off","Happy Flower","Clothesline"],"campfire_rested":5,"item_purchase_floors":[7,7,27,27],"current_hp_per_floor":[87,87,87,88,77,55,55,83,83,57,49,53,41,47,47,26,95,48,48,48,46,46,23,26,54,54,54,31,17,17,14,42,22,95,88,82,82,82,51,79,37,43,43,71,52,95,95,95,95,40],"gold":45,"neow_bonus":"TEN_PERCENT_HP_BONUS","is_daily":false,"chose_seed":false,"campfire_upgraded":1,"win_rate":0.0,"timestamp":1614037220,"path_taken":["M","?","M","M","M","E","$","R","T","E","M","M","E","M","R","BOSS","M","?","?","M","?","E","M","R","T","$","E","M","?","M","R","BOSS","M","M","?","$","M","R","M","?","T","R","E","?","?","?","R","BOSS"],"items_purchased_type":["Relic","Card","Relic","Card"],"build_version":"2020-12-22","purchased_purges":3,"victory":true,"max_hp_per_floor":[88,88,88,88,88,95,95,95,95,95,95,95,95,95,95,95,95,95,95,95,95,95,95,95,95,95,95,95,95,95,95,95,95,95,95,95,95,95,95,95,95,95,95,95,95,95,95,95,95,95],"relic_stats":{"Centennial Puzzle":[3],"Shovel":1,"Happy Flower":[18],"counters":[26,119],"Shuriken":[24],"Pen Nib":[24],"Bag of Preparation":[2],"Orichalcum":[78],"Question Card":16,"obtain_stats":[{"Ice Cream":10,"Lantern":22,"Happy Flower":27,"Vajra":43,"Pen Nib":2,"Omamori":23,"Bag of Preparation":45,"Orichalcum":28,"Question Card":13,"Burning Blood":0,"SlaversCollar":17,"Centennial Puzzle":49,"Shovel":20,"Shuriken":26,"Strawberry":6,"Philosopher\u0027s Stone":34,"Red Skull":7,"InkBottle":9},{"Ice Cream":6,"Lantern":13,"Happy Flower":15,"Vajra":24,"Pen Nib":1,"Omamori":14,"Bag of Preparation":25,"Orichalcum":16,"Question Card":9,"Burning Blood":0,"SlaversCollar":11,"Centennial Puzzle":25,"Shovel":12,"Shuriken":15,"Strawberry":5,"Philosopher\u0027s Stone":19,"Red Skull":5,"InkBottle":5},{"Ice Cream":24,"Lantern":55,"Happy Flower":63,"Vajra":106,"Pen Nib":5,"Omamori":59,"Bag of Preparation":112,"Orichalcum":66,"Question Card":38,"Burning Blood":0,"SlaversCollar":46,"Centennial Puzzle":112,"Shovel":52,"Shuriken":63,"Strawberry":20,"Philosopher\u0027s Stone":81,"Red Skull":20,"InkBottle":20}],"Burning Blood":156,"InkBottle":[32]},"card_choices":[{"not_picked":["Searing Blow","Body Slam"],"picked":"Wild Strike","floor":1},{"not_picked":["Second Wind","Body Slam"],"picked":"Rampage","floor":3},{"not_picked":["Cleave","Shrug It Off"],"picked":"Reckless Charge","floor":4},{"not_picked":["Headbutt","Burning Pact"],"picked":"Thunderclap","floor":5},{"not_picked":["Pummel","Sword Boomerang"],"picked":"Flex","floor":6},{"not_picked":["Infernal Blade","Carnage"],"picked":"Inflame","floor":10},{"not_picked":["Infernal Blade","Spot Weakness"],"picked":"Sever Soul","floor":11},{"not_picked":["Iron Wave","Shrug It Off"],"picked":"Flame Barrier","floor":12},{"not_picked":["Flex","Ghostly Armor"],"picked":"Immolate","floor":13},{"not_picked":["Disarm","Heavy Blade","Hemokinesis"],"picked":"Bloodletting","floor":14},{"not_picked":["Impervious","Fiend Fire","Reaper"],"picked":"Limit Break","floor":16},{"not_picked":["Wild Strike","Headbutt","Pummel"],"picked":"Cleave+1","floor":18},{"not_picked":["Searing Blow","Blood for Blood","Anger"],"picked":"Inflame","floor":21},{"not_picked":["Perfected Strike","Iron Wave","Ghostly Armor+1"],"picked":"Uppercut","floor":23},{"not_picked":["Infernal Blade+1","Flex","Pommel Strike","Twin Strike"],"picked":"SKIP","floor":24},{"not_picked":["Limit Break","Thunderclap","Dropkick"],"picked":"Body Slam","floor":28},{"not_picked":["Heavy Blade","Seeing Red","Clothesline"],"picked":"True Grit","floor":29},{"not_picked":["Sword Boomerang","Burning Pact","Heavy Blade+1"],"picked":"Entrench","floor":31},{"not_picked":["Double Tap","Barricade","Juggernaut"],"picked":"Corruption","floor":33},{"not_picked":["Infernal Blade+1","Clothesline","Cleave+1","Body Slam"],"picked":"SKIP","floor":35},{"not_picked":["Headbutt","Reckless Charge+1","Flex","Reaper"],"picked":"SKIP","floor":36},{"not_picked":["Combust+1","Clothesline+1","Flex","Anger"],"picked":"SKIP","floor":39},{"not_picked":["Twin Strike+1","Rage","Rupture+1","True Grit"],"picked":"SKIP","floor":41},{"not_picked":["Sever Soul","Headbutt","Warcry"],"picked":"Flex+1","floor":42},{"not_picked":["Clash+1","Clothesline","Reckless Charge+1","Entrench"],"picked":"SKIP","floor":45}],"player_experience":144729,"relics_obtained":[{"floor":2,"key":"Pen Nib"},{"floor":6,"key":"Strawberry"},{"floor":9,"key":"InkBottle"},{"floor":10,"key":"Ice Cream"},{"floor":13,"key":"Question Card"},{"floor":23,"key":"Omamori"},{"floor":26,"key":"Shuriken"},{"floor":28,"key":"Orichalcum"},{"floor":43,"key":"Vajra"},{"floor":45,"key":"Bag of Preparation"},{"floor":49,"key":"Centennial Puzzle"}],"event_choices":[{"damage_healed":0,"gold_gain":0,"player_choice":"Smashed Altar","damage_taken":0,"max_hp_gain":0,"max_hp_loss":0,"event_name":"Forgotten Altar","floor":19,"gold_loss":0,"cards_obtained":["Decay"]},{"damage_healed":0,"gold_gain":0,"player_choice":"Obtained Relic","damage_taken":0,"relics_obtained":["Shovel"],"max_hp_gain":0,"max_hp_loss":0,"event_name":"Addict","floor":20,"gold_loss":85},{"damage_healed":0,"gold_gain":0,"player_choice":"Opened","damage_taken":0,"relics_obtained":["Lantern"],"max_hp_gain":0,"max_hp_loss":0,"event_name":"The Mausoleum","floor":22,"gold_loss":0,"cards_obtained":["Writhe"]},{"damage_healed":0,"gold_gain":0,"player_choice":"Forge","damage_taken":0,"max_hp_gain":0,"max_hp_loss":0,"event_name":"Accursed Blacksmith","floor":30,"gold_loss":0,"cards_upgraded":["Limit Break"]},{"damage_healed":0,"gold_gain":0,"player_choice":"Got Potions","damage_taken":0,"max_hp_gain":0,"max_hp_loss":0,"event_name":"Lab","floor":37,"gold_loss":0},{"damage_healed":43,"gold_gain":0,"player_choice":"Heal","damage_taken":0,"max_hp_gain":0,"max_hp_loss":0,"event_name":"MindBloom","floor":46,"gold_loss":0,"cards_obtained":["Doubt"]},{"damage_healed":0,"gold_gain":0,"player_choice":"Upgraded","damage_taken":0,"max_hp_gain":0,"max_hp_loss":0,"event_name":"Upgrade Shrine","floor":48,"gold_loss":0,"cards_upgraded":["Corruption"]}],"is_beta":false,"boss_relics":[{"not_picked":["Black Star","Ectoplasm"],"picked":"SlaversCollar"},{"not_picked":["Fusion Hammer","Runic Dome"],"picked":"Philosopher\u0027s Stone"}],"items_purged_floors":[27,38,47],"is_endless":false,"potions_floor_spawned":[1,6,10,11,13,14,24,29,33,35,36,42],"ascension_level":1}}