{"host":"gzz35fplm60aw28t","time":1614005167,"event":{"mods":["AchievementEnabler","BaseMod","Colored Powertips","DeckTracker","Minty Spire (QoL Compilation)","SuperFastMode"],"gold_per_floor":[117,133,133,133,147,179,179,208,208,234,254,274,274,274],"floor_reached":13,"language":"ENG","playtime":622,"items_purged":[],"score":110,"play_id":"173fff85-ce94-42b0-8069-2f1fa52dca40","local_time":"20210222154607","is_ascension_mode":true,"campfire_choices":[{"data":"Shrug It Off","floor":7,"key":"SMITH"}],"circlet_count":0,"master_deck":["Strike_R","Strike_R","Strike_R","Strike_R","Defend_R","Defend_R","Defend_R","Defend_R","Bash","Cleave+1","Demon Form","Shrug It Off+1","True Grit","Barricade","Shrug It Off"],"relics":["Burning Blood","Blood Vial","Question Card","Darkstone Periapt","Sundial","Smiling Mask"],"acts_visited":["Exordium"],"potions_floor_usage":[8,10],"damage_taken":[{"damage":11,"enemies":"Small Slimes","floor":1,"turns":3},{"damage":10,"enemies":"Jaw Worm","floor":2,"turns":4},{"damage":0,"enemies":"Cultist","floor":5,"turns":3},{"damage":28,"enemies":"Gremlin Nob","floor":6,"turns":4},{"damage":31,"enemies":"Lagavulin","floor":8,"turns":5},{"damage":28,"enemies":"Gremlin Nob","floor":10,"turns":4},{"damage":13,"enemies":"Exordium Wildlife","floor":11,"turns":7},{"damage":2,"enemies":"Blue Slaver","floor":12,"turns":5},{"damage":22,"enemies":"3 Sentries","floor":13,"turns":5}],"seed_played":"-4664694396594177462","potions_obtained":[{"floor":1,"key":"LiquidMemories"},{"floor":6,"key":"PowerPotion"},{"floor":8,"key":"DistilledChaos"},{"floor":11,"key":"EssenceOfSteel"}],"is_trial":false,"path_per_floor":["M","M","?","?","M","E","R","E","T","E","M","M","E"],"character_chosen":"IRONCLAD","items_purchased":[],"campfire_rested":0,"item_purchase_floors":[],"current_hp_per_floor":[75,73,73,73,80,58,58,35,35,15,10,16,0,0],"gold":274,"neow_bonus":"RANDOM_COMMON_RELIC","is_daily":false,"chose_seed":false,"campfire_upgraded":1,"win_rate":0.0,"timestamp":1614005167,"path_taken":["M","M","?","?","M","E","R","E","T","E","M","?","E"],"items_purchased_type":[],"build_version":"2020-12-22","purchased_purges":0,"victory":false,"max_hp_per_floor":[80,80,80,80,80,80,80,80,80,80,80,80,80,80],"card_choices":[{"not_picked":["Hemokinesis","Clash","Perfected Strike"],"picked":"SKIP","floor":1},{"not_picked":["Wild Strike","Heavy Blade"],"picked":"Cleave","floor":2},{"not_picked":["Ghostly Armor","True Grit"],"picked":"Demon Form","floor":5},{"not_picked":["Armaments","Dual Wield"],"picked":"Shrug It Off","floor":6},{"not_picked":["Rage","Carnage","Burning Pact"],"picked":"True Grit","floor":8},{"not_picked":["Pommel Strike","Disarm","Entrench"],"picked":"Barricade","floor":10},{"not_picked":["Flex","Dual Wield","Sword Boomerang","Heavy Blade"],"picked":"SKIP","floor":11},{"not_picked":["Thunderclap","Warcry","Armaments"],"picked":"Shrug It Off","floor":12}],"player_experience":41498,"relics_obtained":[{"floor":6,"key":"Question Card"},{"floor":8,"key":"Darkstone Periapt"},{"floor":9,"key":"Sundial"},{"floor":10,"key":"Smiling Mask"}],"event_choices":[{"damage_healed":0,"gold_gain":0,"player_choice":"Grow","damage_taken":0,"max_hp_gain":0,"max_hp_loss":0,"event_name":"Living Wall","floor":3,"gold_loss":0,"cards_upgraded":["Cleave"]},{"cards_removed":["Strike_R"],"damage_healed":0,"gold_gain":0,"player_choice":"Offered Basic","damage_taken":0,"max_hp_gain":0,"max_hp_loss":0,"event_name":"Bonfire Elementals","floor":4,"gold_loss":0}],"is_beta":false,"boss_relics":[],"items_purged_floors":[],"is_endless":false,"potions_floor_spawned":[1,6,8,11],"killed_by":"3 Sentries","ascension_level":1}}