{"host":"97k3n5kp0psabqmo","time":1614024609,"event":{"mods":["BaseMod","Colored Powertips","Minty Spire (QoL Compilation)"],"gold_per_floor":[114,129,149,149,149,181,181,196,196,211,229,229,229,244,244,339,339,354,354,113,113,133,161,161,175,224,224,224],"floor_reached":27,"language":"ENG","playtime":1118,"items_purged":[],"score":306,"play_id":"3004fabd-6c2a-4d25-b50a-60d90ced6db0","local_time":"20210222151009","is_ascension_mode":true,"campfire_choices":[{"data":"Burst","floor":7,"key":"SMITH"},{"data":"Envenom","floor":12,"key":"SMITH"},{"data":"Bouncing Flask","floor":15,"key":"SMITH"},{"floor":24,"key":"REST"}],"circlet_count":0,"master_deck":["Strike_G","Strike_G","Strike_G","Defend_G","Defend_G","Defend_G","Defend_G+1","Defend_G","Survivor+1","Neutralize","PiercingWail","Backflip","Poisoned Stab","Burst+1","Cloak And Dagger","Blur","Escape Plan","Envenom+1","Bouncing Flask+1","Corpse Explosion","Leg Sweep","Necronomicurse","Footwork","Cloak And Dagger","Infinite Blades+1","Backflip"],"relics":["Ring of the Snake","War Paint","Meat on the Bone","Ancient Tea Set","Pen Nib","Velvet Choker","Necronomicon","PreservedInsect","Orichalcum","Happy Flower"],"acts_visited":["Exordium","TheCity"],"potions_floor_usage":[6,18,22,22],"damage_taken":[{"damage":1,"enemies":"Cultist","floor":1,"turns":4},{"damage":0,"enemies":"2 Louse","floor":2,"turns":3},{"damage":0,"enemies":"Small Slimes","floor":3,"turns":5},{"damage":25,"enemies":"Lagavulin","floor":6,"turns":7},{"damage":0,"enemies":"2 Fungi Beasts","floor":8,"turns":3},{"damage":6,"enemies":"Gremlin Gang","floor":10,"turns":7},{"damage":0,"enemies":"3 Louse","floor":11,"turns":4},{"damage":0,"enemies":"2 Fungi Beasts","floor":14,"turns":4},{"damage":9,"enemies":"The Guardian","floor":16,"turns":11},{"damage":23,"enemies":"2 Thieves","floor":18,"turns":3},{"damage":0,"enemies":"3 Byrds","floor":22,"turns":3},{"damage":31,"enemies":"Book of Stabbing","floor":23,"turns":8},{"damage":1,"enemies":"Cultist and Chosen","floor":25,"turns":5},{"damage":0,"enemies":"3 Cultists","floor":27,"turns":2}],"seed_played":"149616161779327904","potions_obtained":[{"floor":1,"key":"Swift Potion"},{"floor":3,"key":"AttackPotion"},{"floor":8,"key":"LiquidBronze"},{"floor":16,"key":"SteroidPotion"},{"floor":23,"key":"Dexterity Potion"}],"is_trial":false,"path_per_floor":["M","M","M","T","?","E","R","M","T","M","M","R","?","M","R","B",null,"M","?","$","?","M","E","R","M","T","M"],"character_chosen":"THE_SILENT","items_purchased":["PreservedInsect","Footwork","Cloak And Dagger"],"campfire_rested":1,"item_purchase_floors":[20,20,20],"current_hp_per_floor":[62,62,62,62,62,37,37,37,37,43,43,43,43,43,43,46,64,41,25,25,25,37,18,39,38,38,38,38],"gold":224,"neow_bonus":"RANDOM_COMMON_RELIC","is_daily":false,"chose_seed":false,"campfire_upgraded":3,"win_rate":0.0,"timestamp":1614024609,"path_taken":["M","M","M","?","?","E","R","M","T","?","M","R","?","M","R","BOSS","M","?","$","?","M","E","R","?","T","M"],"items_purchased_type":["Relic","Card","Card"],"build_version":"2020-12-22","purchased_purges":0,"victory":false,"max_hp_per_floor":[70,70,70,70,70,70,70,70,70,70,70,70,70,70,70,70,70,70,70,70,70,70,70,70,70,70,70,70],"card_choices":[{"not_picked":["Choke","Prepared"],"picked":"PiercingWail","floor":1},{"not_picked":["Prepared","Sucker Punch"],"picked":"Backflip","floor":2},{"not_picked":["Eviscerate","Tactician"],"picked":"Poisoned Stab","floor":3},{"not_picked":["Prepared","Masterful Stab"],"picked":"Cloak And Dagger","floor":6},{"not_picked":["Underhanded Strike","Setup"],"picked":"Blur","floor":8},{"not_picked":["Slice","Bane"],"picked":"Escape Plan","floor":10},{"not_picked":["PiercingWail","Underhanded Strike"],"picked":"Envenom","floor":11},{"not_picked":["Backflip","Well Laid Plans"],"picked":"Bouncing Flask","floor":14},{"not_picked":["A Thousand Cuts","Venomology"],"picked":"Corpse Explosion","floor":16},{"not_picked":["Quick Slash+1","Outmaneuver"],"picked":"Leg Sweep","floor":18},{"not_picked":["Outmaneuver","Backflip"],"picked":"Infinite Blades+1","floor":22},{"not_picked":["Flechettes","Riddle With Holes+1","Bane"],"picked":"SKIP","floor":23},{"not_picked":["Cloak And Dagger","Eviscerate"],"picked":"Backflip","floor":25}],"player_experience":101867,"relics_obtained":[{"floor":4,"key":"Meat on the Bone"},{"floor":6,"key":"Ancient Tea Set"},{"floor":9,"key":"Pen Nib"},{"floor":19,"key":"Necronomicon"},{"floor":23,"key":"Orichalcum"},{"floor":26,"key":"Happy Flower"}],"event_choices":[{"damage_healed":0,"gold_gain":0,"player_choice":"1 cards matched","damage_taken":0,"max_hp_gain":0,"max_hp_loss":0,"event_name":"Match and Keep!","floor":5,"gold_loss":0,"cards_obtained":["Burst"]},{"cards_removed":["Strike_G"],"damage_healed":0,"gold_gain":0,"player_choice":"Forget","damage_taken":0,"max_hp_gain":0,"max_hp_loss":0,"event_name":"Living Wall","floor":13,"gold_loss":0},{"damage_healed":0,"gold_gain":0,"player_choice":"Obtained Book","damage_taken":16,"max_hp_gain":0,"max_hp_loss":0,"event_name":"Cursed Tome","floor":19,"gold_loss":0},{"cards_removed":["Strike_G"],"damage_healed":0,"gold_gain":0,"player_choice":"Card Removal","damage_taken":0,"max_hp_gain":0,"max_hp_loss":0,"event_name":"Wheel of Change","floor":21,"gold_loss":0}],"is_beta":false,"boss_relics":[{"not_picked":["Empty Cage","Coffee Dripper"],"picked":"Velvet Choker"}],"items_purged_floors":[],"is_endless":false,"potions_floor_spawned":[1,3,8,16,23],"killed_by":"3 Cultists","ascension_level":6}}