{"host":"c0rqchpxu0yjpthq","time":1614021231,"event":{"mods":["100% Spire Juice","ATMod(阿瑾Mod)","BaseMod","Challenge The Spire","Conspire","Downfall","HololiveMod","Minty Spire (QoL Compilation)","MostiFishMod","Prisma Mod","Reimu（博丽灵梦）","Relic Stats","Reliquary","Replay The Spire","Spicy Shops","StSLib","The Alterego","The Hierophant","WarShipGirlsR/战舰少女R mod","Wide Potions","Yakumo Yukari mod","[GremlinLeader]The Maniac","【功能Mod】聪明的最终Boss","【遗物卡牌】REMEMod"],"gold_per_floor":[116,192,23,33,52,86,86,112,162,162,173,191,11,66,66,168,168,253,14,56,56,97,150,150,203,256,256,256,412,502,567,567,1266,1266,1358,1395,878,878,923,983,1021,1021,1021,1096,1187,1187,653,793,793,818,903],"floor_reached":52,"language":"ZHS","playtime":4427,"items_purged":["Writhe","PrismaMod:IllyaCommonDefend","PrismaMod:IllyaCommonDefend"],"score":1524,"play_id":"1b49f3b5-1180-40ee-a114-b5e92f3891ae","local_time":"20210223031351","daily_mods":["challengethespire:Platinum Difficulty"],"is_ascension_mode":true,"campfire_choices":[{"data":"PrismaMod:IllyaUncommonDefend","floor":7.0,"key":"SMITH"},{"data":"conspire:Banana","floor":15.0,"key":"SMITH"},{"data":"PrismaMod:IllyaUncommonAttack","floor":24,"key":"SMITH"},{"data":"PrismaMod:IllyaCommonAttack","floor":42,"key":"SMITH"},{"floor":49,"key":"DIG"}],"circlet_count":0,"master_deck":["AscendersBane","PrismaMod:IllyaCommonAttack+1","PrismaMod:IllyaCommonDefend+1","PrismaMod:IllyaCommonAttack","PrismaMod:IllyaCommonAttack+1","PrismaMod:IllyaCommonDefend","PrismaMod:IllyaCommonAttack","PrismaMod:IllyaCommonAttack+1","PrismaMod:IllyaCommonDefend","PrismaMod:IllyaUncommonAttack+1","PrismaMod:IllyaUncommonDefend+1","AT_FamilyPortrait+1","PrismaMod:IllyaCommonDefend+1","PrismaMod:IllyaCommandSeal+1","PrismaMod:IllyaInstallRuler","MostiFishMod:PerfectForm+1","conspire:Banana+1","MostiFishMod:PerfectForm+1","MostiFishMod:PerfectForm+1"],"relics":["PrismaMod:PrismaRuby","AT_ATBox","DaveBox","REME_ComplimentaryCards","Membership Card","SynthV:TestCard","reliquary:BallBearing","Pet Ghost","conspire:TreasureMap","Chameleon Ring","DianPoetry","Mercury Hourglass","HollowDreamFlower","AT_MibuBalloonWealth","Pear","Busted Crown","bronze:BronzeIdol","DollysMirror","ChiLing","Chi","Ling","Regal Pillow","Meat on the Bone","champ:DeflectingBracers","Ring of Fangs","ReplayTheSpireMod:Ring of Addiction","Potion Belt","SacredBark","ReplayTheSpireMod:Lightbulb","Sozu","Replay:Bottled Snecko","AT_ArchangelStaff","Ying","TentaclePot:ReiMu","reliquary:Buckler","Replay:Mystery Machine","reliquary:PorcupineQuills","Shovel","AT_BladeRuinedKing","REME_OnlineShoppingPlatform","reliquary:JackalopeAntler","War Paint","bronze:DonusWashers","CaptainsWheel"],"acts_visited":["Exordium","TheCity","TheBeyond"],"potions_floor_usage":[29,33,51,51],"damage_taken":[{"damage":0.0,"enemies":"Cultist","floor":1.0,"turns":5.0},{"damage":14.0,"enemies":"Small Slimes","floor":4.0,"turns":5.0},{"damage":0.0,"enemies":"2 Louse","floor":5.0,"turns":2.0},{"damage":6.0,"enemies":"3 Sentries","floor":6.0,"turns":6.0},{"damage":14.0,"enemies":"Gremlin Nob","floor":8.0,"turns":4.0},{"damage":0.0,"enemies":"Looter","floor":11.0,"turns":2.0},{"damage":1.0,"enemies":"Exordium Thugs","floor":12.0,"turns":4.0},{"damage":0.0,"enemies":"Replay:BlueRogue","floor":14.0,"turns":6.0},{"damage":7.0,"enemies":"Hexaghost","floor":16.0,"turns":5.0},{"damage":0.0,"enemies":"2 Thieves","floor":18.0,"turns":4.0},{"damage":21.0,"enemies":"Shell Parasite","floor":20.0,"turns":5.0},{"damage":1.0,"enemies":"conspire:HollyBat","floor":22.0,"turns":6.0},{"damage":0.0,"enemies":"REME_1_Revenger","floor":23.0,"turns":5.0},{"damage":2,"enemies":"conspire:SneckoGhost","floor":25,"turns":4},{"damage":6,"enemies":"conspire:Head Lice","floor":29,"turns":4},{"damage":9,"enemies":"Shelled Parasite and Fungi","floor":30,"turns":4},{"damage":0,"enemies":"Cultist and Chosen","floor":31,"turns":3},{"damage":2,"enemies":"Champ","floor":33,"turns":6},{"damage":7,"enemies":"3 Shapes","floor":35,"turns":3},{"damage":0,"enemies":"Orb Walker","floor":36,"turns":4},{"damage":0,"enemies":"Spire Growth","floor":39,"turns":4},{"damage":0,"enemies":"Nemesis","floor":40,"turns":5},{"damage":0,"enemies":"Maw","floor":41,"turns":5},{"damage":0,"enemies":"Mind Bloom Boss Battle","floor":44,"turns":4},{"damage":2,"enemies":"Sphere and 2 Shapes","floor":45,"turns":3},{"damage":0,"enemies":"3 Darklings","floor":48,"turns":4},{"damage":1,"enemies":"Replay:Hell Engine","floor":50,"turns":4},{"damage":125,"enemies":"Awakened One","floor":51,"turns":19}],"seed_played":"5150180225582628806","potions_obtained":[{"floor":5.0,"key":"Explosive Potion"},{"floor":8.0,"key":"Flashbang"},{"floor":11.0,"key":"SmokeBomb"},{"floor":20.0,"key":"ZuzhouPotion:ReiMu"},{"floor":27,"key":"LiquidMemories"},{"floor":27,"key":"Venom Potion"},{"floor":27,"key":"BlessingOfTheForge"},{"floor":28,"key":"Block Potion"},{"floor":30,"key":"Regen Potion"},{"floor":33,"key":"MagicPotion:ReiMu"}],"is_trial":true,"path_per_floor":["M","T","$","M","M","E","R","E","T","?","M","M","$","E","R","B",null,"M","$","M","WH","M","E","R","E","T","?","?","E","M","M","R","B",null,"M","M","$","?","M","E","M","R","T","?","M","?","$","M","R","B","B",null],"character_chosen":"ILLYA","items_purchased":["Pet Ghost","conspire:TreasureMap","HollowDreamFlower","AT_MibuBalloonWealth","MostiFishMod:PerfectForm","conspire:Banana","bronze:BronzeIdol","DollysMirror","ChiLing","Replay:Bottled Snecko","AT_ArchangelStaff","Ying","TentaclePot:ReiMu","reliquary:Buckler","AT_BladeRuinedKing","REME_OnlineShoppingPlatform","reliquary:JackalopeAntler","War Paint","bronze:DonusWashers"],"campfire_rested":0,"item_purchase_floors":[3,3,13,13,13,13,19,19,19,37,37,37,37,37,47,47,47,47,47],"current_hp_per_floor":[64,64,64,50,50,44,44,33,33,33,33,35,35,53,53,55,77,88,88,69,78,87,100,100,106,106,106,106,107,104,115,115,117,117,117,123,121,121,125,130,134,134,132,136,134,127,127,138,136,138,72],"gold":903,"neow_bonus":"TEN_PERCENT_HP_BONUS","is_daily":false,"chose_seed":false,"campfire_upgraded":4,"win_rate":0.0,"timestamp":1614021231,"path_taken":["M","?","$","M","M","E","R","E","T","?","M","M","$","E","R","BOSS","M","$","M","WH","M","E","R","E","T","?","?","E","M","M","R","BOSS","M","M","$","?","M","E","?","R","T","?","M","?","?","M","R","BOSS","BOSS"],"items_purchased_type":["Relic","Relic","Relic","Relic","Card","Card","Relic","Relic","Relic","Relic","Relic","Relic","Relic","Relic","Relic","Relic","Relic","Relic","Relic"],"build_version":"2020-12-22","purchased_purges":3,"victory":true,"max_hp_per_floor":[71,71,71,71,71,71,71,71,71,71,71,71,71,82,82,84,84,88,88,90,99,101,105,105,109,109,109,109,111,113,115,115,117,117,119,123,121,121,125,130,134,134,132,136,136,134,134,138,136,138,142],"relic_stats":{"Sozu":2,"Regal Pillow":0,"Busted Crown":36,"Shovel":1,"counters":[28,135],"War Paint":["PrismaMod:IllyaCommonDefend","PrismaMod:IllyaCommonDefend"],"obtain_stats":[{"Regal Pillow":23,"AT_ATBox":0,"Ying":37,"DaveBox":0,"DianPoetry":8,"Chi":19,"AT_MibuBalloonWealth":13,"SacredBark":27,"Replay:Mystery Machine":40,"AT_ArchangelStaff":37,"Pet Ghost":3,"Sozu":34,"PrismaMod:PrismaRuby":0,"Chameleon Ring":6,"Ring of Fangs":27,"Shovel":44,"DollysMirror":19,"reliquary:Buckler":37,"Replay:Bottled Snecko":37,"REME_OnlineShoppingPlatform":47,"HollowDreamFlower":13,"Potion Belt":27,"conspire:TreasureMap":3,"bronze:DonusWashers":47,"Pear":14,"ReplayTheSpireMod:Ring of Addiction":27,"TentaclePot:ReiMu":37,"champ:DeflectingBracers":26,"AT_BladeRuinedKing":47,"War Paint":47,"Mercury Hourglass":9,"bronze:BronzeIdol":19,"reliquary:JackalopeAntler":47,"Ling":19,"CaptainsWheel":49,"SynthV:TestCard":1,"Busted Crown":17,"reliquary:PorcupineQuills":43,"reliquary:BallBearing":2,"Membership Card":0,"ReplayTheSpireMod:Lightbulb":29,"REME_ComplimentaryCards":0,"ChiLing":19,"Meat on the Bone":25},{"Regal Pillow":13,"AT_ATBox":0,"Ying":20,"DaveBox":0,"DianPoetry":5,"Chi":10,"AT_MibuBalloonWealth":7,"SacredBark":14,"Replay:Mystery Machine":22,"AT_ArchangelStaff":20,"Pet Ghost":1,"Sozu":18,"PrismaMod:PrismaRuby":0,"Chameleon Ring":4,"Ring of Fangs":14,"Shovel":24,"DollysMirror":10,"reliquary:Buckler":20,"Replay:Bottled Snecko":20,"REME_OnlineShoppingPlatform":25,"HollowDreamFlower":7,"Potion Belt":14,"conspire:TreasureMap":1,"bronze:DonusWashers":25,"Pear":8,"ReplayTheSpireMod:Ring of Addiction":14,"TentaclePot:ReiMu":20,"champ:DeflectingBracers":14,"AT_BladeRuinedKing":25,"War Paint":25,"Mercury Hourglass":5,"bronze:BronzeIdol":10,"reliquary:JackalopeAntler":25,"Ling":10,"CaptainsWheel":26,"SynthV:TestCard":1,"Busted Crown":9,"reliquary:PorcupineQuills":23,"reliquary:BallBearing":1,"Membership Card":0,"ReplayTheSpireMod:Lightbulb":15,"REME_ComplimentaryCards":0,"ChiLing":10,"Meat on the Bone":14},{"Regal Pillow":59,"AT_ATBox":0,"Ying":87,"DaveBox":0,"DianPoetry":22,"Chi":43,"AT_MibuBalloonWealth":28,"SacredBark":63,"Replay:Mystery Machine":96,"AT_ArchangelStaff":87,"Pet Ghost":5,"Sozu":80,"PrismaMod:PrismaRuby":0,"Chameleon Ring":18,"Ring of Fangs":63,"Shovel":105,"DollysMirror":43,"reliquary:Buckler":87,"Replay:Bottled Snecko":87,"REME_OnlineShoppingPlatform":108,"HollowDreamFlower":28,"Potion Belt":63,"conspire:TreasureMap":5,"bronze:DonusWashers":108,"Pear":34,"ReplayTheSpireMod:Ring of Addiction":63,"TentaclePot:ReiMu":87,"champ:DeflectingBracers":63,"AT_BladeRuinedKing":108,"War Paint":108,"Mercury Hourglass":22,"bronze:BronzeIdol":43,"reliquary:JackalopeAntler":108,"Ling":43,"CaptainsWheel":112,"SynthV:TestCard":5,"Busted Crown":39,"reliquary:PorcupineQuills":101,"reliquary:BallBearing":5,"Membership Card":0,"ReplayTheSpireMod:Lightbulb":67,"REME_ComplimentaryCards":0,"ChiLing":43,"Meat on the Bone":63}],"Mercury Hourglass":[368],"Meat on the Bone":0},"card_choices":[{"not_picked":["PrismaMod:IllyaUncommonAttack","PrismaMod:IllyaHassanGift","PrismaMod:IllyaPoisoningPhantasm"],"picked":"SKIP","floor":1.0},{"not_picked":["PrismaMod:IllyaMinorZwei","PrismaMod:IllyaRubysPotion","PrismaMod:IllyaBoysLove","PrismaMod:IllyaUncommonAOEAttack","PrismaMod:IllyaAssassinRevenge"],"picked":"SKIP","floor":4.0},{"not_picked":["PrismaMod:IllyaFeed","PrismaMod:IllyaCheapChannelAttack","PrismaMod:IllyaSaphire","PrismaMod:IllyaBride","PrismaMod:IllyaPartialInstallAssassin"],"picked":"SKIP","floor":5.0},{"not_picked":["PrismaMod:IllyaInstallMoonCancer","PrismaMod:IllyaDevil","PrismaMod:IllyaUncommonAOEAttack","PrismaMod:IllyaBride"],"picked":"PrismaMod:IllyaCommandSeal","floor":6.0},{"not_picked":["PrismaMod:IllyaFeed","PrismaMod:IllyaUberPoisonBlock","PrismaMod:IllyaFriendMaker","PrismaMod:IllyaMaid"],"picked":"PrismaMod:IllyaInstallRuler","floor":8.0},{"not_picked":["PrismaMod:IllyaUberPoisonBlock","PrismaMod:IllyaEvokeAll","PrismaMod:IllyaSaphire","PrismaMod:IllyaCheapDefend","PrismaMod:IllyaBride"],"picked":"SKIP","floor":11.0},{"not_picked":["PrismaMod:IllyaCheapDefend","PrismaMod:IllyaCheapChannelPoison","PrismaMod:IllyaMaid","PrismaMod:IllyaCheapChannelDefend","PrismaMod:IllyaRubysPotion"],"picked":"SKIP","floor":12.0},{"not_picked":["PrismaMod:IllyaBride","PrismaMod:IllyaCommandSeal","PrismaMod:IllyaGun","PrismaMod:IllyaRussianRoulette","PrismaMod:IllyaCheapAttack"],"picked":"SKIP","floor":14.0},{"not_picked":["PrismaMod:IllyaCheapChannelPoison","PrismaMod:IllyaTestament","PrismaMod:IllyaCheapChannelAttack"],"picked":"SKIP","floor":18.0},{"not_picked":["PrismaMod:IllyaStunPoison","PrismaMod:IllyaRapidFire","PrismaMod:IllyaUncommonAttack"],"picked":"SKIP","floor":20.0},{"not_picked":["PrismaMod:IllyaRubysPotion","PrismaMod:IllyaReinForce","PrismaMod:IllyaPoisonTippedWeapons+1"],"picked":"SKIP","floor":22.0},{"not_picked":["PrismaMod:IllyaStunPoison","PrismaMod:IllyaBerserCAR+1","PrismaMod:IllyaCheapChannelDefend"],"picked":"SKIP","floor":23.0},{"not_picked":["PrismaMod:IllyaBride","PrismaMod:IllyaUncommonEvoke","PrismaMod:IllyaAOECommonAttack"],"picked":"SKIP","floor":25},{"not_picked":["PrismaMod:IllyaPoisoningPhantasm","PrismaMod:IllyaInstallArcher","PrismaMod:IllyaPartialInstallAssassin+1"],"picked":"SKIP","floor":29},{"not_picked":["PrismaMod:IllyaCheapChannelDefend","PrismaMod:IllyaFeed","PrismaMod:IllyaCheapChannelPoison+1"],"picked":"SKIP","floor":30},{"not_picked":["PrismaMod:IllyaCheapChannelPoison","PrismaMod:IllyaCheapAttack","PrismaMod:IllyaUncommonDefend"],"picked":"SKIP","floor":31},{"not_picked":["PrismaMod:IllyaFriendMaker","PrismaMod:IllyaMaid+1","PrismaMod:IllyaMinorRapidFire+1"],"picked":"SKIP","floor":35},{"not_picked":["PrismaMod:IllyaAssassinRevenge","PrismaMod:IllyaDetonatingBlow","PrismaMod:IllyaRubysPotion+1"],"picked":"SKIP","floor":36},{"not_picked":["PrismaMod:IllyaFriendMaker","PrismaMod:IllyaGrailKun","PrismaMod:IllyaCheapChannelDefend"],"picked":"SKIP","floor":39},{"not_picked":["PrismaMod:IllyaDualEvoke","PrismaMod:IllyaDetonatingBlow","PrismaMod:IllyaRapidFire"],"picked":"SKIP","floor":40},{"not_picked":["PrismaMod:IllyaTestament","PrismaMod:IllyaUncommonAOEAttack","PrismaMod:IllyaPoisonTippedWeapons"],"picked":"SKIP","floor":41},{"not_picked":["PrismaMod:IllyaCheapChannelPoison","PrismaMod:IllyaCommonEvoke","PrismaMod:IllyaUncommonDefend"],"picked":"SKIP","floor":45},{"not_picked":["PrismaMod:IllyaUncommonDefend","PrismaMod:IllyaUberChannel","PrismaMod:IllyaAlice"],"picked":"SKIP","floor":48}],"player_experience":111046,"relics_obtained":[{"floor":1.0,"key":"SynthV:TestCard"},{"floor":2.0,"key":"reliquary:BallBearing"},{"floor":6.0,"key":"Chameleon Ring"},{"floor":8.0,"key":"DianPoetry"},{"floor":9.0,"key":"Mercury Hourglass"},{"floor":14.0,"key":"Pear"},{"floor":23.0,"key":"Regal Pillow"},{"floor":25,"key":"Meat on the Bone"},{"floor":26,"key":"champ:DeflectingBracers"},{"floor":27,"key":"Ring of Fangs"},{"floor":27,"key":"ReplayTheSpireMod:Ring of Addiction"},{"floor":27,"key":"Potion Belt"},{"floor":27,"key":"SacredBark"},{"floor":29,"key":"ReplayTheSpireMod:Lightbulb"},{"floor":40,"key":"Replay:Mystery Machine"},{"floor":43,"key":"reliquary:PorcupineQuills"},{"floor":44,"key":"Shovel"},{"floor":49,"key":"CaptainsWheel"}],"event_choices":[{"damage_healed":0.0,"max_hp_gain":0.0,"max_hp_loss":0.0,"gold_gain":0.0,"event_name":"Living Wall","player_choice":"Grow","floor":10.0,"gold_loss":0.0,"damage_taken":0.0,"cards_upgraded":["AT_FamilyPortrait"]},{"damage_healed":0,"gold_gain":0,"player_choice":"Got Potions","damage_taken":0,"max_hp_gain":0,"max_hp_loss":0,"event_name":"Lab","floor":28,"gold_loss":0},{"damage_healed":0,"gold_gain":0,"player_choice":"Copied","damage_taken":0,"max_hp_gain":0,"max_hp_loss":0,"event_name":"Duplicator","floor":38,"gold_loss":0,"cards_obtained":["MostiFishMod:PerfectForm"]},{"damage_healed":0,"gold_gain":0,"player_choice":"Fight","damage_taken":0,"max_hp_gain":0,"max_hp_loss":0,"event_name":"MindBloom","floor":44,"gold_loss":0},{"damage_healed":0,"gold_gain":0,"player_choice":"Leave","damage_taken":0,"max_hp_gain":0,"max_hp_loss":0,"event_name":"conspire:Investor","floor":46,"gold_loss":0}],"is_beta":false,"boss_relics":[{"not_picked":["xbg","TimeKeys"],"picked":"Busted Crown"},{"not_picked":["Hololive_ChaosS","REME_DuelDisc"],"picked":"Sozu"}],"items_purged_floors":[19,37,47],"is_endless":false,"potions_floor_spawned":[5,8,11,16,18,20,30,33,36,39],"ascension_level":20}}