{"host":"dd8lqbxt1rnwhzth","time":1614018755,"event":{"mods":["Act Like it!","Aspiration","Bard","BaseMod","Beaked The Cultist","BetterRewards","Challenge The Spire","Colored Map","Conspire","Halation","Hermit","Highlight Path","Hubris","Infinite Spire","Jorbs\u0027s Wanderer Trilogy","Marisa????????","Minty Spire (QoL Compilation)","Rare Cards Sparkle","Replay The Spire","Ruina","Shop Mod","StSLib","SuperFastMode","Synergy Search","The Bladedancer","The Construct","The Cursed","The Disciple","The Elementalist","The Forsaken","The Hierophant","The Judge","The Mystic","The Necromancer","The Runesmith","The Servant 0.9.4","The Valiant","The Wild Card","TheBandit","egg"],"gold_per_floor":[110,123,123,154,204,204,204,231,255,265,277,277,292,320,320,417,417,434,434,448,448,458,458,487,497,497,139,139,167,167,187,187,292,292,302,302,363,382,399,424,26,64,64,64,100,100,118,140,140,152,152,152,80,115,123],"floor_reached":56,"language":"ENG","playtime":4129,"items_purged":["construct:Strike_Gold","construct:Strike_Gold","construct:Defend_Gold"],"score":1971,"play_id":"2490d0ee-3e24-43c0-b273-a8ead2423c73","local_time":"20210222150235","is_ascension_mode":true,"campfire_choices":[{"data":"construct:QuickAttack","floor":6,"key":"SMITH"},{"data":"construct:SiegeForm","floor":12,"key":"SMITH"},{"data":"Injury","floor":15,"key":"PURGE"},{"floor":23,"key":"REST"},{"floor":28,"key":"REST"},{"data":"construct:Electrocute","floor":30,"key":"SMITH"},{"data":"construct:OmegaCannon","floor":32,"key":"SMITH"},{"floor":44,"key":"REST"},{"data":"construct:Strike_Gold","floor":46,"key":"PURGE"},{"floor":49,"key":"RECALL"},{"data":"construct:Defend_Gold","floor":52,"key":"PURGE"}],"circlet_count":0,"master_deck":["construct:Strike_Gold","construct:Defend_Gold","construct:Defend_Gold","construct:Defend_Gold","construct:AttackMode","construct:DefenseMode","construct:QuickAttack+1","construct:Missile","construct:ScrapCannon","construct:ScopeCore+1","construct:HyperBeam","construct:VentSteam+1","construct:SiegeForm+1","construct:Autoturret","construct:Forcefield+1","construct:Electrocute+1","construct:Overcharge","construct:Reserves+1","construct:OmegaCannon+1","construct:Hazardproof+1","construct:HastyRepair+1","construct:Zapper+1","construct:HammerDown","construct:Reinforce+1","Master of Strategy+1","construct:Reinforce+1","construct:ForceCore+1","construct:Failsafe+1"],"relics":["construct:Cogwheel","Toxic Egg 2","Garlic","Replay:Bottled Snecko","Bag of Marbles","hubris:ClockworkCow","hubris:TerracottaHorce","halation:EternalFortune","halation:AfternoonTea","conspire:DeflatedDodgeball","theForsaken:HumbleEgg","halation:Prosthetics","ReplayTheSpireMod:TigerMarble","conspire:TopHat","Oddly Smooth Stone","Replay:Bandana","Gambling Chip","Golden Egg","Peace Pipe","hubris:Spice"],"acts_visited":["Exordium","Exordium","TheBeyond","TheEnding"],"potions_floor_usage":[11,14,16,20,25,29,33,33,33,33,39,39,54,55],"damage_taken":[{"damage":1,"enemies":"Jaw Worm","floor":1,"turns":5},{"damage":4,"enemies":"conspire:RoseBush","floor":2,"turns":2},{"damage":18,"enemies":"conspire:MimicChest","floor":4,"turns":6},{"damage":4,"enemies":"Replay:BlueRogue","floor":8,"turns":3},{"damage":0,"enemies":"2 Louse","floor":10,"turns":2},{"damage":0,"enemies":"Exordium Wildlife","floor":11,"turns":2},{"damage":4,"enemies":"conspire:2 RoseBushes","floor":13,"turns":5},{"damage":0,"enemies":"Gremlin Nob","floor":14,"turns":2},{"damage":0,"enemies":"Slime Boss","floor":16,"turns":4},{"damage":26,"enemies":"ruina:3_Bats","floor":18,"turns":4},{"damage":13,"enemies":"ruina:BadWolf","floor":20,"turns":3},{"damage":3,"enemies":"ruina:KingOfGreed","floor":22,"turns":5},{"damage":42,"enemies":"ruina:RoadHome","floor":24,"turns":5},{"damage":3,"enemies":"ruina:Woodsman","floor":25,"turns":3},{"damage":0,"enemies":"ruina:ServantOfWrath","floor":29,"turns":4},{"damage":5,"enemies":"ruina:QueenOfHate","floor":31,"turns":3},{"damage":28,"enemies":"ruina:JesterOfNihil","floor":33,"turns":7},{"damage":0,"enemies":"3 Darklings","floor":35,"turns":3},{"damage":0,"enemies":"3 Shapes","floor":38,"turns":5},{"damage":23,"enemies":"Jaw Worm Horde","floor":39,"turns":5},{"damage":34,"enemies":"Nemesis","floor":40,"turns":5},{"damage":0,"enemies":"Giant Head","floor":42,"turns":6},{"damage":0,"enemies":"Nemesis","floor":45,"turns":3},{"damage":0,"enemies":"Spire Growth","floor":47,"turns":3},{"damage":9,"enemies":"Transient","floor":48,"turns":5},{"damage":21,"enemies":"Awakened One","floor":50,"turns":7},{"damage":8,"enemies":"Shield and Spear","floor":54,"turns":6},{"damage":4,"enemies":"The Heart","floor":55,"turns":6}],"seed_played":"5181148617774408906","potions_obtained":[{"floor":1,"key":"SteroidPotion"},{"floor":4,"key":"EssenceOfSteel"},{"floor":10,"key":"FearPotion"},{"floor":11,"key":"PowerPotion"},{"floor":16,"key":"BlessingOfTheForge"},{"floor":18,"key":"Swift Potion"},{"floor":24,"key":"EntropicBrew"},{"floor":35,"key":"SpeedPotion"},{"floor":37,"key":"AttackPotion"},{"floor":39,"key":"FearPotion"},{"floor":42,"key":"EssenceOfSteel"},{"floor":45,"key":"construct:ShiftPotion"},{"floor":54,"key":"SkillPotion"}],"is_trial":false,"path_per_floor":["M","M","?","?","?","R","?","E","T","M","M","R","M","E","R_BF","B",null,"M","?","M","?","M","R","E","M","T","$","R","E","R","M","R","B",null,"M","AVR","?","M","M","E","$","E","T","R","E","R","M","M","R","B",null,"R","$","E","B",null],"character_chosen":"THE_CONSTRUCT_MOD","items_purchased":["construct:QuickAttack","conspire:DeflatedDodgeball","Master of Strategy+1","LifebloodPotion","Replay:Bandana","construct:Failsafe"],"campfire_rested":3,"item_purchase_floors":[0,27,41,41,41,53],"current_hp_per_floor":[84,80,80,62,62,62,62,58,58,58,58,58,54,54,54,54,77,51,54,41,33,30,56,14,11,11,11,37,51,51,46,46,18,44,44,44,44,44,21,3,3,19,19,33,42,42,45,36,36,15,43,43,43,43,39],"gold":123,"neow_bonus":"","is_daily":false,"chose_seed":false,"campfire_upgraded":4,"win_rate":0.0,"timestamp":1614018755,"path_taken":["M","M","?","?","?","R","?","E","T","?","M","R","M","E","R_BF","BOSS","M","?","M","?","M","R","E","?","T","$","R","E","R","M","R","BOSS","M","AVR","?","?","M","E","$","E","T","R","E","R","?","M","R","BOSS","R","$","E","BOSS"],"items_purchased_type":["Card","Relic","Card","Potion","Relic","Card"],"build_version":"2020-12-22","purchased_purges":3,"victory":true,"max_hp_per_floor":[85,85,85,85,85,85,85,85,85,85,85,85,85,85,85,85,85,85,88,88,88,88,88,88,88,88,88,88,88,88,88,88,88,53,53,53,53,53,53,51,51,49,49,49,49,49,52,52,52,52,52,52,52,60,60],"card_choices":[{"not_picked":["construct:ModeShift","construct:Backfire"],"picked":"construct:Missile","floor":1},{"not_picked":["construct:ElectricArmor","construct:SyphonStrike"],"picked":"construct:ScrapCannon","floor":2},{"not_picked":["construct:Electrocute","construct:ClusterMines"],"picked":"construct:ScopeCore+1","floor":4},{"not_picked":["construct:ModeShift+1","construct:Boost"],"picked":"construct:SiegeForm","floor":8},{"not_picked":["construct:Analyze+1","construct:ScrapCannon"],"picked":"construct:Autoturret","floor":10},{"not_picked":["construct:Zapper","construct:Missile"],"picked":"construct:Forcefield+1","floor":11},{"not_picked":["construct:Backfire","construct:SyphonStrike"],"picked":"construct:Electrocute","floor":13},{"not_picked":["construct:Chainstrike","construct:Autoturret"],"picked":"construct:Overcharge","floor":14},{"not_picked":["construct:MemoryTap+1","construct:HyperBeam"],"picked":"construct:Reserves+1","floor":16},{"not_picked":["construct:QuickAttack+1","construct:ScrapCannon+1"],"picked":"construct:OmegaCannon","floor":18},{"not_picked":["construct:SuppressiveFire","construct:Missile","construct:VentSteam+1"],"picked":"SKIP","floor":20},{"not_picked":["construct:SuppressiveFire","construct:Missile","construct:VentSteam+1"],"picked":"SKIP","floor":20},{"not_picked":["construct:Forcefield+1","construct:Anticipate+1","construct:Multistage+1"],"picked":"SKIP","floor":22},{"not_picked":["construct:OmegaCannon+1","construct:Anticipate+1","construct:ScrapCannon+1"],"picked":"SKIP","floor":24},{"not_picked":["construct:Autoturret+1","construct:VentSteam+1","construct:ScrapCannon"],"picked":"SKIP","floor":25},{"not_picked":["construct:Accumulate+1","construct:QuickAttack","construct:Boost+1"],"picked":"SKIP","floor":29},{"not_picked":["construct:VentSteam+1","construct:Boost+1","construct:ShiftStrike+1"],"picked":"SKIP","floor":31},{"not_picked":["construct:ShieldBurst","construct:Bunker"],"picked":"construct:HastyRepair+1","floor":33},{"not_picked":["construct:FierceBash+1","construct:Forcefield+1","construct:VentSteam+1"],"picked":"SKIP","floor":35},{"not_picked":["construct:SaveState+1","construct:ScrapCannon+1"],"picked":"construct:Zapper+1","floor":38},{"not_picked":["construct:Versatility+1","construct:Analyze+1"],"picked":"construct:HammerDown","floor":39},{"not_picked":["construct:Overcharge","construct:HardReboot+1"],"picked":"construct:Reinforce+1","floor":40},{"not_picked":["construct:Accumulate+1","construct:Anticipate+1"],"picked":"construct:Reinforce+1","floor":42},{"not_picked":["construct:Zapper+1","construct:HyperBeam"],"picked":"construct:ForceCore+1","floor":45},{"not_picked":["construct:Missile+1","construct:SyphonStrike+1","construct:BatteryAcid+1"],"picked":"SKIP","floor":47},{"not_picked":["construct:ShiftStrike+1","construct:FierceBash+1","construct:ModeShift+1"],"picked":"SKIP","floor":48},{"not_picked":["construct:ShiftStrike+1","construct:FierceBash+1","construct:ModeShift+1"],"picked":"SKIP","floor":48},{"not_picked":["construct:Missile","construct:Anticipate+1","construct:LaserCore+1"],"picked":"SKIP","floor":54}],"player_experience":506844,"relics_obtained":[{"floor":4,"key":"Garlic"},{"floor":8,"key":"Replay:Bottled Snecko"},{"floor":9,"key":"Bag of Marbles"},{"floor":14,"key":"hubris:ClockworkCow"},{"floor":24,"key":"halation:AfternoonTea"},{"floor":29,"key":"theForsaken:HumbleEgg"},{"floor":37,"key":"conspire:TopHat"},{"floor":40,"key":"Oddly Smooth Stone"},{"floor":42,"key":"Gambling Chip"},{"floor":43,"key":"Golden Egg"},{"floor":45,"key":"Peace Pipe"},{"floor":47,"key":"halation:EternalFortune"},{"floor":54,"key":"hubris:Spice"}],"event_choices":[{"damage_healed":0,"gold_gain":0,"player_choice":"2 cards matched","damage_taken":0,"max_hp_gain":0,"max_hp_loss":0,"event_name":"Match and Keep!","floor":7,"gold_loss":0,"cards_obtained":["construct:HyperBeam","construct:VentSteam"]}],"is_beta":false,"boss_relics":[{"not_picked":["hubris:HollowSoul","aspiration:SecretTechniqueScroll"],"picked":"hubris:TerracottaHorce"},{"not_picked":["conspire:SlowCooker","aspiration:RunesmithSkillbook"],"picked":"halation:Prosthetics"}],"items_purged_floors":[0,27,36],"is_endless":false,"potions_floor_spawned":[1,4,10,11,16,18,24,35,39,42,45,54],"ascension_level":5}}