{"host":"6fvsmq01sdgzycy0","time":1614014251,"event":{"mods":["ATMod(∞¢Ë™Mod)","Act Like it!","Arknights","BaseMod","Challenge The Spire","Energized Spire","Friendly Minions","Gensokyo","GifTheSpireLib","Hunter ¡‘»À","Luminous","Minty Spire (QoL Compilation)","StSLib","Td1madao Mod","UnlockEverythingMod","Yuyuko"],"gold_per_floor":[141,48,66,85,329,329,358,358,358,358,406,440,456,520,520,520,520],"floor_reached":16,"language":"ZHS","playtime":1490,"items_purged":[],"score":152,"play_id":"c58d47fb-194b-4aa6-97e0-3b4d311ebdaf","local_time":"20210223011731","is_ascension_mode":true,"campfire_choices":[{"floor":6.0,"key":"REST"},{"data":"Upgrade_Giant","floor":8.0,"key":"SMITH"},{"data":"CultistPetCall","floor":15,"key":"SMITH"}],"circlet_count":0,"master_deck":["Strike_Giant","Strike_Giant","Defend_Giant","Defend_Giant","Defend_Giant","Defend_Giant","CultistPetCall+1","EagleFirst","EagleFirst","EagleSecond","CultistPetCall","TakeAction_Giant","HealerPetCall","Upgrade_Giant+1","GremlinTsunderePetCall+1","Random Death Rattle"],"relics":["GiantSoulBox","AT_ATBox","Smiling Mask","Gensokyo:Companionship","Pocketwatch","GiantSoulStone","Incense Burner"],"acts_visited":["Exordium"],"potions_floor_usage":[13,13,13,16],"damage_taken":[{"damage":9.0,"enemies":"Gensokyo:2_Kodama","floor":1.0,"turns":5.0},{"damage":12.0,"enemies":"Gensokyo:Gryphon","floor":3.0,"turns":4.0},{"damage":9.0,"enemies":"Gensokyo:Python","floor":4.0,"turns":4.0},{"damage":24.0,"enemies":"Gensokyo:3_Kodama","floor":5.0,"turns":8.0},{"damage":9.0,"enemies":"Gensokyo:Cirno","floor":7.0,"turns":4.0},{"damage":1.0,"enemies":"Gensokyo:Python_and_Kodama","floor":11.0,"turns":6.0},{"damage":21.0,"enemies":"Gensokyo:Mamizou","floor":12.0,"turns":6.0},{"damage":0,"enemies":"Gensokyo:5_Fairies","floor":13,"turns":4},{"damage":43,"enemies":"Gensokyo:Cirno","floor":14,"turns":7},{"damage":90,"enemies":"Gensokyo:Reimu","floor":16,"turns":8}],"seed_played":"-3147500502716403831","potions_obtained":[{"floor":1.0,"key":"DistilledChaos"},{"floor":4.0,"key":"EntropicBrew"},{"floor":14,"key":"SpeedPotion"}],"is_trial":false,"path_per_floor":["M","COS","M","M","M","R","E","R","T","?","M","E","M","E","R","B"],"character_chosen":"Giant","items_purchased":[],"campfire_rested":1,"item_purchase_floors":[],"current_hp_per_floor":[62,62,50,41,22,44,41,41,41,41,51,38,48,26,26,0,0],"gold":520,"neow_bonus":"TEN_PERCENT_HP_BONUS","is_daily":false,"chose_seed":false,"campfire_upgraded":2,"win_rate":0.0,"timestamp":1614014251,"path_taken":["M","COS","?","M","M","R","E","R","T","?","?","E","M","E","R","BOSS"],"items_purchased_type":[],"build_version":"2020-12-22","purchased_purges":0,"victory":false,"max_hp_per_floor":[71,71,71,71,76,76,76,76,76,76,81,81,81,86,86,86,86],"card_choices":[{"not_picked":["Seek Pet","TakeAction_Giant"],"picked":"CultistPetCall","floor":1.0},{"not_picked":["Echo Defend Giant","Seek Pet"],"picked":"TakeAction_Giant","floor":3.0},{"not_picked":["Combo Recycle","The End Giant","Trace_Giant"],"picked":"SKIP","floor":4.0},{"not_picked":["Ready_Giant","Combo Recycle"],"picked":"HealerPetCall","floor":5.0},{"not_picked":["Mana Growth","The End Giant"],"picked":"Upgrade_Giant","floor":7.0},{"not_picked":["HealerPetCall","Backward Giant"],"picked":"Random Death Rattle","floor":11.0},{"not_picked":["Fanatic Cultist","Retain Combo","ByrdPetCall"],"picked":"SKIP","floor":12.0},{"not_picked":["AttackPoison_Giant","Commander_Giant","EagleSecond"],"picked":"SKIP","floor":13},{"not_picked":["Ready_Giant","TakeAction_Giant","GremlinTsunderePetCall"],"picked":"SKIP","floor":14}],"player_experience":53849,"relics_obtained":[{"floor":7.0,"key":"Smiling Mask"},{"floor":12.0,"key":"Pocketwatch"},{"floor":14,"key":"GiantSoulStone"},{"floor":14,"key":"Incense Burner"}],"event_choices":[],"is_beta":false,"boss_relics":[],"items_purged_floors":[],"is_endless":false,"potions_floor_spawned":[1,4,13,14],"killed_by":"Gensokyo:Reimu","ascension_level":1}}