{"host":"ormi09wwzv7sq47a","time":1614012141,"event":{"mods":["2.2 Compatiblity","AchievementEnabler","Act Like it!","BaseMod","Bestiary","Better Altar","Better Note","Better Sensory Stone","Better Silent Start","Better Skull","Better Third Choice","Better Vampires","BetterRewards","Block Reminder","Card Forge","Colored Map","Colored Powertips","Curses Come First","DeckTracker","Downfall","Highlight Path","Minty Spire (QoL Compilation)","Permanent Neow","Quick Restart","Rare Cards Sparkle","Relic Stats","Shop Mod","StSLib","The Jungle"],"gold_per_floor":[116,16,35,52,72,72,107,117,117,117,117,132,132,166,166,261,261,279,291,308,308,308,335,335,663,663,78,98,20,20,35,35,130,130,143,143,18,33,33,33,45,45,45,0,33,48,48,67,67,67,67,67,16,51,51,51,51],"floor_reached":55,"language":"ENG","playtime":4145,"items_purged":["champ:Execute","champ:Defend","champ:Strike"],"score":1438,"play_id":"07634e15-f1a8-41e7-b25c-0e383c12ed2d","local_time":"20210222134221","is_ascension_mode":true,"campfire_choices":[{"data":"champ:PerfectedStrike","floor":6.0,"key":"SMITH"},{"data":"champ:PerfectedStrike","floor":11.0,"key":"SMITH"},{"data":"champ:TripleStrike","floor":13,"key":"SMITH"},{"data":"champ:EnragedBash","floor":15,"key":"SMITH"},{"data":"champ:RageSigil","floor":24,"key":"SMITH"},{"data":"Apotheosis","floor":30,"key":"SMITH"},{"data":"champ:Taunt","floor":32,"key":"SMITH"},{"data":"champ:Improvising","floor":40,"key":"SMITH"},{"data":"champ:FlashCut","floor":42,"key":"SMITH"},{"floor":47,"key":"RECALL"},{"data":"champ:Endure","floor":49,"key":"SMITH"},{"data":"champ:EnGarde","floor":52,"key":"SMITH"}],"circlet_count":0,"master_deck":["champ:Strike","champ:Strike","champ:Strike","champ:Defend","champ:Defend+1","champ:Defend+1","champ:Taunt+1","champ:PerfectedStrike+1","champ:RageSigil+1","champ:TripleStrike+1","champ:CrookedStrike","champ:PerfectedStrike+1","champ:EnragedBash+1","champ:CheapShot","champ:Endure+1","champ:FlashCut+1","champ:CheapShot","champ:EnGarde+1","champ:Backstep","champ:Duel+1","champ:EnchantSword","champ:Backstep","Apotheosis+1","champ:BerserkersShout+1","champ:CheapShot","champ:Improvising+1","champ:PerfectedStrike+1","champ:Backstep+1","Writhe","champ:StanceDance+1","champ:StanceDance+1","champ:FanOfKnives+1","champ:ArenaPreparation+1","champ:EnGarde+1"],"relics":["champ:ChampionCrown","Hammer of Thor","Seething Fire","Anvil of the Gods","Lee\u0027s Waffle","Turnip","StoneCalendar","War Paint","Dead Branch","Boot","Juzu Bracelet","sneckomod:SneckoTalon","Letter Opener","Blue Candle","champ:DuelingGlove","Old Coin","Medical Kit","Question Card","champ:PowerArmor","HornCleat","Red Mask","Dream Catcher","Ice Cream"],"acts_visited":["Exordium","TheCity","TheBeyond","TheEnding"],"potions_floor_usage":[14,20,31,33,33,33,50,54,54,55],"damage_taken":[{"damage":2.0,"enemies":"Cultist","floor":1.0,"turns":4.0},{"damage":0.0,"enemies":"Jaw Worm","floor":3.0,"turns":3.0},{"damage":7.0,"enemies":"Small Slimes","floor":4.0,"turns":2.0},{"damage":37.0,"enemies":"Gremlin Gang","floor":5.0,"turns":6.0},{"damage":32.0,"enemies":"Lagavulin","floor":7.0,"turns":5.0},{"damage":7.0,"enemies":"3 Louse","floor":8.0,"turns":3.0},{"damage":10,"enemies":"Large Slime","floor":12,"turns":5},{"damage":0,"enemies":"Gremlin Nob","floor":14,"turns":3},{"damage":5,"enemies":"Slime Boss","floor":16,"turns":7},{"damage":25,"enemies":"3 Byrds","floor":18,"turns":4},{"damage":5,"enemies":"Spheric Guardian","floor":19,"turns":3},{"damage":18,"enemies":"Snake Plant","floor":20,"turns":3},{"damage":28,"enemies":"Slavers","floor":23,"turns":5},{"damage":6,"enemies":"Gremlin Leader","floor":25,"turns":4},{"damage":0,"enemies":"Snecko","floor":28,"turns":4},{"damage":5,"enemies":"Shelled Parasite and Fungi","floor":31,"turns":3},{"damage":57,"enemies":"Collector","floor":33,"turns":7},{"damage":38,"enemies":"3 Darklings","floor":35,"turns":5},{"damage":21,"enemies":"Orb Walker","floor":38,"turns":2},{"damage":11,"enemies":"Transient","floor":41,"turns":5},{"damage":21,"enemies":"Giant Head","floor":45,"turns":5},{"damage":26,"enemies":"3 Darklings","floor":46,"turns":5},{"damage":21,"enemies":"Maw","floor":48,"turns":6},{"damage":80,"enemies":"Awakened One","floor":50,"turns":9},{"damage":24,"enemies":"Shield and Spear","floor":54,"turns":6},{"damage":128,"enemies":"The Heart","floor":55,"turns":5}],"seed_played":"-7380108294360106200","potions_obtained":[{"floor":1.0,"key":"GamblersBrew"},{"floor":4.0,"key":"EntropicBrew"},{"floor":7.0,"key":"SkillPotion"},{"floor":14,"key":"ColorlessPotion"},{"floor":20,"key":"Weak Potion"},{"floor":23,"key":"PowerPotion"},{"floor":31,"key":"AttackPotion"},{"floor":38,"key":"BlessingOfTheForge"},{"floor":46,"key":"LiquidMemories"},{"floor":48,"key":"sneckomod:MuddlingPotion"}],"is_trial":false,"path_per_floor":["M","$","M","M","M","R","E","M","T","?","R","M","R","E","R","B",null,"M","M","M","?","?","E","R","E","T","$","M","$","R","M","R","B",null,"M","?","$","M","?","R","M","R","T","?","E","M","R","M","R","B",null,"R","$","E","B"],"character_chosen":"THE_CHAMP","items_purchased":["Lee\u0027s Waffle","Turnip","champ:PerfectedStrike","War Paint","Regen Potion","Medical Kit","Question Card","Apotheosis","DistilledChaos","PowerPotion"],"campfire_rested":0,"item_purchase_floors":[0,0,0,0,0,27,27,27,29,53],"current_hp_per_floor":[95,95,95,88,96,96,69,67,67,77,77,77,77,77,77,77,100,100,100,87,87,82,59,59,58,58,58,58,58,58,58,58,29,88,65,65,65,59,86,86,80,80,80,80,79,78,78,77,77,42,91,91,91,82,0,0,0],"gold":51,"neow_bonus":"","is_daily":false,"chose_seed":false,"campfire_upgraded":11,"win_rate":0.0,"timestamp":1614012141,"path_taken":["M","?","M","M","M","R","E","M","T","?","R","M","R","E","R","BOSS","M","M","M","?","?","E","R","E","T","?","M","$","R","M","R","BOSS","M","?","$","M","?","R","M","R","T","?","E","M","R","M","R","BOSS","R","$","E","BOSS"],"items_purchased_type":["Relic","Relic","Card","Relic","Potion","Relic","Relic","Card","Potion","Potion"],"build_version":"2020-12-22","purchased_purges":3,"victory":false,"max_hp_per_floor":[97,97,97,97,97,97,97,97,97,107,107,107,107,107,107,107,107,107,107,107,107,107,107,107,107,107,107,107,107,107,107,107,107,107,107,107,107,107,107,107,107,107,107,107,107,107,107,107,107,107,107,107,107,107,107,107,107],"relic_stats":{"Lee\u0027s Waffle":60,"counters":[524,2446],"Dead Branch":[92],"Blue Candle":[11],"StoneCalendar":[168],"Juzu Bracelet":3,"Letter Opener":[751],"War Paint":["champ:Defend","champ:Defend"],"Boot":[38],"Medical Kit":[20],"Question Card":10,"Dream Catcher":0,"Turnip":[17],"obtain_stats":[{"Guardian:StasisEgg":37,"Ginger":0,"Whetstone":26,"Sling":0,"Boot":53,"Old Coin":43,"Guardian:PickAxe":14,"Blood Vial":23,"Sundial":30,"MealTicket":0,"Kunai":53,"champ:FightingForDummies":24,"MerchantsRug":21,"Pear":40,"Blue Candle":0,"Eternal Feather":9,"Pen Nib":44,"Guardian:PocketSentry":6,"Akabeko":0,"champ:PowerArmor":34,"MutagenicStrength":22,"Bird Faced Urn":0,"Snecko Eye":17,"Pandora\u0027s Box":34,"StrikeDummy":43,"Unceasing Top":7,"Guardian:StasisSlotReductionRelic":17,"Lantern":29,"Regal Pillow":7,"Torii":12,"Singing Bowl":21,"Guardian:StasisCodex":54,"StoneCalendar":38,"champ:ChampionCrown":0,"Bag of Preparation":21,"Ancient Tea Set":26,"Smiling Mask":30,"Cursed Key":17,"Matryoshka":9,"Shovel":40,"WingedGreaves":37,"champ:BerserkersGuideToSlaughter":38,"InkBottle":47,"Lee\u0027s Waffle":0,"Golden Idol":13,"bronze:DecasWashers":31,"Thread and Needle":12,"PreservedInsect":17,"The Courier":34,"Omamori":46,"Seething Fire":0,"Frozen Egg 2":9,"MawBank":9,"champ:GladiatorsBookOfMartialProwess":29,"Ornamental Fan":45,"betterThird:SlimedRelic":2,"Turnip":0,"Ectoplasm":17,"Art of War":48,"Bottled Lightning":26,"hexamod:BolsterEngine":13,"Toy Ornithopter":44,"Ice Cream":31,"champ:DuelingGlove":0,"Calipers":30,"Tiny House":17,"Gremlin Horn":26,"Nilry\u0027s Codex":25,"CeramicFish":7,"Vajra":31,"Guardian:SackOfGems":23,"Hammer of Thor":0,"Lizard Tail":0,"Centennial Puzzle":29,"HornCleat":22,"DollysMirror":31,"Strawberry":10,"Prayer Wheel":17,"Philosopher\u0027s Stone":34,"Toxic Egg 2":29,"Girya":10,"Guardian:BottledStasis":36,"Happy Flower":54,"Astrolabe":17,"Dead Branch":0,"Guardian:ModeShifter":0,"Oddly Smooth Stone":37,"Letter Opener":9,"War Paint":9,"Question Card":40,"sneckomod:SneckoTalon":17,"Du-Vu Doll":0,"OrangePellets":0,"Bottled Flame":26,"Shuriken":26,"Anvil of the Gods":0,"Bronze Scales":0,"Molten Egg 2":19,"Slimebound:PreparedRelic":0,"Black Star":34,"Nloth\u0027s Gift":22,"theJungle:WildStrawberry":20,"Pocketwatch":7,"Meat on the Bone":24,"Darkstone Periapt":17,"Guardian:ModeShifterPlus":34,"Mango":0,"Incense Burner":7,"Juzu Bracelet":7,"Empty Cage":17,"Dream Catcher":14,"Nunchaku":0,"Mummified Hand":8,"Slimebound:StickyStick":39,"Gambling Chip":0,"Tiny Chest":25,"Red Mask":44,"Orichalcum":43,"Odd Mushroom":10,"Medical Kit":0,"White Beast Statue":21,"Mercury Hourglass":45,"Calling Bell":17,"Peace Pipe":0,"Guardian:StasisUpgradeRelic":53,"CaptainsWheel":9,"Anchor":9,"Bag of Marbles":48,"Coffee Dripper":17,"Membership Card":21,"FossilizedHelix":38,"TungstenRod":26,"champ:SpectersHand":43},{"Guardian:StasisEgg":218,"Ginger":39,"Whetstone":249,"Sling":39,"Boot":346,"Old Coin":342,"Guardian:PickAxe":24,"Blood Vial":51,"Sundial":12,"MealTicket":171,"Kunai":109,"champ:FightingForDummies":464,"MerchantsRug":96,"Pear":320,"Blue Candle":136,"Eternal Feather":44,"Pen Nib":35,"Guardian:PocketSentry":44,"Akabeko":84,"champ:PowerArmor":515,"MutagenicStrength":180,"Bird Faced Urn":225,"Snecko Eye":246,"Pandora\u0027s Box":14,"StrikeDummy":256,"Unceasing Top":69,"Guardian:StasisSlotReductionRelic":7,"Lantern":29,"Regal Pillow":329,"Torii":143,"Singing Bowl":209,"Guardian:StasisCodex":65,"StoneCalendar":189,"champ:ChampionCrown":0,"Bag of Preparation":96,"Ancient Tea Set":28,"Smiling Mask":99,"Cursed Key":177,"Matryoshka":194,"Shovel":220,"WingedGreaves":318,"champ:BerserkersGuideToSlaughter":470,"InkBottle":37,"Lee\u0027s Waffle":162,"Golden Idol":5,"bronze:DecasWashers":466,"Thread and Needle":331,"PreservedInsect":25,"The Courier":276,"Omamori":106,"Seething Fire":0,"Frozen Egg 2":89,"MawBank":204,"champ:GladiatorsBookOfMartialProwess":439,"Ornamental Fan":423,"betterThird:SlimedRelic":40,"Turnip":66,"Ectoplasm":460,"Art of War":133,"Bottled Lightning":10,"hexamod:BolsterEngine":45,"Toy Ornithopter":105,"Ice Cream":275,"champ:DuelingGlove":429,"Calipers":124,"Tiny House":333,"Gremlin Horn":52,"Nilry\u0027s Codex":149,"CeramicFish":305,"Vajra":30,"Guardian:SackOfGems":210,"Hammer of Thor":0,"Lizard Tail":17,"Centennial Puzzle":53,"HornCleat":50,"DollysMirror":99,"Strawberry":90,"Prayer Wheel":25,"Philosopher\u0027s Stone":186,"Toxic Egg 2":215,"Girya":80,"Guardian:BottledStasis":277,"Happy Flower":110,"Astrolabe":47,"Dead Branch":111,"Guardian:ModeShifter":0,"Oddly Smooth Stone":32,"Letter Opener":242,"War Paint":69,"Question Card":255,"sneckomod:SneckoTalon":507,"Du-Vu Doll":288,"OrangePellets":111,"Bottled Flame":123,"Shuriken":97,"Anvil of the Gods":0,"Bronze Scales":162,"Molten Egg 2":486,"Slimebound:PreparedRelic":477,"Black Star":100,"Nloth\u0027s Gift":209,"theJungle:WildStrawberry":462,"Pocketwatch":116,"Meat on the Bone":248,"Darkstone Periapt":25,"Guardian:ModeShifterPlus":55,"Mango":402,"Incense Burner":4,"Juzu Bracelet":168,"Empty Cage":383,"Dream Catcher":6,"Nunchaku":66,"Mummified Hand":141,"Slimebound:StickyStick":444,"Gambling Chip":348,"Tiny Chest":123,"Red Mask":518,"Orichalcum":34,"Odd Mushroom":331,"Medical Kit":66,"White Beast Statue":96,"Mercury Hourglass":157,"Calling Bell":25,"Peace Pipe":76,"Guardian:StasisUpgradeRelic":109,"CaptainsWheel":4,"Anchor":21,"Bag of Marbles":63,"Coffee Dripper":485,"Membership Card":96,"FossilizedHelix":58,"TungstenRod":212,"champ:SpectersHand":471},{"Guardian:StasisEgg":983,"Ginger":211,"Whetstone":1148,"Sling":211,"Boot":1601,"Old Coin":1571,"Guardian:PickAxe":121,"Blood Vial":270,"Sundial":61,"MealTicket":775,"Kunai":521,"champ:FightingForDummies":2179,"MerchantsRug":476,"Pear":1454,"Blue Candle":609,"Eternal Feather":237,"Pen Nib":184,"Guardian:PocketSentry":237,"Akabeko":446,"champ:PowerArmor":2398,"MutagenicStrength":815,"Bird Faced Urn":1021,"Snecko Eye":1137,"Pandora\u0027s Box":75,"StrikeDummy":1185,"Unceasing Top":367,"Guardian:StasisSlotReductionRelic":38,"Lantern":150,"Regal Pillow":1502,"Torii":640,"Singing Bowl":955,"Guardian:StasisCodex":340,"StoneCalendar":861,"champ:ChampionCrown":0,"Bag of Preparation":476,"Ancient Tea Set":145,"Smiling Mask":485,"Cursed Key":801,"Matryoshka":883,"Shovel":992,"WingedGreaves":1450,"champ:BerserkersGuideToSlaughter":2199,"InkBottle":196,"Lee\u0027s Waffle":727,"Golden Idol":22,"bronze:DecasWashers":2183,"Thread and Needle":1508,"PreservedInsect":130,"The Courier":1282,"Omamori":510,"Seething Fire":0,"Frozen Egg 2":456,"MawBank":929,"champ:GladiatorsBookOfMartialProwess":2046,"Ornamental Fan":1976,"betterThird:SlimedRelic":214,"Turnip":349,"Ectoplasm":2160,"Art of War":591,"Bottled Lightning":50,"hexamod:BolsterEngine":240,"Toy Ornithopter":504,"Ice Cream":1273,"champ:DuelingGlove":2006,"Calipers":565,"Tiny House":1521,"Gremlin Horn":274,"Nilry\u0027s Codex":664,"CeramicFish":1404,"Vajra":154,"Guardian:SackOfGems":959,"Hammer of Thor":0,"Lizard Tail":91,"Centennial Puzzle":277,"HornCleat":266,"DollysMirror":485,"Strawberry":460,"Prayer Wheel":130,"Philosopher\u0027s Stone":845,"Toxic Egg 2":974,"Girya":426,"Guardian:BottledStasis":1284,"Happy Flower":525,"Astrolabe":259,"Dead Branch":532,"Guardian:ModeShifter":0,"Oddly Smooth Stone":167,"Letter Opener":1119,"War Paint":367,"Question Card":1177,"sneckomod:SneckoTalon":2365,"Du-Vu Doll":1325,"OrangePellets":532,"Bottled Flame":561,"Shuriken":479,"Anvil of the Gods":0,"Bronze Scales":727,"Molten Egg 2":2260,"Slimebound:PreparedRelic":2231,"Black Star":490,"Nloth\u0027s Gift":955,"theJungle:WildStrawberry":2170,"Pocketwatch":545,"Meat on the Bone":1146,"Darkstone Periapt":130,"Guardian:ModeShifterPlus":288,"Mango":1875,"Incense Burner":18,"Juzu Bracelet":761,"Empty Cage":1775,"Dream Catcher":28,"Nunchaku":349,"Mummified Hand":631,"Slimebound:StickyStick":2073,"Gambling Chip":1619,"Tiny Chest":561,"Red Mask":2410,"Orichalcum":177,"Odd Mushroom":1508,"Medical Kit":349,"White Beast Statue":476,"Mercury Hourglass":698,"Calling Bell":130,"Peace Pipe":412,"Guardian:StasisUpgradeRelic":521,"CaptainsWheel":18,"Anchor":107,"Bag of Marbles":326,"Coffee Dripper":2256,"Membership Card":476,"FossilizedHelix":296,"TungstenRod":962,"champ:SpectersHand":2204}]},"card_choices":[{"not_picked":["champ:CrownThrow","champ:EnGarde"],"picked":"champ:RageSigil","floor":1.0},{"not_picked":["champ:Backstep","champ:FlashCut"],"picked":"champ:TripleStrike","floor":3.0},{"not_picked":["champ:Shatter","champ:Encircle"],"picked":"champ:CrookedStrike","floor":4.0},{"not_picked":["champ:FocusedBerserking","champ:Duel"],"picked":"champ:PerfectedStrike","floor":5.0},{"not_picked":["champ:CrownThrow","champ:Parry"],"picked":"champ:EnragedBash","floor":7.0},{"not_picked":["champ:StanceDance","champ:FanOfKnives"],"picked":"champ:CheapShot","floor":8.0},{"not_picked":["champ:FalseCounter","champ:Duel"],"picked":"champ:Endure","floor":12},{"not_picked":["champ:Haymaker","champ:ShieldWall"],"picked":"champ:FlashCut","floor":14},{"not_picked":["champ:Devastate","champ:TripleStrike"],"picked":"champ:CheapShot","floor":16},{"not_picked":["champ:FlashCut","champ:FocusedDefense"],"picked":"champ:EnGarde","floor":18},{"not_picked":["champ:FaceSlap","champ:DefensiveShout"],"picked":"champ:Backstep","floor":19},{"not_picked":["champ:ArenaPreparation","champ:Circumvent"],"picked":"champ:Duel+1","floor":20},{"not_picked":["champ:PreciseThrust","champ:RapidStrikes"],"picked":"champ:EnchantSword","floor":23},{"not_picked":["champ:ViciousMockery","champ:FanOfKnives"],"picked":"champ:Backstep","floor":25},{"not_picked":["champ:BladeFlurry","champ:Backstep+1","champ:BringItOn"],"picked":"champ:BerserkersShout+1","floor":28},{"not_picked":["champ:FlashCut","champ:Haymaker","champ:GutPunch"],"picked":"champ:CheapShot","floor":31},{"not_picked":["champ:SwordThrow","champ:GladiatorForm","champ:MurderStrike"],"picked":"champ:Improvising","floor":33},{"not_picked":["champ:PreemptiveStrike","champ:ArenaPreparation","champ:RapidStrikes+1"],"picked":"champ:PerfectedStrike+1","floor":35},{"not_picked":["champ:Shatter","champ:BladeFlurry","champ:BerserkersShout"],"picked":"champ:Backstep+1","floor":38},{"not_picked":["champ:PreciseThrust","champ:FanOfKnives+1","champ:BerserkersShout"],"picked":"champ:StanceDance+1","floor":41},{"not_picked":["champ:BladeFlurry+1","champ:EnragedBash","champ:Encircle+1"],"picked":"champ:StanceDance+1","floor":45},{"not_picked":["champ:BladeFlurry+1","champ:DefensiveShout+1","champ:AdrenalArmor+1"],"picked":"champ:FanOfKnives+1","floor":46},{"not_picked":["champ:HeartStrike","champ:FanOfKnives","champ:AdrenalArmor"],"picked":"champ:ArenaPreparation+1","floor":48},{"not_picked":["champ:RisingSlash","champ:EnchantShield","champ:BringItOn"],"picked":"champ:EnGarde+1","floor":54}],"player_experience":1142772,"relics_obtained":[{"floor":7.0,"key":"Dead Branch"},{"floor":9.0,"key":"Boot"},{"floor":14,"key":"Juzu Bracelet"},{"floor":23,"key":"champ:DuelingGlove"},{"floor":25,"key":"Old Coin"},{"floor":43,"key":"HornCleat"},{"floor":45,"key":"Dream Catcher"},{"floor":54,"key":"Ice Cream"}],"event_choices":[{"damage_healed":0,"gold_gain":0,"player_choice":"Opened","damage_taken":0,"relics_obtained":["Letter Opener"],"max_hp_gain":0,"max_hp_loss":0,"event_name":"The Mausoleum","floor":21,"gold_loss":0,"cards_obtained":["Writhe"]},{"cards_removed":["Writhe"],"damage_healed":0,"gold_gain":0,"player_choice":"Removed Curses","damage_taken":0,"max_hp_gain":0,"max_hp_loss":0,"event_name":"Fountain of Cleansing","floor":36,"gold_loss":0},{"damage_healed":27,"gold_gain":0,"player_choice":"Writhe","damage_taken":0,"max_hp_gain":0,"max_hp_loss":0,"event_name":"Winding Halls","floor":39,"gold_loss":0,"cards_obtained":["Writhe"]},{"damage_healed":0,"gold_gain":0,"player_choice":"Paid","damage_taken":0,"relics_obtained":["Red Mask"],"max_hp_gain":0,"max_hp_loss":0,"event_name":"Tomb of Lord Red Mask","floor":44,"gold_loss":45}],"is_beta":false,"boss_relics":[{"not_picked":["SlaversCollar","Tiny House"],"picked":"sneckomod:SneckoTalon"},{"not_picked":["Calling Bell","Black Star"],"picked":"champ:PowerArmor"}],"items_purged_floors":[0,2,37],"is_endless":false,"potions_floor_spawned":[1,4,7,14,20,23,28,31,38,46,48],"killed_by":"The Heart","ascension_level":7}}