{"host":"og6lam4kt3nibbw0","time":1614009002,"event":{"mods":["AchievementEnabler","BaseMod","Colored Map","DeckTracker","Highlight Path","Keyboard Shortcuts","Minty Spire (QoL Compilation)","Permanent Neow","Quick Restart","StSLib","SuperFastMode"],"gold_per_floor":[11,21,37,56,56,76,103,120,120,120,45,45,45,57,57,57,57],"floor_reached":16,"language":"KOR","playtime":464,"items_purged":["Strike_R"],"score":208,"play_id":"5b7fe1c1-eb05-4bb3-bd23-c44790d7dfe7","local_time":"20210223005002","is_ascension_mode":true,"campfire_choices":[{"data":"Double Tap","floor":12.0,"key":"SMITH"},{"floor":15.0,"key":"REST"}],"circlet_count":0,"master_deck":["AscendersBane","Strike_R","Defend_R","Defend_R","Defend_R","Defend_R","Bash","Pommel Strike","Cleave","Double Tap+1","True Grit","Ghostly Armor","Wild Strike"],"relics":["Burning Blood","Pen Nib","Gremlin Horn"],"acts_visited":[],"potions_floor_usage":[16,16],"damage_taken":[{"damage":3.0,"enemies":"Small Slimes","floor":1.0,"turns":5.0},{"damage":2.0,"enemies":"Cultist","floor":2.0,"turns":4.0},{"damage":2.0,"enemies":"Jaw Worm","floor":3.0,"turns":3.0},{"damage":7.0,"enemies":"3 Louse","floor":4.0,"turns":3.0},{"damage":11.0,"enemies":"Exordium Wildlife","floor":6.0,"turns":5.0},{"damage":40.0,"enemies":"Lagavulin","floor":7.0,"turns":5.0},{"damage":8.0,"enemies":"Red Slaver","floor":8.0,"turns":4.0},{"damage":13.0,"enemies":"Blue Slaver","floor":14.0,"turns":4.0},{"damage":35,"enemies":"Hexaghost","floor":16,"turns":8}],"seed_played":"4829166528081593461","potions_obtained":[{"floor":2.0,"key":"LiquidBronze"},{"floor":3.0,"key":"Ancient Potion"},{"floor":5.0,"key":"Strength Potion"},{"floor":8.0,"key":"LiquidBronze"}],"is_trial":false,"path_per_floor":["M","M","M","M","?","M","E","M","T","?","$","R","?","M","R","B"],"character_chosen":"IRONCLAD","items_purchased":[],"campfire_rested":1,"item_purchase_floors":[],"current_hp_per_floor":[71,75,75,74,74,69,35,33,33,33,33,33,26,19,41,6,6],"gold":57,"neow_bonus":"REMOVE_TWO","is_daily":false,"chose_seed":false,"campfire_upgraded":1,"win_rate":0.0,"timestamp":1614009002,"path_taken":["M","M","M","M","?","M","E","?","T","?","$","R","?","M","R","BOSS"],"items_purchased_type":[],"build_version":"2020-12-22","purchased_purges":1,"victory":false,"max_hp_per_floor":[75,75,75,75,75,75,75,75,75,75,75,75,75,75,75,75,75],"card_choices":[{"not_picked":["Shrug It Off","Iron Wave"],"picked":"Pommel Strike","floor":1.0},{"not_picked":["Disarm","Sever Soul"],"picked":"Cleave","floor":2.0},{"not_picked":["Warcry","Anger","Perfected Strike"],"picked":"SKIP","floor":3.0},{"not_picked":["True Grit","Flex"],"picked":"Double Tap","floor":4.0},{"not_picked":["Disarm","Pommel Strike"],"picked":"True Grit","floor":6.0},{"not_picked":["Havoc","Headbutt"],"picked":"Ghostly Armor","floor":7.0},{"not_picked":["Havoc","Sword Boomerang","Cleave"],"picked":"SKIP","floor":8.0},{"not_picked":["Thunderclap","Brutality"],"picked":"Wild Strike","floor":14.0}],"player_experience":988736,"relics_obtained":[{"floor":7.0,"key":"Pen Nib"},{"floor":9.0,"key":"Gremlin Horn"}],"event_choices":[{"damage_healed":0.0,"max_hp_gain":0.0,"max_hp_loss":0.0,"gold_gain":0.0,"event_name":"Lab","player_choice":"Got Potions","floor":5.0,"gold_loss":0.0,"damage_taken":0.0},{"damage_healed":0.0,"max_hp_gain":0.0,"max_hp_loss":0.0,"gold_gain":0.0,"event_name":"Shining Light","player_choice":"Ignored","floor":10.0,"gold_loss":0.0,"damage_taken":0.0},{"cards_removed":["Strike_R"],"damage_healed":0.0,"max_hp_gain":0.0,"max_hp_loss":0.0,"gold_gain":0.0,"event_name":"Golden Wing","player_choice":"Card Removal","floor":13.0,"gold_loss":0.0,"damage_taken":7.0}],"is_beta":false,"boss_relics":[],"items_purged_floors":[11],"is_endless":false,"potions_floor_spawned":[2,3,6,8,14],"killed_by":"Hexaghost","ascension_level":20}}