{"host":"xz7n3qy1zq36rzpg","time":1614014647,"event":{"mods":["BaseMod","Colored Map","Colored Powertips","Highlight Path","Minty Spire (QoL Compilation)","Quick Restart","Shop Mod"],"gold_per_floor":[109,109,127,141,151,151,198,198,221,249,265,300,315,343,343,441,441,454,189,207,90,101,132,132,142,169,182,200,225,225,239,239,339,339,351,351,166,178,188,223,223,248,273,273,286,286,306,336,336,336],"floor_reached":51,"language":"ENG","playtime":9241,"items_purged":[],"score":981,"play_id":"78ccc0f7-65bc-48c9-b0d1-317b669f748b","local_time":"20210222182407","is_ascension_mode":true,"campfire_choices":[{"data":"Go for the Eyes","floor":6.0,"key":"SMITH"},{"data":"FTL","floor":8.0,"key":"SMITH"},{"data":"Beam Cell","floor":15.0,"key":"SMITH"},{"data":"Gash","floor":32.0,"key":"SMITH"},{"data":"Hologram","floor":41.0,"key":"SMITH"},{"floor":44.0,"key":"REST"},{"floor":49,"key":"REST"}],"circlet_count":0,"master_deck":["Zap","Dualcast","Biased Cognition","Chill","Core Surge+1","Steam Power","Consume","Undo+1","Reinforced Body","Heatsinks","Go for the Eyes+1","Self Repair","Steam","FTL+1","Core Surge","Beam Cell+1","Glacier","Lockon+1","Electrodynamics","Gash+1","Bandage Up","Hologram+1","Defragment","Coolheaded+1","Defragment+1","Ball Lightning+1","Gash","Stack+1","Echo Form","CurseOfTheBell","Gash+1","Panache","Gash+1","Hello World","Leap+1","Double Energy","Consume"],"relics":["Pandora\u0027s Box","PreservedInsect","Akabeko","Smiling Mask","MealTicket","Ancient Tea Set","Sozu","Membership Card","Bronze Scales","Runic Capacitor","Boot","Whetstone","Emotion Chip","Calling Bell","War Paint","Sundial","Pocketwatch","Molten Egg 2","Vajra","Orichalcum","Bag of Marbles","Dead Branch"],"acts_visited":["Exordium","TheCity","TheBeyond"],"potions_floor_usage":[],"damage_taken":[{"damage":0.0,"enemies":"2 Louse","floor":1.0,"turns":3.0},{"damage":0.0,"enemies":"Cultist","floor":3.0,"turns":3.0},{"damage":20.0,"enemies":"Jaw Worm","floor":4.0,"turns":4.0},{"damage":0.0,"enemies":"2 Fungi Beasts","floor":5.0,"turns":5.0},{"damage":10.0,"enemies":"Lagavulin","floor":10.0,"turns":6.0},{"damage":1.0,"enemies":"Red Slaver","floor":11.0,"turns":4.0},{"damage":7.0,"enemies":"3 Sentries","floor":12.0,"turns":7.0},{"damage":8.0,"enemies":"Exordium Wildlife","floor":13.0,"turns":5.0},{"damage":0.0,"enemies":"Gremlin Nob","floor":14.0,"turns":4.0},{"damage":9.0,"enemies":"Hexaghost","floor":16.0,"turns":8.0},{"damage":1.0,"enemies":"Shell Parasite","floor":18.0,"turns":4.0},{"damage":20.0,"enemies":"Spheric Guardian","floor":20.0,"turns":4.0},{"damage":5.0,"enemies":"Cultist and Chosen","floor":22.0,"turns":3.0},{"damage":10.0,"enemies":"Book of Stabbing","floor":23.0,"turns":4.0},{"damage":6.0,"enemies":"Snecko","floor":25.0,"turns":6.0},{"damage":3.0,"enemies":"Centurion and Healer","floor":27.0,"turns":4.0},{"damage":7.0,"enemies":"Chosen and Byrds","floor":28.0,"turns":3.0},{"damage":22.0,"enemies":"Slavers","floor":29.0,"turns":4.0},{"damage":1.0,"enemies":"Sentry and Sphere","floor":31.0,"turns":3.0},{"damage":21.0,"enemies":"Automaton","floor":33.0,"turns":7.0},{"damage":11.0,"enemies":"3 Shapes","floor":35.0,"turns":4.0},{"damage":14.0,"enemies":"Orb Walker","floor":38.0,"turns":3.0},{"damage":15.0,"enemies":"Spire Growth","floor":39.0,"turns":4.0},{"damage":15.0,"enemies":"Reptomancer","floor":40.0,"turns":5.0},{"damage":36.0,"enemies":"Nemesis","floor":42.0,"turns":5.0},{"damage":10.0,"enemies":"Writhing Mass","floor":45.0,"turns":5.0},{"damage":16.0,"enemies":"Jaw Worm Horde","floor":47.0,"turns":4.0},{"damage":19.0,"enemies":"Giant Head","floor":48.0,"turns":6.0},{"damage":48,"enemies":"Time Eater","floor":50,"turns":10}],"seed_played":"7663292770822629862","potions_obtained":[{"floor":1.0,"key":"ColorlessPotion"},{"floor":2.0,"key":"AttackPotion"},{"floor":2.0,"key":"FocusPotion"},{"floor":3.0,"key":"BlessingOfTheForge"},{"floor":10.0,"key":"CultistPotion"}],"is_trial":false,"path_per_floor":["M","?","M","M","M","R","T","R","T","E","M","E","M","E","R","B",null,"M","$","M","$","M","E","?","M","T","M","M","E","?","M","R","B",null,"M","?","$","M","M","E","R","E","T","R","M","?","M","E","R","B",null],"character_chosen":"DEFECT","items_purchased":["Membership Card","Bronze Scales","Bandage Up","Defragment","Runic Capacitor","Molten Egg 2","Gash+1","Hello World"],"campfire_rested":2,"item_purchase_floors":[19,19,19,21,21,37,37,37],"current_hp_per_floor":[75,75,75,62,69,69,69,69,69,66,72,72,71,75,75,73,75,75,75,66,75,70,71,71,75,75,75,75,60,60,63,63,55,75,64,64,75,61,57,50,50,25,25,47,55,55,39,24,46,2],"gold":336,"neow_bonus":"BOSS_RELIC","is_daily":false,"chose_seed":false,"campfire_upgraded":5,"win_rate":0.0,"timestamp":1614014647,"path_taken":["M","?","?","M","M","R","?","R","T","E","M","E","?","E","R","BOSS","M","$","M","$","M","E","?","M","T","M","M","E","?","M","R","BOSS","M","?","$","M","M","E","R","E","T","R","M","?","M","E","R","BOSS"],"items_purchased_type":["Relic","Relic","Card","Card","Relic","Relic","Card","Card"],"build_version":"2020-12-22","purchased_purges":0,"victory":true,"max_hp_per_floor":[75,75,75,75,75,75,75,75,75,75,75,75,75,75,75,75,75,75,75,75,75,75,75,75,75,75,75,75,75,75,75,75,75,75,75,75,75,75,75,75,75,75,75,75,75,75,75,75,75,75],"card_choices":[{"not_picked":["Turbo","Tempest"],"picked":"Go for the Eyes","floor":1.0},{"not_picked":["Sweeping Beam","Go for the Eyes"],"picked":"Self Repair","floor":3.0},{"not_picked":["Reinforced Body","Sunder"],"picked":"Steam","floor":4.0},{"not_picked":["Hologram","Rip and Tear"],"picked":"FTL","floor":5.0},{"not_picked":["Sunder","Rebound"],"picked":"Core Surge","floor":10.0},{"not_picked":["Redo","Sunder"],"picked":"Beam Cell","floor":11.0},{"not_picked":["Sunder","White Noise"],"picked":"Glacier","floor":12.0},{"not_picked":["Chaos","Storm"],"picked":"Coolheaded","floor":13.0},{"not_picked":["Compile Driver","Hyperbeam"],"picked":"Lockon","floor":14.0},{"not_picked":["Thunder Strike","Hyperbeam"],"picked":"Electrodynamics","floor":16.0},{"not_picked":["Steam+1","Conserve Battery"],"picked":"Gash","floor":18.0},{"not_picked":["Conserve Battery","Barrage+1"],"picked":"Hologram","floor":20.0},{"not_picked":["Turbo","Rebound+1","Redo"],"picked":"SKIP","floor":22.0},{"not_picked":["Aggregate","Reprogram"],"picked":"Coolheaded+1","floor":23.0},{"not_picked":["Stack","Reinforced Body"],"picked":"Defragment","floor":25.0},{"not_picked":["Coolheaded","Redo"],"picked":"Ball Lightning+1","floor":27.0},{"not_picked":["Sweeping Beam","Fusion"],"picked":"Gash","floor":28.0},{"not_picked":["Tempest","Cold Snap+1","Seek"],"picked":"SKIP","floor":29.0},{"not_picked":["Genetic Algorithm","Self Repair+1"],"picked":"Stack","floor":31.0},{"not_picked":["Multi-Cast","Rainbow"],"picked":"Echo Form","floor":33.0},{"not_picked":["Ball Lightning+1","Leap+1"],"picked":"Gash+1","floor":35.0},{"not_picked":["Flash of Steel","Madness"],"picked":"Panache","floor":36.0},{"not_picked":["Barrage+1","Force Field+1","Skim+1"],"picked":"SKIP","floor":38.0},{"not_picked":["Melter+1","FTL+1"],"picked":"Leap+1","floor":39.0},{"not_picked":["Turbo","Redo+1","Stack+1"],"picked":"SKIP","floor":40.0},{"not_picked":["Redo","Barrage+1","Leap"],"picked":"SKIP","floor":42.0},{"not_picked":["Storm","Force Field+1","Lockon+1"],"picked":"SKIP","floor":45.0},{"not_picked":["Glacier+1","Cold Snap+1"],"picked":"Double Energy","floor":47.0},{"not_picked":["Go for the Eyes+1","Blizzard+1"],"picked":"Consume","floor":48.0}],"player_experience":576380,"relics_obtained":[{"floor":7.0,"key":"PreservedInsect"},{"floor":9.0,"key":"Akabeko"},{"floor":10.0,"key":"Smiling Mask"},{"floor":12.0,"key":"MealTicket"},{"floor":14.0,"key":"Ancient Tea Set"},{"floor":23.0,"key":"Boot"},{"floor":26.0,"key":"Whetstone"},{"floor":29.0,"key":"Emotion Chip"},{"floor":34.0,"key":"War Paint"},{"floor":34.0,"key":"Sundial"},{"floor":34.0,"key":"Pocketwatch"},{"floor":40.0,"key":"Vajra"},{"floor":42.0,"key":"Orichalcum"},{"floor":43.0,"key":"Bag of Marbles"},{"floor":48.0,"key":"Dead Branch"}],"event_choices":[{"damage_healed":0.0,"max_hp_gain":0.0,"max_hp_loss":0.0,"gold_gain":0.0,"event_name":"Lab","player_choice":"Got Potions","floor":2.0,"gold_loss":0.0,"damage_taken":0.0},{"cards_removed":["Coolheaded"],"damage_healed":0.0,"max_hp_gain":0.0,"max_hp_loss":0.0,"gold_gain":0.0,"event_name":"Back to Basics","player_choice":"Elegance","floor":24.0,"gold_loss":0.0,"damage_taken":0.0},{"damage_healed":0.0,"max_hp_gain":0.0,"max_hp_loss":0.0,"gold_gain":0.0,"event_name":"Upgrade Shrine","player_choice":"Upgraded","floor":30.0,"gold_loss":0.0,"damage_taken":0.0,"cards_upgraded":["Defragment"]},{"damage_healed":0.0,"max_hp_gain":0.0,"max_hp_loss":0.0,"gold_gain":0.0,"event_name":"SensoryStone","player_choice":"Memory 1","floor":36.0,"gold_loss":0.0,"damage_taken":0.0},{"damage_healed":0.0,"max_hp_gain":0.0,"max_hp_loss":0.0,"gold_gain":0.0,"event_name":"Tomb of Lord Red Mask","player_choice":"Ignored","floor":46.0,"gold_loss":0.0,"damage_taken":0.0}],"is_beta":false,"boss_relics":[{"not_picked":["Astrolabe","Snecko Eye"],"picked":"Sozu"},{"not_picked":["Philosopher\u0027s Stone","Tiny House"],"picked":"Calling Bell"}],"items_purged_floors":[],"is_endless":false,"potions_floor_spawned":[1,3,10,12,13,14,18,20,27,28,29,35,39,40,47],"ascension_level":4}}