{"host":"9czo1ewqehy3yunx","time":1614006399,"event":{"mods":["AchievementEnabler","Act Like it!","BaseMod","CapriCore","Colored Powertips","DeckTracker","GifTheSpireLib","GungeonMod","Hermit","Keyboard Shortcuts","Koishi","Lobotomy","Marisa£¨Ùöéë¡¡Øª×âÞÞ£©","Minty Spire (QoL Compilation)","Permanent Neow","Quick Restart","StSLib","SuperFastMode","Td1madao Mod","The Bug Knight","The Cursed","The Hierophant","The Immortal","The Jungle","The Poker Player","The Runesmith"],"gold_per_floor":[12,29,304,315,330,330,346,360,384,409,421,30,30,50,50,154,154,154,154,154,154,154,154,154,154,154,154,154,154,154,154],"floor_reached":30,"language":"KOR","playtime":1793,"items_purged":[],"score":303,"play_id":"24c6cee6-9ef0-4fcc-a2eb-566808417ea3","local_time":"20210223000639","is_ascension_mode":false,"campfire_choices":[],"circlet_count":0,"master_deck":["SpecialBullet","SpecialBullet","SpecialBullet","SpecialBullet","SpecialBullet","SpecialBullet","SpecialBullet","SpecialBullet","ExtractionCode","DisciplinaryCode","SecurityCode","BearPaw","UniverseFragment","CherryBlossom","Harmony","QueenOfHatred","RedEyes","Regret","SolemnVow","CrumblingArmor","FrostShard","BearPaw","MHz","FeatherOfHonor","RecordCode","Mercenary","SwordSharpenedByTears","Hornet","CENSORED","Moonlight","SomewhereSpear","BigBadWolf","SomewhereSpear","TrainingCode","Harmony","Bloodbath","Spore","ParadiseLost","Wellcheers","CENSORED_ego","RedEyes+1","OldLady","Soda","CherryBlossom","LittlePrince","Reverberation","ShedSkin","Scorched","Amita","ControlCode","ShedSkin+1","InTheNameOfLoveAndHate","GreedKing","FourthMatchFlame"],"relics":["CogitoBucket","Du-Vu Doll","SkinProphecy","MawBank","HollowMod:StagPassRelic","Ectoplasm","BehaviorAdjustment"],"acts_visited":["Exordium","TheCity","TheCity"],"potions_floor_usage":[16,16,16],"damage_taken":[{"damage":21,"enemies":"2 Louse","floor":1,"turns":3},{"damage":7,"enemies":"Cultist","floor":2,"turns":4},{"damage":2,"enemies":"Small Slimes","floor":4,"turns":3},{"damage":35,"enemies":"Gremlin Gang","floor":5,"turns":5},{"damage":9,"enemies":"Exordium Thugs","floor":7,"turns":4},{"damage":52,"enemies":"Blue Slaver","floor":8,"turns":6},{"damage":0,"enemies":"Looter","floor":10,"turns":2},{"damage":0,"enemies":"Red Slaver","floor":14,"turns":1},{"damage":43,"enemies":"Hexaghost","floor":16,"turns":7},{"damage":3,"enemies":"Spheric Guardian","floor":18,"turns":4},{"damage":106,"enemies":"Shell Parasite","floor":20,"turns":6},{"damage":15,"enemies":"Snecko","floor":21,"turns":3},{"damage":27,"enemies":"Centurion and Healer","floor":24,"turns":3},{"damage":44,"enemies":"DemoMod:Veteran_shot_gun_kin_and_red_shotgun_kin","floor":28,"turns":3},{"damage":12,"enemies":"DemoMod:4_Bullet_Kins","floor":29,"turns":2},{"damage":131,"enemies":"DemoMod:Veteran_shot_gun_kin_and_blue_shotgun_kin_with_gunsinger","floor":30,"turns":4}],"seed_played":"-258991772151074704","potions_obtained":[{"floor":4,"key":"Fire Potion"},{"floor":5,"key":"GamblersBrew"},{"floor":8,"key":"Strength Potion"},{"floor":14,"key":"LiquidBronze"},{"floor":28,"key":"SkillPotion"}],"is_trial":false,"path_per_floor":["M","M","?","M","M","R","M","M","T","M","R","$","R","M","R","B",null,"M","?","M","M","?","R","M","R","T","R","M","M","M"],"character_chosen":"Angela","items_purchased":["DemoMod:GnawedKey","HollowMod:StagPassRelic","Harmony"],"campfire_rested":0,"item_purchase_floors":[12,12,12],"current_hp_per_floor":[57,58,58,64,43,43,52,20,20,32,32,32,32,42,42,29,73,75,75,29,29,20,20,18,18,83,83,68,76,0,0],"gold":154,"neow_bonus":"ONE_RARE_RELIC","is_daily":false,"chose_seed":false,"campfire_upgraded":0,"win_rate":0.0,"timestamp":1614006399,"path_taken":["M","M","?","M","M","R","M","?","T","?","R","$","R","M","R","BOSS","M","?","?","M","?","R","M","R","T","R","M","M","M"],"items_purchased_type":["Relic","Relic","Card"],"build_version":"2020-12-22","purchased_purges":0,"victory":false,"max_hp_per_floor":[70,70,70,70,70,70,70,70,70,72,72,72,72,74,74,73,73,75,75,79,81,81,81,83,83,83,83,85,87,91,91],"card_choices":[{"not_picked":["RapturousDream"],"picked":"BearPaw","floor":1},{"not_picked":["FairyFestival","CherryBlossoms"],"picked":"UniverseFragment","floor":1},{"not_picked":["Diffraction"],"picked":"CherryBlossom","floor":1},{"not_picked":["GoldRush"],"picked":"Harmony","floor":2},{"not_picked":["OSAHOGD","Wellcheers"],"picked":"QueenOfHatred","floor":2},{"not_picked":["SomewhereSpear"],"picked":"RedEyes","floor":2},{"not_picked":["WristCuter"],"picked":"SolemnVow","floor":4},{"not_picked":["FairyFestival","CherryBlossoms"],"picked":"CrumblingArmor","floor":4},{"not_picked":["Beak"],"picked":"FrostShard","floor":4},{"not_picked":["Horn"],"picked":"BearPaw","floor":5},{"not_picked":["Bloodbath","Funeral"],"picked":"MHz","floor":5},{"not_picked":["RapturousDream"],"picked":"FeatherOfHonor","floor":5},{"not_picked":["BeautyBeast","Murderer"],"picked":"Mercenary","floor":7},{"not_picked":["Beak"],"picked":"SwordSharpenedByTears","floor":7},{"not_picked":["Galaxy"],"picked":"Hornet","floor":8},{"not_picked":["Variant","SpiderBud"],"picked":"CENSORED","floor":8},{"not_picked":["Tough"],"picked":"Moonlight","floor":8},{"not_picked":["TodaysExpression"],"picked":"SomewhereSpear","floor":10},{"not_picked":["Laetitia","RedShoes"],"picked":"BigBadWolf","floor":10},{"not_picked":["Lantern"],"picked":"SomewhereSpear","floor":10},{"not_picked":["Murderer","LittleHelper"],"picked":"Bloodbath","floor":14},{"not_picked":["RedEyes","SomewhereSpear"],"picked":"Spore","floor":14},{"not_picked":["Justitia","GoldRush"],"picked":"ParadiseLost","floor":16},{"not_picked":["HeroicMonk","Scorched"],"picked":"Wellcheers","floor":16},{"not_picked":["Justitia","Pinks"],"picked":"CENSORED_ego","floor":16},{"not_picked":["WristCuter","Beak"],"picked":"RedEyes+1","floor":18},{"not_picked":["BeautyBeast","ShyLook"],"picked":"OldLady","floor":18},{"not_picked":["SomewhereSpear","Wingbeat"],"picked":"Soda","floor":18},{"not_picked":["RedEyes","Horn"],"picked":"CherryBlossom","floor":20},{"not_picked":["LongBird","Funeral"],"picked":"LittlePrince","floor":20},{"not_picked":["SwordSharpenedByTears+1","Loneliness"],"picked":"Reverberation","floor":20},{"not_picked":["Horn","Loneliness"],"picked":"ShedSkin","floor":21},{"not_picked":["WhitesApple","WhiteNight"],"picked":"Scorched","floor":21},{"not_picked":["Logging","FeatherOfHonor"],"picked":"Amita","floor":21},{"not_picked":["OSAHOGD","Freischutz"],"picked":"Yin","floor":24},{"not_picked":["Reverberation","SomewhereSpear"],"picked":"ShedSkin+1","floor":24},{"not_picked":["Noise+1","Lantern+1"],"picked":"InTheNameOfLoveAndHate","floor":28},{"not_picked":["Freischutz","Funeral"],"picked":"GreedKing","floor":29},{"not_picked":["SolemnVow","InTheNameOfLoveAndHate+1"],"picked":"FourthMatchFlame","floor":29}],"player_experience":255335,"relics_obtained":[{"floor":9,"key":"MawBank"}],"event_choices":[{"damage_healed":0,"gold_gain":275,"player_choice":"Desecrate","damage_taken":0,"max_hp_gain":0,"max_hp_loss":0,"event_name":"Golden Shrine","floor":3,"gold_loss":0,"cards_obtained":["Regret"]},{"damage_healed":0,"gold_gain":0,"player_choice":"Ignored","damage_taken":0,"max_hp_gain":0,"max_hp_loss":0,"event_name":"Fountain of Cleansing","floor":19,"gold_loss":0},{"damage_healed":0,"gold_gain":0,"player_choice":"Stopped","damage_taken":9,"max_hp_gain":0,"max_hp_loss":0,"event_name":"Cursed Tome","floor":22,"gold_loss":0}],"is_beta":false,"boss_relics":[{"not_picked":["Busted Crown","Runic Dome"],"picked":"Ectoplasm"}],"items_purged_floors":[],"is_endless":false,"potions_floor_spawned":[4,5,8,14,28],"killed_by":"DemoMod:Veteran_shot_gun_kin_and_blue_shotgun_kin_with_gunsinger","ascension_level":0}}