{"host":"a6m4v7p1efmaozv7","time":1614010035,"event":{"mods":["BaseMod","Colored Map","Colored Powertips","DeckTracker","Keyboard Shortcuts","Minty Spire (QoL Compilation)","Permanent Neow","Relic Stats","StSLib","SuperFastMode"],"gold_per_floor":[117,127,127,127,139,139,171,171,223,234,257,273,273,286,286,361,361,261,0,0,0,0,0,0,12,12,12,12],"floor_reached":27,"language":"ENG","playtime":622,"items_purged":[],"score":418,"play_id":"151b0df9-3af2-466e-9c81-244355e1fced","local_time":"20210223010715","is_ascension_mode":true,"campfire_choices":[{"data":"Neutralize","floor":6.0,"key":"SMITH"},{"floor":8.0,"key":"REST"},{"floor":13.0,"key":"REST"},{"data":"Acrobatics","floor":15.0,"key":"SMITH"},{"data":"Survivor","floor":23.0,"key":"SMITH"}],"circlet_count":0,"master_deck":["AscendersBane","Strike_G+1","Defend_G","Defend_G+1","Defend_G","Defend_G","Survivor+1","Neutralize+1","Acrobatics+1","Blade Dance","Noxious Fumes","Underhanded Strike","Grand Finale"],"relics":["Ring of the Snake","Smiling Mask","Pen Nib","Odd Mushroom","Empty Cage","Bottled Lightning","Lantern"],"acts_visited":["Exordium","TheCity"],"potions_floor_usage":[],"damage_taken":[{"damage":6.0,"enemies":"Jaw Worm","floor":1.0,"turns":8.0},{"damage":1.0,"enemies":"Small Slimes","floor":2.0,"turns":6.0},{"damage":1.0,"enemies":"2 Louse","floor":5.0,"turns":4.0},{"damage":30.0,"enemies":"Gremlin Nob","floor":7.0,"turns":4.0},{"damage":0.0,"enemies":"Blue Slaver","floor":10.0,"turns":4.0},{"damage":10.0,"enemies":"The Mushroom Lair","floor":11.0,"turns":5.0},{"damage":9.0,"enemies":"Large Slime","floor":12.0,"turns":6.0},{"damage":6.0,"enemies":"Lots of Slimes","floor":14.0,"turns":4.0},{"damage":2.0,"enemies":"The Guardian","floor":16.0,"turns":14.0},{"damage":15.0,"enemies":"2 Thieves","floor":18.0,"turns":5.0},{"damage":2.0,"enemies":"Spheric Guardian","floor":25.0,"turns":4.0},{"damage":32,"enemies":"Cultist and Chosen","floor":27,"turns":8}],"seed_played":"560604229030586290","potions_obtained":[{"floor":2.0,"key":"GamblersBrew"},{"floor":10.0,"key":"Dexterity Potion"},{"floor":11.0,"key":"Poison Potion"},{"floor":14.0,"key":"SteroidPotion"},{"floor":24.0,"key":"Fruit Juice"},{"floor":24.0,"key":"PowerPotion"},{"floor":25.0,"key":"Strength Potion"}],"is_trial":false,"path_per_floor":["M","M","?","?","M","R","E","R","T","M","?","M","R","M","R","B",null,"M","?","$","?","T","R","?","M","T","M"],"character_chosen":"THE_SILENT","items_purchased":[],"campfire_rested":2,"item_purchase_floors":[],"current_hp_per_floor":[53,52,52,34,33,33,3,21,21,21,11,2,20,14,14,12,48,33,33,33,33,33,33,38,36,36,4,4],"gold":12,"neow_bonus":"REMOVE_TWO","is_daily":false,"chose_seed":false,"campfire_upgraded":3,"win_rate":0.0,"timestamp":1614010035,"path_taken":["M","M","?","?","M","R","E","R","T","M","?","M","R","M","R","BOSS","M","?","$","?","?","R","?","?","T","M"],"items_purchased_type":[],"build_version":"2020-12-22","purchased_purges":0,"victory":false,"max_hp_per_floor":[60,60,60,60,60,60,60,60,60,60,60,60,60,60,60,60,60,60,60,60,60,60,60,65,65,65,65,65],"relic_stats":{"counters":[12,72],"Pen Nib":[12],"Smiling Mask":0,"obtain_stats":[{"Lantern":26,"Pen Nib":9,"Bottled Lightning":22,"Odd Mushroom":11,"Smiling Mask":7,"Empty Cage":17,"Ring of the Snake":0},{"Lantern":11,"Pen Nib":4,"Bottled Lightning":10,"Odd Mushroom":6,"Smiling Mask":4,"Empty Cage":9,"Ring of the Snake":0},{"Lantern":64,"Pen Nib":22,"Bottled Lightning":60,"Odd Mushroom":31,"Smiling Mask":22,"Empty Cage":55,"Ring of the Snake":0}],"Ring of the Snake":[24]},"card_choices":[{"not_picked":["Poisoned Stab","Dagger Throw"],"picked":"Acrobatics","floor":1.0},{"not_picked":["Catalyst","Dodge and Roll","Distraction"],"picked":"SKIP","floor":2.0},{"not_picked":["Storm of Steel","Outmaneuver"],"picked":"Blade Dance","floor":5.0},{"not_picked":["Underhanded Strike","Slice"],"picked":"Noxious Fumes","floor":7.0},{"not_picked":["Flying Knee","Leg Sweep","Deadly Poison"],"picked":"SKIP","floor":10.0},{"not_picked":["Sucker Punch","Dodge and Roll"],"picked":"Underhanded Strike","floor":11.0},{"not_picked":["Doppelganger","Reflex","Crippling Poison"],"picked":"SKIP","floor":12.0},{"not_picked":["PiercingWail","Poisoned Stab","Flying Knee"],"picked":"SKIP","floor":14.0},{"not_picked":["Phantasmal Killer","Wraith Form v2"],"picked":"Grand Finale","floor":16.0},{"not_picked":["Sucker Punch+1","Dagger Throw","Underhanded Strike"],"picked":"SKIP","floor":18.0},{"not_picked":["Flying Knee","Predator","Cloak And Dagger"],"picked":"SKIP","floor":25.0},{"not_picked":["Flying Knee","Predator","Cloak And Dagger"],"picked":"SKIP","floor":25.0}],"player_experience":2017692,"relics_obtained":[{"floor":7.0,"key":"Smiling Mask"},{"floor":9.0,"key":"Pen Nib"},{"floor":11.0,"key":"Odd Mushroom"},{"floor":22.0,"key":"Bottled Lightning"},{"floor":26.0,"key":"Lantern"}],"event_choices":[{"cards_removed":["Defend_G"],"damage_healed":0.0,"max_hp_gain":0.0,"max_hp_loss":0.0,"gold_gain":0.0,"event_name":"Living Wall","player_choice":"Forget","floor":3.0,"gold_loss":0.0,"damage_taken":0.0},{"damage_healed":0.0,"max_hp_gain":0.0,"max_hp_loss":0.0,"gold_gain":0.0,"event_name":"Shining Light","player_choice":"Entered Light","floor":4.0,"gold_loss":0.0,"damage_taken":18.0,"cards_upgraded":["Defend_G","Strike_G"]},{"damage_healed":0.0,"max_hp_gain":0.0,"max_hp_loss":0.0,"gold_gain":0.0,"event_name":"Mushrooms","player_choice":"Fought Mushrooms","floor":11.0,"gold_loss":0.0,"damage_taken":0.0},{"damage_healed":0.0,"max_hp_gain":0.0,"max_hp_loss":0.0,"gold_gain":0.0,"event_name":"Masked Bandits","player_choice":"Paid Fearfully","floor":19.0,"gold_loss":261.0,"damage_taken":0.0},{"damage_healed":0.0,"max_hp_gain":0.0,"max_hp_loss":0.0,"gold_gain":0.0,"event_name":"Cursed Tome","player_choice":"Ignored","floor":21.0,"gold_loss":0.0,"damage_taken":0.0},{"damage_healed":0.0,"max_hp_gain":0.0,"max_hp_loss":0.0,"gold_gain":0.0,"event_name":"Lab","player_choice":"Got Potions","floor":24.0,"gold_loss":0.0,"damage_taken":0.0}],"is_beta":false,"boss_relics":[{"not_picked":["Sozu","SlaversCollar"],"picked":"Empty Cage"}],"items_purged_floors":[],"is_endless":false,"potions_floor_spawned":[2,10,11,14,25],"killed_by":"Cultist and Chosen","ascension_level":20}}