{"host":"sum4dy402bbv9y4o","time":1614016578,"event":{"mods":["Aspiration","BaseMod","Conspire","Highlight Path","Minty Spire (QoL Compilation)","StSLib"],"gold_per_floor":[19,34,34,34,46,46,79,79,106,6,16,29,54,54,54,126,126,142,8,8,8,25,25,37,49,61,73,85,85],"floor_reached":28,"language":"ENG","playtime":789,"items_purged":["Strike_P"],"score":573,"play_id":"fd7fa3c3-bfb5-44b2-9ae8-49a22b706351","local_time":"20210222205618","is_ascension_mode":true,"campfire_choices":[{"data":"Eruption","floor":6,"key":"SMITH"},{"data":"FlurryOfBlows","floor":8,"key":"SMITH"},{"floor":15,"key":"REST"},{"floor":23,"key":"DIG"}],"circlet_count":0,"master_deck":["AscendersBane","Eruption+1","Vigilance","FlurryOfBlows+1","Adaptation","EmptyFist","EmptyFist","Protect","Consecrate","TalkToTheHand","FlurryOfBlows","Judgement","TalkToTheHand","MentalFortress","WheelKick","Evaluate","EmptyFist","EmptyFist","EmptyBody","InnerPeace","Sanctity","FlyingSleeves"],"relics":["PureWater","Thread and Needle","Bottled Flame","Lantern","Shovel","Juzu Bracelet","Pandora\u0027s Box","aspiration:RitualStick","MawBank","Happy Flower"],"acts_visited":["Exordium","TheCity"],"potions_floor_usage":[7,7,16,22,28],"damage_taken":[{"damage":7,"enemies":"Small Slimes","floor":1,"turns":4},{"damage":0,"enemies":"Cultist","floor":2,"turns":4},{"damage":0,"enemies":"Jaw Worm","floor":5,"turns":3},{"damage":6,"enemies":"3 Sentries","floor":7,"turns":6},{"damage":0,"enemies":"Lots of Slimes","floor":11,"turns":5},{"damage":0,"enemies":"Large Slime","floor":12,"turns":4},{"damage":35,"enemies":"Gremlin Nob","floor":13,"turns":5},{"damage":0,"enemies":"Hexaghost","floor":16,"turns":8},{"damage":8,"enemies":"Shell Parasite","floor":18,"turns":5},{"damage":0,"enemies":"Spheric Guardian","floor":22,"turns":2},{"damage":26,"enemies":"Gremlin Leader","floor":28,"turns":5}],"seed_played":"6221387597197485543","potions_obtained":[{"floor":2,"key":"DistilledChaos"},{"floor":5,"key":"StancePotion"},{"floor":7,"key":"SpeedPotion"},{"floor":13,"key":"Swift Potion"}],"is_trial":false,"path_per_floor":["M","M","?","?","M","R","E","R","T","$","M","M","E","T","R","B",null,"M","$","?","?","M","R","?","?","T","$","E"],"character_chosen":"WATCHER","items_purchased":["Protect","EmptyFist","EmptyBody","Swift Potion"],"campfire_rested":1,"item_purchase_floors":[10,19,19,19],"current_hp_per_floor":[54,54,54,54,54,54,48,48,48,48,48,48,13,13,33,33,59,51,51,34,34,34,34,15,15,15,15,0,0],"gold":85,"neow_bonus":"ONE_RARE_RELIC","is_daily":false,"chose_seed":false,"campfire_upgraded":2,"win_rate":0.0,"timestamp":1614016578,"path_taken":["M","M","?","?","M","R","E","R","T","$","?","M","E","?","R","BOSS","M","$","?","?","M","R","?","?","T","?","E"],"items_purchased_type":["Card","Card","Card","Potion"],"build_version":"2020-12-22","purchased_purges":1,"victory":false,"max_hp_per_floor":[68,68,68,68,68,68,68,68,68,68,68,68,68,68,68,68,68,68,68,68,68,68,68,73,73,73,73,73,73],"card_choices":[{"not_picked":["Evaluate","BattleHymn"],"picked":"FlurryOfBlows","floor":1},{"not_picked":["Evaluate","FlyingSleeves"],"picked":"Adaptation","floor":2},{"not_picked":["WindmillStrike","ClearTheMind"],"picked":"EmptyFist","floor":5},{"not_picked":["ClearTheMind","CutThroughFate"],"picked":"EmptyFist","floor":7},{"not_picked":["Omniscience","CutThroughFate"],"picked":"Consecrate","floor":11},{"not_picked":["Evaluate","CarveReality"],"picked":"TalkToTheHand","floor":12},{"not_picked":["EmptyBody","Study"],"picked":"FlurryOfBlows","floor":13},{"not_picked":["DeusExMachina","DevaForm"],"picked":"Judgement","floor":16},{"not_picked":["Worship","EmptyBody"],"picked":"EmptyFist","floor":18},{"not_picked":["CutThroughFate","Fasting2"],"picked":"FlyingSleeves","floor":22}],"player_experience":3128765,"relics_obtained":[{"floor":7,"key":"Bottled Flame"},{"floor":9,"key":"Lantern"},{"floor":13,"key":"Shovel"},{"floor":14,"key":"Juzu Bracelet"},{"floor":23,"key":"MawBank"},{"floor":26,"key":"Happy Flower"}],"event_choices":[{"cards_removed":["Strike_P"],"damage_healed":0,"gold_gain":0,"player_choice":"Offered Basic","damage_taken":0,"max_hp_gain":0,"max_hp_loss":0,"event_name":"Bonfire Elementals","floor":4,"gold_loss":0},{"damage_healed":0,"gold_gain":0,"cards_transformed":["Judgement","Collect"],"player_choice":"Became Test Subject","damage_taken":0,"max_hp_gain":0,"max_hp_loss":0,"event_name":"Drug Dealer","floor":21,"gold_loss":0,"cards_obtained":["InnerPeace","Sanctity"]},{"damage_healed":0,"gold_gain":0,"player_choice":"Shed Blood","damage_taken":24,"max_hp_gain":5,"max_hp_loss":0,"event_name":"Forgotten Altar","floor":24,"gold_loss":0},{"damage_healed":0,"gold_gain":0,"player_choice":"Ignored","damage_taken":0,"max_hp_gain":0,"max_hp_loss":0,"event_name":"Cursed Tome","floor":25,"gold_loss":0}],"is_beta":false,"boss_relics":[{"not_picked":["Sozu","Busted Crown"],"picked":"Pandora\u0027s Box"}],"items_purged_floors":[10],"is_endless":false,"potions_floor_spawned":[2,5,7,13],"killed_by":"Gremlin Leader","ascension_level":20}}