{"host":"f2zkc2gsfwbibc34","time":1614023180,"event":{"mods":["AchievementEnabler","BaseMod","Better Note","Colored Map","Colored Powertips","Defuse TimeMaze Blight","Minty Spire (QoL Compilation)","Permanent Neow","StSLib","SuperFastMode","The Servant 0.9.4"],"gold_per_floor":[16,16,16,32,32,57,69,69,92,16,16,42,59,74,74,177,227,240,240,219,229,247,247,247],"floor_reached":23,"language":"ENG","playtime":635,"items_purged":["Strike_S"],"score":241,"play_id":"e07c970e-fe69-43d3-a5ef-0841c1d6d700","local_time":"20210222204620","is_ascension_mode":true,"campfire_choices":[{"floor":8,"key":"REST"},{"data":"Revamp","floor":11,"key":"SMITH"},{"floor":15,"key":"REST"}],"circlet_count":0,"master_deck":["Strike_S","Strike_S","Defend_S+1","Defend_S","KidneyShot","Exchange","BottledTime+1","TimeWarp","MurderousAura","Revamp+1","ShatteredReality","TimeWarp","MoonPhase","Defy","Initiator","Potential","Defy","Sadistic Nature","Sadistic Nature","BottledTime","Defy+1"],"relics":["Uniform","Bronze Scales","Boot","Lizard Tail","Tiny House","TungstenRod","Shuriken","HandDrill"],"acts_visited":["Exordium","TheCity"],"potions_floor_usage":[6,7,23],"damage_taken":[{"damage":12,"enemies":"Jaw Worm","floor":1,"turns":5},{"damage":3,"enemies":"2 Louse","floor":4,"turns":3},{"damage":31,"enemies":"Lagavulin","floor":6,"turns":6},{"damage":0,"enemies":"Cultist","floor":7,"turns":2},{"damage":30,"enemies":"3 Sentries","floor":12,"turns":6},{"damage":15,"enemies":"Red Slaver","floor":13,"turns":3},{"damage":11,"enemies":"Gremlin Gang","floor":14,"turns":2},{"damage":9,"enemies":"Hexaghost","floor":16,"turns":9},{"damage":20,"enemies":"Chosen","floor":18,"turns":3},{"damage":10,"enemies":"Spheric Guardian","floor":21,"turns":3},{"damage":12,"enemies":"Shelled Parasite and Fungi","floor":22,"turns":4},{"damage":29,"enemies":"Book of Stabbing","floor":23,"turns":4}],"seed_played":"-7492724483548337513","potions_obtained":[{"floor":4,"key":"SteroidPotion"},{"floor":6,"key":"Fire Potion"},{"floor":17,"key":"BlessingOfTheForge"},{"floor":18,"key":"DuplicationPotion"}],"is_trial":false,"path_per_floor":["M","?","?","M","$","E","M","R","T","$","R","E","M","M","R","B",null,"M","?","$","M","M","E"],"character_chosen":"THE_SERVANT","items_purchased":["ShatteredReality","TimeWarp","Sadistic Nature","TungstenRod","Shuriken","HandDrill"],"campfire_rested":2,"item_purchase_floors":[10,10,20,20,20,20],"current_hp_per_floor":[53,53,53,50,50,19,19,38,38,38,38,8,26,15,34,25,70,50,50,50,40,28,0,0],"gold":247,"neow_bonus":"REMOVE_TWO","is_daily":false,"chose_seed":false,"campfire_upgraded":1,"win_rate":0.0,"timestamp":1614023180,"path_taken":["M","?","?","M","$","E","?","R","T","?","R","E","?","M","R","BOSS","M","?","$","M","M","E"],"items_purchased_type":["Card","Card","Card","Relic","Relic","Relic"],"build_version":"2020-12-22","purchased_purges":1,"victory":false,"max_hp_per_floor":[65,65,65,65,65,65,65,65,65,65,65,65,65,65,65,65,70,70,70,70,70,70,70,70],"card_choices":[{"not_picked":["ShiftingGears","WasteNot"],"picked":"BottledTime","floor":1},{"not_picked":["StarChef","Replace"],"picked":"TimeWarp","floor":4},{"not_picked":["Rearm","DoubleEdge"],"picked":"MurderousAura","floor":6},{"not_picked":["ReturningBlade","Rewind"],"picked":"Revamp","floor":7},{"not_picked":["Sabotage","Embodiment"],"picked":"MoonPhase","floor":12},{"not_picked":["DoubleEdge","Starlight","Orbit"],"picked":"SKIP","floor":13},{"not_picked":["BottledTime","Unruled"],"picked":"Defy","floor":14},{"not_picked":["Deny","Embodiment"],"picked":"Initiator","floor":16},{"not_picked":["Unruled","FastForward"],"picked":"Potential","floor":17},{"not_picked":["Shuttle","BestPractice+1"],"picked":"Defy","floor":18},{"not_picked":["Ricochet+1","Unruled"],"picked":"BottledTime","floor":21},{"not_picked":["TimeWarp+1","DoubleEdge"],"picked":"Defy+1","floor":22}],"player_experience":116501,"relics_obtained":[{"floor":6,"key":"Bronze Scales"},{"floor":9,"key":"Boot"},{"floor":12,"key":"Lizard Tail"}],"event_choices":[{"damage_healed":0,"gold_gain":0,"player_choice":"Grow","damage_taken":0,"max_hp_gain":0,"max_hp_loss":0,"event_name":"Living Wall","floor":2,"gold_loss":0,"cards_upgraded":["BottledTime"]},{"cards_removed":["Defend_S"],"damage_healed":0,"gold_gain":0,"player_choice":"Offered Basic","damage_taken":0,"max_hp_gain":0,"max_hp_loss":0,"event_name":"Bonfire Elementals","floor":3,"gold_loss":0},{"cards_removed":["Sadistic Nature"],"damage_healed":0,"gold_gain":0,"player_choice":"Take \u0026 Give","damage_taken":0,"max_hp_gain":0,"max_hp_loss":0,"event_name":"betterNote:BetterNote","floor":19,"gold_loss":0,"cards_obtained":["Sadistic Nature"]}],"is_beta":false,"boss_relics":[{"not_picked":["Cursed Key","Snecko Eye"],"picked":"Tiny House"}],"items_purged_floors":[20],"is_endless":false,"potions_floor_spawned":[4,6,18],"killed_by":"Book of Stabbing","ascension_level":4}}