{"host":"cfv8orgc8997ql4r","time":1614028049,"event":{"mods":["AchievementEnabler","BaseMod","DeckTracker","Keyboard Shortcuts","Minty Spire (QoL Compilation)"],"gold_per_floor":[115,115,40,50,0,28,28,28,83,94,94,124,124,137,137,239,239,258,258,231,243,262,262,273,293,316,344,153,153,253,233,233,233,233],"floor_reached":33,"language":"KOR","playtime":983,"items_purged":[],"score":383,"play_id":"e14a7d9a-2689-4a20-a4e4-158ea211582a","local_time":"20210223060729","is_ascension_mode":true,"campfire_choices":[{"data":"Zap","floor":7.0,"key":"SMITH"},{"floor":13.0,"key":"REST"},{"data":"Turbo","floor":15.0,"key":"SMITH"},{"data":"Electrodynamics","floor":23.0,"key":"SMITH"},{"floor":32,"key":"REST"}],"circlet_count":0,"master_deck":["Strike_B","Strike_B","Strike_B","Defend_B","Defend_B","Defend_B","Zap+1","Dualcast","Self Repair","Chill","Turbo+1","Coolheaded","Stack","Storm","Cold Snap","Beam Cell","Electrodynamics+1","Glacier","Coolheaded","White Noise","Ball Lightning","Defragment","Seek","Writhe"],"relics":["Cracked Core","NeowsBlessing","Blood Vial","Akabeko","HornCleat","Dream Catcher","Philosopher\u0027s Stone","PreservedInsect","Juzu Bracelet","Mango","Peace Pipe","Bottled Flame"],"acts_visited":["Exordium","TheCity"],"potions_floor_usage":[33,33,33],"damage_taken":[{"damage":0.0,"enemies":"2 Louse","floor":1.0,"turns":1.0},{"damage":0.0,"enemies":"Small Slimes","floor":4.0,"turns":1.0},{"damage":0.0,"enemies":"3 Sentries","floor":6.0,"turns":1.0},{"damage":7.0,"enemies":"Jaw Worm","floor":10.0,"turns":2.0},{"damage":46.0,"enemies":"Gremlin Nob","floor":12.0,"turns":7.0},{"damage":0.0,"enemies":"2 Fungi Beasts","floor":14.0,"turns":3.0},{"damage":69.0,"enemies":"Slime Boss","floor":16.0,"turns":16.0},{"damage":0.0,"enemies":"Spheric Guardian","floor":18.0,"turns":3.0},{"damage":0.0,"enemies":"Chosen","floor":21.0,"turns":4.0},{"damage":15.0,"enemies":"Centurion and Healer","floor":22.0,"turns":9.0},{"damage":17.0,"enemies":"Snake Plant","floor":24.0,"turns":3.0},{"damage":0.0,"enemies":"Sentry and Sphere","floor":25.0,"turns":5.0},{"damage":26.0,"enemies":"Slavers","floor":27.0,"turns":2.0},{"damage":13.0,"enemies":"Colosseum Slavers","floor":30.0,"turns":4.0},{"damage":3.0,"enemies":"Colosseum Nobs","floor":30.0,"turns":3.0},{"damage":102,"enemies":"Champ","floor":33,"turns":13}],"seed_played":"-3998249224798865315","potions_obtained":[{"floor":1.0,"key":"Block Potion"},{"floor":6.0,"key":"EssenceOfSteel"},{"floor":14.0,"key":"SkillPotion"},{"floor":18.0,"key":"PowerPotion"},{"floor":25.0,"key":"Fire Potion"},{"floor":27.0,"key":"SneckoOil"},{"floor":31,"key":"Block Potion"}],"is_trial":false,"path_per_floor":["M","?","$","M","?","E","R","?","T","M","?","E","R","M","R","B",null,"M","?","$","M","M","R","M","M","T","E","$","?","?","?","R","B"],"character_chosen":"DEFECT","items_purchased":["Chill","Coolheaded","Defragment","Seek"],"campfire_rested":2,"item_purchase_floors":[3,20,28,28],"current_hp_per_floor":[75,68,68,68,68,68,68,73,73,75,75,38,62,71,71,11,80,80,80,80,80,72,72,57,66,66,42,42,56,58,58,86,0,0],"gold":233,"neow_bonus":"THREE_ENEMY_KILL","is_daily":false,"chose_seed":false,"campfire_upgraded":3,"win_rate":0.0,"timestamp":1614028049,"path_taken":["M","?","$","M","?","E","R","?","T","M","?","E","R","M","R","BOSS","M","?","$","M","M","R","M","M","T","E","$","?","?","?","R","BOSS"],"items_purchased_type":["Card","Card","Card","Card"],"build_version":"2020-12-22","purchased_purges":0,"victory":false,"max_hp_per_floor":[75,75,75,75,75,75,75,80,80,80,80,80,80,80,80,80,80,80,80,80,80,80,80,80,80,80,80,80,94,94,94,94,94,94],"card_choices":[{"not_picked":["Heatsinks","Genetic Algorithm"],"picked":"Self Repair","floor":1.0},{"not_picked":["Gash","Conserve Battery"],"picked":"Turbo","floor":4.0},{"not_picked":["Compile Driver","Steam"],"picked":"Coolheaded","floor":6.0},{"not_picked":["Hologram","Barrage"],"picked":"Stack","floor":10.0},{"not_picked":["Sweeping Beam","Undo"],"picked":"Storm","floor":12.0},{"not_picked":["Beam Cell","Conserve Battery"],"picked":"Cold Snap","floor":13.0},{"not_picked":["Compile Driver","Lockon"],"picked":"Beam Cell","floor":14.0},{"not_picked":["Core Surge","Multi-Cast"],"picked":"Electrodynamics","floor":16.0},{"not_picked":["Hello World","Go for the Eyes","Compile Driver"],"picked":"SKIP","floor":18.0},{"not_picked":["Go for the Eyes+1","Melter"],"picked":"White Noise","floor":21.0},{"not_picked":["Go for the Eyes","Coolheaded"],"picked":"Ball Lightning","floor":22.0},{"not_picked":["Leap+1","Recycle","Compile Driver"],"picked":"SKIP","floor":24.0},{"not_picked":["Go for the Eyes+1","Redo+1","Sweeping Beam"],"picked":"SKIP","floor":25.0},{"not_picked":["Undo","Conserve Battery","Darkness"],"picked":"SKIP","floor":27.0}],"player_experience":211499,"relics_obtained":[{"floor":6.0,"key":"Blood Vial"},{"floor":9.0,"key":"Akabeko"},{"floor":12.0,"key":"Dream Catcher"},{"floor":26.0,"key":"PreservedInsect"},{"floor":27.0,"key":"Juzu Bracelet"},{"floor":30,"key":"Peace Pipe"},{"floor":30,"key":"Bottled Flame"}],"event_choices":[{"cards_removed":["Defend_B"],"damage_healed":0.0,"max_hp_gain":0.0,"max_hp_loss":0.0,"gold_gain":0.0,"event_name":"Golden Wing","player_choice":"Card Removal","floor":2.0,"gold_loss":0.0,"damage_taken":7.0},{"cards_removed":["Strike_B"],"damage_healed":0.0,"max_hp_gain":0.0,"max_hp_loss":0.0,"gold_gain":0.0,"event_name":"The Cleric","player_choice":"Card Removal","floor":5.0,"gold_loss":50.0,"damage_taken":0.0},{"damage_healed":0.0,"max_hp_gain":5.0,"max_hp_loss":0.0,"gold_gain":0.0,"event_name":"Big Fish","player_choice":"Donut","floor":8.0,"gold_loss":0.0,"damage_taken":0.0},{"damage_healed":0.0,"max_hp_gain":0.0,"max_hp_loss":0.0,"gold_gain":0.0,"event_name":"Dead Adventurer","player_choice":"Searched \u00272\u0027 times","floor":11.0,"gold_loss":0.0,"damage_taken":0.0,"relics_obtained":["HornCleat"]},{"damage_healed":0.0,"max_hp_gain":0.0,"max_hp_loss":0.0,"gold_gain":0.0,"event_name":"The Library","player_choice":"Read","floor":19.0,"gold_loss":0.0,"damage_taken":0.0,"cards_obtained":["Glacier"]},{"damage_healed":0.0,"max_hp_gain":0.0,"max_hp_loss":0.0,"gold_gain":0.0,"event_name":"The Mausoleum","player_choice":"Opened","floor":29.0,"gold_loss":0.0,"damage_taken":0.0,"relics_obtained":["Mango"],"cards_obtained":["Writhe"]},{"damage_healed":0.0,"max_hp_gain":0.0,"max_hp_loss":0.0,"gold_gain":0.0,"event_name":"Colosseum","player_choice":"Fight","floor":30.0,"gold_loss":0.0,"damage_taken":0.0},{"damage_healed":0.0,"max_hp_gain":0.0,"max_hp_loss":0.0,"gold_gain":0.0,"event_name":"Colosseum","player_choice":"Fought Nobs","floor":30.0,"gold_loss":0.0,"damage_taken":0.0},{"damage_healed":0,"gold_gain":0,"player_choice":"Bought 1 Potion","damage_taken":0,"max_hp_gain":0,"max_hp_loss":0,"event_name":"The Woman in Blue","floor":31,"gold_loss":0}],"is_beta":false,"boss_relics":[{"not_picked":["Nuclear Battery","Busted Crown"],"picked":"Philosopher\u0027s Stone"}],"items_purged_floors":[],"is_endless":false,"potions_floor_spawned":[1,6,14,18,25,27],"killed_by":"Champ","ascension_level":4}}