{"host":"c64dsqyrqv0ei9yn","time":1614007827,"event":{"mods":["Act Like it!","Arknights","BaseMod","Bestiary","CapriCore","Chen","Colored Map","Colored Powertips","Curses Come First","Hermit","Koishi","LagranYue(ùfäiòNÅEåé)","MarisaÅiñ∂âJÅ@ñÇóùçπÅj","Minty Spire (QoL Compilation)","Prisma Mod","Random Character Button","ReimuÅiîé??öÎÅj","RemiliaÅiÂQïƒ‰ª?Åj","StSLib","The Administrix","The Alterego","The Immortal","The Marked","The Saiyan","The Senshi","The Servant 0.9.4","The Wild Card","TheSwordswoman","Waifu the Spire","WarShipGirlsR/??è≠èóR mod","slay the spire mod where everything is the same but ironclad has a cowboy hat"],"gold_per_floor":[114,129,145,163,163,163,163],"floor_reached":6,"language":"ENG","playtime":363,"items_purged":[],"score":38,"play_id":"910c5809-ecbc-4e5d-af2d-7035684e2271","local_time":"20210222153027","is_ascension_mode":false,"campfire_choices":[],"circlet_count":0,"master_deck":["ats:Strike C","ats:Strike G","ats:Strike S","ats:Strike V","ats:Armor Crushing Shot","ats:Defend","ats:Defend","ats:Defend","ats:Defend","ats:Emotion Absorption","ats:Volcano","ats:Leaping Hammer","ats:Very Hot Blade","ats:Shell Defense","ats:Sunburst"],"relics":["ats:Sanity"],"acts_visited":["Exordium"],"potions_floor_usage":[],"damage_taken":[{"damage":4,"enemies":"2 Louse","floor":1,"turns":3},{"damage":10,"enemies":"Jaw Worm","floor":2,"turns":4},{"damage":1,"enemies":"Cultist","floor":3,"turns":3},{"damage":46,"enemies":"Exordium Thugs","floor":4,"turns":9},{"damage":18,"enemies":"3 Sentries","floor":6,"turns":3}],"seed_played":"-1053420037603332289","potions_obtained":[],"is_trial":false,"path_per_floor":["M","M","M","M","?","E"],"character_chosen":"DOCTOR_CLASS","items_purchased":[],"campfire_rested":0,"item_purchase_floors":[],"current_hp_per_floor":[68,58,57,14,14,0,0],"gold":163,"neow_bonus":"ONE_RANDOM_RARE_CARD","is_daily":false,"chose_seed":false,"campfire_upgraded":0,"win_rate":0.0,"timestamp":1614007827,"path_taken":["M","M","M","M","?","E"],"items_purchased_type":[],"build_version":"2020-12-22","purchased_purges":0,"victory":false,"max_hp_per_floor":[72,72,72,72,72,72,72],"card_choices":[{"not_picked":["ats:Consecutive Shot Auto","ats:Flexible Camouflage"],"picked":"ats:Leaping Hammer","floor":1},{"not_picked":["ats:Blood Oath","ats:Consecutive Shot Auto"],"picked":"ats:Very Hot Blade","floor":2},{"not_picked":["ats:Hook Shot","ats:Chain Hook"],"picked":"ats:Shell Defense","floor":3},{"not_picked":["ats:Curse Doll","ats:Absolute Focus"],"picked":"ats:Sunburst","floor":4}],"player_experience":145746,"relics_obtained":[],"event_choices":[{"damage_healed":0,"gold_gain":0,"player_choice":"Ignored","damage_taken":0,"max_hp_gain":0,"max_hp_loss":0,"event_name":"Golden Idol","floor":5,"gold_loss":0}],"is_beta":false,"boss_relics":[],"items_purged_floors":[],"is_endless":false,"potions_floor_spawned":[],"killed_by":"3 Sentries","ascension_level":0}}