{"host":"1c52r9kaxdyo25eq","time":1614007310,"event":{"mods":["AchievementEnabler","BaseMod","DeckTracker","Minty Spire (QoL Compilation)","Rare Cards Sparkle","SuperFastMode","everything is the same but u backflip on backflip"],"gold_per_floor":[116,126,140,140,140,140,39,39,118,118,138,157,157,57,57,150,150,170,186,101,116,116,116,129,129,129,149,129,143,18,43,43,138,138,161,174,205,223,242,277,277,277,277,291,291,330,348,363,363,363,363,363,363,36,67,67,67],"floor_reached":56,"language":"KOR","playtime":1734,"items_purged":["Strike_G","Strike_G","Outmaneuver"],"score":2006,"play_id":"23bf6650-ee8f-4b0f-a1c7-40ca924d6bb2","local_time":"20210223002150","is_ascension_mode":true,"campfire_choices":[{"floor":6.0,"key":"REST"},{"data":"Blade Dance","floor":8.0,"key":"SMITH"},{"data":"Accuracy","floor":10.0,"key":"SMITH"},{"data":"Blade Dance","floor":15.0,"key":"SMITH"},{"data":"Terror","floor":23.0,"key":"SMITH"},{"data":"Prepared","floor":25.0,"key":"SMITH"},{"data":"Phantasmal Killer","floor":32.0,"key":"SMITH"},{"data":"Well Laid Plans","floor":41.0,"key":"SMITH"},{"floor":45.0,"key":"RECALL"},{"data":"Setup","floor":49.0,"key":"PURGE"},{"data":"Bouncing Flask","floor":53,"key":"PURGE"}],"circlet_count":0,"master_deck":["AscendersBane","Survivor","Neutralize","Accuracy+1","Well Laid Plans+1","Blade Dance+1","Tactician+1","Prepared+1","Masterful Stab","Blade Dance+1","Phantasmal Killer+1","Expertise","Reflex","Footwork","Finisher+1","Terror+1","Backflip+1","After Image","Acrobatics+1","Blur"],"relics":["Ring of the Snake","Golden Idol","Meat on the Bone","Pandora\u0027s Box","InkBottle","Ninja Scroll","Philosopher\u0027s Stone","Peace Pipe","Bird Faced Urn","White Beast Statue","Shuriken","Ice Cream"],"acts_visited":["Exordium","TheCity","TheBeyond","TheEnding"],"potions_floor_usage":[50,56,56],"damage_taken":[{"damage":7.0,"enemies":"2 Louse","floor":1.0,"turns":3.0},{"damage":12.0,"enemies":"Small Slimes","floor":2.0,"turns":4.0},{"damage":4.0,"enemies":"Jaw Worm","floor":3.0,"turns":3.0},{"damage":6.0,"enemies":"Looter","floor":11.0,"turns":3.0},{"damage":8.0,"enemies":"3 Louse","floor":12.0,"turns":4.0},{"damage":0.0,"enemies":"Slime Boss","floor":16.0,"turns":5.0},{"damage":24.0,"enemies":"2 Thieves","floor":18.0,"turns":3.0},{"damage":12.0,"enemies":"3 Byrds","floor":19.0,"turns":4.0},{"damage":19.0,"enemies":"Centurion and Healer","floor":21.0,"turns":3.0},{"damage":0.0,"enemies":"Snake Plant","floor":24.0,"turns":2.0},{"damage":18.0,"enemies":"Snecko","floor":27.0,"turns":3.0},{"damage":0.0,"enemies":"Shelled Parasite and Fungi","floor":29.0,"turns":4.0},{"damage":9.0,"enemies":"Centurion and Healer","floor":31.0,"turns":2.0},{"damage":26.0,"enemies":"Collector","floor":33.0,"turns":4.0},{"damage":0.0,"enemies":"3 Darklings","floor":35.0,"turns":2.0},{"damage":4.0,"enemies":"3 Shapes","floor":36.0,"turns":4.0},{"damage":11.0,"enemies":"Mind Bloom Boss Battle","floor":37.0,"turns":4.0},{"damage":0.0,"enemies":"Writhing Mass","floor":38.0,"turns":2.0},{"damage":0.0,"enemies":"Spire Growth","floor":39.0,"turns":2.0},{"damage":0.0,"enemies":"Reptomancer","floor":40.0,"turns":2.0},{"damage":0.0,"enemies":"4 Shapes","floor":44.0,"turns":6.0},{"damage":0.0,"enemies":"Nemesis","floor":46.0,"turns":1.0},{"damage":0.0,"enemies":"3 Darklings","floor":47.0,"turns":1.0},{"damage":7.0,"enemies":"Jaw Worm Horde","floor":48.0,"turns":3.0},{"damage":33,"enemies":"Time Eater","floor":50,"turns":3},{"damage":28,"enemies":"Awakened One","floor":51,"turns":5},{"damage":29,"enemies":"Shield and Spear","floor":55,"turns":3},{"damage":10,"enemies":"The Heart","floor":56,"turns":2}],"seed_played":"-1442830286565951800","potions_obtained":[{"floor":3.0,"key":"DistilledChaos"},{"floor":12.0,"key":"CultistPotion"},{"floor":18.0,"key":"CunningPotion"},{"floor":24.0,"key":"BlessingOfTheForge"},{"floor":27.0,"key":"Regen Potion"},{"floor":28.0,"key":"CultistPotion"},{"floor":33.0,"key":"GhostInAJar"},{"floor":36.0,"key":"Fire Potion"},{"floor":38.0,"key":"DuplicationPotion"},{"floor":44.0,"key":"Strength Potion"},{"floor":47.0,"key":"AttackPotion"},{"floor":48.0,"key":"Dexterity Potion"},{"floor":55,"key":"Energy Potion"}],"is_trial":false,"path_per_floor":["M","M","M","?","?","R","$","R","T","R","M","M","?","$","R","B",null,"M","M","?","M","?","R","M","R","T","M","?","M","$","M","R","B",null,"M","M","?","M","M","E","R","?","T","M","R","E","M","M","R","B","B",null,"R","$","E","B"],"character_chosen":"THE_SILENT","items_purchased":["Prepared","Shuriken","Blur"],"campfire_rested":1,"item_purchase_floors":[7,54,54],"current_hp_per_floor":[52,40,36,36,18,36,36,36,36,36,42,34,27,27,27,39,55,31,31,31,24,24,24,36,36,36,30,30,42,42,33,33,19,50,50,46,35,35,35,35,35,60,60,60,60,60,60,55,55,42,34,54,54,54,33,31,31],"gold":67,"neow_bonus":"TRANSFORM_CARD","is_daily":false,"chose_seed":false,"campfire_upgraded":7,"win_rate":0.0,"timestamp":1614007310,"path_taken":["M","M","M","?","?","R","$","R","T","R","M","M","?","?","R","BOSS","M","M","?","M","?","R","M","R","T","?","?","?","$","M","R","BOSS","M","M","?","M","M","E","R","?","T","?","R","E","M","M","R","BOSS","BOSS","R","$","E","BOSS"],"items_purchased_type":["Card","Relic","Card"],"build_version":"2020-12-22","purchased_purges":3,"victory":false,"max_hp_per_floor":[66,66,66,60,60,60,60,60,60,60,60,60,60,60,60,60,60,60,60,60,60,60,60,60,60,60,60,60,60,60,60,60,60,60,60,60,60,60,60,60,60,60,60,60,60,60,60,60,60,60,60,60,60,60,60,60,60],"card_choices":[{"not_picked":["Flying Knee","Tactician"],"picked":"Well Laid Plans","floor":1.0},{"not_picked":["Acrobatics","Dash"],"picked":"Blade Dance","floor":2.0},{"not_picked":["Dodge and Roll","Sucker Punch"],"picked":"Tactician","floor":3.0},{"not_picked":["Deflect","Predator"],"picked":"Masterful Stab","floor":11.0},{"not_picked":["Masterful Stab","Quick Slash"],"picked":"Blade Dance","floor":12.0},{"not_picked":["Malaise","Burst"],"picked":"Phantasmal Killer","floor":16.0},{"not_picked":["Flying Knee","Dodge and Roll","Bane"],"picked":"SKIP","floor":18.0},{"not_picked":["Masterful Stab","Blade Dance"],"picked":"Footwork","floor":19.0},{"not_picked":["Sucker Punch+1","Flying Knee"],"picked":"Finisher+1","floor":21.0},{"not_picked":["Expertise","Flying Knee","Dagger Spray"],"picked":"SKIP","floor":24.0},{"not_picked":["Flying Knee","Skewer"],"picked":"Backflip+1","floor":27.0},{"not_picked":["Quick Slash","Infinite Blades","Die Die Die"],"picked":"SKIP","floor":29.0},{"not_picked":["Cloak And Dagger","Finisher","Dodge and Roll"],"picked":"SKIP","floor":31.0},{"not_picked":["Burst","Glass Knife"],"picked":"After Image","floor":33.0},{"not_picked":["Dagger Spray","Well Laid Plans","Poisoned Stab+1"],"picked":"SKIP","floor":35.0},{"not_picked":["Footwork","Escape Plan","Masterful Stab"],"picked":"SKIP","floor":36.0},{"not_picked":["Underhanded Strike+1","Crippling Poison+1","Deadly Poison+1"],"picked":"SKIP","floor":38.0},{"not_picked":["Concentrate","Setup","Underhanded Strike"],"picked":"SKIP","floor":39.0},{"not_picked":["Prepared","Tools of the Trade","Outmaneuver"],"picked":"SKIP","floor":40.0},{"not_picked":["Deflect+1","Dagger Spray"],"picked":"Acrobatics+1","floor":44.0},{"not_picked":["Sucker Punch","Caltrops+1","Catalyst"],"picked":"SKIP","floor":46.0},{"not_picked":["Bane+1","Setup","Masterful Stab"],"picked":"SKIP","floor":47.0},{"not_picked":["Reflex","PiercingWail","Poisoned Stab"],"picked":"SKIP","floor":48.0},{"not_picked":["Cloak And Dagger+1","Masterful Stab","Outmaneuver+1"],"picked":"SKIP","floor":55},{"not_picked":["Cloak And Dagger+1","Masterful Stab","Outmaneuver+1"],"picked":"SKIP","floor":55}],"player_experience":660208,"relics_obtained":[{"floor":9.0,"key":"Meat on the Bone"},{"floor":26.0,"key":"Ninja Scroll"},{"floor":37.0,"key":"Peace Pipe"},{"floor":40.0,"key":"Bird Faced Urn"},{"floor":46.0,"key":"White Beast Statue"},{"floor":55,"key":"Ice Cream"}],"event_choices":[{"damage_healed":0.0,"max_hp_gain":0.0,"max_hp_loss":6.0,"gold_gain":0.0,"event_name":"Golden Idol","player_choice":"Lose Max HP","floor":4.0,"gold_loss":0.0,"damage_taken":0.0,"relics_obtained":["Golden Idol"]},{"damage_healed":0.0,"max_hp_gain":0.0,"max_hp_loss":0.0,"gold_gain":0.0,"event_name":"Shining Light","player_choice":"Entered Light","floor":5.0,"gold_loss":0.0,"damage_taken":18.0,"cards_upgraded":["Defend_G","Tactician"]},{"cards_removed":["Strike_G"],"damage_healed":0.0,"max_hp_gain":0.0,"max_hp_loss":0.0,"gold_gain":0.0,"event_name":"Golden Wing","player_choice":"Card Removal","floor":13.0,"gold_loss":0.0,"damage_taken":7.0},{"damage_healed":0.0,"max_hp_gain":0.0,"max_hp_loss":0.0,"gold_gain":0.0,"event_name":"Addict","player_choice":"Obtained Relic","floor":20.0,"gold_loss":85.0,"damage_taken":0.0,"relics_obtained":["InkBottle"]},{"damage_healed":0.0,"max_hp_gain":0.0,"max_hp_loss":0.0,"gold_gain":0.0,"cards_transformed":["Distraction"],"event_name":"Transmorgrifier","player_choice":"Transformed","floor":22.0,"gold_loss":0.0,"damage_taken":0.0,"cards_obtained":["Terror"]},{"damage_healed":0.0,"max_hp_gain":0.0,"max_hp_loss":0.0,"gold_gain":0.0,"event_name":"The Woman in Blue","player_choice":"Bought 1 Potion","floor":28.0,"gold_loss":0.0,"damage_taken":0.0},{"damage_healed":0.0,"max_hp_gain":0.0,"max_hp_loss":0.0,"gold_gain":0.0,"event_name":"MindBloom","player_choice":"Fight","floor":37.0,"gold_loss":0.0,"damage_taken":0.0},{"damage_healed":25.0,"max_hp_gain":0.0,"max_hp_loss":0.0,"gold_gain":0.0,"event_name":"Wheel of Change","player_choice":"Full Heal","floor":42.0,"gold_loss":0.0,"damage_taken":0.0}],"is_beta":false,"boss_relics":[{"not_picked":["Coffee Dripper","Velvet Choker"],"picked":"Pandora\u0027s Box"},{"not_picked":["Snecko Eye","Busted Crown"],"picked":"Philosopher\u0027s Stone"}],"items_purged_floors":[7,14,30],"is_endless":false,"potions_floor_spawned":[3,12,18,24,27,33,36,38,40,44,47,48,55],"killed_by":"The Heart","ascension_level":20}}