{"host":"q0zivyteofxuwz3g","time":1614019346,"event":{"mods":["AchievementEnabler","BaseMod","BetterRewards","Minty Spire (QoL Compilation)","StSLib"],"gold_per_floor":[112,125,135,135,135,168,168,187,213,213,227,262,106,119,119,250,250,266,316,17,17,17,42,42,42,42,52,78,178,1,35,35,134,134,153,153,165,165,185,216,216,263,275,287,299,311,337,364,376,388,400,412,41,73,73],"floor_reached":56,"language":"ENG","playtime":5973,"items_purged":[],"score":1862,"play_id":"61f02cf7-3390-4df9-8b15-c375726ef4e8","local_time":"20210222154226","is_ascension_mode":true,"campfire_choices":[{"floor":7,"key":"DIG"},{"floor":10,"key":"DIG"},{"floor":15,"key":"DIG"},{"floor":24,"key":"DIG"},{"floor":32,"key":"REST"},{"floor":41,"key":"DIG"},{"floor":46,"key":"RECALL"},{"floor":49,"key":"DIG"},{"floor":52,"key":"DIG"}],"circlet_count":0,"master_deck":["Strike_B+1","Strike_B+1","Strike_B+1","Strike_B+1","Defend_B+1","Defend_B+1","Defend_B+1","Defend_B+1","Zap+1","Dualcast+1","Hologram+1","Thinking Ahead+1","Self Repair+1","Ball Lightning+1","Hello World+1","Sweeping Beam+1","Heatsinks+1","Defragment+1","Melter+1","Injury","Rainbow+1","Defragment+1","Cold Snap+1","Double Energy+1","Sweeping Beam+1","BootSequence+1","Hello World+1","Coolheaded+1","Seek+1","Consume+1","Auto Shields+1","Forethought+1","Auto Shields+1","Capacitor+1","Blizzard+1","Double Energy+1","Creative AI+1","Coolheaded+1","Defragment+1","Coolheaded+1","Echo Form+1","CurseOfTheBell","Beam Cell+1","Loop+1","Rebound+1","Buffer+1","Chill+1","Conserve Battery+1","Chaos+1","Recycle+1","Leap+1","Coolheaded+1","Capacitor","Glacier+1"],"relics":["Cracked Core","Prayer Wheel","Blood Vial","Bag of Marbles","Shovel","Bloody Idol","Letter Opener","Strawberry","Anchor","Bottled Tornado","Toy Ornithopter","Tiny Chest","Nunchaku","SlaversCollar","PreservedInsect","Pen Nib","Unceasing Top","War Paint","The Courier","FossilizedHelix","Torii","Bottled Flame","HandDrill","Boot","Calling Bell","Centennial Puzzle","Darkstone Periapt","Ginger","Oddly Smooth Stone","Shuriken","MawBank","Eternal Feather","Meat on the Bone","Mark of the Bloom","Vajra","HornCleat","Sundial","Bag of Preparation","DataDisk"],"acts_visited":["Exordium","TheCity","TheBeyond","TheEnding"],"potions_floor_usage":[6,12,28,29,40,40,40,47,50],"damage_taken":[{"damage":0,"enemies":"2 Louse","floor":1,"turns":3},{"damage":7,"enemies":"Jaw Worm","floor":2,"turns":2},{"damage":0,"enemies":"Cultist","floor":3,"turns":2},{"damage":23,"enemies":"Gremlin Nob","floor":6,"turns":4},{"damage":7,"enemies":"2 Fungi Beasts","floor":8,"turns":2},{"damage":4,"enemies":"Red Slaver","floor":11,"turns":3},{"damage":25,"enemies":"Lagavulin","floor":12,"turns":4},{"damage":8,"enemies":"Blue Slaver","floor":14,"turns":3},{"damage":14,"enemies":"Hexaghost","floor":16,"turns":8},{"damage":0,"enemies":"Spheric Guardian","floor":18,"turns":3},{"damage":20,"enemies":"Slavers","floor":23,"turns":4},{"damage":13,"enemies":"Shell Parasite","floor":27,"turns":4},{"damage":48,"enemies":"Gremlin Leader","floor":28,"turns":5},{"damage":33,"enemies":"Colosseum Slavers","floor":29,"turns":6},{"damage":0,"enemies":"Colosseum Nobs","floor":29,"turns":3},{"damage":8,"enemies":"Slavers","floor":31,"turns":5},{"damage":18,"enemies":"Champ","floor":33,"turns":8},{"damage":25,"enemies":"3 Shapes","floor":35,"turns":7},{"damage":0,"enemies":"Orb Walker","floor":37,"turns":3},{"damage":35,"enemies":"Spire Growth","floor":39,"turns":7},{"damage":0,"enemies":"Giant Head","floor":40,"turns":7},{"damage":34,"enemies":"Nemesis","floor":42,"turns":6},{"damage":0,"enemies":"Writhing Mass","floor":47,"turns":7},{"damage":0,"enemies":"Sphere and 2 Shapes","floor":48,"turns":5},{"damage":1,"enemies":"Donu and Deca","floor":50,"turns":8},{"damage":0,"enemies":"Shield and Spear","floor":54,"turns":4},{"damage":62,"enemies":"The Heart","floor":55,"turns":9}],"seed_played":"-5506176846675407330","potions_obtained":[{"floor":1,"key":"CultistPotion"},{"floor":6,"key":"EssenceOfDarkness"},{"floor":8,"key":"Swift Potion"},{"floor":27,"key":"Swift Potion"},{"floor":29,"key":"SteroidPotion"},{"floor":33,"key":"Energy Potion"},{"floor":39,"key":"SteroidPotion"},{"floor":42,"key":"ColorlessPotion"},{"floor":47,"key":"Regen Potion"}],"is_trial":false,"path_per_floor":["M","M","M","?","?","E","R","M","T","R","M","E","$","M","R","B",null,"M","?","$","?","?","E","R","T","T","M","E","?","$","E","R","B",null,"M","T","M","$","M","E","R","E","T","?","?","R","M","M","R","B",null,"R","$","E","B",null],"character_chosen":"DEFECT","items_purchased":["Self Repair","Tiny Chest","PreservedInsect","Pen Nib","HandDrill","Defragment","Capacitor","Sundial","Bag of Preparation"],"campfire_rested":1,"item_purchase_floors":[0,13,20,20,30,30,53,53,53],"current_hp_per_floor":[44,39,48,48,48,34,41,36,36,36,41,25,25,26,26,14,82,82,82,82,82,82,74,74,74,74,68,39,27,27,26,50,39,82,76,76,82,82,59,81,81,60,65,70,70,70,70,70,70,69,69,69,69,69,7],"gold":73,"neow_bonus":"","is_daily":false,"chose_seed":false,"campfire_upgraded":0,"win_rate":0.0,"timestamp":1614019346,"path_taken":["M","M","M","?","?","E","R","M","T","R","M","E","$","M","R","BOSS","M","?","$","?","?","E","R","?","T","?","E","?","?","E","R","BOSS","M","?","M","?","M","E","R","E","T","?","?","R","M","M","R","BOSS","R","$","E","BOSS"],"items_purchased_type":["Card","Relic","Relic","Relic","Relic","Card","Card","Relic","Relic"],"build_version":"2020-12-22","purchased_purges":0,"victory":true,"max_hp_per_floor":[75,75,75,75,75,75,82,82,82,82,82,82,82,82,82,82,82,82,82,82,82,82,82,82,82,82,82,82,82,82,82,82,82,82,82,82,82,82,82,82,82,82,82,82,82,82,82,82,82,82,82,82,82,82,82],"card_choices":[{"not_picked":["Leap","Coolheaded"],"picked":"Ball Lightning","floor":1},{"not_picked":["Darkness","Aggregate"],"picked":"Hello World","floor":1},{"not_picked":["BootSequence","Hologram"],"picked":"Sweeping Beam","floor":2},{"not_picked":["Fusion","Reinforced Body"],"picked":"Heatsinks","floor":2},{"not_picked":["Cold Snap","Hologram"],"picked":"Defragment","floor":3},{"not_picked":["Reprogram","Coolheaded"],"picked":"Melter","floor":3},{"not_picked":["Darkness","Doom and Gloom"],"picked":"Rainbow","floor":6},{"not_picked":["Hologram","Barrage"],"picked":"Defragment","floor":8},{"not_picked":["Darkness","Sweeping Beam"],"picked":"Cold Snap","floor":8},{"not_picked":["Sweeping Beam","Auto Shields"],"picked":"Double Energy","floor":11},{"not_picked":["Skim","Sunder"],"picked":"Sweeping Beam","floor":11},{"not_picked":["Turbo","Sunder"],"picked":"BootSequence","floor":12},{"not_picked":["Go for the Eyes","Sunder"],"picked":"Hello World","floor":14},{"not_picked":["Leap","Ball Lightning"],"picked":"Coolheaded","floor":14},{"not_picked":["Core Surge","Multi-Cast"],"picked":"Seek","floor":16},{"not_picked":["Leap","Tempest"],"picked":"Consume+1","floor":18},{"not_picked":["Ball Lightning","Reprogram"],"picked":"Auto Shields+1","floor":18},{"not_picked":["Steam","Fusion+1"],"picked":"Capacitor","floor":23},{"not_picked":["Heatsinks","Go for the Eyes"],"picked":"Blizzard+1","floor":27},{"not_picked":["Ball Lightning","Coolheaded"],"picked":"Double Energy+1","floor":27},{"not_picked":["Hologram","Ball Lightning+1"],"picked":"Creative AI","floor":28},{"not_picked":["Genetic Algorithm","Hello World"],"picked":"Coolheaded","floor":29},{"not_picked":["Rebound","Seek"],"picked":"Coolheaded+1","floor":31},{"not_picked":["Multi-Cast","Hyperbeam"],"picked":"Echo Form","floor":33},{"not_picked":["Rip and Tear+1","Steam"],"picked":"Beam Cell+1","floor":35},{"not_picked":["Cold Snap","Leap"],"picked":"Loop","floor":35},{"not_picked":["Reprogram+1","Hologram+1"],"picked":"Rebound+1","floor":37},{"not_picked":["Undo","Scrape"],"picked":"Buffer","floor":37},{"not_picked":["Redo","Steam"],"picked":"Rebound+1","floor":39},{"not_picked":["Beam Cell","Auto Shields+1"],"picked":"Chill+1","floor":39},{"not_picked":["Reprogram","Hello World"],"picked":"Conserve Battery","floor":40},{"not_picked":["Compile Driver+1","Leap+1"],"picked":"Chaos","floor":42},{"not_picked":["Meteor Strike","Sunder+1"],"picked":"Recycle+1","floor":47},{"not_picked":["Redo+1","Ball Lightning","Sweeping Beam"],"picked":"SKIP","floor":47},{"not_picked":["BootSequence","Compile Driver+1"],"picked":"Leap+1","floor":48},{"not_picked":["Go for the Eyes+1","Beam Cell"],"picked":"Coolheaded+1","floor":48},{"not_picked":["Blizzard+1","Auto Shields+1"],"picked":"Glacier+1","floor":54}],"player_experience":180685,"relics_obtained":[{"floor":6,"key":"Letter Opener"},{"floor":7,"key":"Strawberry"},{"floor":9,"key":"Anchor"},{"floor":10,"key":"Bottled Tornado"},{"floor":12,"key":"Toy Ornithopter"},{"floor":15,"key":"Nunchaku"},{"floor":23,"key":"Unceasing Top"},{"floor":24,"key":"War Paint"},{"floor":25,"key":"The Courier"},{"floor":28,"key":"FossilizedHelix"},{"floor":29,"key":"Torii"},{"floor":29,"key":"Bottled Flame"},{"floor":31,"key":"Boot"},{"floor":34,"key":"Centennial Puzzle"},{"floor":34,"key":"Darkstone Periapt"},{"floor":34,"key":"Ginger"},{"floor":36,"key":"Oddly Smooth Stone"},{"floor":40,"key":"Shuriken"},{"floor":41,"key":"MawBank"},{"floor":42,"key":"Eternal Feather"},{"floor":43,"key":"Meat on the Bone"},{"floor":49,"key":"Vajra"},{"floor":52,"key":"HornCleat"},{"floor":54,"key":"DataDisk"}],"event_choices":[{"damage_healed":0,"gold_gain":0,"player_choice":"Grow","damage_taken":0,"max_hp_gain":0,"max_hp_loss":0,"event_name":"Living Wall","floor":4,"gold_loss":0,"cards_upgraded":["Defragment"]},{"damage_healed":0,"gold_gain":0,"player_choice":"Take Wound","damage_taken":0,"relics_obtained":["Golden Idol"],"max_hp_gain":0,"max_hp_loss":0,"event_name":"Golden Idol","floor":5,"gold_loss":0,"cards_obtained":["Injury"]},{"damage_healed":0,"gold_gain":100,"player_choice":"Bet on Murderer","damage_taken":0,"max_hp_gain":0,"max_hp_loss":0,"event_name":"The Joust","floor":19,"gold_loss":50},{"damage_healed":0,"gold_gain":0,"player_choice":"Gave Idol","damage_taken":0,"relics_obtained":["Bloody Idol"],"max_hp_gain":0,"max_hp_loss":0,"event_name":"Forgotten Altar","floor":21,"relics_lost":["Golden Idol"],"gold_loss":0},{"damage_healed":0,"gold_gain":0,"player_choice":"2 cards matched","damage_taken":0,"max_hp_gain":0,"max_hp_loss":0,"event_name":"Match and Keep!","floor":22,"gold_loss":0,"cards_obtained":["Forethought","Auto Shields"]},{"damage_healed":0,"gold_gain":0,"player_choice":"Fight","damage_taken":0,"max_hp_gain":0,"max_hp_loss":0,"event_name":"Colosseum","floor":29,"gold_loss":0},{"damage_healed":0,"gold_gain":0,"player_choice":"Fought Nobs","damage_taken":0,"max_hp_gain":0,"max_hp_loss":0,"event_name":"Colosseum","floor":29,"gold_loss":0},{"damage_healed":0,"gold_gain":0,"player_choice":"Upgrade","damage_taken":0,"relics_obtained":["Mark of the Bloom"],"max_hp_gain":0,"max_hp_loss":0,"event_name":"MindBloom","floor":44,"gold_loss":0,"cards_upgraded":["Strike_B","Strike_B","Strike_B","Strike_B","Defend_B","Defend_B","Defend_B","Zap","Dualcast","Hologram","Self Repair","Ball Lightning","Hello World","Sweeping Beam","Heatsinks","Melter","Rainbow","Defragment","Cold Snap","Double Energy","Sweeping Beam","BootSequence","Hello World","Coolheaded","Seek","Forethought","Auto Shields","Capacitor","Creative AI","Coolheaded","Defragment","Echo Form","Loop","Buffer","Conserve Battery","Chaos"]},{"cards_removed":["Rebound"],"damage_healed":0,"gold_gain":0,"player_choice":"Removed Attack","damage_taken":0,"max_hp_gain":0,"max_hp_loss":0,"event_name":"Falling","floor":45,"gold_loss":0}],"is_beta":false,"boss_relics":[{"not_picked":["Cursed Key","Philosopher\u0027s Stone"],"picked":"SlaversCollar"},{"not_picked":["Busted Crown","Coffee Dripper"],"picked":"Calling Bell"}],"items_purged_floors":[],"is_endless":false,"potions_floor_spawned":[1,6,8,27,29,33,39,42,47],"ascension_level":3}}