{"host":"o9lehcdjc4u6j9un","time":1614032145,"event":{"mods":["Aspiration","BaseMod","Better-Laid Plans","Bossed Relics","Colored Map","Downfall","Gremlin Mod","Hermit","Koishi","Marisa£®ÏF”Í°°ƒß¿Ì…≥£©","Minty Spire (QoL Compilation)","Reimu£®≤©¿ˆ¡È√Œ£©","Remilia£®¿Ÿ√◊¿Ú—«£©","Robot Space Explorer","StSLib","The Alterego","The Hierophant","The Jungle","The Marked","The Runesmith","The Senshi","The Servant 0.9.4","Yakumo Yukari mod","Youmu£®ªÍ∆«—˝√Œ£©","≤–¡Ù÷ÆŒÔ"],"gold_per_floor":[117,127,142,153,78,112,132,32,32,42,70,85,85,117,117,215,215,233,108,118,133,133,167,17,42,42,54,71,81,81,93,93,191,191,205,219,232,232,243,273,98,117,117,127,127,162,177,195,195,195],"floor_reached":51,"language":"ZHS","playtime":2912,"items_purged":["theMarked:Strike","theMarked:Defend","theMarked:Defend","theMarked:Strike","theMarked:Strike"],"score":1004,"play_id":"91bf583d-2070-412d-83bc-982541da9bfd","local_time":"20210223061545","is_ascension_mode":false,"campfire_choices":[{"data":"theMarked:Determination","floor":15,"key":"SMITH"},{"data":"theMarked:BanishingWave","floor":30,"key":"SMITH"},{"data":"theMarked:BanishingWave","floor":32,"key":"SMITH"},{"data":"theMarked:Abjuration","floor":45,"key":"SMITH"},{"data":"theMarked:Heritage","floor":49,"key":"SMITH"}],"circlet_count":0,"master_deck":["theMarked:Strike","theMarked:Strike","theMarked:Defend","theMarked:Defend","theMarked:SoldierOfQuellstein","theMarked:WardOff","theMarked:BanishingWave+1","theMarked:Memento","theMarked:Memento","theMarked:WardOff","theMarked:WardOff","theMarked:Frustration","theMarked:Memento","theMarked:Determination+1","theMarked:BanishingWave+1","theMarked:Frustration","theMarked:Heritage+1","theMarked:Memento","theMarked:Abjuration+1","theMarked:WardOff","theMarked:BanishingStrike+1"],"relics":["theMarked:ArtifactOfAir","aspiration:Nostalgia","ScarletHat","aspiration:ChemicalBlood","Slimebound:PreparedRelic","aspiration:SeaSaltIceCream","aspiration:HummingbirdHeart","SlaversCollar","aspiration:RitualStick","Matryoshka","champ:DeflectingBracers","HornCleat","Lantern","Philosopher\u0027s Stone","aspiration:HatOfInfinitePower","Potion Belt","Mummified Hand","aspiration:StickyExplosives_weak"],"acts_visited":["Exordium","TheCity","TheBeyond"],"potions_floor_usage":[6,16,29,50,50,50,50,50,50,50,50,50],"damage_taken":[{"damage":0,"enemies":"Small Slimes","floor":1,"turns":3},{"damage":0,"enemies":"Cultist","floor":2,"turns":4},{"damage":0,"enemies":"Jaw Worm","floor":3,"turns":3},{"damage":7,"enemies":"Blue Slaver","floor":4,"turns":3},{"damage":7,"enemies":"Lagavulin","floor":6,"turns":6},{"damage":0,"enemies":"Exordium Thugs","floor":7,"turns":4},{"damage":0,"enemies":"Looter","floor":10,"turns":3},{"damage":0,"enemies":"Gremlin Nob","floor":11,"turns":3},{"damage":1,"enemies":"3 Louse","floor":12,"turns":3},{"damage":0,"enemies":"Lagavulin","floor":14,"turns":5},{"damage":0,"enemies":"Hexaghost","floor":16,"turns":7},{"damage":1,"enemies":"2 Thieves","floor":18,"turns":3},{"damage":0,"enemies":"Chosen","floor":20,"turns":4},{"damage":0,"enemies":"Shelled Parasite and Fungi","floor":21,"turns":4},{"damage":12,"enemies":"Gremlin Leader","floor":23,"turns":5},{"damage":4,"enemies":"Book of Stabbing","floor":25,"turns":4},{"damage":0,"enemies":"Snake Plant","floor":27,"turns":3},{"damage":0,"enemies":"3 Cultists","floor":28,"turns":3},{"damage":0,"enemies":"Sentry and Sphere","floor":29,"turns":3},{"damage":0,"enemies":"Snecko","floor":31,"turns":3},{"damage":0,"enemies":"Automaton","floor":33,"turns":6},{"damage":0,"enemies":"3 Shapes","floor":35,"turns":3},{"damage":0,"enemies":"Orb Walker","floor":36,"turns":2},{"damage":0,"enemies":"Jaw Worm Horde","floor":37,"turns":3},{"damage":0,"enemies":"Maw","floor":39,"turns":5},{"damage":0,"enemies":"Giant Head","floor":40,"turns":6},{"damage":0,"enemies":"Spire Growth","floor":42,"turns":4},{"damage":4,"enemies":"Transient","floor":44,"turns":5},{"damage":0,"enemies":"Reptomancer","floor":46,"turns":2},{"damage":0,"enemies":"Sphere and 2 Shapes","floor":47,"turns":4},{"damage":0,"enemies":"Maw","floor":48,"turns":4},{"damage":7,"enemies":"Awakened One","floor":50,"turns":7}],"seed_played":"-514967685147907266","potions_obtained":[{"floor":1,"key":"Energy Potion"},{"floor":6,"key":"EssenceOfSteel"},{"floor":11,"key":"SteroidPotion"},{"floor":12,"key":"Fire Potion"},{"floor":18,"key":"Explosive Potion"},{"floor":21,"key":"theMarked:ChargePotion"},{"floor":23,"key":"PanachePotion"},{"floor":27,"key":"Fire Potion"},{"floor":29,"key":"EntropicBrew"},{"floor":44,"key":"FearPotion"},{"floor":46,"key":"ColorlessPotion"}],"is_trial":false,"path_per_floor":["M","M","M","M","$","E","M","$","T","M","E","M","?","E","R","B",null,"M","$","M","M","?","E","$","E","T","M","M","M","R","M","R","B",null,"M","M","M","?","M","E","$","M","T","M","R","E","M","M","R","B",null],"character_chosen":"THE_DEFAULT","items_purchased":[],"campfire_rested":0,"item_purchase_floors":[],"current_hp_per_floor":[72,72,72,65,65,58,58,58,58,58,58,57,57,57,57,57,72,71,71,71,71,57,45,45,41,41,41,41,41,41,41,41,41,72,72,72,72,68,68,68,68,68,68,64,64,64,64,64,64,62],"gold":195,"neow_bonus":"THREE_CARDS","is_daily":false,"chose_seed":false,"campfire_upgraded":5,"win_rate":0.0,"timestamp":1614032145,"path_taken":["M","M","M","M","$","E","M","$","T","M","E","M","?","E","R","BOSS","M","$","M","M","?","E","$","E","T","M","M","M","R","M","R","BOSS","M","M","M","?","M","E","$","M","T","M","R","E","M","M","R","BOSS"],"items_purchased_type":[],"build_version":"2020-12-22","purchased_purges":5,"victory":true,"max_hp_per_floor":[72,72,72,72,72,72,72,72,72,72,72,72,72,72,72,72,72,72,72,72,72,72,72,72,72,72,72,72,72,72,72,72,72,72,72,72,72,68,68,68,68,68,68,68,68,68,68,68,68,68],"card_choices":[{"not_picked":["theMarked:Determination","theMarked:Generate"],"picked":"theMarked:WardOff","floor":0},{"not_picked":["theMarked:TwofoldDefense","theMarked:Overthink"],"picked":"theMarked:BanishingWave","floor":1},{"not_picked":["theMarked:RepellingDischarge","theMarked:Aftermath"],"picked":"theMarked:Memento","floor":2},{"not_picked":["theMarked:Generate","theMarked:HeightenedSenses","theMarked:Parkour"],"picked":"SKIP","floor":3},{"not_picked":["theMarked:Friction","theMarked:EmpowerWeapon"],"picked":"theMarked:Memento","floor":4},{"not_picked":["theMarked:Memento","theMarked:TakeCover"],"picked":"theMarked:WardOff","floor":6},{"not_picked":["theMarked:Parkour","theMarked:Improvise"],"picked":"theMarked:WardOff","floor":7},{"not_picked":["theMarked:SwordAndMagic","theMarked:CreepingChasm"],"picked":"theMarked:Frustration","floor":10},{"not_picked":["theMarked:ThrowWeapon","theMarked:Aftermath"],"picked":"theMarked:Memento","floor":11},{"not_picked":["theMarked:TakeCover","theMarked:GodGivenPower","theMarked:TwofoldDefense"],"picked":"SKIP","floor":12},{"not_picked":["theMarked:Standoff","theMarked:EmpowerWeapon"],"picked":"theMarked:Determination","floor":14},{"not_picked":["theMarked:RepellingDischarge","theMarked:WastefulAttack","theMarked:AttractMetal"],"picked":"SKIP","floor":18},{"not_picked":["theMarked:SwordAndMagic","theMarked:ElectricStrings+1"],"picked":"theMarked:BanishingWave","floor":20},{"not_picked":["theMarked:ContemptForTheProud","theMarked:EnhanceMovement","theMarked:ElectricStrings"],"picked":"SKIP","floor":21},{"not_picked":["theMarked:TakeCover","theMarked:ShockingTouch","theMarked:Improvise+1"],"picked":"SKIP","floor":23},{"not_picked":["theMarked:CreepingChasm","theMarked:WastefulAttack"],"picked":"theMarked:Frustration","floor":25},{"not_picked":["theMarked:WardOff+1","theMarked:Snap"],"picked":"theMarked:Heritage","floor":27},{"not_picked":["theMarked:ElectricStrings+1","theMarked:ResourceFulStrike","theMarked:Indomitable+1"],"picked":"SKIP","floor":28},{"not_picked":["theMarked:TwofoldDefense+1","theMarked:Overthink","theMarked:ResourceFulStrike+1"],"picked":"SKIP","floor":29},{"not_picked":["theMarked:Overthink","theMarked:ChannelForce+1"],"picked":"theMarked:Memento","floor":31},{"not_picked":["theMarked:ThrowWeapon","theMarked:DispelDoubt"],"picked":"theMarked:Abjuration","floor":33},{"not_picked":["theMarked:Parkour+1","theMarked:ChainLightning","theMarked:TwofoldDefense+1"],"picked":"SKIP","floor":35},{"not_picked":["theMarked:RepellingDischarge+1","theMarked:Electrocute+1","theMarked:KeepCalmAndFight"],"picked":"SKIP","floor":36},{"not_picked":["theMarked:CreepingChasm","theMarked:ResourceFulStrike+1"],"picked":"theMarked:WardOff","floor":37},{"not_picked":["theMarked:Aftermath","theMarked:BanishingStrike","theMarked:RepellingDischarge+1"],"picked":"SKIP","floor":39},{"not_picked":["theMarked:Aftermath","theMarked:BanishingStrike","theMarked:RepellingDischarge+1"],"picked":"SKIP","floor":39},{"not_picked":["theMarked:TakeCover+1","theMarked:WastefulAttack+1","theMarked:Toughness"],"picked":"SKIP","floor":40},{"not_picked":["theMarked:TakeCover+1","theMarked:WastefulAttack+1","theMarked:Toughness"],"picked":"SKIP","floor":40},{"not_picked":["theMarked:TwofoldDefense+1","theMarked:Polarize"],"picked":"theMarked:BanishingStrike+1","floor":42},{"not_picked":["theMarked:SwordAndMagic+1","theMarked:TakeCover","theMarked:StartUp+1"],"picked":"SKIP","floor":44},{"not_picked":["theMarked:Standoff","theMarked:Improvise","theMarked:TakeOffHeels"],"picked":"SKIP","floor":46},{"not_picked":["theMarked:Pokerface","theMarked:TakeCover+1","theMarked:Standoff"],"picked":"SKIP","floor":47},{"not_picked":["theMarked:KeepCalmAndFight","theMarked:TwofoldDefense","theMarked:SelfDefenseTraining"],"picked":"SKIP","floor":48}],"player_experience":455383,"relics_obtained":[{"floor":6,"key":"aspiration:Nostalgia"},{"floor":9,"key":"aspiration:ChemicalBlood"},{"floor":11,"key":"Slimebound:PreparedRelic"},{"floor":14,"key":"aspiration:SeaSaltIceCream"},{"floor":23,"key":"Matryoshka"},{"floor":25,"key":"champ:DeflectingBracers"},{"floor":26,"key":"HornCleat"},{"floor":26,"key":"Lantern"},{"floor":40,"key":"aspiration:HatOfInfinitePower"},{"floor":43,"key":"Potion Belt"},{"floor":43,"key":"Mummified Hand"},{"floor":46,"key":"aspiration:StickyExplosives_weak"}],"event_choices":[{"damage_healed":0,"gold_gain":0,"player_choice":"0 cards matched","damage_taken":0,"max_hp_gain":0,"max_hp_loss":0,"event_name":"Match and Keep!","floor":13,"gold_loss":0,"cards_obtained":[]},{"damage_healed":0,"gold_gain":0,"player_choice":"Max HP","damage_taken":0,"max_hp_gain":0,"max_hp_loss":4,"event_name":"Winding Halls","floor":38,"gold_loss":0}],"is_beta":false,"boss_relics":[{"not_picked":["theMarked:Eyepatch","Runic Pyramid"],"picked":"SlaversCollar"},{"not_picked":["Coffee Dripper","Cursed Key"],"picked":"Philosopher\u0027s Stone"}],"items_purged_floors":[5,8,19,24,41],"is_endless":false,"potions_floor_spawned":[1,6,11,12,18,21,27,29,37,39,44,46,47],"ascension_level":0}}