{"host":"luxqpzmfgmumo25y","time":1614004540,"event":{"mods":["BaseMod","Colored Map","Colored Powertips","DeckTracker","Downfall","Googly Eyes","Minty Spire (QoL Compilation)","StSLib"],"gold_per_floor":[99,114,214,214,226,241,267,287,110,122,157,174,189,189,208,309,359,359,374,384,0,14,45,68,88,102,2,18,18,49,34,49,49,49,49],"floor_reached":33,"language":"POL","playtime":3548,"items_purged":["Guardian:Defend_Guardian"],"score":345,"play_id":"3a35d06f-aea2-4a09-9d21-3f63c6565561","local_time":"20210222153540","is_ascension_mode":false,"campfire_choices":[{"data":"Guardian:CurlUp","floor":1,"key":"SMITH"},{"data":"Guardian:DonusPower","floor":18,"key":"SMITH"},{"data":"expansioncontent:DashGenerateEvil","floor":27,"key":"SMITH"}],"circlet_count":0,"master_deck":["Guardian:Strike_Guardian","Guardian:Strike_Guardian","Guardian:Strike_Guardian","Guardian:Defend_Guardian","Guardian:Defend_Guardian","Guardian:Defend_Guardian","Guardian:CurlUp+1","Guardian:TwinSlam","Guardian:BronzeOrb","Guardian:Reroute+1","Guardian:BronzeOrb","Guardian:SpikerProtocol","Guardian:DonusPower+1","expansioncontent:DashGenerateEvil+1","Guardian:TemporalStrike","Guardian:Recover","Guardian:Suspension","Guardian:ConstructionForm","Guardian:TemporalStrike","Guardian:PolyBeam","Guardian:StasisField","Guardian:EvasiveProtocol","Guardian:PolyBeam","Guardian:StasisField","Guardian:CrystalBeam"],"relics":["Guardian:ModeShifter","Bronze Scales","White Beast Statue","Guardian:PickAxe","Tiny House","Happy Flower","Strawberry","downfall:HeartBlessingBlue","Torii"],"acts_visited":["Exordium","TheCity"],"potions_floor_usage":[9,11,14,14,16,16,19,20,33,33,33],"damage_taken":[{"damage":1,"enemies":"Cultist","floor":2,"turns":4},{"damage":3,"enemies":"Jaw Worm","floor":5,"turns":3},{"damage":0,"enemies":"Small Slimes","floor":6,"turns":3},{"damage":20,"enemies":"Gremlin Gang","floor":8,"turns":5},{"damage":0,"enemies":"downfall:FleeingMerchant","floor":9,"turns":4},{"damage":7,"enemies":"Exordium Thugs","floor":10,"turns":4},{"damage":11,"enemies":"Lagavulin","floor":11,"turns":6},{"damage":0,"enemies":"Blue Slaver","floor":12,"turns":3},{"damage":0,"enemies":"Large Slime","floor":13,"turns":3},{"damage":0,"enemies":"Large Slime","floor":14,"turns":3},{"damage":0,"enemies":"2 Fungi Beasts","floor":15,"turns":1},{"damage":39,"enemies":"WA_ARCHETYPE_RETAIN","floor":16,"turns":10},{"damage":0,"enemies":"Shell Parasite","floor":19,"turns":5},{"damage":0,"enemies":"Chosen","floor":20,"turns":5},{"damage":0,"enemies":"downfall:FleeingMerchant","floor":21,"turns":4},{"damage":5,"enemies":"Centurion and Healer","floor":22,"turns":8},{"damage":5,"enemies":"Book of Stabbing","floor":23,"turns":6},{"damage":6,"enemies":"Shelled Parasite and Fungi","floor":25,"turns":4},{"damage":7,"enemies":"Snecko","floor":26,"turns":5},{"damage":0,"enemies":"Snake Plant","floor":28,"turns":3},{"damage":29,"enemies":"Gremlin Leader","floor":30,"turns":8},{"damage":0,"enemies":"downfall:FleeingMerchant","floor":31,"turns":4},{"damage":0,"enemies":"3 Cultists","floor":32,"turns":5},{"damage":60,"enemies":"SI_MIRROR_ARCHETYPE","floor":33,"turns":12}],"seed_played":"4121911436571534875","potions_obtained":[{"floor":2,"key":"DistilledChaos"},{"floor":5,"key":"SpeedPotion"},{"floor":10,"key":"Guardian:DefensiveModePotion"},{"floor":11,"key":"SkillPotion"},{"floor":12,"key":"Swift Potion"},{"floor":13,"key":"EssenceOfSteel"},{"floor":15,"key":"Strength Potion"},{"floor":16,"key":"LiquidMemories"},{"floor":17,"key":"BlessingOfTheForge"},{"floor":19,"key":"sneckomod:MuddlingPotion"},{"floor":20,"key":"EssenceOfSteel"},{"floor":21,"key":"Guardian:BlockOnCardUsePotion"},{"floor":32,"key":"Dexterity Potion"}],"is_trial":false,"path_per_floor":["R","M","?","?","M","M","T","M","$","M","E","M","M","?","M","B",null,"R","M","M","$","M","E","T","M","M","R","M","?","E","$","M","B"],"character_chosen":"GUARDIAN","items_purchased":["expansioncontent:DashGenerateEvil","Happy Flower","Guardian:StasisField"],"campfire_rested":0,"item_purchase_floors":[9,21,21],"current_hp_per_floor":[88,87,87,87,84,84,84,64,64,57,46,46,46,46,46,7,93,93,93,93,93,88,90,90,84,77,87,87,87,58,58,58,0,0,0],"gold":49,"neow_bonus":"TEN_PERCENT_HP_BONUS","is_daily":false,"chose_seed":false,"campfire_upgraded":3,"win_rate":0.0,"timestamp":1614004540,"path_taken":["R","M","?","?","M","M","T","M","$","M","E","M","M","?","M","BOSS","R","M","M","$","M","E","T","M","M","R","M","?","E","$","M","BOSS"],"items_purchased_type":["Card","Relic","Card"],"build_version":"2020-12-22","purchased_purges":1,"victory":false,"max_hp_per_floor":[88,88,88,88,88,88,88,88,88,88,88,88,88,88,88,88,93,93,93,93,93,93,100,100,100,100,110,110,110,110,110,110,110,110,110],"card_choices":[{"not_picked":["Guardian:Planning","Guardian:RollAttack"],"picked":"Guardian:BronzeOrb","floor":2},{"not_picked":["Guardian:ShieldSpikes","Guardian:DonusPower"],"picked":"Guardian:Reroute","floor":5},{"not_picked":["Guardian:TemporalStrike","Guardian:Gem_Red"],"picked":"Guardian:BronzeOrb","floor":6},{"not_picked":["Guardian:PiercingHide","Guardian:HyperBeam_Guardian"],"picked":"Guardian:SpikerProtocol","floor":8},{"not_picked":["Guardian:VentSteam","Guardian:Preprogram"],"picked":"Guardian:DonusPower","floor":9},{"not_picked":["Guardian:EvasiveProtocol","Guardian:Gem_Crimson"],"picked":"Guardian:TemporalStrike","floor":10},{"not_picked":["Guardian:ChargeCore","Guardian:PrimingBeam"],"picked":"Guardian:Gem_Blue","floor":11},{"not_picked":["Guardian:TemporalShield","Guardian:BodySlam"],"picked":"Guardian:Recover","floor":12},{"not_picked":["Guardian:Gem_Yellow","Guardian:BronzeArmor","Guardian:PiercingHide"],"picked":"SKIP","floor":13},{"not_picked":["Guardian:Gem_Yellow","Guardian:PrimingBeam"],"picked":"Guardian:Suspension","floor":15},{"not_picked":["Guardian:BaubleBeam","Guardian:Gem_Synthetic"],"picked":"Guardian:ConstructionForm","floor":16},{"not_picked":["Guardian:RollAttack","Guardian:BronzeOrb"],"picked":"Guardian:TemporalStrike","floor":17},{"not_picked":["Guardian:Clone+1","Guardian:CrystalBeam","Guardian:TemporalStrike"],"picked":"SKIP","floor":19},{"not_picked":["Guardian:Incinerate","Guardian:Reroute","Guardian:TemporalStrike+1"],"picked":"SKIP","floor":20},{"not_picked":["Guardian:Suspension","Guardian:TimeCapacitor"],"picked":"Guardian:PolyBeam","floor":21},{"not_picked":["Guardian:SpikerProtocol+1","Guardian:MultiBeam"],"picked":"Guardian:EvasiveProtocol","floor":22},{"not_picked":["Guardian:FastForward","Guardian:MultiBeam"],"picked":"Guardian:PolyBeam","floor":23},{"not_picked":["Guardian:WalkerClaw+1","Guardian:Gem_Red"],"picked":"Guardian:Gem_Cyan","floor":25},{"not_picked":["Guardian:ShieldSpikes+1","Guardian:WalkerClaw","Guardian:VentSteam+1"],"picked":"SKIP","floor":26},{"not_picked":["Guardian:WalkerClaw+1","Guardian:TemporalStrike","Guardian:Gem_Red"],"picked":"SKIP","floor":28},{"not_picked":["Guardian:TemporalShield","Guardian:SentryBeam","Guardian:Gem_Lightblue"],"picked":"SKIP","floor":30},{"not_picked":["Guardian:FloatingOrbs","Guardian:ArmoredProtocol+1"],"picked":"Guardian:StasisField","floor":31},{"not_picked":["Guardian:Gem_White","Guardian:FloatingOrbs"],"picked":"Guardian:CrystalBeam","floor":32}],"player_experience":202804,"relics_obtained":[{"floor":7,"key":"Bronze Scales"},{"floor":11,"key":"White Beast Statue"},{"floor":23,"key":"Strawberry"},{"floor":30,"key":"Torii"}],"event_choices":[],"is_beta":false,"boss_relics":[{"not_picked":["bronze:MakeshiftBattery","SlaversCollar"],"picked":"Tiny House"}],"items_purged_floors":[21],"is_endless":false,"potions_floor_spawned":[2,5,10,11,12,13,14,15,16,19,20,21,22,23,25,26,28,30,31,32],"killed_by":"SI_MIRROR_ARCHETYPE","ascension_level":0}}