{"host":"zcytydgb505ghzux","time":1614029797,"event":{"mods":["Act Like it!","BaseMod","Colored Powertips","Downfall","Halation","Highlight Path","Hubris","Infinite Spire","Jorbs\u0027s Wanderer Trilogy","Marisa????????","Minty Spire (QoL Compilation)","Replay The Spire","StSLib","The Construct","The Mystic","The Wild Card"],"gold_per_floor":[111,124,124,124,124,157,157,184,184,219,219,219,219,236,236,340,340,356,356,328,328,340,340,356,356,356],"floor_reached":25,"language":"ENG","playtime":874,"items_purged":[],"score":234,"play_id":"be01323e-abf0-4af1-8885-c23fc1227c7a","local_time":"20210222163637","is_ascension_mode":false,"campfire_choices":[{"data":"Caltrops","floor":7,"key":"SMITH"},{"data":"Strike_G","floor":11,"key":"PURGE"},{"floor":13,"key":"REST"},{"data":"Survivor","floor":15,"key":"PURGE"},{"floor":23,"key":"REST"}],"circlet_count":0,"master_deck":["Strike_G","Strike_G","Strike_G","Strike_G","Defend_G","Defend_G","Defend_G","Defend_G","Neutralize+1","Outmaneuver","Caltrops+1","Bane","Footwork","Finisher","Doppelganger+1","Dodge and Roll","Acrobatics"],"relics":["Ring of the Snake","NeowsBlessing","halation:PinkSoulGem","halation:AfternoonTea","Regal Pillow","Peace Pipe","Anchor","hubris:Stopwatch"],"acts_visited":["Exordium","TheCity"],"potions_floor_usage":[10],"damage_taken":[{"damage":0,"enemies":"Small Slimes","floor":1,"turns":1},{"damage":0,"enemies":"2 Louse","floor":2,"turns":1},{"damage":0,"enemies":"3 Sentries","floor":6,"turns":2},{"damage":28,"enemies":"Gremlin Nob","floor":10,"turns":5},{"damage":4,"enemies":"Cultist","floor":14,"turns":4},{"damage":56,"enemies":"Hexaghost","floor":16,"turns":11},{"damage":5,"enemies":"3 Byrds","floor":18,"turns":2},{"damage":15,"enemies":"2 Thieves","floor":20,"turns":5},{"damage":19,"enemies":"Snake Plant","floor":22,"turns":6},{"damage":42,"enemies":"3 Cultists","floor":24,"turns":7},{"damage":34,"enemies":"Centurion and Healer","floor":25,"turns":12}],"seed_played":"-8072600017522616262","potions_obtained":[{"floor":6,"key":"Swift Potion"},{"floor":10,"key":"CultistPotion"},{"floor":16,"key":"Milkshake"},{"floor":21,"key":"bronze:BurnAndBuffPotion"}],"is_trial":false,"path_per_floor":["M","M","?","?","?","E","R","T","T","E","R","?","R","M","R","B",null,"M","?","M","?","M","R","M","M"],"character_chosen":"THE_SILENT","items_purchased":[],"campfire_rested":2,"item_purchase_floors":[],"current_hp_per_floor":[70,70,70,70,70,70,70,70,70,42,42,35,70,69,69,13,70,65,65,50,50,31,67,34,0,0],"gold":356,"neow_bonus":"THREE_ENEMY_KILL","is_daily":false,"chose_seed":false,"campfire_upgraded":1,"win_rate":0.0,"timestamp":1614029797,"path_taken":["M","M","?","?","?","E","R","?","T","E","R","?","R","M","R","BOSS","M","?","?","?","M","R","M","M"],"items_purchased_type":[],"build_version":"2020-12-22","purchased_purges":0,"victory":false,"max_hp_per_floor":[70,70,70,70,70,70,70,70,70,70,70,70,70,70,70,70,70,70,70,70,70,70,70,70,70,70],"card_choices":[{"not_picked":["Dagger Throw","Poisoned Stab"],"picked":"Outmaneuver","floor":1},{"not_picked":["Quick Slash","Poisoned Stab"],"picked":"Caltrops","floor":2},{"not_picked":["Underhanded Strike","ReplayTheSpireMod:Necrosis"],"picked":"Bane","floor":6},{"not_picked":["Accuracy","Leg Sweep"],"picked":"Footwork","floor":10},{"not_picked":["Underhanded Strike","Infinite Blades"],"picked":"Finisher","floor":14},{"not_picked":["Bullet Time","Unload"],"picked":"Doppelganger","floor":16},{"not_picked":["hubris:SlightOfHand","ReplayTheSpireMod:Tripwire","Sneak Up"],"picked":"SKIP","floor":18},{"not_picked":["hubris:SlightOfHand","ReplayTheSpireMod:Tripwire","Sneak Up"],"picked":"SKIP","floor":18},{"not_picked":["Bane","ReplayTheSpireMod:Shiv Toss"],"picked":"Dodge and Roll","floor":20},{"not_picked":["Blade Dance","Prepared","Tactician"],"picked":"SKIP","floor":22},{"not_picked":["Slice","Terror"],"picked":"Acrobatics","floor":24}],"player_experience":71962,"relics_obtained":[{"floor":6,"key":"halation:AfternoonTea"},{"floor":8,"key":"Regal Pillow"},{"floor":9,"key":"Peace Pipe"},{"floor":10,"key":"Anchor"}],"event_choices":[{"damage_healed":0,"gold_gain":0,"player_choice":"Ignored","damage_taken":0,"max_hp_gain":0,"max_hp_loss":0,"event_name":"Liars Game","floor":3,"gold_loss":0},{"damage_healed":0,"gold_gain":0,"player_choice":"Grow","damage_taken":0,"max_hp_gain":0,"max_hp_loss":0,"event_name":"Living Wall","floor":4,"gold_loss":0,"cards_upgraded":["Neutralize"]},{"cards_removed":["Defend_G"],"damage_healed":0,"gold_gain":0,"player_choice":"Card Removal","damage_taken":7,"max_hp_gain":0,"max_hp_loss":0,"event_name":"Golden Wing","floor":12,"gold_loss":0},{"damage_healed":0,"gold_gain":0,"player_choice":"Upgraded","damage_taken":0,"max_hp_gain":0,"max_hp_loss":0,"event_name":"Upgrade Shrine","floor":19,"gold_loss":0,"cards_upgraded":["Doppelganger"]},{"damage_healed":0,"gold_gain":0,"player_choice":"Got Potions","damage_taken":0,"max_hp_gain":0,"max_hp_loss":0,"event_name":"Lab","floor":21,"gold_loss":0}],"is_beta":false,"boss_relics":[{"not_picked":["construct:WeddingRing","Replay:Grab Bag"],"picked":"hubris:Stopwatch"}],"items_purged_floors":[],"is_endless":false,"potions_floor_spawned":[6,10,16,22],"killed_by":"Centurion and Healer","ascension_level":0}}