{"host":"6q5en8l1tdm8cus3","time":1614025488,"event":{"mods":["Act Like it!","Arknights","Aspiration","Bartender","BaseMod","BetterRewards","Downfall","Duelist Mod","Energized Spire","Gensokyo","Hallownest","Hermit","Hubris","Jorbs\u0027s Wanderer Trilogy","KinomotoSakuraMod(????)","Koishi","KomeijiMod","LagranYue(???·?)","Marisa????????","Minty Spire (QoL Compilation)","READ ME - Guardian Mod","Reimu??????","Remilia??????","Replay The Spire","Spicy Shops","StSLib","SuperFastMode","Td1madao Mod","The Administrix","The Animator","The Bug Knight","The Construct","The Cursed","The Disciple","The Florist","The Hierophant","The Marked","The Mystic","The Necromancer","The Poker Player","The Runesmith","The Servant 0.9.4","The Valiant","The Wild Card","TheBandit","Wandering Minibosses","Youmu??????"],"gold_per_floor":[160,179,208,219,234,234,260,260,72,106,28,28,43,58,73,175,175,75,60,71,81,81,81,81,93,93,93,93,105,105,133,149,251,251,251,261,274,354,354,27,27,59,59,72,85,95,95,95,107,107,107],"floor_reached":50,"language":"ENG","playtime":2888,"items_purged":[],"score":579,"play_id":"3354655c-a84c-4438-8c01-00367947c63c","local_time":"20210222152448","is_ascension_mode":false,"campfire_choices":[{"data":"Absorbed","floor":1.0,"key":"SMITH"},{"data":"AllTheWorldInNightmare","floor":6.0,"key":"SMITH"},{"data":"Gensokyo:LochNessMonster","floor":18.0,"key":"SMITH"},{"data":"HeartBreak_Remiria","floor":26.0,"key":"SMITH"},{"floor":28.0,"key":"REST"},{"floor":30.0,"key":"REST"},{"floor":35,"key":"RECALL"},{"floor":43,"key":"REST"},{"floor":47,"key":"REST"}],"circlet_count":0,"master_deck":["Strike_Remiria","Strike_Remiria","Strike_Remiria","Strike_Remiria","Defend_Remirira","Defend_Remirira","Defend_Remirira","Defend_Remirira","Absorbed+1","Scratch","VampireKiss_Remiria","BloodySuit","Gensokyo:LochNessMonster+1","PartStrengthen","FateConcerto","HeartBreak_Remiria+1","RemiliaStalker","DoubleEdge+1","RedtheNightlessCastle","BombardNight","BombardNight","DoubleEdge+1","DoubleEdge+1","CruelSlaughter+1","DoubleEdge+1"],"relics":["ThirstyCrossSpe","LagranYue:RandomDrawCardRelic","NeowsBlessing","Bronze Scales","Blue Doll","Gensokyo:OccultBall","Replay:Mystery Machine","Blood Vial","construct:WeddingRing","downfall:HeartBlessingGreen","hubris:Icosahedron","Power_Wrist","Nilry\u0027s Codex","Snack Pack","hubris:TerracottaHorce","aspiration:Nostalgia","construct:Cogwheel","hexamod:BolsterEngine","Replay:Wax Seal","ReplayTheSpireMod:Shallot"],"acts_visited":["Gensokyo:Gensokyo","TheCity","Hallownest:KingdomsEdge"],"potions_floor_usage":[36,36,42,42,46,46,50],"damage_taken":[{"damage":0.0,"enemies":"Gensokyo:Gryphon","floor":2.0,"turns":1.0},{"damage":0.0,"enemies":"Gensokyo:Aya","floor":3.0,"turns":1.0},{"damage":0.0,"enemies":"Gensokyo:3_Fairies","floor":4.0,"turns":1.0},{"damage":0.0,"enemies":"Gensokyo:Python","floor":5.0,"turns":4.0},{"damage":39.0,"enemies":"Gensokyo:Mamizou","floor":10.0,"turns":6.0},{"damage":0.0,"enemies":"Gensokyo:Gryphon_and_Rabbit","floor":13.0,"turns":4.0},{"damage":2.0,"enemies":"Gensokyo:LivingMonolith","floor":14.0,"turns":3.0},{"damage":0.0,"enemies":"Gensokyo:Kitsune","floor":15.0,"turns":1.0},{"damage":19.0,"enemies":"SI_SHIV_ARCHETYPE","floor":16.0,"turns":9.0},{"damage":4.0,"enemies":"downfall:FleeingMerchant","floor":19.0,"turns":4.0},{"damage":2.0,"enemies":"3 Byrds","floor":20.0,"turns":4.0},{"damage":13.0,"enemies":"downfall:LooterAlt2","floor":21.0,"turns":3.0},{"damage":6.0,"enemies":"Sentry and Sphere","floor":25.0,"turns":4.0},{"damage":15.0,"enemies":"Shelled Parasite and Fungi","floor":29.0,"turns":2.0},{"damage":26.0,"enemies":"Slavers","floor":31.0,"turns":3.0},{"damage":11.0,"enemies":"Chosen and Byrds","floor":32.0,"turns":4.0},{"damage":43.0,"enemies":"IC_MUSHROOM_ARCHETYPE","floor":33.0,"turns":5.0},{"damage":40,"enemies":"Hallownest:3_Siblings","floor":36,"turns":7},{"damage":28,"enemies":"Hallownest:2_Littles","floor":37,"turns":5},{"damage":1,"enemies":"Hallownest:2_Littles","floor":38,"turns":2},{"damage":3,"enemies":"Hallownest:2_Littles","floor":38,"turns":2},{"damage":7,"enemies":"downfall:FleeingMerchant","floor":40,"turns":4},{"damage":65,"enemies":"Hallownest:eliteHiveKnight","floor":42,"turns":7},{"damage":27,"enemies":"Hallownest:2_Wandering_and_1_Horned","floor":44,"turns":6},{"damage":6,"enemies":"Hallownest:2_Soldiers_and_1_Guardian","floor":45,"turns":5},{"damage":23,"enemies":"Hallownest:2_Wing_and_1_Kings","floor":46,"turns":5},{"damage":54,"enemies":"Hallownest:2_Wandering_and_1_Horned","floor":49,"turns":6},{"damage":80,"enemies":"WA_ARCHETYPE_DIVINITY","floor":50,"turns":7}],"seed_played":"2927687722763428343","potions_obtained":[{"floor":2.0,"key":"CultistPotion"},{"floor":4.0,"key":"Toxic Potion"},{"floor":10.0,"key":"LifebloodPotion"},{"floor":20.0,"key":"ZuzhouPotion:ReiMu"},{"floor":33.0,"key":"Fire Potion"},{"floor":37,"key":"LifebloodPotion"},{"floor":42,"key":"Milkshake"},{"floor":44,"key":"Swift Potion"},{"floor":45,"key":"LifebloodPotion"}],"is_trial":false,"path_per_floor":["R","M","?","M","M","R","T","?","COS","E","?","T","M","M","M","B",null,"R","$","M","M","?","?","T","M","R","?","R","M","R","E","M","B",null,"R","M","M","?","?","$","T","E","R","M","M","M","R","T","M","B"],"character_chosen":"RemiriaScarlet","items_purchased":["aspiration:Nostalgia","hexamod:BolsterEngine"],"campfire_rested":4,"item_purchase_floors":[40,40],"current_hp_per_floor":[100,100,100,100,100,100,100,100,100,61,100,100,100,100,100,82,100,100,96,96,85,85,85,85,81,81,65,95,82,100,81,72,40,85,85,53,29,100,100,96,96,35,65,53,53,40,70,70,38,0,0],"gold":107,"neow_bonus":"THREE_ENEMY_KILL","is_daily":false,"chose_seed":false,"campfire_upgraded":4,"win_rate":0.0,"timestamp":1614025488,"path_taken":["R","M","?","M","M","R","T","?","COS","E","?","?","?","M","M","BOSS","R","$","M","M","?","?","T","?","R","?","R","M","R","E","M","BOSS","R","M","M","?","?","$","T","E","R","?","M","M","R","?","M","BOSS"],"items_purchased_type":["Relic","Relic"],"build_version":"2020-12-22","purchased_purges":0,"victory":false,"max_hp_per_floor":[100,100,100,100,100,100,100,100,100,100,100,100,100,100,100,100,100,100,100,100,100,100,100,100,100,100,100,100,100,100,100,100,100,100,100,100,100,100,100,100,100,100,100,100,100,100,100,100,100,100,100],"card_choices":[{"not_picked":["BloodSurge","RocketKickup"],"picked":"AllTheWorldInNightmare","floor":2.0},{"not_picked":["SealingFear","ServantFlier"],"picked":"VampireKiss_Remiria","floor":3.0},{"not_picked":["BloodCleaner","FierceSweep"],"picked":"BloodySuit","floor":4.0},{"not_picked":["VampireClaw","BodyStrengthen","BloodCollect"],"picked":"SKIP","floor":5.0},{"not_picked":["TricksterDevil","VampirishNight","ServantFlier"],"picked":"SKIP","floor":10.0},{"not_picked":["ChainGang","FierceSweep"],"picked":"PartStrengthen","floor":13.0},{"not_picked":["BloodCleaner","StigmaNizer","BodyStrengthen"],"picked":"SKIP","floor":14.0},{"not_picked":["BloodyMagicSquare","BodyStrengthen"],"picked":"FateConcerto","floor":15.0},{"not_picked":["RemiliaStretch_Remiria","StarOfDavid"],"picked":"HeartBreak_Remiria","floor":16.0},{"not_picked":["NightDance","TrickFate","BloodCollect"],"picked":"SKIP","floor":19.0},{"not_picked":["FastHealing","Warpath"],"picked":"RemiliaStalker","floor":20.0},{"not_picked":["BodyStrengthen","BloodyMagicSquare","LifeBreak+1"],"picked":"SKIP","floor":21.0},{"not_picked":["BloodPact","Warpath","DamonLordCradle_Remiria"],"picked":"SKIP","floor":25.0},{"not_picked":["DamonLordCradle_Remiria+1","FierceSweep"],"picked":"DoubleEdge+1","floor":29.0},{"not_picked":["BloodSurge","DemonLordWalk"],"picked":"RedtheNightlessCastle","floor":31.0},{"not_picked":["Warpath+1","BloodPact","Feint"],"picked":"SKIP","floor":32.0},{"not_picked":["Coercion","RedMagic"],"picked":"BombardNight","floor":33.0},{"not_picked":["FateMeister+1","FierceSweep+1","VampirishNight"],"picked":"SKIP","floor":36},{"not_picked":["Tepes","DemonsDinnerFork_Remiria","BloodCollect"],"picked":"SKIP","floor":37},{"not_picked":["ServantFlier","TrickFate+1"],"picked":"BombardNight","floor":40},{"not_picked":["Feint","SeparateFleshBlood"],"picked":"DoubleEdge+1","floor":42},{"not_picked":["Impregnable+1","BloodCleaner","SealingFear+1"],"picked":"SKIP","floor":44},{"not_picked":["BloodCollect","BodyStrengthen"],"picked":"DoubleEdge+1","floor":45},{"not_picked":["DoubleEdge+1","StigmaNizer"],"picked":"CruelSlaughter+1","floor":46},{"not_picked":["Paradox+1","Rewrite"],"picked":"DoubleEdge+1","floor":49}],"player_experience":1070160,"relics_obtained":[{"floor":3.0,"key":"Bronze Scales"},{"floor":7.0,"key":"Blue Doll"},{"floor":10.0,"key":"Replay:Mystery Machine"},{"floor":12.0,"key":"Blood Vial"},{"floor":16.0,"key":"Gensokyo:OccultBall"},{"floor":24.0,"key":"Power_Wrist"},{"floor":27.0,"key":"Nilry\u0027s Codex"},{"floor":29.0,"key":"Gensokyo:OccultBall"},{"floor":31.0,"key":"Gensokyo:OccultBall"},{"floor":31.0,"key":"Snack Pack"},{"floor":33.0,"key":"Gensokyo:OccultBall"},{"floor":41,"key":"Replay:Wax Seal"},{"floor":42,"key":"ReplayTheSpireMod:Shallot"}],"event_choices":[],"is_beta":false,"boss_relics":[{"not_picked":["Silver_Glasses","hubris:BlackHole"],"picked":"construct:WeddingRing"},{"not_picked":["Tiny House","Replay:Grab Bag"],"picked":"hubris:TerracottaHorce"}],"items_purged_floors":[],"is_endless":false,"potions_floor_spawned":[2,4,10,16,20,21,33,37,38,42,44,45],"killed_by":"WA_ARCHETYPE_DIVINITY","ascension_level":0}}