{"host":"739q3ftv0guoc3pi","time":1614030488,"event":{"mods":["AchievementEnabler","Act Like it!","BaseMod","BetterRewards","Colored Map","Colored Powertips","Gensokyo","Hermit","Highlight Path","Minty Spire (QoL Compilation)","Quick Restart","Relic Stats","Spicy Shops","StSLib","SuperFastMode"],"gold_per_floor":[116,132,150,75,75,75,105,105,105,105,124,136,136,136,136,438,438,449,47,47,58,58,58,74,74,129,146,146,146,146,146],"floor_reached":30,"language":"ENG","playtime":799,"items_purged":["Strike_R","Strike_R"],"score":228,"play_id":"c5a644f1-7ccd-4c9e-8c07-e33e3f8094b9","local_time":"20210222154808","is_ascension_mode":false,"campfire_choices":[{"data":"Searing Blow","floor":6,"key":"SMITH"},{"floor":8,"key":"REST"},{"data":"Searing Blow+1","floor":10,"key":"SMITH"},{"data":"Searing Blow+2","floor":13,"key":"SMITH"},{"floor":15,"key":"REST"},{"data":"Searing Blow+3","floor":23,"key":"SMITH"},{"data":"Searing Blow+4","floor":25,"key":"SMITH"}],"circlet_count":0,"master_deck":["Strike_R","Strike_R","Defend_R","Defend_R","Defend_R","Defend_R","Bash+1","Searing Blow+5","Flex","Flex","Spot Weakness","Whirlwind"],"relics":["Burning Blood","Gensokyo:CelestialsFlawlessClothing","Ornamental Fan","PreservedInsect","CaptainsWheel","Oddly Smooth Stone","Empty Cage","ClockworkSouvenir","Strawberry","Gensokyo:DirgeOfMelancholy","Bag of Preparation","Bag of Marbles"],"acts_visited":["Exordium","Gensokyo:Gensokyo"],"potions_floor_usage":[16,16,16,27],"damage_taken":[{"damage":6,"enemies":"Gensokyo:3_Fairies","floor":1,"turns":4},{"damage":7,"enemies":"Gensokyo:Gryphon","floor":2,"turns":3},{"damage":13,"enemies":"Gensokyo:2_Kodama","floor":3,"turns":3},{"damage":22,"enemies":"Gensokyo:Mamizou","floor":7,"turns":9},{"damage":17,"enemies":"Gensokyo:CorruptedTreant","floor":11,"turns":3},{"damage":12,"enemies":"Gensokyo:Kitsune","floor":12,"turns":2},{"damage":66,"enemies":"Gensokyo:Reimu","floor":16,"turns":9},{"damage":18,"enemies":"Gensokyo:CosmicMonolith","floor":18,"turns":5},{"damage":42,"enemies":"Gensokyo:3_Dogs","floor":21,"turns":4},{"damage":12,"enemies":"Gensokyo:Wraith","floor":24,"turns":3},{"damage":32,"enemies":"Gensokyo:Slime_Group","floor":27,"turns":3},{"damage":127,"enemies":"Gensokyo:3_Gloops","floor":30,"turns":7}],"seed_played":"2482601829009124406","potions_obtained":[{"floor":3,"key":"EssenceOfSteel"},{"floor":11,"key":"Fire Potion"},{"floor":12,"key":"Weak Potion"},{"floor":16,"key":"Ancient Potion"},{"floor":24,"key":"Explosive Potion"}],"is_trial":false,"path_per_floor":["M","M","M","COS","?","R","E","R","T","R","M","M","R","?","R","B",null,"M","$","?","M","?","R","M","R","T","M","?","T","M"],"character_chosen":"IRONCLAD","items_purchased":["ClockworkSouvenir","Strawberry"],"campfire_rested":2,"item_purchase_floors":[19,19],"current_hp_per_floor":[80,79,72,72,52,52,36,60,60,60,49,43,43,43,67,7,80,68,75,75,39,39,39,33,33,33,7,12,12,0,0],"gold":146,"neow_bonus":"UPGRADE_CARD","is_daily":false,"chose_seed":false,"campfire_upgraded":5,"win_rate":0.0,"timestamp":1614030488,"path_taken":["M","M","M","COS","?","R","E","R","T","R","M","M","R","?","R","BOSS","M","$","?","M","?","R","?","R","T","?","?","?","M"],"items_purchased_type":["Relic","Relic"],"build_version":"2020-12-22","purchased_purges":2,"victory":false,"max_hp_per_floor":[80,80,80,80,80,80,80,80,80,80,80,80,80,80,80,80,80,80,87,87,87,87,87,87,87,87,87,92,92,92,92],"relic_stats":{"counters":[12,55],"Ornamental Fan":[0],"PreservedInsect":0,"Bag of Preparation":[4],"obtain_stats":[{"CaptainsWheel":14,"Gensokyo:DirgeOfMelancholy":22,"Ornamental Fan":7,"Strawberry":19,"Oddly Smooth Stone":16,"PreservedInsect":9,"Bag of Preparation":26,"Bag of Marbles":29,"Gensokyo:CelestialsFlawlessClothing":5,"Empty Cage":17,"Burning Blood":0,"ClockworkSouvenir":19},{"CaptainsWheel":6,"Gensokyo:DirgeOfMelancholy":9,"Ornamental Fan":4,"Strawberry":8,"Oddly Smooth Stone":7,"PreservedInsect":4,"Bag of Preparation":10,"Bag of Marbles":11,"Gensokyo:CelestialsFlawlessClothing":3,"Empty Cage":7,"Burning Blood":0,"ClockworkSouvenir":8},{"CaptainsWheel":24,"Gensokyo:DirgeOfMelancholy":42,"Ornamental Fan":19,"Strawberry":38,"Oddly Smooth Stone":25,"PreservedInsect":19,"Bag of Preparation":45,"Bag of Marbles":48,"Gensokyo:CelestialsFlawlessClothing":10,"Empty Cage":33,"Burning Blood":0,"ClockworkSouvenir":38}],"Burning Blood":66},"card_choices":[{"not_picked":["Cleave","Clash"],"picked":"Searing Blow","floor":1},{"not_picked":["Wild Strike","Havoc"],"picked":"Flex","floor":2},{"not_picked":["Burning Pact","Havoc","Pommel Strike"],"picked":"SKIP","floor":3},{"not_picked":["Reckless Charge","Perfected Strike","Hemokinesis"],"picked":"SKIP","floor":7},{"not_picked":["Iron Wave","Exhume"],"picked":"Flex","floor":11},{"not_picked":["Heavy Blade","Clash"],"picked":"Spot Weakness","floor":12},{"not_picked":["Metallicize","Heavy Blade","Ghostly Armor"],"picked":"SKIP","floor":18},{"not_picked":["Pommel Strike","Thunderclap","Spot Weakness"],"picked":"SKIP","floor":21},{"not_picked":["Dropkick+1","Wild Strike+1","Burning Pact"],"picked":"SKIP","floor":24},{"not_picked":["Sword Boomerang","Reckless Charge","Clash+1"],"picked":"SKIP","floor":27}],"player_experience":166048,"relics_obtained":[{"floor":7,"key":"Ornamental Fan"},{"floor":9,"key":"PreservedInsect"},{"floor":26,"key":"Bag of Preparation"},{"floor":29,"key":"Bag of Marbles"}],"event_choices":[],"is_beta":false,"boss_relics":[{"not_picked":["SacredBark","Ectoplasm"],"picked":"Empty Cage"}],"items_purged_floors":[19,19],"is_endless":false,"potions_floor_spawned":[3,11,12,16,24],"killed_by":"Gensokyo:3_Gloops","ascension_level":0}}