{"host":"c6u7e77myxvw4d0m","time":1614020623,"event":{"mods":["AchievementEnabler","BaseMod","Bestiary","Colored Map","Colored Powertips","Minty Spire (QoL Compilation)","Rare Cards Sparkle","Relic Stats","everything is the same but u backflip on backflip"],"gold_per_floor":[112,112,112,131,150,150,162,162,162,189,60,76,94,126,126,197,197,208,222,246,258,274,274,293,320,346,363,375,75,105,116,116,189,189,209,209,209,234,253,280,280,310,335,352,380,380,380,399,399,399,399],"floor_reached":50,"language":"ENG","playtime":4494,"items_purged":["Strike_G","Strike_G"],"score":1297,"play_id":"596fa1d7-97a7-4024-8a2b-74946811a18e","local_time":"20210222210343","is_ascension_mode":true,"campfire_choices":[{"data":"Dagger Spray","floor":6,"key":"SMITH"},{"data":"Poisoned Stab","floor":8,"key":"SMITH"},{"floor":15,"key":"REST"},{"data":"Crippling Poison","floor":23,"key":"SMITH"},{"data":"Noxious Fumes","floor":32,"key":"SMITH"},{"data":"Well Laid Plans","floor":41,"key":"SMITH"},{"floor":46,"key":"RECALL"},{"data":"A Thousand Cuts","floor":49,"key":"SMITH"}],"circlet_count":0,"master_deck":["AscendersBane","Defend_G","Defend_G","Defend_G","Defend_G","Defend_G","Survivor","Neutralize","Dash","Dagger Spray+1","Poisoned Stab+1","Adrenaline","Backstab","Prepared","Crippling Poison+1","Malaise","Quick Slash+1","Bouncing Flask","Well Laid Plans+1","Dodge and Roll","Noxious Fumes+1","Magnetism","Footwork+1","Deadly Poison","Corpse Explosion","Unload+1","Caltrops+1","Concentrate+1","Footwork","Backflip+1","A Thousand Cuts+1"],"relics":["Ring of the Snake","Juzu Bracelet","White Beast Statue","Ninja Scroll","Nunchaku","Boot","Coffee Dripper","PreservedInsect","Meat on the Bone","Incense Burner","Astrolabe","Happy Flower","Singing Bowl","Pear","Oddly Smooth Stone","Strawberry"],"acts_visited":["Exordium","TheCity","TheBeyond"],"potions_floor_usage":[7,10,10,16,16,19,19,25,25,27,33,35,39,40,42,42,44,48,50],"damage_taken":[{"damage":8,"enemies":"Cultist","floor":1,"turns":5},{"damage":0,"enemies":"2 Louse","floor":4,"turns":5},{"damage":3,"enemies":"Small Slimes","floor":5,"turns":4},{"damage":10,"enemies":"Exordium Thugs","floor":7,"turns":3},{"damage":2,"enemies":"3 Sentries","floor":10,"turns":5},{"damage":0,"enemies":"2 Fungi Beasts","floor":12,"turns":3},{"damage":0,"enemies":"Gremlin Gang","floor":13,"turns":1},{"damage":20,"enemies":"Lagavulin","floor":14,"turns":5},{"damage":26,"enemies":"Slime Boss","floor":16,"turns":8},{"damage":0,"enemies":"3 Byrds","floor":18,"turns":3},{"damage":1,"enemies":"Chosen","floor":19,"turns":4},{"damage":1,"enemies":"Snecko","floor":21,"turns":5},{"damage":3,"enemies":"Snake Plant","floor":22,"turns":4},{"damage":0,"enemies":"Centurion and Healer","floor":24,"turns":4},{"damage":7,"enemies":"Slavers","floor":25,"turns":6},{"damage":8,"enemies":"Snecko","floor":27,"turns":3},{"damage":0,"enemies":"Cultist and Chosen","floor":28,"turns":6},{"damage":0,"enemies":"Gremlin Leader","floor":30,"turns":4},{"damage":12,"enemies":"Snake Plant","floor":31,"turns":6},{"damage":10,"enemies":"Automaton","floor":33,"turns":10},{"damage":0,"enemies":"3 Shapes","floor":35,"turns":4},{"damage":5,"enemies":"Orb Walker","floor":39,"turns":3},{"damage":14,"enemies":"Nemesis","floor":40,"turns":6},{"damage":3,"enemies":"Reptomancer","floor":42,"turns":6},{"damage":19,"enemies":"Maw","floor":44,"turns":9},{"damage":0,"enemies":"Giant Head","floor":45,"turns":7},{"damage":23,"enemies":"Transient","floor":48,"turns":6},{"damage":43,"enemies":"Donu and Deca","floor":50,"turns":8}],"seed_played":"-5392993964091556650","potions_obtained":[{"floor":4,"key":"SkillPotion"},{"floor":5,"key":"GamblersBrew"},{"floor":7,"key":"Swift Potion"},{"floor":10,"key":"Fire Potion"},{"floor":16,"key":"Poison Potion"},{"floor":18,"key":"ColorlessPotion"},{"floor":19,"key":"EssenceOfSteel"},{"floor":21,"key":"CunningPotion"},{"floor":24,"key":"Regen Potion"},{"floor":25,"key":"BlessingOfTheForge"},{"floor":27,"key":"CunningPotion"},{"floor":28,"key":"Fire Potion"},{"floor":31,"key":"LiquidMemories"},{"floor":33,"key":"Poison Potion"},{"floor":35,"key":"Fire Potion"},{"floor":39,"key":"Ancient Potion"},{"floor":40,"key":"BlessingOfTheForge"},{"floor":42,"key":"SpeedPotion"},{"floor":44,"key":"LiquidMemories"},{"floor":45,"key":"FearPotion"},{"floor":48,"key":"Fire Potion"}],"is_trial":false,"path_per_floor":["M","?","?","M","M","R","M","R","T","E","$","M","M","E","R","B",null,"M","M","T","M","M","R","M","E","T","M","M","$","E","M","R","B",null,"M","?","$","T","M","E","R","E","T","M","E","R","?","M","R","B"],"character_chosen":"THE_SILENT","items_purchased":["AttackPotion","Magnetism"],"campfire_rested":1,"item_purchase_floors":[11,29],"current_hp_per_floor":[51,51,51,51,48,48,38,38,38,36,36,36,36,16,35,9,52,52,51,51,50,47,47,47,55,55,47,47,47,47,35,35,37,59,59,59,59,59,54,42,42,49,49,42,49,49,49,40,40,0,0],"gold":399,"neow_bonus":"RANDOM_COMMON_RELIC","is_daily":false,"chose_seed":false,"campfire_upgraded":6,"win_rate":0.0,"timestamp":1614020623,"path_taken":["M","?","?","M","M","R","M","R","T","E","$","M","M","E","R","BOSS","M","M","?","M","M","R","M","E","T","M","M","$","E","M","R","BOSS","M","?","$","?","M","E","R","E","T","M","E","R","?","M","R","BOSS"],"items_purchased_type":["Potion","Card"],"build_version":"2020-12-22","purchased_purges":2,"victory":false,"max_hp_per_floor":[66,66,66,66,66,66,66,66,66,66,66,66,66,66,66,66,66,66,66,66,66,66,66,66,66,66,66,66,66,66,66,66,66,66,66,66,66,66,66,68,68,78,78,78,85,85,85,87,87,87,87],"relic_stats":{"Nunchaku":[27],"Happy Flower":[15],"Singing Bowl":4,"counters":[28,143],"Astrolabe":["Unload","Caltrops","Concentrate"],"PreservedInsect":341,"Juzu Bracelet":1,"Boot":[174],"obtain_stats":[{"Pear":42,"Happy Flower":38,"Singing Bowl":40,"Astrolabe":34,"Oddly Smooth Stone":43,"PreservedInsect":20,"Juzu Bracelet":0,"Incense Burner":30,"Boot":14,"White Beast Statue":3,"Nunchaku":10,"Ninja Scroll":9,"Strawberry":45,"Coffee Dripper":17,"Ring of the Snake":0,"Meat on the Bone":25},{"Pear":24,"Happy Flower":21,"Singing Bowl":23,"Astrolabe":20,"Oddly Smooth Stone":24,"PreservedInsect":11,"Juzu Bracelet":0,"Incense Burner":18,"Boot":8,"White Beast Statue":1,"Nunchaku":5,"Ninja Scroll":4,"Strawberry":26,"Coffee Dripper":9,"Ring of the Snake":0,"Meat on the Bone":15},{"Pear":113,"Happy Flower":98,"Singing Bowl":107,"Astrolabe":94,"Oddly Smooth Stone":113,"PreservedInsect":46,"Juzu Bracelet":0,"Incense Burner":78,"Boot":31,"White Beast Statue":5,"Nunchaku":22,"Ninja Scroll":17,"Strawberry":129,"Coffee Dripper":39,"Ring of the Snake":0,"Meat on the Bone":65}],"Ring of the Snake":[56],"Meat on the Bone":36},"card_choices":[{"not_picked":["Slice","Escape Plan","Outmaneuver"],"picked":"SKIP","floor":1},{"not_picked":["PiercingWail","Deflect"],"picked":"Dash","floor":4},{"not_picked":["Setup","Bouncing Flask"],"picked":"Dagger Spray","floor":5},{"not_picked":["Noxious Fumes","Choke"],"picked":"Poisoned Stab","floor":7},{"not_picked":["Dodge and Roll","Backflip"],"picked":"Adrenaline","floor":10},{"not_picked":["Cloak And Dagger","Acrobatics"],"picked":"Backstab","floor":12},{"not_picked":["Underhanded Strike","PiercingWail"],"picked":"Prepared","floor":13},{"not_picked":["Dagger Spray","Blur"],"picked":"Crippling Poison","floor":14},{"not_picked":["Adrenaline","After Image"],"picked":"Malaise","floor":16},{"not_picked":["Slice+1","Backflip"],"picked":"Quick Slash+1","floor":18},{"not_picked":["Caltrops","Terror"],"picked":"Masterful Stab","floor":19},{"not_picked":["Concentrate","Sucker Punch"],"picked":"Bouncing Flask","floor":21},{"not_picked":["Sucker Punch","Expertise","Prepared"],"picked":"SKIP","floor":22},{"not_picked":["Quick Slash","Reflex"],"picked":"Well Laid Plans","floor":24},{"not_picked":["Well Laid Plans","Dagger Throw","Reflex"],"picked":"SKIP","floor":25},{"not_picked":["Well Laid Plans","Slice"],"picked":"Dodge and Roll","floor":27},{"not_picked":["Accuracy","Acrobatics"],"picked":"Noxious Fumes","floor":28},{"not_picked":["Blur","Storm of Steel"],"picked":"Footwork","floor":30},{"not_picked":["Bane","Dagger Throw"],"picked":"Deadly Poison","floor":31},{"not_picked":["A Thousand Cuts","Grand Finale"],"picked":"Corpse Explosion","floor":33},{"not_picked":["Dagger Throw+1","Backflip","Flying Knee"],"picked":"SKIP","floor":35},{"not_picked":["Outmaneuver+1","Cloak And Dagger","Underhanded Strike"],"picked":"SKIP","floor":39},{"not_picked":["Expertise","Deadly Poison","Deflect"],"picked":"Singing Bowl","floor":40},{"not_picked":["Deadly Poison","Riddle With Holes"],"picked":"Footwork","floor":42},{"not_picked":["Flying Knee","Storm of Steel"],"picked":"Backflip+1","floor":44},{"not_picked":["Masterful Stab+1","Expertise"],"picked":"A Thousand Cuts","floor":45},{"not_picked":["Dagger Spray","Masterful Stab","Sucker Punch"],"picked":"Singing Bowl","floor":48}],"player_experience":863605,"relics_obtained":[{"floor":9,"key":"Ninja Scroll"},{"floor":10,"key":"Nunchaku"},{"floor":14,"key":"Boot"},{"floor":20,"key":"PreservedInsect"},{"floor":25,"key":"Meat on the Bone"},{"floor":30,"key":"Incense Burner"},{"floor":38,"key":"Happy Flower"},{"floor":40,"key":"Singing Bowl"},{"floor":42,"key":"Pear"},{"floor":43,"key":"Oddly Smooth Stone"},{"floor":45,"key":"Strawberry"}],"event_choices":[{"damage_healed":0,"gold_gain":0,"cards_transformed":["Strike_G"],"player_choice":"Change","damage_taken":0,"max_hp_gain":0,"max_hp_loss":0,"event_name":"Living Wall","floor":2,"gold_loss":0,"cards_obtained":["Accuracy"]},{"cards_removed":["Accuracy"],"damage_healed":0,"gold_gain":0,"player_choice":"Gave Card","damage_taken":0,"relics_obtained":["White Beast Statue"],"max_hp_gain":0,"max_hp_loss":0,"event_name":"WeMeetAgain","floor":3,"gold_loss":0},{"damage_healed":0,"gold_gain":0,"player_choice":"Forge","damage_taken":0,"max_hp_gain":0,"max_hp_loss":0,"event_name":"Accursed Blacksmith","floor":36,"gold_loss":0,"cards_upgraded":["Footwork"]},{"damage_healed":0,"gold_gain":0,"player_choice":"Ignored","damage_taken":0,"max_hp_gain":0,"max_hp_loss":0,"event_name":"Tomb of Lord Red Mask","floor":47,"gold_loss":0}],"is_beta":false,"boss_relics":[{"not_picked":["Ectoplasm","Ring of the Serpent"],"picked":"Coffee Dripper"},{"not_picked":["Tiny House","Fusion Hammer"],"picked":"Astrolabe"}],"items_purged_floors":[11,29],"is_endless":false,"potions_floor_spawned":[4,5,7,10,12,13,14,16,18,19,21,22,24,25,27,28,30,31,33,35,39,40,42,44,45,48],"killed_by":"Donu and Deca","ascension_level":20}}