{"host":"0luxfixkkfk9wck3","time":1614027942,"event":{"mods":["BaseMod","DeckTracker","Downfall","Highlight Path","Minty Spire (QoL Compilation)","StSLib"],"gold_per_floor":[199,219,290,44,63,63,87,104,204,104,121,69,69,89,109,188,188,188,206,206,45,70,70,70,82,82,67,80,80,129,149,163,235,235,135,145,194,354,354,371,395,407,431,443,472,502,68,68,81,81],"floor_reached":51,"language":"ENG","playtime":4920,"items_purged":["sneckomod:Strike","sneckomod:Strike","sneckomod:Defend","sneckomod:Defend"],"score":1188,"play_id":"0a121cf0-77c4-4a69-9ada-b7b67587ea02","local_time":"20210222150542","is_ascension_mode":true,"campfire_choices":[{"data":"sneckomod:TailWhip","floor":1,"key":"SMITH"},{"data":"Juggernaut","floor":10,"key":"SMITH"},{"data":"sneckomod:UnendingSupply","floor":26,"key":"SMITH"},{"floor":29,"key":"REST"},{"floor":44,"key":"REST"}],"circlet_count":0,"master_deck":["AscendersBane","sneckomod:Defend","sneckomod:TailWhip+1","sneckomod:SnekBite","sneckomod:SlitherStrike","Juggernaut+1","sneckomod:UnknownExhaust+1","sneckomod:UnlimitedRolls","sneckomod:UnendingSupply+1","Metallicize+1","Rage+1","sneckomod:DiceBlock+1","sneckomod:QuickMove+1","Guardian:ShieldSpikes+1","Body Slam+1","sneckomod:ImprovisedGuard+1","Barricade+1","sneckomod:Mudshield","sneckomod:UnknownClassGREEN+1","Guardian:ShieldSpikes+1","sneckomod:UnknownCommonSkill+1","sneckomod:UnknownClassGREEN+1","sneckomod:UnknownBlock+1","sneckomod:UnknownUncommonSkill+1","Backflip+1","sneckomod:UnknownClassGREEN+1","sneckomod:UnknownClassRED+1"],"relics":["sneckomod:SneckoSoul","Toxic Egg 2","sneckomod:BlankCard","downfall:HeartBlessingBlue","Busted Crown","Pen Nib","Vajra","MealTicket","expansioncontent:StudyCardRelic","downfall:HeartBlessingGreen","Ginger","MawBank","bronze:BronzeIdol","HandDrill"],"acts_visited":["Exordium","TheCity","TheBeyond"],"potions_floor_usage":[15,50,50],"damage_taken":[{"damage":0,"enemies":"Cultist","floor":2,"turns":2},{"damage":0,"enemies":"downfall:FleeingMerchant","floor":4,"turns":4},{"damage":2,"enemies":"Small Slimes","floor":5,"turns":3},{"damage":6,"enemies":"Jaw Worm","floor":8,"turns":3},{"damage":7,"enemies":"Exordium Thugs","floor":11,"turns":3},{"damage":10,"enemies":"downfall:FleeingMerchant","floor":12,"turns":4},{"damage":9,"enemies":"Exordium Wildlife","floor":14,"turns":3},{"damage":0,"enemies":"Red Slaver","floor":15,"turns":4},{"damage":17,"enemies":"IC_STATUS_ARCHETYPE","floor":16,"turns":6},{"damage":3,"enemies":"Chosen","floor":19,"turns":5},{"damage":0,"enemies":"downfall:FleeingMerchant","floor":21,"turns":4},{"damage":4,"enemies":"downfall:LooterAlt2","floor":25,"turns":5},{"damage":0,"enemies":"downfall:FleeingMerchant","floor":27,"turns":4},{"damage":9,"enemies":"Snake Plant","floor":28,"turns":3},{"damage":3,"enemies":"Book of Stabbing","floor":30,"turns":6},{"damage":0,"enemies":"Snecko","floor":31,"turns":4},{"damage":8,"enemies":"Centurion and Healer","floor":32,"turns":5},{"damage":0,"enemies":"SI_MIRROR_ARCHETYPE","floor":33,"turns":12},{"damage":15,"enemies":"3 Darklings","floor":36,"turns":5},{"damage":21,"enemies":"2 Orb Walkers","floor":37,"turns":7},{"damage":0,"enemies":"downfall:FleeingMerchant","floor":38,"turns":3},{"damage":0,"enemies":"Orb Walker","floor":40,"turns":2},{"damage":0,"enemies":"Jaw Worm Horde","floor":43,"turns":2},{"damage":0,"enemies":"4 Shapes","floor":45,"turns":2},{"damage":0,"enemies":"3 Darklings","floor":46,"turns":4},{"damage":10,"enemies":"Sphere and 2 Shapes","floor":49,"turns":2},{"damage":16,"enemies":"DF_ARCHETYPE_ORBS","floor":50,"turns":7}],"seed_played":"1040593099702301919","potions_obtained":[{"floor":2,"key":"EntropicBrew"},{"floor":5,"key":"FearPotion"},{"floor":25,"key":"EssenceOfSteel"}],"is_trial":false,"path_per_floor":["R","M","T","$","M","R","T","M","?","R","M","$","R","M","M","B",null,"R","M","?","$","T","R","T","M","R","$","M","R","E","M","M","B",null,"R","M","?","$","?","M","T","R","M","R","M","M","$","?","M","B",null],"character_chosen":"THE_SNECKO","items_purchased":["sneckomod:BlankCard","sneckomod:UnendingSupply","sneckomod:UnknownBlock+1","sneckomod:UnknownClassGREEN+1","sneckomod:UnknownBlock+1","bronze:BronzeIdol","HandDrill"],"campfire_rested":2,"item_purchase_floors":[4,12,21,38,38,47,47],"current_hp_per_floor":[75,75,75,75,73,73,73,67,67,77,70,60,60,51,51,34,78,78,75,75,75,75,75,75,71,71,71,62,89,86,86,78,78,89,89,74,53,68,68,68,68,68,68,93,93,93,93,93,83,67],"gold":81,"neow_bonus":"HUNDRED_GOLD","is_daily":false,"chose_seed":false,"campfire_upgraded":3,"win_rate":0.0,"timestamp":1614027942,"path_taken":["R","M","?","$","M","R","T","M","?","R","M","$","R","M","M","BOSS","R","M","?","?","?","R","T","M","R","$","M","R","E","?","M","BOSS","R","M","?","$","?","M","T","R","M","R","M","M","$","?","M","BOSS"],"items_purchased_type":["Relic","Card","Card","Card","Card","Relic","Relic"],"build_version":"2020-12-22","purchased_purges":4,"victory":true,"max_hp_per_floor":[83,83,83,83,83,83,83,83,83,93,93,93,93,93,93,93,93,93,93,93,93,93,93,93,93,93,93,93,93,93,93,93,93,93,93,93,93,93,93,93,93,93,93,93,93,93,93,93,93,93],"card_choices":[{"not_picked":["sneckomod:DiceBoulder","sneckomod:WideSting"],"picked":"sneckomod:SlitherStrike","floor":2},{"not_picked":["sneckomod:PureSnecko+1","sneckomod:Memorize+1"],"picked":"sneckomod:UnknownBlock+1","floor":4},{"not_picked":["sneckomod:UnknownX+1","sneckomod:Unknown1Cost+1"],"picked":"sneckomod:Memorize+1","floor":5},{"not_picked":["sneckomod:ImprovisedAttack","sneckomod:SlitherStrike"],"picked":"sneckomod:UnknownExhaust+1","floor":8},{"not_picked":["sneckomod:Unknown1Cost+1","sneckomod:UnknownColorless+1"],"picked":"sneckomod:UnknownBlock+1","floor":11},{"not_picked":["sneckomod:UnknownBlock+1","sneckomod:UnknownVulnerable+1"],"picked":"sneckomod:UnlimitedRolls","floor":12},{"not_picked":["sneckomod:SoulDraw+1","sneckomod:WideSting"],"picked":"sneckomod:DiceBlock+1","floor":14},{"not_picked":["sneckomod:WideSting","sneckomod:DiceBlock+1"],"picked":"sneckomod:QuickMove+1","floor":15},{"not_picked":["sneckomod:Cheat+1","sneckomod:Restock+1"],"picked":"sneckomod:Unknown3Cost+1","floor":16},{"not_picked":[],"picked":"sneckomod:Memorize+1","floor":19},{"not_picked":["sneckomod:IronFang"],"picked":"SKIP","floor":21},{"not_picked":[],"picked":"sneckomod:ImprovisedGuard+1","floor":25},{"not_picked":[],"picked":"sneckomod:UnknownBlock+1","floor":27},{"not_picked":["sneckomod:UnknownCommonAttack"],"picked":"SKIP","floor":28},{"not_picked":[],"picked":"sneckomod:Mudshield","floor":30},{"not_picked":[],"picked":"sneckomod:UnknownDraw+1","floor":31},{"not_picked":[],"picked":"sneckomod:UnknownClassGREEN+1","floor":32},{"not_picked":["sneckomod:SoulRoll+1"],"picked":"SKIP","floor":36},{"not_picked":[],"picked":"sneckomod:UnknownCommonSkill+1","floor":38},{"not_picked":[],"picked":"sneckomod:UnknownUncommonSkill+1","floor":40},{"not_picked":["sneckomod:SoulRoll+1"],"picked":"SKIP","floor":43},{"not_picked":[],"picked":"sneckomod:UnknownClassGREEN+1","floor":45},{"not_picked":[],"picked":"sneckomod:UnknownClassRED+1","floor":46},{"not_picked":["sneckomod:Memorize+1"],"picked":"SKIP","floor":49}],"player_experience":12092197,"relics_obtained":[{"floor":3,"key":"Toxic Egg 2"},{"floor":22,"key":"Pen Nib"},{"floor":24,"key":"Vajra"},{"floor":30,"key":"MealTicket"},{"floor":37,"key":"Ginger"},{"floor":41,"key":"MawBank"}],"event_choices":[{"cards_removed":["sneckomod:Strike"],"damage_healed":0,"gold_gain":0,"player_choice":"Card Removal","damage_taken":0,"max_hp_gain":0,"max_hp_loss":0,"event_name":"Wheel of Change","floor":20,"gold_loss":0},{"damage_healed":0,"gold_gain":0,"player_choice":"Fight","damage_taken":0,"max_hp_gain":0,"max_hp_loss":0,"event_name":"Mysterious Sphere","floor":37,"gold_loss":0}],"is_beta":false,"boss_relics":[{"not_picked":["Calling Bell","SacredBark"],"picked":"Busted Crown"},{"not_picked":["Pandora\u0027s Box","Velvet Choker"],"picked":"expansioncontent:StudyCardRelic"}],"items_purged_floors":[4,21,38,47],"is_endless":false,"potions_floor_spawned":[2,5,8,11,25,28,30,31,32,37,43,45],"ascension_level":14}}