{"host":"f5gffvlv6a66yqkd","time":1614029561,"event":{"mods":["2.2 Compatiblity","BaseMod","Colored Map","Custom Start","DeckTracker","Keyboard Shortcuts","Minty Spire (QoL Compilation)","Permanent Neow","Quick Restart","Relic Stats","StSLib","SuperFastMode"],"gold_per_floor":[109,109,109,34,34,34,47,47,47,47,47,72,90,114,114,208,208,233,233,158,174,198,198,222,222,222,222,241,241,260,260,260,260,260],"floor_reached":33,"language":"KOR","playtime":717,"items_purged":["Strike_G"],"score":474,"play_id":"215851b4-9528-4412-bfa0-2f4954289020","local_time":"20210223063241","is_ascension_mode":true,"campfire_choices":[{"data":"Noxious Fumes","floor":6,"key":"SMITH"},{"data":"Neutralize","floor":8,"key":"SMITH"},{"data":"Dodge and Roll","floor":15,"key":"SMITH"},{"data":"Bouncing Flask","floor":23,"key":"SMITH"},{"data":"Footwork","floor":25,"key":"SMITH"},{"data":"Malaise","floor":27,"key":"SMITH"},{"data":"Acrobatics","floor":29,"key":"SMITH"},{"data":"Crippling Poison","floor":32,"key":"SMITH"}],"circlet_count":0,"master_deck":["AscendersBane","Strike_G","Defend_G","Defend_G","Defend_G","Defend_G","Survivor","Neutralize+1","Slice","Noxious Fumes+1","Dodge and Roll+1","PiercingWail","Footwork+1","Die Die Die","Malaise+1","Acrobatics+1","Dash","Poisoned Stab","Bouncing Flask+1","Deflect","Crippling Poison+1"],"relics":["Ring of the Snake","Bloody Idol","Shuriken","Coffee Dripper"],"acts_visited":["Exordium","TheCity"],"potions_floor_usage":[16,22,22,30,33],"damage_taken":[{"damage":6,"enemies":"Jaw Worm","floor":1,"turns":5},{"damage":4,"enemies":"Small Slimes","floor":7,"turns":3},{"damage":3,"enemies":"Cultist","floor":12,"turns":4},{"damage":5,"enemies":"Large Slime","floor":13,"turns":7},{"damage":0,"enemies":"Exordium Wildlife","floor":14,"turns":5},{"damage":25,"enemies":"Hexaghost","floor":16,"turns":11},{"damage":9,"enemies":"Shell Parasite","floor":18,"turns":8},{"damage":7,"enemies":"3 Byrds","floor":21,"turns":6},{"damage":25,"enemies":"Cultist and Chosen","floor":22,"turns":6},{"damage":5,"enemies":"Chosen and Byrds","floor":24,"turns":6},{"damage":17,"enemies":"Sentry and Sphere","floor":28,"turns":5},{"damage":3,"enemies":"Centurion and Healer","floor":30,"turns":8},{"damage":0,"enemies":"Collector","floor":33,"turns":3}],"seed_played":"-2517828347139248827","potions_obtained":[{"floor":7,"key":"LiquidBronze"},{"floor":12,"key":"EssenceOfSteel"},{"floor":13,"key":"Regen Potion"},{"floor":18,"key":"Fire Potion"},{"floor":22,"key":"BlessingOfTheForge"},{"floor":24,"key":"AttackPotion"}],"is_trial":false,"path_per_floor":["M","?","?","?","$","R","M","R","T","?","$","M","M","M","R","B",null,"M","?","$","M","M","R","M","R","T","R","M","R","M","?","R","B"],"character_chosen":"THE_SILENT","items_purchased":[],"campfire_rested":0,"item_purchase_floors":[],"current_hp_per_floor":[53,53,53,53,53,53,49,49,49,54,54,51,46,46,46,21,54,45,45,45,38,27,27,22,22,22,22,5,5,2,2,2,2,2],"gold":260,"neow_bonus":"TRANSFORM_CARD","is_daily":false,"chose_seed":false,"campfire_upgraded":8,"win_rate":0.0,"timestamp":1614029561,"path_taken":["M","?","?","?","?","R","?","R","T","?","$","M","M","M","R","BOSS","M","?","$","M","M","R","M","R","T","R","M","R","M","?","R","BOSS"],"items_purchased_type":[],"build_version":"2020-12-22","purchased_purges":1,"victory":false,"max_hp_per_floor":[66,66,60,60,60,60,60,60,60,65,65,65,65,65,65,65,65,65,65,65,65,65,65,65,65,65,65,65,65,65,65,65,65,65],"relic_stats":{"counters":[13,77],"Shuriken":[9],"Bloody Idol":0,"obtain_stats":[{"Golden Idol":3,"Shuriken":9,"Bloody Idol":31,"Coffee Dripper":17,"Ring of the Snake":0},{"Golden Idol":1,"Shuriken":2,"Bloody Idol":12,"Coffee Dripper":6,"Ring of the Snake":0},{"Golden Idol":5,"Shuriken":8,"Bloody Idol":74,"Coffee Dripper":35,"Ring of the Snake":0}],"Ring of the Snake":[26]},"card_choices":[{"not_picked":["Deflect","Dagger Throw"],"picked":"Noxious Fumes","floor":1},{"not_picked":["Calculated Gamble","Distraction"],"picked":"Dodge and Roll","floor":7},{"not_picked":["Blur","Dagger Throw"],"picked":"PiercingWail","floor":12},{"not_picked":["Distraction","Blade Dance"],"picked":"Footwork","floor":13},{"not_picked":["Choke","Finisher"],"picked":"Die Die Die","floor":14},{"not_picked":["Grand Finale","Venomology"],"picked":"Malaise","floor":16},{"not_picked":["Setup","Dagger Throw"],"picked":"Acrobatics","floor":18},{"not_picked":["PiercingWail","Crippling Poison"],"picked":"Bouncing Flask","floor":21},{"not_picked":["Eviscerate","Bane+1","Quick Slash"],"picked":"SKIP","floor":22},{"not_picked":["Dagger Spray","Prepared"],"picked":"Deflect","floor":24},{"not_picked":["Dagger Throw+1","Bane","Blade Dance+1"],"picked":"SKIP","floor":28},{"not_picked":["Dodge and Roll","Skewer"],"picked":"Crippling Poison","floor":30}],"player_experience":1555787,"relics_obtained":[{"floor":9,"key":"Shuriken"}],"event_choices":[{"damage_healed":0,"gold_gain":0,"player_choice":"Ignored","damage_taken":0,"max_hp_gain":0,"max_hp_loss":0,"event_name":"Liars Game","floor":2,"gold_loss":0},{"damage_healed":0,"gold_gain":0,"player_choice":"Lose Max HP","damage_taken":0,"relics_obtained":["Golden Idol"],"max_hp_gain":0,"max_hp_loss":6,"event_name":"Golden Idol","floor":3,"gold_loss":0},{"cards_removed":["Strike_G"],"damage_healed":0,"gold_gain":0,"player_choice":"Card Removal","damage_taken":0,"max_hp_gain":0,"max_hp_loss":0,"event_name":"The Cleric","floor":4,"gold_loss":75},{"damage_healed":0,"gold_gain":0,"player_choice":"Donut","damage_taken":0,"max_hp_gain":5,"max_hp_loss":0,"event_name":"Big Fish","floor":10,"gold_loss":0},{"damage_healed":0,"gold_gain":0,"cards_transformed":["Strike_G","Strike_G"],"player_choice":"Became Test Subject","damage_taken":0,"max_hp_gain":0,"max_hp_loss":0,"event_name":"Drug Dealer","floor":19,"gold_loss":0,"cards_obtained":["Dash","Poisoned Stab"]},{"damage_healed":0,"gold_gain":0,"player_choice":"Gave Idol","damage_taken":0,"relics_obtained":["Bloody Idol"],"max_hp_gain":0,"max_hp_loss":0,"event_name":"Forgotten Altar","floor":31,"relics_lost":["Golden Idol"],"gold_loss":0}],"is_beta":false,"boss_relics":[{"not_picked":["Busted Crown","Ring of the Serpent"],"picked":"Coffee Dripper"}],"items_purged_floors":[20],"is_endless":false,"potions_floor_spawned":[7,12,13,18,22,24],"killed_by":"Collector","ascension_level":20}}