{"host":"f5gffvlv6a66yqkd","time":1614027719,"event":{"mods":["2.2 Compatiblity","BaseMod","Colored Map","Custom Start","DeckTracker","Keyboard Shortcuts","Minty Spire (QoL Compilation)","Permanent Neow","Quick Restart","Relic Stats","StSLib","SuperFastMode"],"gold_per_floor":[111,131,206,225,237,237,260,260,283,283,308,308,308,79,79,150,150,165,181,161,61,79,79,79,79],"floor_reached":24,"language":"KOR","playtime":542,"items_purged":["Strike_G","Strike_G"],"score":388,"play_id":"9766c744-b135-4db2-a1bd-fba1c7b8cbcd","local_time":"20210223060159","is_ascension_mode":true,"campfire_choices":[{"data":"Neutralize","floor":6,"key":"SMITH"},{"data":"Blade Dance","floor":8,"key":"SMITH"},{"data":"Blade Dance","floor":10,"key":"SMITH"},{"data":"Terror","floor":13,"key":"SMITH"},{"data":"A Thousand Cuts","floor":15,"key":"SMITH"},{"data":"Burst","floor":23,"key":"SMITH"}],"circlet_count":0,"master_deck":["AscendersBane","Defend_G","Defend_G","Defend_G","Defend_G","Defend_G","Survivor","Neutralize+1","Blade Dance+1","Blade Dance+1","Backflip","Terror+1","A Thousand Cuts+1","Burst+1","Reflex+1","Tools of the Trade+1","Setup+1","Blur","Well Laid Plans+1"],"relics":["Ring of the Snake","Odd Mushroom","PreservedInsect","Ancient Tea Set","Astrolabe"],"acts_visited":["Exordium","TheCity"],"potions_floor_usage":[11,16],"damage_taken":[{"damage":7,"enemies":"Jaw Worm","floor":1,"turns":5},{"damage":7,"enemies":"Small Slimes","floor":2,"turns":2},{"damage":0,"enemies":"Cultist","floor":4,"turns":3},{"damage":10,"enemies":"Red Slaver","floor":5,"turns":3},{"damage":9,"enemies":"The Mushroom Lair","floor":7,"turns":4},{"damage":12,"enemies":"Lagavulin","floor":11,"turns":4},{"damage":24,"enemies":"Slime Boss","floor":16,"turns":6},{"damage":0,"enemies":"Chosen","floor":18,"turns":3},{"damage":26,"enemies":"2 Thieves","floor":19,"turns":4},{"damage":23,"enemies":"Centurion and Healer","floor":22,"turns":6},{"damage":6,"enemies":"Snake Plant","floor":24,"turns":2}],"seed_played":"9117006481436432465","potions_obtained":[{"floor":1,"key":"Poison Potion"},{"floor":5,"key":"ColorlessPotion"},{"floor":11,"key":"Fire Potion"},{"floor":18,"key":"Dexterity Potion"},{"floor":20,"key":"Energy Potion"}],"is_trial":false,"path_per_floor":["M","M","?","M","M","R","?","R","T","R","E","?","R","$","R","B",null,"M","M","?","$","M","R","M"],"character_chosen":"THE_SILENT","items_purchased":["A Thousand Cuts"],"campfire_rested":0,"item_purchase_floors":[14],"current_hp_per_floor":[52,45,34,34,24,24,15,15,15,15,3,66,66,66,66,42,60,60,34,34,34,11,11,5,5],"gold":79,"neow_bonus":"RANDOM_COLORLESS","is_daily":false,"chose_seed":false,"campfire_upgraded":6,"win_rate":0.0,"timestamp":1614027719,"path_taken":["M","M","?","M","M","R","?","R","T","R","E","?","R","$","R","BOSS","M","M","?","$","M","R","?"],"items_purchased_type":["Card"],"build_version":"2020-12-22","purchased_purges":2,"victory":false,"max_hp_per_floor":[66,66,66,66,66,66,66,66,66,66,66,66,66,66,66,66,66,66,66,66,66,66,66,66,66],"relic_stats":{"counters":[11,42],"Astrolabe":["Reflex","Tools of the Trade","Setup"],"PreservedInsect":28,"obtain_stats":[{"Astrolabe":17,"PreservedInsect":9,"Odd Mushroom":7,"Ancient Tea Set":11,"Ring of the Snake":0},{"Astrolabe":7,"PreservedInsect":5,"Odd Mushroom":5,"Ancient Tea Set":6,"Ring of the Snake":0},{"Astrolabe":27,"PreservedInsect":17,"Odd Mushroom":17,"Ancient Tea Set":21,"Ring of the Snake":0}],"Ring of the Snake":[22]},"card_choices":[{"not_picked":["Mind Blast","Good Instincts"],"picked":"Dramatic Entrance","floor":0},{"not_picked":["Dodge and Roll","Quick Slash"],"picked":"Blade Dance","floor":1},{"not_picked":["Well Laid Plans","Outmaneuver"],"picked":"Blade Dance","floor":2},{"not_picked":["Slice","Underhanded Strike"],"picked":"Backflip","floor":4},{"not_picked":["Concentrate","Flying Knee","Distraction"],"picked":"SKIP","floor":5},{"not_picked":["Infinite Blades","Leg Sweep"],"picked":"Terror","floor":11},{"not_picked":["Bullet Time","Die Die Die"],"picked":"Burst","floor":16},{"not_picked":["Deflect","Choke"],"picked":"Blur","floor":18},{"not_picked":["Slice","Outmaneuver"],"picked":"Well Laid Plans+1","floor":19},{"not_picked":["Skewer","Sucker Punch","Poisoned Stab"],"picked":"SKIP","floor":22}],"player_experience":1555787,"relics_obtained":[{"floor":7,"key":"Odd Mushroom"},{"floor":9,"key":"PreservedInsect"},{"floor":11,"key":"Ancient Tea Set"}],"event_choices":[{"damage_healed":0,"gold_gain":75,"player_choice":"Gather Gold","damage_taken":11,"max_hp_gain":0,"max_hp_loss":0,"event_name":"World of Goop","floor":3,"gold_loss":0},{"damage_healed":0,"gold_gain":0,"player_choice":"Fought Mushrooms","damage_taken":0,"max_hp_gain":0,"max_hp_loss":0,"event_name":"Mushrooms","floor":7,"gold_loss":0},{"cards_removed":["Dramatic Entrance"],"damage_healed":63,"gold_gain":0,"player_choice":"Offered Uncommon","damage_taken":0,"max_hp_gain":0,"max_hp_loss":0,"event_name":"Bonfire Elementals","floor":12,"gold_loss":0},{"damage_healed":0,"gold_gain":0,"player_choice":"Bought 1 Potion","damage_taken":0,"max_hp_gain":0,"max_hp_loss":0,"event_name":"The Woman in Blue","floor":20,"gold_loss":0}],"is_beta":false,"boss_relics":[{"not_picked":["Runic Pyramid","Busted Crown"],"picked":"Astrolabe"}],"items_purged_floors":[14,21],"is_endless":false,"potions_floor_spawned":[1,5,11,18,22],"killed_by":"Snake Plant","ascension_level":20}}