{"host":"eutfwpehtd75iaf6","time":1614030002,"event":{"mods":["BaseMod","Colored Map","Hermit","Marisa????????","Minty Spire (QoL Compilation)","Remilia??????","StSLib","The Senshi","The Servant 0.9.4"],"gold_per_floor":[113,113,113,124,137,137,172,172,172,182,195,51,70,80,80,178,178,196,196,216,10,21,56,56,76,76,76,105,125,140,15,15,120,120,135,135,147,165,184,201,201,201,201],"floor_reached":42,"language":"ENG","playtime":2586,"items_purged":["Havoc","Strike_R","Strike_R"],"score":446,"play_id":"81a1b92a-ea2d-4468-a351-c1c381fc5e12","local_time":"20210222164002","is_ascension_mode":false,"campfire_choices":[{"data":"Bludgeon","floor":6.0,"key":"SMITH"},{"floor":8.0,"key":"RECALL"},{"data":"Shockwave","floor":15.0,"key":"SMITH"},{"data":"Inflame","floor":24.0,"key":"SMITH"},{"data":"Battle Trance","floor":27.0,"key":"SMITH"},{"data":"Immolate","floor":32.0,"key":"SMITH"},{"data":"True Grit","floor":41.0,"key":"SMITH"}],"circlet_count":0,"master_deck":["Strike_R","Strike_R","Defend_R","Defend_R","Defend_R","Defend_R","Bash","Bludgeon+1","Shockwave+1","Metallicize","Double Tap","Battle Trance+1","True Grit","Immolate+1","True Grit+1","Bloodletting","Fire Breathing","Inflame+1","Headbutt+1","Limit Break","CurseOfTheBell","Madness","Madness","Flame Barrier"],"relics":["Burning Blood","Meat on the Bone","Turnip","Velvet Choker","White Beast Statue","MealTicket","Matryoshka","Lantern","Calling Bell","Vajra","Molten Egg 2","Bird Faced Urn"],"acts_visited":["Exordium","TheCity","TheBeyond"],"potions_floor_usage":[42,42,42],"damage_taken":[{"damage":6.0,"enemies":"2 Louse","floor":1.0,"turns":2.0},{"damage":0.0,"enemies":"Small Slimes","floor":4.0,"turns":2.0},{"damage":0.0,"enemies":"Cultist","floor":5.0,"turns":2.0},{"damage":4.0,"enemies":"Gremlin Nob","floor":7.0,"turns":3.0},{"damage":23.0,"enemies":"Exordium Thugs","floor":10.0,"turns":7.0},{"damage":3.0,"enemies":"2 Fungi Beasts","floor":11.0,"turns":3.0},{"damage":3.0,"enemies":"Red Slaver","floor":13.0,"turns":4.0},{"damage":8.0,"enemies":"Lots of Slimes","floor":14.0,"turns":3.0},{"damage":38.0,"enemies":"Slime Boss","floor":16.0,"turns":11.0},{"damage":14.0,"enemies":"2 Thieves","floor":18.0,"turns":3.0},{"damage":0.0,"enemies":"Spheric Guardian","floor":20.0,"turns":2.0},{"damage":50.0,"enemies":"Shelled Parasite and Fungi","floor":22.0,"turns":5.0},{"damage":23.0,"enemies":"Slavers","floor":23.0,"turns":3.0},{"damage":9.0,"enemies":"Centurion and Healer","floor":25.0,"turns":4.0},{"damage":25.0,"enemies":"Gremlin Leader","floor":28.0,"turns":5.0},{"damage":1.0,"enemies":"3 Cultists","floor":29.0,"turns":5.0},{"damage":1.0,"enemies":"Cultist and Chosen","floor":30.0,"turns":3.0},{"damage":24.0,"enemies":"Collector","floor":33.0,"turns":6.0},{"damage":2.0,"enemies":"Orb Walker","floor":35.0,"turns":2.0},{"damage":31.0,"enemies":"3 Shapes","floor":37.0,"turns":4.0},{"damage":37.0,"enemies":"Sphere and 2 Shapes","floor":38.0,"turns":6.0},{"damage":7.0,"enemies":"4 Shapes","floor":39.0,"turns":4.0},{"damage":26.0,"enemies":"Transient","floor":40.0,"turns":5.0},{"damage":72,"enemies":"Reptomancer","floor":42,"turns":6}],"seed_played":"3529937528701461076","potions_obtained":[{"floor":5.0,"key":"Dexterity Potion"},{"floor":10.0,"key":"BloodPotion"},{"floor":13.0,"key":"PowerPotion"},{"floor":14.0,"key":"GamblersBrew"},{"floor":18.0,"key":"Energy Potion"},{"floor":20.0,"key":"BloodPotion"},{"floor":22.0,"key":"EssenceOfSteel"},{"floor":23.0,"key":"Weak Potion"},{"floor":29.0,"key":"Ancient Potion"},{"floor":30.0,"key":"AttackPotion"},{"floor":33.0,"key":"FearPotion"},{"floor":35.0,"key":"Swift Potion"},{"floor":37.0,"key":"Ancient Potion"},{"floor":38.0,"key":"LiquidBronze"},{"floor":39.0,"key":"Energy Potion"},{"floor":40.0,"key":"Regen Potion"}],"is_trial":false,"path_per_floor":["M","?","?","M","M","R","E","R","T","M","M","$","M","M","R","B",null,"M","T","M","$","M","E","R","M","T","R","E","M","M","$","R","B",null,"M","?","M","M","M","M","R","E"],"character_chosen":"IRONCLAD","items_purchased":["Battle Trance","Bloodletting","Fire Breathing"],"campfire_rested":0,"item_purchase_floors":[12,21,21],"current_hp_per_floor":[80,62,62,68,74,74,76,76,76,59,62,62,65,63,63,43,80,72,72,78,78,50,49,49,58,58,58,51,56,61,76,76,58,80,80,70,51,36,49,47,47,0,0],"gold":201,"neow_bonus":"ONE_RANDOM_RARE_CARD","is_daily":false,"chose_seed":false,"campfire_upgraded":6,"win_rate":0.0,"timestamp":1614030002,"path_taken":["M","?","?","M","M","R","E","R","T","M","M","$","M","M","R","BOSS","M","?","M","$","M","E","R","M","T","R","E","M","M","$","R","BOSS","M","?","M","M","M","M","R","E"],"items_purchased_type":["Card","Card","Card"],"build_version":"2020-12-22","purchased_purges":3,"victory":false,"max_hp_per_floor":[80,80,80,80,80,80,80,80,80,80,80,80,80,80,80,80,80,80,80,80,80,80,80,80,80,80,80,80,80,80,80,80,80,80,80,80,80,80,80,80,80,80,80],"card_choices":[{"not_picked":["Havoc","Combust","Fire Breathing"],"picked":"SKIP","floor":1.0},{"not_picked":["Flex","Iron Wave"],"picked":"Havoc","floor":4.0},{"not_picked":["Thunderclap","Intimidate"],"picked":"Metallicize","floor":5.0},{"not_picked":["Pummel","Warcry","Sword Boomerang"],"picked":"SKIP","floor":7.0},{"not_picked":["Havoc","Disarm","Warcry"],"picked":"SKIP","floor":10.0},{"not_picked":["Entrench","Havoc"],"picked":"Double Tap","floor":11.0},{"not_picked":["Blood for Blood","Body Slam"],"picked":"True Grit","floor":13.0},{"not_picked":["Clothesline","Cleave","Clash"],"picked":"SKIP","floor":14.0},{"not_picked":["Juggernaut","Feed"],"picked":"Immolate","floor":16.0},{"not_picked":["Armaments","Twin Strike","Clash"],"picked":"SKIP","floor":18.0},{"not_picked":["Body Slam","Thunderclap"],"picked":"True Grit","floor":20.0},{"not_picked":["Shrug It Off","Sword Boomerang+1"],"picked":"Inflame","floor":22.0},{"not_picked":["Brutality","Infernal Blade","Sword Boomerang+1"],"picked":"SKIP","floor":23.0},{"not_picked":["Feel No Pain","Pommel Strike","Thunderclap"],"picked":"SKIP","floor":25.0},{"not_picked":["Metallicize","Intimidate+1"],"picked":"Headbutt+1","floor":28.0},{"not_picked":["Sword Boomerang","Heavy Blade","Fiend Fire"],"picked":"SKIP","floor":29.0},{"not_picked":["Wild Strike","Shrug It Off","Seeing Red+1"],"picked":"SKIP","floor":30.0},{"not_picked":["Offering","Fiend Fire"],"picked":"Limit Break","floor":33.0},{"not_picked":["Heavy Blade+1","True Grit+1","Evolve"],"picked":"SKIP","floor":35.0},{"not_picked":["Heavy Blade+1","Flex","Headbutt+1"],"picked":"SKIP","floor":37.0},{"not_picked":["Pommel Strike+1","Twin Strike+1","Rage"],"picked":"SKIP","floor":38.0},{"not_picked":["Bludgeon+1","Rampage+1"],"picked":"Flame Barrier","floor":39.0},{"not_picked":["Wild Strike+1","Iron Wave+1","True Grit+1"],"picked":"SKIP","floor":40.0}],"player_experience":156587,"relics_obtained":[{"floor":7.0,"key":"Turnip"},{"floor":19.0,"key":"White Beast Statue"},{"floor":23.0,"key":"MealTicket"},{"floor":26.0,"key":"Matryoshka"},{"floor":28.0,"key":"Lantern"},{"floor":34.0,"key":"Vajra"},{"floor":34.0,"key":"Molten Egg 2"},{"floor":34.0,"key":"Bird Faced Urn"}],"event_choices":[{"damage_healed":0.0,"max_hp_gain":0.0,"max_hp_loss":0.0,"gold_gain":0.0,"event_name":"Scrap Ooze","player_choice":"Success","floor":2.0,"gold_loss":0.0,"damage_taken":18.0,"relics_obtained":["Meat on the Bone"]},{"damage_healed":0.0,"max_hp_gain":0.0,"max_hp_loss":0.0,"gold_gain":0.0,"cards_transformed":["Strike_R"],"event_name":"Transmorgrifier","player_choice":"Transformed","floor":3.0,"gold_loss":0.0,"damage_taken":0.0,"cards_obtained":["Shockwave"]},{"damage_healed":0.0,"max_hp_gain":0.0,"max_hp_loss":0.0,"gold_gain":0.0,"event_name":"Winding Halls","player_choice":"Embrace Madness","floor":36.0,"gold_loss":0.0,"damage_taken":10.0,"cards_obtained":["Madness","Madness"]}],"is_beta":false,"boss_relics":[{"not_picked":["Black Blood","Astrolabe"],"picked":"Velvet Choker"},{"not_picked":["Tiny House","Black Star"],"picked":"Calling Bell"}],"items_purged_floors":[12,21,31],"is_endless":false,"potions_floor_spawned":[5,10,13,14,18,20,22,23,25,28,29,30,33,35,37,38,39,40],"killed_by":"Reptomancer","ascension_level":0}}