{"host":"phapnj0danpxvjlm","time":1614017669,"event":{"mods":["Act Like it!","BaseMod","Better Note","Better Third Choice","Bossed Relics","Colored Powertips","Downfall","Hermit","Lobotomy","Marisa????????","Minty Spire (QoL Compilation)","Permanent Neow","Quick Restart","Rare Cards Sparkle","Ruina","Spire Arcade","StSLib","The Animator","The Necromancer","The Wild Card"],"gold_per_floor":[114,40,40,54,54,86,86,96,119,119,50,70,70,70],"floor_reached":13,"language":"ENG","playtime":485,"items_purged":[],"score":83,"play_id":"f5e6e8f3-c930-4c1a-878f-b2e59aad820e","local_time":"20210222191429","is_ascension_mode":false,"campfire_choices":[{"floor":7,"key":"REST"},{"floor":10,"key":"REST"}],"circlet_count":0,"master_deck":["theWildCard:BasicStrike","theWildCard:BasicStrike","theWildCard:BasicStrike","theWildCard:BasicStrike","theWildCard:BasicDefend","theWildCard:BasicDefend","theWildCard:BasicDefend","theWildCard:BasicDefend","theWildCard:CallToAdventure","theWildCard:Arsene","WallGazer","theWildCard:Michael","theWildCard:MagicMettle","Tempest","OSAHOGD","Scorched","LittleHelper","theWildCard:Attunement","theWildCard:PowerOfTheArcana","VoidDream","theWildCard:MagicalMight"],"relics":["theWildCard:VelvetContract","CogitoBucket","Regal Pillow","TungstenRod","Bag of Preparation"],"acts_visited":["Exordium"],"potions_floor_usage":[6],"damage_taken":[{"damage":5,"enemies":"Small Slimes","floor":1,"turns":3},{"damage":5,"enemies":"Jaw Worm","floor":4,"turns":4},{"damage":27,"enemies":"Gremlin Nob","floor":6,"turns":5},{"damage":35,"enemies":"Cultist","floor":8,"turns":4},{"damage":42,"enemies":"Red Slaver","floor":12,"turns":2},{"damage":29,"enemies":"Lagavulin","floor":13,"turns":1}],"seed_played":"-3336105161092354615","potions_obtained":[{"floor":1,"key":"EssenceOfSteel"},{"floor":12,"key":"EssenceOfSteel"}],"is_trial":false,"path_per_floor":["M","$","?","M","?","E","R","M","T","R","$","M","E"],"character_chosen":"THE_WILD_CARD","items_purchased":["theWildCard:MagicMettle","theWildCard:PowerOfTheArcana"],"campfire_rested":2,"item_purchase_floors":[2,11],"current_hp_per_floor":[55,55,50,45,50,23,57,22,22,56,56,14,0,0],"gold":70,"neow_bonus":"","is_daily":false,"chose_seed":false,"campfire_upgraded":0,"win_rate":0.0,"timestamp":1614017669,"path_taken":["M","$","?","M","?","E","R","M","T","R","?","M","E"],"items_purchased_type":["Card","Card"],"build_version":"2020-12-22","purchased_purges":0,"victory":false,"max_hp_per_floor":[60,60,60,60,65,65,65,65,65,65,65,65,65,65],"card_choices":[{"not_picked":["BeautyBeast","MHz"],"picked":"WallGazer","floor":1},{"not_picked":["theWildCard:BladeOfGenerations","theWildCard:Scathach"],"picked":"theWildCard:Michael","floor":1},{"not_picked":["PunishingBird","FairyFestival"],"picked":"OSAHOGD","floor":4},{"not_picked":["theWildCard:CryOfAgony","theWildCard:EnergizedStroke","theWildCard:Safeguard"],"picked":"SKIP","floor":4},{"not_picked":["LittlePrince","BodiesMountain"],"picked":"Scorched","floor":6},{"not_picked":["theWildCard:BladeOfGenerations","theWildCard:ManOfManyFaces","theWildCard:MagicMettle"],"picked":"SKIP","floor":6},{"not_picked":["MHz","DreamingCurrent"],"picked":"LittleHelper","floor":8},{"not_picked":["theWildCard:EnergizedStroke","theWildCard:MagicMettle"],"picked":"theWildCard:Attunement","floor":8},{"not_picked":["BeautyBeast","UniverseFragment"],"picked":"VoidDream","floor":12},{"not_picked":["theWildCard:MagicMettle","theWildCard:Loki"],"picked":"theWildCard:MagicalMight","floor":12}],"player_experience":580808,"relics_obtained":[{"floor":6,"key":"TungstenRod"},{"floor":9,"key":"Bag of Preparation"}],"event_choices":[{"damage_healed":0,"gold_gain":0,"player_choice":"Donut","damage_taken":0,"max_hp_gain":5,"max_hp_loss":0,"event_name":"Big Fish","floor":5,"gold_loss":0}],"is_beta":false,"boss_relics":[],"items_purged_floors":[],"is_endless":false,"potions_floor_spawned":[1,12],"killed_by":"Lagavulin","ascension_level":0}}