{"host":"l1pzlbpva2o8t11s","time":1614000322,"event":{"mods":["AchievementEnabler","BaseMod","Block Reminder","Colored Map","Minty Spire (QoL Compilation)","Random Character Button","Relic Stats","Replay The Spire","StSLib","The Jungle"],"gold_per_floor":[115,125,142,142,155,155,186,186,186,186,219,267,267,301,301,404,404,421,421,521,535,553,580,358,369,369,70,145,164,164,184,184,279,279,299,299,56,67,82,111,111,111,134,161,161,193,193,206,206,206,206,206,49,77,77],"floor_reached":56,"language":"ENG","playtime":3546,"items_purged":["Fiend Fire","Pain"],"score":1323,"play_id":"3b42ef39-ef5f-4026-bbec-1032188ee73d","local_time":"20210222142522","is_ascension_mode":true,"campfire_choices":[{"data":"Pummel","floor":6.0,"key":"SMITH"},{"floor":8.0,"key":"REST"},{"data":"Flex","floor":10.0,"key":"SMITH"},{"floor":13.0,"key":"REST"},{"data":"Heavy Blade","floor":15.0,"key":"SMITH"},{"data":"Hemogenesis","floor":30.0,"key":"SMITH"},{"data":"Demon Form","floor":32.0,"key":"SMITH"},{"data":"Flex","floor":41,"key":"SMITH"},{"data":"Impervious","floor":41,"key":"SMITH"},{"data":"Anger","floor":45,"key":"SMITH"},{"data":"Twin Strike","floor":45,"key":"SMITH"},{"floor":49,"key":"RECALL"},{"data":"ReplayTheSpireMod:Strike From Hell","floor":52,"key":"SMITH"},{"data":"ReplayReversal","floor":52,"key":"SMITH"}],"circlet_count":0,"master_deck":["Bash","Warcry","Pummel+1","Flex+1","Twin Strike+1","Fiend Fire+1","Pommel Strike+1","Demon Form+1","Impervious+1","Flex+1","ReplayReversal+1","Shockwave","Hemogenesis+1","Sever Soul","ReplayTheSpireMod:Strike From Hell+1","Anger+1","Bloodletting+1","Demon Form+1","Pot Of Greed","Pot Of Greed"],"relics":["Burning Blood","NeowsBlessing","WarpedTongs","ReplayTheSpireMod:TigerMarble","Red Skull","ReplayTheSpireMod:Ninjato","Replay:Bottled Steam","Centennial Puzzle","Pandora\u0027s Box","MutagenicStrength","Whetstone","Replay:Rubber Ducky","Bronze Scales","Pen Nib","Ancient Tea Set","SlaversCollar","Lantern","Replay:Arrowhead","MealTicket","White Beast Statue","Smiling Mask","King of Hearts","Grinning Jar"],"acts_visited":["Exordium","TheCity","TheBeyond","TheEnding"],"potions_floor_usage":[55,55,55],"damage_taken":[{"damage":0.0,"enemies":"Jaw Worm","floor":1.0,"turns":1.0},{"damage":0.0,"enemies":"Cultist","floor":2.0,"turns":1.0},{"damage":0.0,"enemies":"Small Slimes","floor":3.0,"turns":1.0},{"damage":10.0,"enemies":"2 Fungi Beasts","floor":5.0,"turns":3.0},{"damage":42.0,"enemies":"Lagavulin","floor":7.0,"turns":6.0},{"damage":25.0,"enemies":"Replay:BlueRogue","floor":11.0,"turns":5.0},{"damage":2.0,"enemies":"Gremlin Nob","floor":14.0,"turns":2.0},{"damage":36.0,"enemies":"Hexaghost","floor":16.0,"turns":5.0},{"damage":29.0,"enemies":"Shell Parasite","floor":18.0,"turns":3.0},{"damage":3.0,"enemies":"Spheric Guardian","floor":21.0,"turns":1.0},{"damage":21.0,"enemies":"Cultist and Chosen","floor":22.0,"turns":6.0},{"damage":48.0,"enemies":"Slavers","floor":23.0,"turns":6.0},{"damage":1.0,"enemies":"Snake Plant","floor":25.0,"turns":2.0},{"damage":1.0,"enemies":"3 Cultists","floor":29.0,"turns":3.0},{"damage":2.0,"enemies":"Cultist and Chosen","floor":31.0,"turns":2.0},{"damage":18.0,"enemies":"Collector","floor":33.0,"turns":4.0},{"damage":28.0,"enemies":"3 Shapes","floor":35.0,"turns":1.0},{"damage":12.0,"enemies":"3 Darklings","floor":38.0,"turns":3.0},{"damage":11,"enemies":"Sphere and 2 Shapes","floor":39,"turns":3},{"damage":18,"enemies":"R_Hoarder","floor":40,"turns":6},{"damage":22,"enemies":"Giant Head","floor":44,"turns":5},{"damage":0,"enemies":"Reptomancer","floor":46,"turns":5},{"damage":3,"enemies":"Maw","floor":48,"turns":5},{"damage":34,"enemies":"Donu and Deca","floor":50,"turns":4},{"damage":3,"enemies":"Shield and Spear","floor":54,"turns":3},{"damage":66,"enemies":"The Heart","floor":55,"turns":6}],"seed_played":"-7610306393766311065","potions_obtained":[{"floor":3.0,"key":"Adrenaline Potion"},{"floor":7.0,"key":"SkillPotion"},{"floor":11.0,"key":"Explosive Potion"},{"floor":16.0,"key":"PowerPotion"},{"floor":21.0,"key":"Swift Potion"},{"floor":23.0,"key":"SkillPotion"},{"floor":25.0,"key":"Energy Potion"},{"floor":29.0,"key":"Languid Potion"},{"floor":33.0,"key":"Elixir"},{"floor":44,"key":"Milkshake"},{"floor":54,"key":"CultistPotion"}],"is_trial":false,"path_per_floor":["M","M","M","?","M","R","E","R","T","R","E","?","R","E","R","B",null,"M","?","?","M","M","E","$","M","T","$","?","M","R","M","R","B",null,"M","?","$","M","M","E","R","T","T","E","R","E","?","M","R_BF","B",null,"R","$","E","B",null],"character_chosen":"IRONCLAD","items_purchased":["Replay:Rubber Ducky","Pen Nib","Ancient Tea Set","Lantern","King of Hearts"],"campfire_rested":2,"item_purchase_floors":[24,27,27,37,53],"current_hp_per_floor":[80,80,80,80,76,76,40,64,64,64,45,13,37,41,41,11,80,57,57,57,71,65,30,30,35,35,35,27,32,32,44,44,40,80,58,58,58,63,66,54,54,54,54,38,38,55,55,72,72,44,80,80,80,80,31],"gold":77,"neow_bonus":"THREE_ENEMY_KILL","is_daily":false,"chose_seed":false,"campfire_upgraded":11,"win_rate":0.0,"timestamp":1614000322,"path_taken":["M","M","M","?","?","R","E","R","T","R","E","?","R","E","R","BOSS","M","?","?","?","M","E","$","M","T","$","?","?","R","M","R","BOSS","M","?","$","M","M","E","R","?","T","E","R","E","?","?","R_BF","BOSS","R","$","E","BOSS"],"items_purchased_type":["Relic","Relic","Relic","Relic","Relic"],"build_version":"2020-12-22","purchased_purges":2,"victory":true,"max_hp_per_floor":[80,80,80,80,80,80,80,80,80,80,80,80,80,80,80,80,80,80,80,80,80,80,80,80,80,80,80,80,80,80,80,80,80,80,80,80,80,80,80,80,80,80,80,80,80,80,80,80,80,80,80,80,80,80,80],"relic_stats":{"Centennial Puzzle":[54],"counters":[26,92],"Bronze Scales":[124],"Pandora\u0027s Box":["Pommel Strike","Demon Form","Impervious","Flex","ReplayReversal","Fiend Fire","Shockwave","Hemogenesis","Sever Soul"],"MealTicket":0,"Pen Nib":[11],"Whetstone":["Pommel Strike","Fiend Fire"],"Smiling Mask":0,"obtain_stats":[{"Lantern":37,"ReplayTheSpireMod:Ninjato":11,"NeowsBlessing":0,"Pen Nib":27,"King of Hearts":53,"Whetstone":23,"Ancient Tea Set":27,"Smiling Mask":46,"Burning Blood":0,"Replay:Arrowhead":40,"White Beast Statue":44,"WarpedTongs":4,"Replay:Rubber Ducky":24,"SlaversCollar":34,"Centennial Puzzle":14,"MutagenicStrength":19,"Bronze Scales":26,"Pandora\u0027s Box":17,"MealTicket":43,"ReplayTheSpireMod:TigerMarble":7,"Grinning Jar":54,"Red Skull":9,"Replay:Bottled Steam":12},{"Lantern":17,"ReplayTheSpireMod:Ninjato":6,"NeowsBlessing":0,"Pen Nib":13,"King of Hearts":24,"Whetstone":12,"Ancient Tea Set":13,"Smiling Mask":22,"Burning Blood":0,"Replay:Arrowhead":20,"White Beast Statue":21,"WarpedTongs":3,"Replay:Rubber Ducky":12,"SlaversCollar":16,"Centennial Puzzle":7,"MutagenicStrength":9,"Bronze Scales":13,"Pandora\u0027s Box":8,"MealTicket":20,"ReplayTheSpireMod:TigerMarble":5,"Grinning Jar":25,"Red Skull":5,"Replay:Bottled Steam":6},{"Lantern":52,"ReplayTheSpireMod:Ninjato":17,"NeowsBlessing":0,"Pen Nib":42,"King of Hearts":83,"Whetstone":40,"Ancient Tea Set":42,"Smiling Mask":74,"Burning Blood":0,"Replay:Arrowhead":64,"White Beast Statue":69,"WarpedTongs":3,"Replay:Rubber Ducky":40,"SlaversCollar":51,"Centennial Puzzle":19,"MutagenicStrength":27,"Bronze Scales":42,"Pandora\u0027s Box":24,"MealTicket":64,"ReplayTheSpireMod:TigerMarble":12,"Grinning Jar":86,"Red Skull":12,"Replay:Bottled Steam":17}],"Burning Blood":135,"WarpedTongs":[84]},"card_choices":[{"not_picked":["ReplayTheSpireMod:Strike From Hell","Feel No Pain","Dual Wield"],"picked":"SKIP","floor":1.0},{"not_picked":["Clash","Power Through"],"picked":"Warcry","floor":2.0},{"not_picked":["Whirlwind","Clash"],"picked":"Pummel","floor":3.0},{"not_picked":["Defy Death","ReplayReversal"],"picked":"Flex","floor":5.0},{"not_picked":["Reckless Charge","Replay:Undeath\u0027s Touch","Warcry"],"picked":"SKIP","floor":7.0},{"not_picked":["Second Wind","ReplayTheSpireMod:Limb From Limb"],"picked":"Twin Strike","floor":11.0},{"not_picked":["Thunderclap","Clash"],"picked":"Heavy Blade","floor":12.0},{"not_picked":["Battle Trance","Headbutt","Juggernaut"],"picked":"SKIP","floor":14.0},{"not_picked":["Feed","Brutality"],"picked":"Fiend Fire","floor":16.0},{"not_picked":["Warcry+1","Power Through"],"picked":"ReplayTheSpireMod:Strike From Hell","floor":18.0},{"not_picked":["Sword Boomerang","Body Slam+1","Warcry+1"],"picked":"SKIP","floor":21.0},{"not_picked":["Searing Blow","Run Through","Flex"],"picked":"SKIP","floor":22.0},{"not_picked":["Dual Wield","Shrug It Off","Replay:Many Hands"],"picked":"SKIP","floor":23.0},{"not_picked":["Dropkick+1","Warcry+1","Headbutt"],"picked":"SKIP","floor":25.0},{"not_picked":["Flex","Cleave","Sever Soul"],"picked":"SKIP","floor":29.0},{"not_picked":["Perfected Strike","Clothesline"],"picked":"Anger","floor":31.0},{"not_picked":["ReplayTheSpireMod:Strike From Hell+1","Iron Wave+1","Flex"],"picked":"SKIP","floor":35.0},{"not_picked":["Rupture","Clash+1","Run Through+1"],"picked":"SKIP","floor":38.0},{"not_picked":["Flex","Sword Boomerang"],"picked":"Bloodletting+1","floor":39},{"not_picked":["Battle Trance+1","Flex+1","Body Slam+1"],"picked":"SKIP","floor":40},{"not_picked":["Armaments","Replay:Many Hands","True Grit+1"],"picked":"SKIP","floor":44},{"not_picked":["Replay:Undeath\u0027s Touch+1","Rage+1","Clothesline"],"picked":"SKIP","floor":46},{"not_picked":["Fire Breathing+1","Dark Embrace+1","Twin Strike+1"],"picked":"SKIP","floor":48},{"not_picked":["Carnage","ReplayTheSpireMod:Strike From Hell","True Grit+1"],"picked":"SKIP","floor":54}],"player_experience":191745,"relics_obtained":[{"floor":7.0,"key":"ReplayTheSpireMod:TigerMarble"},{"floor":9.0,"key":"Red Skull"},{"floor":11.0,"key":"ReplayTheSpireMod:Ninjato"},{"floor":12.0,"key":"Replay:Bottled Steam"},{"floor":14.0,"key":"Centennial Puzzle"},{"floor":23.0,"key":"Whetstone"},{"floor":26.0,"key":"Bronze Scales"},{"floor":40,"key":"Replay:Arrowhead"},{"floor":43,"key":"MealTicket"},{"floor":44,"key":"White Beast Statue"},{"floor":46,"key":"Smiling Mask"},{"floor":54,"key":"Grinning Jar"}],"event_choices":[{"damage_healed":0.0,"max_hp_gain":0.0,"max_hp_loss":0.0,"gold_gain":0.0,"event_name":"Accursed Blacksmith","player_choice":"Rummage","floor":4.0,"gold_loss":0.0,"damage_taken":0.0,"relics_obtained":["WarpedTongs"],"cards_obtained":["Pain"]},{"damage_healed":0.0,"max_hp_gain":0.0,"max_hp_loss":0.0,"gold_gain":0.0,"event_name":"Drug Dealer","player_choice":"Inject Mutagens","floor":19.0,"gold_loss":0.0,"damage_taken":0.0,"relics_obtained":["MutagenicStrength"]},{"damage_healed":0.0,"max_hp_gain":0.0,"max_hp_loss":0.0,"gold_gain":100.0,"event_name":"Golden Shrine","player_choice":"Pray","floor":20.0,"gold_loss":0.0,"damage_taken":0.0},{"damage_healed":0.0,"max_hp_gain":0.0,"max_hp_loss":0.0,"gold_gain":75.0,"event_name":"FaceTrader","player_choice":"Touch","floor":28.0,"gold_loss":0.0,"damage_taken":8.0},{"cards_removed":["Heavy Blade"],"damage_healed":0.0,"max_hp_gain":0.0,"max_hp_loss":0.0,"gold_gain":0.0,"event_name":"Falling","player_choice":"Removed Attack","floor":36.0,"gold_loss":0.0,"damage_taken":0.0},{"damage_healed":0,"gold_gain":0,"player_choice":"Copied","damage_taken":0,"max_hp_gain":0,"max_hp_loss":0,"event_name":"Duplicator","floor":47,"gold_loss":0,"cards_obtained":["Demon Form"]}],"is_beta":false,"boss_relics":[{"not_picked":["Kintsugi","Empty Cage"],"picked":"Pandora\u0027s Box"},{"not_picked":["Mark of Pain","Ooze Armor"],"picked":"SlaversCollar"}],"items_purged_floors":[24,37],"is_endless":false,"potions_floor_spawned":[3,7,11,16,21,23,25,29,33,39,44,46,48,54],"ascension_level":1}}