{"host":"zmzacdglms6ret13","time":1614008344,"event":{"mods":["Act Like it!","BaseMod","Colored Map","Decade(王小明)","Downfall","Energized Spire","Highlight Path","Marisa（F雨　魔理沙）","Minty Spire (QoL Compilation)","MostiFishMod","Pale of the Ancients","Quick Restart","Replay The Spire","RumiaBox-露米娅的神秘盒子","SOS（斯巴达之子）","StSLib","Td1madao Mod","The Construct","The Cursed","The IronCluck","The Servant 0.9.4","Waifu the Spire","Warlord Emblem"],"gold_per_floor":[110,110,110,123,123,159,173,173,173,209,222,240,261,294,294,424,424,447,471,105,119,44,84,103,147,159,171,282,294,306,341,353,495,507,540,552,321,196,214,320,360,426,426,196,196,196,217,258,258,258,277,293,293,118,118,139,139,139,139,139],"floor_reached":61,"language":"ZHS","playtime":1663,"items_purged":["Strike_R","Defend_R","Strike_R","Strike_R","Defend_R"],"score":2023,"play_id":"baf2fcac-1a5b-4299-a571-4388d4254315","local_time":"20210222233904","is_ascension_mode":true,"campfire_choices":[{"data":"Heavy Blade","floor":8,"key":"SMITH"},{"data":"Offering","floor":15,"key":"SMITH"},{"data":"Limit Break","floor":27,"key":"SMITH"},{"data":"Brutality","floor":29,"key":"SMITH"},{"data":"Strike_R","floor":32,"key":"PURGE"},{"data":"Dual Wield","floor":45,"key":"SMITH"},{"floor":49,"key":"RECALL"},{"data":"Defend_R","floor":55,"key":"PURGE"},{"data":"Strike_R+1","floor":57,"key":"PURGE"}],"circlet_count":0,"master_deck":["Spot Weakness+1","Heavy Blade+1","Berserk+1","Offering+1","Limit Break+1","Thunderclap","Brutality+1","MostiFishMod:Chiaki+1","Uppercut+1","Dual Wield+1"],"relics":["Burning Blood","DaveBox","PatriotShield","SynthV:TestCard","Golden Idol","ReplayTheSpireMod:Shallot","Potion Belt","Matryoshka","Replay:Multitool","TungstenRod","Sozu","MagicDraw3","ReplayFunnel","MawBank","LastBattle","Fusion Hammer","SynthV:C4","construct:FoamFinger","Guide Book","ReplayTheSpireMod:Lightbulb","Divine Protection","Replay:Ringing Soul","paleoftheancients:Timepiece","paleoftheancients:KeyRelic","Orichalcum","Gremlin Horn","paleoftheancients:SoulOfTheWokeBloke","DaCapo","GodSword6"],"acts_visited":["Exordium","TheCity","TheBeyond","TheBeyond"],"potions_floor_usage":[],"damage_taken":[{"damage":0,"enemies":"Small Slimes","floor":1,"turns":2},{"damage":0,"enemies":"Jaw Worm","floor":4,"turns":2},{"damage":6,"enemies":"Lagavulin","floor":6,"turns":3},{"damage":0,"enemies":"Cultist","floor":7,"turns":1},{"damage":0,"enemies":"3 Sentries","floor":10,"turns":4},{"damage":1,"enemies":"Red Slaver","floor":11,"turns":2},{"damage":0,"enemies":"Exordium Thugs","floor":12,"turns":2},{"damage":0,"enemies":"2 Fungi Beasts","floor":13,"turns":2},{"damage":0,"enemies":"Lagavulin","floor":14,"turns":3},{"damage":5,"enemies":"Fading Forest","floor":16,"turns":8},{"damage":0,"enemies":"3 Byrds","floor":18,"turns":3},{"damage":0,"enemies":"Chosen","floor":19,"turns":1},{"damage":0,"enemies":"Sentry and Sphere","floor":21,"turns":1},{"damage":0,"enemies":"Replay:Snechameleon","floor":23,"turns":1},{"damage":0,"enemies":"Centurion and Healer","floor":24,"turns":2},{"damage":5,"enemies":"Gremlin Leader","floor":25,"turns":1},{"damage":0,"enemies":"Snecko","floor":31,"turns":1},{"damage":5,"enemies":"Champ","floor":33,"turns":3},{"damage":0,"enemies":"3 Darklings","floor":35,"turns":2},{"damage":15,"enemies":"3 Shapes","floor":39,"turns":2},{"damage":0,"enemies":"R_Hoarder","floor":41,"turns":2},{"damage":0,"enemies":"Sphere and 2 Shapes","floor":47,"turns":1},{"damage":0,"enemies":"Reptomancer","floor":48,"turns":1},{"damage":0,"enemies":"Awakened One","floor":50,"turns":3},{"damage":5,"enemies":"Awakened One","floor":51,"turns":1},{"damage":0,"enemies":"Awakened One","floor":52,"turns":2},{"damage":0,"enemies":"Awakened One","floor":56,"turns":2},{"damage":0,"enemies":"paleoftheancients:N","floor":60,"turns":2}],"seed_played":"2072821054795337131","potions_obtained":[{"floor":6,"key":"BloodPotion"},{"floor":11,"key":"Elixir"},{"floor":13,"key":"DistilledChaos"},{"floor":16,"key":"Fire Potion"}],"is_trial":false,"path_per_floor":["M","?","?","M","?","E","M","R","T","E","M","M","M","E","R","B",null,"M","M","$","M","?","E","M","E","T","R","?","R","?","M","R","B",null,"M","T","$","$","M","R","E","R","T","$","R","?","M","E","R","B","M","M","?","$","R","M","R","T","?","B",null],"character_chosen":"IRONCLAD","items_purchased":["Thunderclap","MagicDraw3","Guide Book","Dual Wield"],"campfire_rested":0,"item_purchase_floors":[20,20,37,44],"current_hp_per_floor":[88,66,48,54,47,47,53,53,53,59,64,70,76,82,82,88,88,88,88,88,88,88,88,88,88,88,88,88,88,88,88,88,88,88,88,88,88,88,79,79,85,85,85,85,85,85,88,88,88,88,88,88,88,88,88,88,88,88,88,88],"gold":139,"neow_bonus":"TEN_PERCENT_HP_BONUS","is_daily":false,"chose_seed":false,"campfire_upgraded":5,"win_rate":0.0,"timestamp":1614008344,"path_taken":["M","?","?","M","?","E","M","R","T","E","M","M","M","E","R","BOSS","M","M","$","M","?","E","M","E","T","R","?","R","?","?","R","BOSS","M","?","?","$","M","R","E","R","T","$","R","?","?","E","R","BOSS","M","M","?","$","R","M","R","T","?","BOSS"],"items_purchased_type":["Card","Relic","Relic","Card"],"build_version":"2020-12-22","purchased_purges":5,"victory":true,"max_hp_per_floor":[88,88,88,88,88,88,88,88,88,88,88,88,88,88,88,88,88,88,88,88,88,88,88,88,88,88,88,88,88,88,88,88,88,88,88,88,88,88,88,88,88,88,88,88,88,88,88,88,88,88,88,88,88,88,88,88,88,88,88,88],"card_choices":[{"not_picked":["Flex","Havoc"],"picked":"Spot Weakness","floor":1},{"not_picked":["Second Wind","Evolve","Cleave","Armaments"],"picked":"Heavy Blade","floor":4},{"not_picked":["Body Slam","Shrug It Off","Clash","Heavy Blade","Hemokinesis"],"picked":"SKIP","floor":6},{"not_picked":["Headbutt","ReplayTheSpireMod:Strike From Hell","Flex","Massacre","Sever Soul"],"picked":"SKIP","floor":7},{"not_picked":["Infernal Blade","Armaments","Hemokinesis","Run Through","Burning Pact"],"picked":"SKIP","floor":10},{"not_picked":["Blood for Blood","Shrug It Off","Metallicize","Replay:Undeath\u0027s Touch","Twin Strike"],"picked":"SKIP","floor":11},{"not_picked":["True Grit","Flex","Carnage","Anger","Defy Death"],"picked":"SKIP","floor":12},{"not_picked":["Combust","Metallicize","Dual Wield","Pommel Strike"],"picked":"Berserk","floor":13},{"not_picked":["Anger","Heavy Blade","Carnage","ReplayTheSpireMod:Strike From Hell"],"picked":"Offering","floor":14},{"not_picked":["MostiFishMod:WingOfPhoenix","Bludgeon","MostiFishMod:NewArrival","Immolate"],"picked":"Limit Break","floor":16},{"not_picked":["Defy Death+1","Sever Soul","Havoc","Heavy Blade+1","Body Slam"],"picked":"SKIP","floor":18},{"not_picked":["Dropkick","Iron Wave","Wild Strike","Twin Strike","Body Slam+1"],"picked":"SKIP","floor":19},{"not_picked":["Run Through","ReplayTheSpireMod:Strike From Hell+1","Havoc","Wild Strike","Flame Barrier"],"picked":"SKIP","floor":21},{"not_picked":["True Grit","Wild Strike+1","Thunderclap+1","Immolate"],"picked":"Brutality","floor":23},{"not_picked":["Wild Strike+1","Searing Blow","Heavy Blade","Second Wind","Iron Wave"],"picked":"SKIP","floor":24},{"not_picked":["Body Slam","Thunderclap","Disarm","MostiFishMod:DoubleSword","Feel No Pain+1"],"picked":"SKIP","floor":25},{"not_picked":["Sever Soul","Inflame","Pummel","ReplayReversal","Clothesline"],"picked":"SKIP","floor":31},{"not_picked":["Anger","ReplayTheSpireMod:Strike From Hell+1","Dropkick","Disarm"],"picked":"Uppercut+1","floor":35},{"not_picked":["Pommel Strike+1","Intimidate+1","Run Through","Heavy Blade","Anger"],"picked":"SKIP","floor":39},{"not_picked":["Clothesline+1","Iron Wave","MostiFishMod:RainCloud","Infernal Blade+1","Whirlwind+1"],"picked":"SKIP","floor":41},{"not_picked":["Cleave+1","Pommel Strike","Iron Wave+1","Clash+1","Thunderclap+1"],"picked":"SKIP","floor":47},{"not_picked":["Clothesline","Abandon+1","Rampage","Evolve+1","MostiFishMod:DoubleSword"],"picked":"SKIP","floor":48},{"not_picked":["Dark Embrace","Thunderclap","Combust","Body Slam","Warcry"],"picked":"SKIP","floor":51},{"not_picked":["Perfected Strike","Warcry","ReplayTheSpireMod:Strike From Hell+1","Seeing Red","Flex+1"],"picked":"SKIP","floor":52},{"not_picked":["Perfected Strike","Clothesline","Replay:Undeath\u0027s Touch","Twin Strike+1","MostiFishMod:RainCloud"],"picked":"SKIP","floor":56}],"player_experience":370876,"relics_obtained":[{"floor":1,"key":"SynthV:TestCard"},{"floor":6,"key":"Potion Belt"},{"floor":9,"key":"Matryoshka"},{"floor":10,"key":"Replay:Multitool"},{"floor":14,"key":"TungstenRod"},{"floor":23,"key":"ReplayFunnel"},{"floor":25,"key":"MawBank"},{"floor":26,"key":"LastBattle"},{"floor":36,"key":"SynthV:C4"},{"floor":36,"key":"construct:FoamFinger"},{"floor":41,"key":"ReplayTheSpireMod:Lightbulb"},{"floor":43,"key":"Divine Protection"},{"floor":48,"key":"Replay:Ringing Soul"},{"floor":52,"key":"paleoftheancients:SoulOfTheWokeBloke"},{"floor":58,"key":"GodSword6"}],"event_choices":[{"damage_healed":0,"gold_gain":0,"player_choice":"Take Damage","damage_taken":22,"relics_obtained":["Golden Idol"],"max_hp_gain":0,"max_hp_loss":0,"event_name":"Golden Idol","floor":2,"gold_loss":0},{"damage_healed":0,"gold_gain":0,"player_choice":"Entered Light","damage_taken":18,"max_hp_gain":0,"max_hp_loss":0,"event_name":"Shining Light","floor":3,"gold_loss":0,"cards_upgraded":["Strike_R","Spot Weakness"]},{"damage_healed":0,"gold_gain":0,"player_choice":"Success","damage_taken":7,"relics_obtained":["ReplayTheSpireMod:Shallot"],"max_hp_gain":0,"max_hp_loss":0,"event_name":"Scrap Ooze","floor":5,"gold_loss":0},{"cards_removed":["Defend_R"],"damage_healed":0,"gold_gain":0,"player_choice":"Gave Gold","damage_taken":0,"max_hp_gain":0,"max_hp_loss":0,"event_name":"Beggar","floor":22,"gold_loss":75},{"damage_healed":0,"gold_gain":99,"player_choice":"Stole From Cult","damage_taken":0,"max_hp_gain":0,"max_hp_loss":0,"event_name":"Nest","floor":28,"gold_loss":0},{"damage_healed":0,"gold_gain":0,"cards_transformed":["Bash"],"player_choice":"Transformed","damage_taken":0,"max_hp_gain":0,"max_hp_loss":0,"event_name":"Transmorgrifier","floor":30,"gold_loss":0,"cards_obtained":["MostiFishMod:Chiaki"]},{"damage_healed":0,"gold_gain":0,"player_choice":"Ignored","damage_taken":0,"max_hp_gain":0,"max_hp_loss":0,"event_name":"SecretPortal","floor":46,"gold_loss":0},{"damage_healed":0,"gold_gain":0,"player_choice":"Gave Potion","damage_taken":0,"relics_obtained":["DaCapo"],"max_hp_gain":0,"max_hp_loss":0,"event_name":"WeMeetAgain","floor":53,"gold_loss":0}],"is_beta":false,"boss_relics":[{"not_picked":["Calling Bell","Busted Crown"],"picked":"Sozu"},{"not_picked":["construct:ClawGrip","FixedStarFall"],"picked":"Fusion Hammer"}],"items_purged_floors":[20,37,38,44,54],"is_endless":false,"potions_floor_spawned":[6,11,13,16,19,21,23,24,35,41,51],"ascension_level":2}}