{"host":"hszimsrtxxc2k25w","time":1614029721,"event":{"mods":["AchievementEnabler","BaseMod","Colored Map","DeckTracker","Minty Spire (QoL Compilation)","Rare Cards Sparkle","SuperFastMode"],"gold_per_floor":[117,42,56,206,131,161,161,172,219,236,246,265,297,310,310,383,383,395,320,220,239,253,253,253,253],"floor_reached":24,"language":"KOR","playtime":408,"items_purged":["Strike_R","Strike_R"],"score":470,"play_id":"86650897-34ed-4237-bfbe-ab1995cdabe2","local_time":"20210223063521","is_ascension_mode":true,"campfire_choices":[{"data":"Immolate","floor":7.0,"key":"SMITH"},{"data":"Hemokinesis","floor":15.0,"key":"SMITH"},{"data":"Barricade","floor":23,"key":"SMITH"}],"circlet_count":0,"master_deck":["AscendersBane","Strike_R","Strike_R","Defend_R+1","Defend_R","Defend_R+1","Defend_R","Bash","Shrug It Off","Immolate+1","Hemokinesis+1","Barricade+1","Second Wind"],"relics":["Burning Blood","NeowsBlessing","Tiny Chest","War Paint","Torii","Velvet Choker"],"acts_visited":["Exordium","TheCity"],"potions_floor_usage":[22,22,22],"damage_taken":[{"damage":0.0,"enemies":"Small Slimes","floor":1.0,"turns":1.0},{"damage":0.0,"enemies":"Jaw Worm","floor":3.0,"turns":1.0},{"damage":0.0,"enemies":"Gremlin Nob","floor":6.0,"turns":1.0},{"damage":0.0,"enemies":"2 Louse","floor":8.0,"turns":1.0},{"damage":10.0,"enemies":"Red Slaver","floor":10.0,"turns":3.0},{"damage":0.0,"enemies":"2 Fungi Beasts","floor":11.0,"turns":1.0},{"damage":12.0,"enemies":"Large Slime","floor":12.0,"turns":3.0},{"damage":12.0,"enemies":"Lagavulin","floor":13.0,"turns":4.0},{"damage":0.0,"enemies":"3 Louse","floor":14.0,"turns":1.0},{"damage":50.0,"enemies":"The Guardian","floor":16.0,"turns":11.0},{"damage":30,"enemies":"Shell Parasite","floor":18,"turns":4},{"damage":29,"enemies":"Spheric Guardian","floor":21,"turns":7},{"damage":16,"enemies":"Snake Plant","floor":22,"turns":4},{"damage":25,"enemies":"Gremlin Leader","floor":24,"turns":3}],"seed_played":"1114847715652622037","potions_obtained":[{"floor":6.0,"key":"PowerPotion"},{"floor":8.0,"key":"ColorlessPotion"},{"floor":10.0,"key":"EntropicBrew"}],"is_trial":false,"path_per_floor":["M","$","M","?","?","E","R","M","T","M","M","M","E","M","R","B",null,"M","?","$","M","M","R","E"],"character_chosen":"IRONCLAD","items_purchased":[],"campfire_rested":0,"item_purchase_floors":[],"current_hp_per_floor":[74,74,75,75,75,75,75,75,75,71,75,69,63,69,69,25,63,39,39,39,16,21,21,0,0],"gold":253,"neow_bonus":"THREE_ENEMY_KILL","is_daily":false,"chose_seed":false,"campfire_upgraded":3,"win_rate":0.0,"timestamp":1614029721,"path_taken":["M","$","M","?","?","E","R","M","T","M","M","M","E","M","R","BOSS","M","?","$","M","M","R","E"],"items_purchased_type":[],"build_version":"2020-12-22","purchased_purges":2,"victory":false,"max_hp_per_floor":[75,75,75,75,75,75,75,75,75,75,75,75,75,75,75,75,75,75,75,75,75,75,75,75,75],"card_choices":[{"not_picked":["Thunderclap","Clothesline"],"picked":"Shrug It Off","floor":1.0},{"not_picked":["Cleave","Twin Strike","Headbutt"],"picked":"SKIP","floor":3.0},{"not_picked":["Pommel Strike","Havoc"],"picked":"Immolate","floor":6.0},{"not_picked":["Armaments","Rampage","Havoc"],"picked":"SKIP","floor":8.0},{"not_picked":["Whirlwind","Anger","Havoc"],"picked":"SKIP","floor":10.0},{"not_picked":["Rupture","Heavy Blade","Shrug It Off"],"picked":"SKIP","floor":11.0},{"not_picked":["Bloodletting","Cleave"],"picked":"Hemokinesis","floor":12.0},{"not_picked":["Dark Embrace","Intimidate","Thunderclap"],"picked":"SKIP","floor":13.0},{"not_picked":["Twin Strike","Metallicize","Shrug It Off"],"picked":"SKIP","floor":14.0},{"not_picked":["Demon Form","Feed"],"picked":"Barricade","floor":16.0},{"not_picked":["Warcry","Rupture"],"picked":"Second Wind","floor":18},{"not_picked":["Inflame","Warcry","Rage"],"picked":"SKIP","floor":21},{"not_picked":["Havoc","Shrug It Off+1","Perfected Strike"],"picked":"SKIP","floor":22}],"player_experience":692072,"relics_obtained":[{"floor":6.0,"key":"Tiny Chest"},{"floor":9.0,"key":"War Paint"},{"floor":13.0,"key":"Torii"}],"event_choices":[{"damage_healed":0.0,"max_hp_gain":0.0,"max_hp_loss":0.0,"gold_gain":150.0,"event_name":"Liars Game","player_choice":"AGREE","floor":4.0,"gold_loss":0.0,"damage_taken":0.0,"cards_obtained":["Doubt"]},{"cards_removed":["Doubt"],"damage_healed":0.0,"max_hp_gain":0.0,"max_hp_loss":0.0,"gold_gain":0.0,"event_name":"The Cleric","player_choice":"Card Removal","floor":5.0,"gold_loss":75.0,"damage_taken":0.0},{"cards_removed":["Strike_R"],"damage_healed":0,"gold_gain":0,"player_choice":"Gave Gold","damage_taken":0,"max_hp_gain":0,"max_hp_loss":0,"event_name":"Beggar","floor":19,"gold_loss":75}],"is_beta":false,"boss_relics":[{"not_picked":["Runic Pyramid","Runic Dome"],"picked":"Velvet Choker"}],"items_purged_floors":[2,20],"is_endless":false,"potions_floor_spawned":[6,8,10,11],"killed_by":"Gremlin Leader","ascension_level":20}}