{"host":"lnc26sm36s9d8cik","time":1614016669,"event":{"mods":["Act Like it!","Bartender","BaseMod","Duelist Mod","GifTheSpireLib","Magitek Elite","Mimic Mod","Minty Spire (QoL Compilation)","Prisma Mod","Remilia??????","Ruina","Shade Mod","Spicy Shops","StSLib","The Administrix","The Alterego","The Animator","The Cursed","The Exalted","The Gatherer","The Hierophant","The Necromancer","The Poker Player","The Servant 0.9.4"],"gold_per_floor":[140,140,155,155,230,260,260,290,290,305,320,350,350,350,350,450,450,465,480,495,510,510,510,630,645,645,645,495,510,540,555,555,655,655,670,685,685,160,175,175,205,20,20,20,50,50,50,65,65,65],"floor_reached":51,"language":"ENG","playtime":22013,"items_purged":[],"score":1320,"play_id":"443cfd90-b719-4b88-b72d-223f2f1212ad","local_time":"20210222185749","daily_mods":["Shiny","Hoarder","Binary"],"is_ascension_mode":false,"campfire_choices":[{"data":"theDuelist:SuperSolarNutrient","floor":7,"key":"SMITH"},{"data":"theDuelist:DeltaMagnet","floor":13,"key":"SMITH"},{"data":"theDuelist:SuperSolarNutrient","floor":15,"key":"SMITH"},{"data":"theDuelist:Nameless:Power:ForbiddenLance","floor":23,"key":"SMITH"},{"floor":27,"key":"REST"},{"floor":32,"key":"REST"},{"data":"theDuelist:RoseArcher","floor":40,"key":"SMITH"},{"data":"theDuelist:RoseArcher+1","floor":47,"key":"SMITH"},{"data":"theDuelist:PotForbidden","floor":49,"key":"SMITH"}],"circlet_count":0,"master_deck":["theDuelist:Sparks","theDuelist:SuperSolarNutrient+1","theDuelist:Sparks","theDuelist:SuperSolarNutrient+1","theDuelist:Nameless:Power:ForbiddenLance","theDuelist:Nameless:Power:ForbiddenLance","theDuelist:Nameless:Power:ForbiddenLance+1","theDuelist:SuperSolarNutrient","theDuelist:CrystalRose+1","theDuelist:CrystalRose+1","theDuelist:CrystalRose+1","theDuelist:DestroyerGolem","theDuelist:DestroyerGolem","theDuelist:DestroyerGolem","theDuelist:GraniteLoyalist","theDuelist:GraniteLoyalist","theDuelist:GraniteLoyalist","theDuelist:MagicHoleGolem","theDuelist:MagicHoleGolem","theDuelist:MagicHoleGolem","theDuelist:CrystalRose","theDuelist:CrystalRose","theDuelist:CrystalRose","theDuelist:PowerGiant","theDuelist:PowerGiant","theDuelist:PowerGiant","theDuelist:GolemSentry","theDuelist:GolemSentry","theDuelist:GolemSentry","theDuelist:GolemSentry","theDuelist:GolemSentry","theDuelist:GolemSentry","theDuelist:PowerGiant","theDuelist:PowerGiant","theDuelist:PowerGiant","theDuelist:DestroyerGolem","theDuelist:DestroyerGolem","theDuelist:DestroyerGolem","theDuelist:MagicHoleGolem","theDuelist:MagicHoleGolem","theDuelist:MagicHoleGolem","theDuelist:GemElephant","theDuelist:GemElephant","theDuelist:GemElephant","theDuelist:GraniteLoyalist","theDuelist:GraniteLoyalist","theDuelist:GraniteLoyalist","theDuelist:EvilswarmHeliotrope","theDuelist:EvilswarmHeliotrope","theDuelist:EvilswarmHeliotrope","theDuelist:DokiDoki","theDuelist:DokiDoki","theDuelist:DokiDoki","theDuelist:EarthEffigy","theDuelist:EarthEffigy","theDuelist:EarthEffigy","theDuelist:Blockman","theDuelist:Blockman","theDuelist:Blockman","theDuelist:GemArmadillo","theDuelist:GemArmadillo","theDuelist:GemArmadillo","theDuelist:PotForbidden+1","theDuelist:PotForbidden","theDuelist:PotForbidden","theDuelist:DummyGolem","theDuelist:DummyGolem","theDuelist:DummyGolem","theDuelist:WeepingIdol","theDuelist:WeepingIdol","theDuelist:WeepingIdol","theDuelist:GemElephant","theDuelist:GemElephant","theDuelist:GemElephant","theDuelist:CrystalRose","theDuelist:CrystalRose","theDuelist:CrystalRose","theDuelist:CrystalRose","theDuelist:CrystalRose","theDuelist:CrystalRose","theDuelist:GraniteLoyalist","theDuelist:GraniteLoyalist","theDuelist:GraniteLoyalist","theDuelist:BlockGolem","theDuelist:BlockGolem","theDuelist:BlockGolem","theDuelist:MillenniumGolem","theDuelist:MillenniumGolem","theDuelist:MillenniumGolem","theDuelist:GraniteLoyalist","theDuelist:GraniteLoyalist","theDuelist:GraniteLoyalist","theDuelist:MillenniumGolem","theDuelist:MillenniumGolem","theDuelist:MillenniumGolem","theDuelist:EvilswarmHeliotrope","theDuelist:EvilswarmHeliotrope","theDuelist:EvilswarmHeliotrope","theDuelist:DokiDoki","theDuelist:DokiDoki","theDuelist:DokiDoki","theDuelist:MillenniumGolem","theDuelist:MillenniumGolem","theDuelist:MillenniumGolem","theDuelist:PowerGiant","theDuelist:PowerGiant","theDuelist:PowerGiant","theDuelist:RoseArcher+2","theDuelist:RoseArcher","theDuelist:RoseArcher","theDuelist:Gigaplant","theDuelist:Gigaplant","theDuelist:Gigaplant","theDuelist:MudGolem","theDuelist:MudGolem","theDuelist:MudGolem","theDuelist:SuperSolarNutrient+1","theDuelist:SuperSolarNutrient+1","theDuelist:SuperSolarNutrient+1","theDuelist:PotAvarice","theDuelist:PotAvarice","theDuelist:PotAvarice","Normality","Normality","theDuelist:CurseAnubis","theDuelist:CurseAnubis","theDuelist:CurseAnubis","theDuelist:SuperSolarNutrient","theDuelist:SuperSolarNutrient","theDuelist:SuperSolarNutrient"],"relics":["theDuelist:MillenniumPuzzle","theDuelist:CardPoolRelic","theDuelist:CardPoolBasicRelic","theDuelist:BoosterPackPoolRelic","theDuelist:CardPoolAddRelic","theDuelist:CardPoolMinusRelic","theDuelist:CardPoolSaveRelic","theDuelist:CardPoolOptionsRelic","theDuelist:BoosterBetterBoostersRelic","theDuelist:DuelistTeaSet","Power_Wrist","Cleaning_Rag","Gem_Box","Prayer Wheel","Oddly Smooth Stone","theDuelist:Monsterbox","Potion Belt","Black Star","Nunchaku","Orichalcum","Red Skull","theDuelist:TrapVortex","Strawberry","Shuriken","Juzu Bracelet","Bronze Scales","theDuelist:MillenniumArmor","theDuelist:MillenniumScale","Magic Flower","theDuelist:MonsterEggRelic"],"acts_visited":["Exordium","Exordium","TheBeyond"],"potions_floor_usage":[12,21,21,33,33,50,50],"damage_taken":[{"damage":2,"enemies":"2 Louse","floor":1,"turns":3},{"damage":0,"enemies":"Small Slimes","floor":3,"turns":2},{"damage":8,"enemies":"Gremlin Nob","floor":6,"turns":3},{"damage":1,"enemies":"Lagavulin","floor":8,"turns":5},{"damage":0,"enemies":"Jaw Worm","floor":10,"turns":2},{"damage":0,"enemies":"2 Fungi Beasts","floor":11,"turns":3},{"damage":10,"enemies":"3 Sentries","floor":12,"turns":4},{"damage":0,"enemies":"Slime Boss","floor":16,"turns":3},{"damage":0,"enemies":"ruina:2_Scarecrows","floor":18,"turns":2},{"damage":0,"enemies":"ruina:Nosferatu","floor":19,"turns":2},{"damage":28,"enemies":"ruina:KingOfGreed","floor":20,"turns":6},{"damage":27,"enemies":"ruina:Nos_and_Bat","floor":21,"turns":6},{"damage":8,"enemies":"ruina:KnightOfDespair","floor":25,"turns":4},{"damage":0,"enemies":"ruina:QueenOfHate","floor":29,"turns":2},{"damage":0,"enemies":"ruina:ServantOfWrath","floor":30,"turns":6},{"damage":13,"enemies":"ruina:KingOfGreed","floor":31,"turns":7},{"damage":24,"enemies":"ruina:Red_and_Wolf","floor":33,"turns":12},{"damage":0,"enemies":"3 Shapes","floor":35,"turns":9},{"damage":0,"enemies":"Orb Walker","floor":36,"turns":5},{"damage":6,"enemies":"3 Darklings","floor":39,"turns":6},{"damage":1,"enemies":"Reptomancer","floor":41,"turns":7},{"damage":16,"enemies":"Nemesis","floor":45,"turns":9},{"damage":0,"enemies":"4 Shapes","floor":48,"turns":6},{"damage":0,"enemies":"Awakened One","floor":50,"turns":10}],"seed_played":"-9004314451342404475","potions_obtained":[{"floor":10,"key":"Explosive Potion"},{"floor":11,"key":"Fire Potion"},{"floor":12,"key":"Fire Potion"},{"floor":16,"key":"ColorlessPotion"},{"floor":21,"key":"theDuelist:FusionPotion"},{"floor":31,"key":"SkillPotion"},{"floor":36,"key":"theDuelist:SealedPackC"},{"floor":45,"key":"Energy Potion"}],"is_trial":false,"path_per_floor":["M","?","M","?","?","E","R","E","T","M","M","E","R","?","R","B",null,"M","M","M","M","?","R","?","M","T","R","$","M","E","M","R","B",null,"M","M","?","$","M","R","E","$","T","?","E","?","R","M","R","B",null],"character_chosen":"THE_DUELIST","items_purchased":["Oddly Smooth Stone","theDuelist:Monsterbox","Nunchaku","Orichalcum","Red Skull","theDuelist:TrapVortex","Juzu Bracelet","Bronze Scales","theDuelist:FireBottle"],"campfire_rested":2,"item_purchase_floors":[28,28,38,38,38,38,42,42,42],"current_hp_per_floor":[78,78,78,78,67,59,59,58,58,58,58,48,48,48,48,48,80,80,80,52,25,25,25,25,17,17,41,41,41,41,28,52,28,80,80,80,70,70,64,64,70,70,70,70,64,64,64,64,64,64],"gold":65,"neow_bonus":"","is_daily":true,"chose_seed":false,"campfire_upgraded":7,"win_rate":0.0,"timestamp":1614016669,"path_taken":["M","?","M","?","?","E","R","E","T","M","?","E","R","?","R","BOSS","M","M","?","M","?","R","?","M","T","R","$","M","E","M","R","BOSS","M","M","?","$","M","R","E","$","T","?","E","?","R","M","R","BOSS"],"items_purchased_type":["Relic","Relic","Relic","Relic","Relic","Relic","Relic","Relic","Potion"],"build_version":"2020-12-22","purchased_purges":0,"victory":true,"max_hp_per_floor":[80,80,80,80,80,80,80,80,80,80,80,80,80,80,80,80,80,80,80,80,80,80,80,80,80,80,80,80,80,80,80,80,80,80,80,80,80,80,80,80,87,87,87,87,87,87,87,87,87,87],"card_choices":[{"not_picked":["theDuelist:SurvivalInstinct","theDuelist:NaturiaBambooShoot","theDuelist:Alpacaribou","theDuelist:KamionTimelord"],"picked":"theDuelist:PredaplantSpinodionaea","floor":1},{"not_picked":["theDuelist:NaturiaStinkbug"],"picked":"theDuelist:SuperSolarNutrient","floor":3},{"not_picked":["theDuelist:NaturiaGaiastrio"],"picked":"theDuelist:DarkworldThorns","floor":6},{"not_picked":["theDuelist:NaturiaSunflower","theDuelist:NaturiaAntjaw"],"picked":"SKIP","floor":8},{"not_picked":["theDuelist:NaturiaCherries","theDuelist:PlantFoodChain"],"picked":"SKIP","floor":10},{"not_picked":["theDuelist:Firegrass"],"picked":"theDuelist:PredaplantFlytrap","floor":11},{"not_picked":["theDuelist:GreenGraveOni","theDuelist:PurplePainOni","theDuelist:RainbowOverdragon","theDuelist:RedHeadedOni"],"picked":"theDuelist:BlueRoseDragon","floor":12},{"not_picked":["theDuelist:CheerfulCoffin"],"picked":"theDuelist:PredaplantChlamydosundew","floor":18},{"not_picked":["theDuelist:ToonAncientGear","theDuelist:Firegrass"],"picked":"SKIP","floor":19},{"not_picked":["theDuelist:FlyingSaucer"],"picked":"theDuelist:PredaplantChlamydosundew","floor":20},{"not_picked":["theDuelist:FlyingSaucer+1"],"picked":"theDuelist:BotanicalLion","floor":21},{"not_picked":["theDuelist:DarkworldThorns"],"picked":"theDuelist:QueenAngelRoses","floor":25},{"not_picked":["theDuelist:WormApocalypse","theDuelist:MangaRyuRan"],"picked":"SKIP","floor":29},{"not_picked":["theDuelist:BotanicalGirl+1","theDuelist:ToonBarrelDragon"],"picked":"SKIP","floor":29},{"not_picked":["theDuelist:DarkworldThorns","theDuelist:FlyingSaucer+1"],"picked":"SKIP","floor":30},{"not_picked":["theDuelist:FeatherShot","theDuelist:SwordsConcealing","theDuelist:BlossomBombardment+1","theDuelist:BlackRoseMoonlight"],"picked":"theDuelist:RoseArcher","floor":31},{"not_picked":["theDuelist:BlueEyesToon","theDuelist:BirdRoses"],"picked":"SKIP","floor":31},{"not_picked":["theDuelist:SwordsConcealing"],"picked":"theDuelist:Gigaplant","floor":33},{"not_picked":["theDuelist:ToonGeminiElf+1"],"picked":"theDuelist:MudGolem","floor":35},{"not_picked":["theDuelist:SangaEarth+1","theDuelist:PredaplantPterapenthes+1"],"picked":"SKIP","floor":35},{"not_picked":["theDuelist:Firegrass"],"picked":"theDuelist:SuperSolarNutrient+1","floor":36},{"not_picked":["theDuelist:ToonCannonSoldier","theDuelist:ToonMaskedSorcerer"],"picked":"SKIP","floor":36},{"not_picked":["theDuelist:GolemSentry"],"picked":"theDuelist:PotAvarice","floor":37},{"not_picked":["theDuelist:Spore","theDuelist:BirdRoses"],"picked":"SKIP","floor":39},{"not_picked":["theDuelist:ToonAncientGear","theDuelist:FlyingSaucer"],"picked":"SKIP","floor":39},{"not_picked":["theDuelist:PredaplantChimerafflesia","theDuelist:ToonBriefcase+1"],"picked":"SKIP","floor":41},{"not_picked":["theDuelist:Firegrass+1","theDuelist:ToonAncientGear+1"],"picked":"SKIP","floor":45},{"not_picked":["theDuelist:JerryBeansMan+1"],"picked":"theDuelist:SuperSolarNutrient","floor":48},{"not_picked":["theDuelist:JerryBeansMan","theDuelist:ToonDefense","theDuelist:RosePaladin","theDuelist:Mudora+1","theDuelist:BlueEyesToon+1"],"picked":"SKIP","floor":48}],"player_experience":244149,"relics_obtained":[{"floor":6,"key":"theDuelist:BoosterBetterBoostersRelic"},{"floor":8,"key":"theDuelist:DuelistTeaSet"},{"floor":9,"key":"Power_Wrist"},{"floor":12,"key":"Cleaning_Rag"},{"floor":26,"key":"Prayer Wheel"},{"floor":30,"key":"Potion Belt"},{"floor":41,"key":"Strawberry"},{"floor":41,"key":"Shuriken"},{"floor":43,"key":"theDuelist:MillenniumArmor"},{"floor":45,"key":"Magic Flower"},{"floor":45,"key":"theDuelist:MonsterEggRelic"}],"event_choices":[{"damage_healed":0,"gold_gain":0,"player_choice":"Delta Electro","duelist":true,"damage_taken":0,"max_hp_gain":0,"max_hp_loss":0,"event_name":"Egyptian Village","floor":2,"gold_loss":0,"cards_obtained":["Delta Electromagnet Warrior"]},{"damage_healed":0,"gold_gain":0,"player_choice":"Leave","duelist":true,"damage_taken":0,"max_hp_gain":0,"max_hp_loss":0,"event_name":"Tomb of the Nameless","floor":4,"gold_loss":0},{"damage_healed":0,"gold_gain":75,"player_choice":"Gather Gold","damage_taken":11,"max_hp_gain":0,"max_hp_loss":0,"event_name":"World of Goop","floor":5,"gold_loss":0},{"damage_healed":0,"gold_gain":0,"player_choice":"Leave","duelist":true,"damage_taken":0,"max_hp_gain":0,"max_hp_loss":0,"event_name":"Visit from Anubis","floor":14,"gold_loss":0},{"power_reward":4,"total_magic_score":72,"gold_gain":0,"duelist":true,"damage_taken":0,"relics_obtained":[],"points":4,"max_hp_gain":0,"max_hp_loss":0,"spent_points":{"magic":0,"greed":0,"war":0,"power":4,"hunger":0},"event_name":"Nameless Tomb","floor":22,"gold_loss":0,"cards_obtained":["theDuelist:Nameless:Power:ForbiddenLance"]},{"damage_healed":0,"gold_gain":0,"player_choice":"Memory 3","damage_taken":10,"max_hp_gain":0,"max_hp_loss":0,"event_name":"SensoryStone","floor":37,"gold_loss":0},{"damage_healed":0,"gold_gain":0,"player_choice":"Took item - Received: Millennium Scale","duelist":true,"damage_taken":0,"max_hp_gain":0,"max_hp_loss":0,"event_name":"Millennium Items","floor":44,"gold_loss":0},{"cards_removed":["Normality"],"damage_healed":0,"gold_gain":0,"player_choice":"Purged","damage_taken":0,"max_hp_gain":0,"max_hp_loss":0,"event_name":"Purifier","floor":46,"gold_loss":0}],"is_beta":false,"boss_relics":[{"not_picked":["Astrolabe","Cursed Key"],"picked":"Gem_Box"},{"not_picked":["Velvet Choker","Snecko Eye"],"picked":"Black Star"}],"items_purged_floors":[],"is_endless":false,"potions_floor_spawned":[10,11,12,16,18,20,21,31,36,45],"ascension_level":0}}