{"host":"bpr07pynnqpe5ded","time":1614025519,"event":{"mods":["2.2 Compatiblity","Aspiration","BaseMod","Better Note","Better Third Choice","BetterRewards","Downfall","Jorbs\u0027s Wanderer Trilogy","Minty Spire (QoL Compilation)","Replay The Spire","Shop Mod","StSLib","The Marked","??????REMEMod"],"gold_per_floor":[119,129,79,98,108,108,120,120,120,138,138,169,194,239,251,366,378,410,422,448,471,503,515,527,552,564,576,588,588],"floor_reached":28,"language":"ENG","playtime":1296,"items_purged":[],"score":234,"play_id":"d773d1a6-f8f9-4a6a-8511-160a88c9b524","local_time":"20210222202519","is_ascension_mode":false,"campfire_choices":[{"floor":8,"key":"REST"},{"data":"MentalFortress","floor":11,"key":"SMITH"},{"floor":15,"key":"REST"},{"data":"Eruption","floor":23,"key":"SMITH"},{"data":"1","floor":27,"key":"LIFT"}],"circlet_count":0,"master_deck":["Strike_P","Strike_P","Defend_P","Defend_P","Defend_P","Eruption+1","Vigilance","Strike_P","MentalFortress+1","FlurryOfBlows","EmptyBody","FlurryOfBlows","Replay:AllIn","Indignation","FollowUp","EmptyFist","EmptyFist"],"relics":["PureWater","REME_ComplimentaryCards","Girya","The Courier","MawBank","Meat on the Bone","Empty Cage","Thread and Needle"],"acts_visited":["Exordium","TheCity"],"potions_floor_usage":[14,16,16,21,21,25,28],"damage_taken":[{"damage":5,"enemies":"Jaw Worm","floor":1,"turns":4},{"damage":0,"enemies":"Small Slimes","floor":2,"turns":3},{"damage":0,"enemies":"Cultist","floor":4,"turns":2},{"damage":10,"enemies":"Blue Slaver","floor":5,"turns":3},{"damage":0,"enemies":"Exordium Thugs","floor":7,"turns":7},{"damage":4,"enemies":"2 Fungi Beasts","floor":10,"turns":4},{"damage":21,"enemies":"3 Sentries","floor":12,"turns":7},{"damage":10,"enemies":"3 Louse","floor":13,"turns":3},{"damage":14,"enemies":"Gremlin Nob","floor":14,"turns":4},{"damage":28,"enemies":"Slime Boss","floor":16,"turns":12},{"damage":1,"enemies":"Shell Parasite","floor":18,"turns":4},{"damage":5,"enemies":"Chosen","floor":20,"turns":3},{"damage":27,"enemies":"Snecko","floor":21,"turns":6},{"damage":6,"enemies":"Centurion and Healer","floor":22,"turns":4},{"damage":37,"enemies":"Snake Plant","floor":25,"turns":5},{"damage":21,"enemies":"Slavers","floor":28,"turns":3}],"seed_played":"2681863091621783118","potions_obtained":[{"floor":1,"key":"Regen Potion"},{"floor":12,"key":"Reflective Coating"},{"floor":14,"key":"champ:CounterPotion"},{"floor":16,"key":"SpeedPotion"},{"floor":18,"key":"BlessingOfTheForge"},{"floor":20,"key":"ColorlessPotion"},{"floor":22,"key":"Fire Potion"}],"is_trial":false,"path_per_floor":["M","M","?","M","M","?","M","R","T","M","R","E","M","E","R","B",null,"M","?","M","M","M","R","$","M","T","R","E"],"character_chosen":"WATCHER","items_purchased":[],"campfire_rested":2,"item_purchase_floors":[],"current_hp_per_floor":[46,46,46,46,36,33,33,54,54,50,50,29,19,14,35,19,72,71,71,66,39,45,45,45,20,20,20,0,0],"gold":588,"neow_bonus":"REMOVE_TWO","is_daily":false,"chose_seed":false,"campfire_upgraded":2,"win_rate":0.0,"timestamp":1614025519,"path_taken":["M","M","?","M","M","?","M","R","T","M","R","E","M","E","R","BOSS","M","?","M","M","M","R","$","M","T","R","E"],"items_purchased_type":[],"build_version":"2020-12-22","purchased_purges":0,"victory":false,"max_hp_per_floor":[72,72,72,72,72,72,72,72,72,72,72,72,72,72,72,72,72,72,72,72,72,72,72,72,72,72,72,72,72],"card_choices":[{"not_picked":["Protect","Prostrate","CutThroughFate"],"picked":"SKIP","floor":1},{"not_picked":["Halt","SashWhip"],"picked":"MentalFortress","floor":2},{"not_picked":["CrushJoints","WheelKick"],"picked":"FlurryOfBlows","floor":4},{"not_picked":["Replay:BluntJabs","Replay:Battleflow"],"picked":"EmptyBody","floor":5},{"not_picked":["Crescendo","InnerPeace"],"picked":"FlurryOfBlows","floor":7},{"not_picked":["Prostrate","WaveOfTheHand"],"picked":"Replay:AllIn","floor":10},{"not_picked":["Pray","JustLucky"],"picked":"Indignation","floor":12},{"not_picked":["BowlingBash","Meditate"],"picked":"FollowUp","floor":13},{"not_picked":["ThirdEye","BowlingBash"],"picked":"EmptyFist","floor":14},{"not_picked":["SashWhip","FlyingSleeves+1","WreathOfFlame"],"picked":"SKIP","floor":18},{"not_picked":["CrushJoints+1","Prostrate","WreathOfFlame"],"picked":"SKIP","floor":20},{"not_picked":["ForeignInfluence+1","Study+1","Swivel"],"picked":"SKIP","floor":21},{"not_picked":["Crescendo","FollowUp+1"],"picked":"EmptyFist","floor":22},{"not_picked":["EmptyBody","CrushJoints","BowlingBash"],"picked":"SKIP","floor":25}],"player_experience":1220922,"relics_obtained":[{"floor":9,"key":"The Courier"},{"floor":12,"key":"MawBank"},{"floor":14,"key":"Meat on the Bone"},{"floor":26,"key":"Thread and Needle"}],"event_choices":[{"cards_removed":["Strike_P"],"damage_healed":0,"gold_gain":0,"player_choice":"Card Removal","damage_taken":0,"max_hp_gain":0,"max_hp_loss":0,"event_name":"The Cleric","floor":3,"gold_loss":50},{"damage_healed":0,"gold_gain":0,"player_choice":"Relic ","damage_taken":3,"max_hp_gain":0,"max_hp_loss":0,"event_name":"betterThird:BetterScrap","floor":6,"gold_loss":0,"cards_obtained":["Envenom"]},{"damage_healed":0,"gold_gain":0,"player_choice":"Ignored","damage_taken":0,"max_hp_gain":0,"max_hp_loss":0,"event_name":"betterNote:BetterNote","floor":19,"gold_loss":0,"cards_obtained":["Juggernaut"]}],"is_beta":false,"boss_relics":[{"not_picked":["Kintsugi","Astrolabe"],"picked":"Empty Cage"}],"items_purged_floors":[],"is_endless":false,"potions_floor_spawned":[1,12,14,16,18,20,22],"killed_by":"Slavers","ascension_level":0}}