{"host":"sim2kxx81cjsn49b","time":1614015474,"event":{"mods":["ATMod(°¢èªMod)","BaseMod","Minty Spire (QoL Compilation)","RumiaBox-Â¶Ã×æ«µÄÉñÃØºÐ×Ó","StSLib","TestMod","¡¾¹¦ÄÜMod¡¿»ìãçÖ®»·ÐÞ¸´²¹¶¡","¡¾ÒÅÎï¿¨ÅÆ¡¿REMEMod"],"gold_per_floor":[117,117,117,192,192,220,220,252,252,273,284,303,635,648,648,648,648],"floor_reached":16,"language":"ZHS","playtime":413,"items_purged":[],"score":481,"play_id":"959230f8-fc1b-4713-a053-d0800e9e48fb","local_time":"20210223013754","is_ascension_mode":true,"campfire_choices":[{"data":"Eruption","floor":7.0,"key":"SMITH"},{"data":"AT_OneInchPunch","floor":15.0,"key":"SMITH"}],"circlet_count":0,"master_deck":["AscendersBane","Strike_P","Strike_P","Strike_P","Strike_P","Defend_P","Defend_P","Defend_P","Eruption+1","Vigilance","testmod-EternalityOfKhronos","AT_LightSaberMaster","InnerPeace","Wish","WheelKick","AT_OneInchPunch+1"],"relics":["PureWater","AT_ATBox","testmod-TestBox","REME_ComplimentaryCards","testmod-Fanaticism","NeowsBlessing","Baka","AT_BellDemon","Potion Belt","testmod-EqualTreatment","MealTicket","AT_ChloranthyRing","AT_SunfireAegis","The Courier","AT_TheCollector","AT_BladeRuinedKing","AT_RedTearstoneRing","testmod-LifeArmor","GodSword6","InkBottle"],"acts_visited":["Exordium"],"potions_floor_usage":[16,16],"damage_taken":[{"damage":0.0,"enemies":"2 Louse","floor":1.0,"turns":1.0},{"damage":0.0,"enemies":"Gremlin Nob","floor":6.0,"turns":1.0},{"damage":0.0,"enemies":"3 Sentries","floor":8.0,"turns":1.0},{"damage":0.0,"enemies":"Gremlin Nob","floor":10.0,"turns":4.0},{"damage":0.0,"enemies":"Small Slimes","floor":11.0,"turns":1.0},{"damage":0.0,"enemies":"Cultist","floor":12.0,"turns":1.0},{"damage":0.0,"enemies":"3 Sentries","floor":13.0,"turns":2.0},{"damage":0.0,"enemies":"Gremlin Gang","floor":14.0,"turns":1.0},{"damage":50,"enemies":"Hexaghost","floor":16,"turns":2}],"seed_played":"832395790623806682","potions_obtained":[{"floor":10.0,"key":"BottledMiracle"},{"floor":11.0,"key":"BlessingOfTheForge"}],"is_trial":false,"path_per_floor":["M","?","?","?","?","E","R","E","T","E","M","M","E","M","R","B"],"character_chosen":"WATCHER","items_purchased":[],"campfire_rested":0,"item_purchase_floors":[],"current_hp_per_floor":[61,56,61,50,50,50,50,50,50,50,50,50,50,50,50,0,0],"gold":648,"neow_bonus":"THREE_ENEMY_KILL","is_daily":false,"chose_seed":false,"campfire_upgraded":2,"win_rate":0.0,"timestamp":1614015474,"path_taken":["M","?","?","?","?","E","R","E","T","E","M","M","E","M","R","BOSS"],"items_purchased_type":[],"build_version":"2020-12-22","purchased_purges":0,"victory":false,"max_hp_per_floor":[68,68,73,73,73,103,103,103,103,103,103,103,103,103,103,98,98],"card_choices":[{"not_picked":["Prostrate","AT_ChampionStep"],"picked":"InnerPeace","floor":1.0},{"not_picked":["Crescendo","SandsOfTime","EmptyMind"],"picked":"SKIP","floor":6.0},{"not_picked":["BowlingBash","SashWhip"],"picked":"WheelKick","floor":8.0},{"not_picked":["Judgement","FollowUp"],"picked":"AT_OneInchPunch","floor":10.0},{"not_picked":["SignatureMove","EmptyFist","Conclude"],"picked":"SKIP","floor":11.0},{"not_picked":["Prostrate","PathToVictory","ClearTheMind"],"picked":"SKIP","floor":12.0},{"not_picked":["REME_Repentance","REME_MusicOfDeath","Perseverance"],"picked":"SKIP","floor":13.0},{"not_picked":["Crescendo","BattleHymn","FollowUp"],"picked":"SKIP","floor":14.0}],"player_experience":633795,"relics_obtained":[{"floor":1.0,"key":"Baka"},{"floor":6.0,"key":"Potion Belt"},{"floor":6.0,"key":"testmod-EqualTreatment"},{"floor":8.0,"key":"MealTicket"},{"floor":8.0,"key":"AT_ChloranthyRing"},{"floor":9.0,"key":"AT_SunfireAegis"},{"floor":10.0,"key":"The Courier"},{"floor":10.0,"key":"AT_TheCollector"},{"floor":11.0,"key":"AT_BladeRuinedKing"},{"floor":12.0,"key":"AT_RedTearstoneRing"},{"floor":13.0,"key":"testmod-LifeArmor"},{"floor":13.0,"key":"GodSword6"},{"floor":14.0,"key":"InkBottle"}],"event_choices":[{"damage_healed":0.0,"max_hp_gain":0.0,"max_hp_loss":0.0,"gold_gain":0.0,"event_name":"Scrap Ooze","player_choice":"Success","floor":2.0,"gold_loss":0.0,"damage_taken":5.0,"relics_obtained":["AT_BellDemon"]},{"damage_healed":0.0,"max_hp_gain":5.0,"max_hp_loss":0.0,"gold_gain":0.0,"event_name":"Big Fish","player_choice":"Donut","floor":3.0,"gold_loss":0.0,"damage_taken":0.0},{"damage_healed":0.0,"max_hp_gain":0.0,"max_hp_loss":0.0,"gold_gain":75.0,"event_name":"World of Goop","player_choice":"Gather Gold","floor":4.0,"gold_loss":0.0,"damage_taken":11.0},{"damage_healed":0.0,"max_hp_gain":0.0,"max_hp_loss":0.0,"gold_gain":0.0,"cards_transformed":["Defend_P"],"event_name":"Transmorgrifier","player_choice":"Transformed","floor":5.0,"gold_loss":0.0,"damage_taken":0.0,"cards_obtained":["Wish"]}],"is_beta":false,"boss_relics":[],"items_purged_floors":[],"is_endless":false,"potions_floor_spawned":[8,10,11,12,13],"killed_by":"Hexaghost","ascension_level":20}}