{"host":"Pascal","time":1614031883,"event":{"mods":["BaseMod","Googly Eyes","Minty Spire (QoL Compilation)","Permanent Neow","Relic Stats","StSLib"],"gold_per_floor":[110,35,52,52,70,103,103,113,136,106,126,76,90,105,105,105,105],"floor_reached":16,"language":"ENG","playtime":2883,"items_purged":[],"score":128,"play_id":"781fc57a-c809-421a-ae8d-cbcd1d283ca7","local_time":"20210222231123","is_ascension_mode":true,"campfire_choices":[{"data":"Footwork","floor":7,"key":"SMITH"},{"floor":15,"key":"REST"}],"circlet_count":0,"master_deck":["Strike_G","Strike_G","Strike_G","Strike_G","Defend_G+1","Defend_G+1","Defend_G","Defend_G","Defend_G","Survivor","Neutralize","Infinite Blades","Footwork+1"],"relics":["Black Star","Art of War","War Paint","Akabeko","Odd Mushroom"],"acts_visited":["Exordium"],"potions_floor_usage":[8,16],"damage_taken":[{"damage":11.0,"enemies":"Cultist","floor":1.0,"turns":7.0},{"damage":3.0,"enemies":"2 Louse","floor":3.0,"turns":4.0},{"damage":3.0,"enemies":"Small Slimes","floor":5.0,"turns":4.0},{"damage":26.0,"enemies":"Gremlin Nob","floor":6.0,"turns":5.0},{"damage":4,"enemies":"Gremlin Gang","floor":8,"turns":8},{"damage":0,"enemies":"Looter","floor":10,"turns":4},{"damage":22,"enemies":"The Mushroom Lair","floor":11,"turns":5},{"damage":9,"enemies":"Lots of Slimes","floor":13,"turns":8},{"damage":0,"enemies":"Blue Slaver","floor":14,"turns":5},{"damage":28,"enemies":"Slime Boss","floor":16,"turns":10}],"seed_played":"7004175661841871546","potions_obtained":[{"floor":1.0,"key":"Poison Potion"},{"floor":3.0,"key":"Explosive Potion"},{"floor":5.0,"key":"SneckoOil"},{"floor":11,"key":"Swift Potion"}],"is_trial":false,"path_per_floor":["M","$","M","?","M","E","R","M","T","M","?","?","M","M","R","B"],"character_chosen":"THE_SILENT","items_purchased":["Footwork"],"campfire_rested":1,"item_purchase_floors":[2],"current_hp_per_floor":[59,59,56,70,67,41,41,37,37,37,15,15,6,6,27,0,0],"gold":105,"neow_bonus":"BOSS_RELIC","is_daily":false,"chose_seed":false,"campfire_upgraded":1,"win_rate":0.0,"timestamp":1614031883,"path_taken":["M","$","M","?","M","E","R","M","T","M","?","?","M","M","R","BOSS"],"items_purchased_type":["Card"],"build_version":"2020-12-18","purchased_purges":0,"victory":false,"max_hp_per_floor":[70,70,70,70,70,70,70,70,70,70,70,70,70,70,70,70,70],"relic_stats":{"counters":[10,60],"Black Star":1,"Art of War":[3],"War Paint":["Defend_G","Defend_G"],"obtain_stats":[{"Black Star":0,"Art of War":6,"War Paint":6,"Odd Mushroom":11,"Akabeko":9,"Ring of the Snake":0},{"Black Star":0,"Art of War":4,"War Paint":4,"Odd Mushroom":7,"Akabeko":5,"Ring of the Snake":0},{"Black Star":0,"Art of War":20,"War Paint":20,"Odd Mushroom":37,"Akabeko":28,"Ring of the Snake":0}]},"card_choices":[{"not_picked":["Blur","Predator"],"picked":"Infinite Blades","floor":1.0},{"not_picked":["Acrobatics","Caltrops","Dodge and Roll"],"picked":"SKIP","floor":3.0},{"not_picked":["Quick Slash","Deflect","Dagger Spray"],"picked":"SKIP","floor":5.0},{"not_picked":["Deflect","Acrobatics","Quick Slash"],"picked":"SKIP","floor":6.0},{"not_picked":["Prepared","Masterful Stab","Dagger Throw"],"picked":"SKIP","floor":8},{"not_picked":["Phantasmal Killer","Quick Slash","Prepared"],"picked":"SKIP","floor":10},{"not_picked":["Deadly Poison","Noxious Fumes","Quick Slash"],"picked":"SKIP","floor":13},{"not_picked":["Quick Slash","Acrobatics","Reflex"],"picked":"SKIP","floor":14}],"player_experience":187860,"relics_obtained":[{"floor":6.0,"key":"Art of War"},{"floor":6.0,"key":"War Paint"},{"floor":9,"key":"Akabeko"},{"floor":11,"key":"Odd Mushroom"}],"event_choices":[{"damage_healed":23.0,"max_hp_gain":0.0,"max_hp_loss":0.0,"gold_gain":0.0,"event_name":"Big Fish","player_choice":"Banana","floor":4.0,"gold_loss":0.0,"damage_taken":0.0},{"damage_healed":0,"gold_gain":0,"player_choice":"Fought Mushrooms","damage_taken":0,"max_hp_gain":0,"max_hp_loss":0,"event_name":"Mushrooms","floor":11,"gold_loss":0},{"cards_removed":["Strike_G"],"damage_healed":0,"gold_gain":0,"player_choice":"Card Removal","damage_taken":0,"max_hp_gain":0,"max_hp_loss":0,"event_name":"The Cleric","floor":12,"gold_loss":50}],"is_beta":true,"boss_relics":[],"items_purged_floors":[],"is_endless":false,"potions_floor_spawned":[1,3,5,11],"killed_by":"Slime Boss","ascension_level":5}}