{"host":"szcsc05p6ieg5q76","time":1614007514,"event":{"mods":["ATMod(阿瑾Mod)","Act Like it!","Arknights","BaseMod","Minty Spire (QoL Compilation)","Reimu（博丽灵梦）","Remilia（蕾米莉亚）","SOS（斯巴达之子）","StSLib","The Bug Knight","The Servant 0.9.4","Yakumo Yukari mod","Youmu（魂魄妖梦）","【功能Mod】聪明的最终Boss"],"gold_per_floor":[111,130,55,55,71,71,146,164,187,217,217,227,262,279,279,379,379,394,394,394,418,67,67,77,37,60,60,80,97,97,123,123,123,123],"floor_reached":33,"language":"ZHS","playtime":1552,"items_purged":[],"score":275,"play_id":"f268e75a-5b5b-479e-b9ee-5318c4a8e471","local_time":"20210222162514","is_ascension_mode":false,"campfire_choices":[{"data":"AT_Desolate","floor":6,"key":"SMITH"},{"data":"HollowMod:ShadowDash","floor":11,"key":"SMITH"},{"floor":15,"key":"REST"},{"data":"HollowMod:SlysStrikes","floor":23,"key":"SMITH"},{"data":"HollowMod:CycloneSlash","floor":27,"key":"SMITH"},{"data":"HollowMod:CycloneSlash","floor":30,"key":"SMITH"},{"floor":32,"key":"REST"}],"circlet_count":0,"master_deck":["HollowMod:NailStrikeStart","HollowMod:NailStrikeStart","HollowMod:NailStrikeStart","HollowMod:NailStrikeStart","HollowMod:QuickDashStart","HollowMod:QuickDashStart","HollowMod:QuickDashStart","HollowMod:QuickDashStart","HollowMod:FocusHealStart","HollowMod:PogoStrike","AT_Desolate+1","HollowMod:NewLittleFool","HollowMod:SoulSplash","HollowMod:ShadowDash+1","HollowMod:TaintedHusks","HollowMod:BrokenVessel","HollowMod:CycloneSlash+1","HollowMod:RecoilStrike","HollowMod:SlysStrikes+1","AT_EmpoweredMortalDraw","HollowMod:RecoilStrike+1","EndlessPower","HollowMod:CycloneSlash+1","HollowMod:CycloneSlash","HollowMod:SoulShaman+1","HollowMod:SoulStrike"],"relics":["HollowMod:VesselMask","AT_ATBox","HollowMod:KingsBrand","Toy Ornithopter","Centennial Puzzle","AT_ArchangelStaff","AT_MortalBlade","Oddly Smooth Stone","Shovel","ZunR:ReiMu","Omamori","ScarletDevilRocket"],"acts_visited":["Exordium","TheCity"],"potions_floor_usage":[10,13,24,29,31],"damage_taken":[{"damage":1,"enemies":"Jaw Worm","floor":1,"turns":3},{"damage":0,"enemies":"Small Slimes","floor":2,"turns":3},{"damage":2,"enemies":"ats:Genji","floor":5,"turns":3},{"damage":1,"enemies":"2 Fungi Beasts","floor":8,"turns":3},{"damage":14,"enemies":"HollowMod:MossKnight","floor":10,"turns":8},{"damage":15,"enemies":"Blue Slaver","floor":12,"turns":3},{"damage":28,"enemies":"3 Sentries","floor":13,"turns":7},{"damage":7,"enemies":"3 Louse","floor":14,"turns":2},{"damage":50,"enemies":"HollowMod:FalseKnight","floor":16,"turns":9},{"damage":10,"enemies":"Chosen","floor":18,"turns":2},{"damage":21,"enemies":"HollowMod:HuskSentry","floor":24,"turns":5},{"damage":20,"enemies":"Snecko","floor":28,"turns":3},{"damage":15,"enemies":"Snake Plant","floor":29,"turns":2},{"damage":13,"enemies":"Slavers","floor":31,"turns":3},{"damage":82,"enemies":"Automaton","floor":33,"turns":6}],"seed_played":"-139777296999362012","potions_obtained":[{"floor":2,"key":"Block Potion"},{"floor":5,"key":"ColorlessPotion"},{"floor":16,"key":"SpeedPotion"},{"floor":18,"key":"Swift Potion"},{"floor":24,"key":"SteroidPotion"},{"floor":28,"key":"LiquidBronze"}],"is_trial":false,"path_per_floor":["M","M","?","T","M","R","?","M","T","E","R","M","E","M","R","B",null,"M","?","?","T","$","R","M","?","T","R","M","M","R","E","R","B"],"character_chosen":"THE_BUGKNIGHT","items_purchased":["Shovel","HollowMod:CycloneSlash"],"campfire_rested":2,"item_purchase_floors":[22,22],"current_hp_per_floor":[82,82,87,87,85,85,74,79,79,70,70,55,38,31,57,17,87,77,77,77,77,77,77,67,67,67,67,53,43,43,35,61,0,0],"gold":123,"neow_bonus":"TEN_PERCENT_HP_BONUS","is_daily":false,"chose_seed":false,"campfire_upgraded":5,"win_rate":0.0,"timestamp":1614007514,"path_taken":["M","M","?","?","M","R","?","M","T","E","R","M","E","M","R","BOSS","M","?","?","?","$","R","M","?","T","R","M","M","R","E","R","BOSS"],"items_purchased_type":["Relic","Card"],"build_version":"2020-12-22","purchased_purges":0,"victory":false,"max_hp_per_floor":[82,82,87,87,87,87,87,87,87,87,87,87,87,87,87,87,87,87,87,87,87,87,87,87,87,87,87,87,87,87,87,87,87,87],"card_choices":[{"not_picked":["HollowMod:DescendingDark","HollowMod:NewJinnsSoul"],"picked":"HollowMod:NewLittleFool","floor":1},{"not_picked":["HollowMod:DashSlash","HollowMod:GoodIntentions"],"picked":"HollowMod:SoulSplash","floor":2},{"not_picked":["HollowMod:DungDefenderAura","HollowMod:GoodIntentions"],"picked":"HollowMod:ShadowDash","floor":5},{"not_picked":["HollowMod:SiblingsShadow","HollowMod:DreamGate","HollowMod:PerfectDash"],"picked":"SKIP","floor":8},{"not_picked":["HollowMod:InfectionAssault","HollowMod:InfectedAttack"],"picked":"HollowMod:TaintedHusks","floor":10},{"not_picked":["HollowMod:ShadowDash","HollowMod:LifebloodCocoon"],"picked":"HollowMod:BrokenVessel","floor":12},{"not_picked":["HollowMod:HowlingWraiths","HollowMod:LordofShades"],"picked":"HollowMod:CycloneSlash","floor":13},{"not_picked":["HollowMod:SiblingsSouls","HollowMod:InfectedCysts"],"picked":"HollowMod:RecoilStrike","floor":14},{"not_picked":["HollowMod:HornetsHelp","HollowMod:Weaversong"],"picked":"HollowMod:SlysStrikes","floor":16},{"not_picked":["HollowMod:VengefulVoid","HollowMod:InfectedCysts"],"picked":"HollowMod:RecoilStrike+1","floor":18},{"not_picked":["HollowMod:SoulSplash","HollowMod:CoiledNail"],"picked":"HollowMod:CycloneSlash","floor":24},{"not_picked":["HollowMod:WraithStrike","HollowMod:MidwifesHunger"],"picked":"HollowMod:SoulShaman+1","floor":28},{"not_picked":["HollowMod:NewGlowingWomb","HollowMod:VengefulVoid"],"picked":"HollowMod:SoulStrike","floor":29},{"not_picked":["HollowMod:GrimmsGift","HollowMod:HeavyBlow","HollowMod:NewJinnsSoul+1"],"picked":"SKIP","floor":31}],"player_experience":197058,"relics_obtained":[{"floor":4,"key":"HollowMod:KingsBrand"},{"floor":9,"key":"Toy Ornithopter"},{"floor":10,"key":"Centennial Puzzle"},{"floor":13,"key":"AT_ArchangelStaff"},{"floor":21,"key":"Oddly Smooth Stone"},{"floor":26,"key":"Omamori"},{"floor":31,"key":"ScarletDevilRocket"}],"event_choices":[{"damage_healed":0,"gold_gain":75,"player_choice":"Gather Gold","damage_taken":11,"max_hp_gain":0,"max_hp_loss":0,"event_name":"World of Goop","floor":7,"gold_loss":0},{"cards_removed":["Wrath_TH"],"damage_healed":0,"gold_gain":0,"player_choice":"Elegance","damage_taken":0,"max_hp_gain":0,"max_hp_loss":0,"event_name":"Back to Basics","floor":20,"gold_loss":0},{"damage_healed":0,"gold_gain":0,"player_choice":"购买神酒","damage_taken":0,"relics_obtained":["ZunR:ReiMu"],"max_hp_gain":0,"max_hp_loss":0,"event_name":"ZunEvent","floor":25,"gold_loss":40}],"is_beta":false,"boss_relics":[{"not_picked":["Runic Pyramid","Tiny House"],"picked":"AT_MortalBlade"}],"items_purged_floors":[],"is_endless":false,"potions_floor_spawned":[2,5,16,18,24,28],"killed_by":"Automaton","ascension_level":0}}