{"host":"og21o26alpnbwmz8","time":1614021074,"event":{"mods":["2.2 Compatiblity","A Magickal Journey","Act Like it!","Aspiration","BaseMod","Conspire","Downfall","Gensokyo","GungeonMod","Halation","Hubris","Jedi Mod","Magitek Elite","Mimic Mod","Minty Spire (QoL Compilation)","Pale of the Ancients","Reliquary","Replay The Spire","Shop Mod","Spikes Relics","StSLib","The Alterego","The Animator","The Blue Laboratory","The Bug Knight","The Exalted","The Florist","The Poker Player","The Saiyan","Waifu the Spire","Yuri Mod"],"gold_per_floor":[114,128,148,168,185,185,155,189,189,189,201,201,216,232,232,332,332,342,362,362,362,472,472,492,492,492,505,524,524,524,524],"floor_reached":30,"language":"ENG","playtime":1040,"items_purged":[],"score":238,"play_id":"dad27caa-88b0-4f45-a61a-7b1146939280","local_time":"20210222141114","is_ascension_mode":false,"campfire_choices":[{"data":"HollowMod:InfectedCysts","floor":6,"key":"SMITH"},{"data":"HollowMod:InfectionAssault","floor":10,"key":"SMITH"},{"data":"HollowMod:FocusHealStart","floor":10,"key":"SMITH"},{"data":"HollowMod:InfectedAttack","floor":12,"key":"SMITH"},{"data":"HollowMod:BrokenVessel","floor":12,"key":"SMITH"},{"data":"HollowMod:TaintedHusks","floor":15,"key":"SMITH"},{"data":"HollowMod:InfectedAttack","floor":15,"key":"SMITH"},{"data":"HollowMod:PaleKingsBlessing","floor":23,"key":"SMITH"},{"data":"HollowMod:MawleksShell","floor":23,"key":"SMITH"},{"data":"HollowMod:MothsMistake","floor":25,"key":"SMITH"},{"data":"HollowMod:QuickDashStart","floor":25,"key":"SMITH"}],"circlet_count":0,"master_deck":["HollowMod:NailStrikeStart","HollowMod:NailStrikeStart","HollowMod:NailStrikeStart","HollowMod:NailStrikeStart","HollowMod:QuickDashStart+1","HollowMod:QuickDashStart","HollowMod:QuickDashStart","HollowMod:QuickDashStart","HollowMod:FocusHealStart+1","HollowMod:PogoStrike","HollowMod:PaleKingsBlessing+1","HollowMod:InfectedCysts+1","HollowMod:BrokenVessel+1","HollowMod:InfectionAssault+1","HollowMod:InfectedAttack+1","HollowMod:TaintedHusks+1","HollowMod:InfectedAttack+1","HollowMod:NewInfectedGuardian","HollowMod:MawleksShell+1","HollowMod:MothsMistake+1","hubris:NaturalOne","HollowMod:LuriensSpire+1"],"relics":["HollowMod:VesselMask","HornCleat","Replay:Arrowhead","halation:ForbiddenBikini","hubris:Icosahedron","Torii"],"acts_visited":["Exordium","TheCity"],"potions_floor_usage":[28,28,28],"damage_taken":[{"damage":5,"enemies":"Jaw Worm","floor":1,"turns":4},{"damage":5,"enemies":"Cultist","floor":2,"turns":3},{"damage":5,"enemies":"Small Slimes","floor":3,"turns":2},{"damage":2,"enemies":"3 Louse","floor":4,"turns":2},{"damage":15,"enemies":"Blue Slaver","floor":5,"turns":5},{"damage":19,"enemies":"HollowMod:MossKnight","floor":8,"turns":4},{"damage":0,"enemies":"Gremlin Gang","floor":11,"turns":4},{"damage":6,"enemies":"3 Louse","floor":13,"turns":2},{"damage":0,"enemies":"Lots of Slimes","floor":14,"turns":1},{"damage":63,"enemies":"Fading Forest","floor":16,"turns":11},{"damage":9,"enemies":"2 Thieves","floor":18,"turns":3},{"damage":7,"enemies":"conspire:FuzzyDice","floor":19,"turns":4},{"damage":30,"enemies":"Snake Plant","floor":22,"turns":3},{"damage":18,"enemies":"Centurion and Healer","floor":24,"turns":3},{"damage":37,"enemies":"Chosen and Byrds","floor":27,"turns":4},{"damage":31,"enemies":"Cultist and Chosen","floor":28,"turns":4},{"damage":35,"enemies":"Book of Stabbing","floor":30,"turns":3}],"seed_played":"7429232350058268324","potions_obtained":[{"floor":1,"key":"Adrenaline Potion"},{"floor":7,"key":"SteroidPotion"},{"floor":7,"key":"blueLaboratory:PhilterOfMotion"},{"floor":14,"key":"Fire Potion"},{"floor":22,"key":"DistilledChaos"}],"is_trial":false,"path_per_floor":["M","M","M","M","M","R","?","E","T","R","M","R","M","M","R","B",null,"M","M","?","?","M","R","M","R","T","M","M","$","E"],"character_chosen":"THE_BUGKNIGHT","items_purchased":[],"campfire_rested":0,"item_purchase_floors":[],"current_hp_per_floor":[75,75,75,73,66,66,66,50,50,50,63,63,70,70,70,43,75,66,74,74,74,45,45,50,50,50,31,22,22,0,0],"gold":524,"neow_bonus":"ONE_RANDOM_RARE_CARD","is_daily":false,"chose_seed":false,"campfire_upgraded":11,"win_rate":0.0,"timestamp":1614021074,"path_taken":["M","M","M","M","M","R","?","E","T","R","M","R","M","?","R","BOSS","M","M","?","?","M","R","M","R","T","M","M","$","E"],"items_purchased_type":[],"build_version":"2020-12-22","purchased_purges":0,"victory":false,"max_hp_per_floor":[75,75,75,75,75,75,75,75,75,75,75,75,75,75,75,75,75,75,75,75,75,75,75,75,75,75,75,75,75,75,75],"card_choices":[{"not_picked":["HollowMod:CoiledNail","HollowMod:DoubleDash","HollowMod:NewJinnsSoul"],"picked":"SKIP","floor":1},{"not_picked":["HollowMod:SiblingsShadow","HollowMod:FastStrike"],"picked":"HollowMod:InfectedCysts","floor":2},{"not_picked":["HollowMod:AwokenDreamNail","HollowMod:HeavyBlow","HollowMod:SoulShaman"],"picked":"SKIP","floor":3},{"not_picked":["HollowMod:NewLittleFool","HollowMod:SoulStrike","HollowMod:QuirrelsAssistance"],"picked":"SKIP","floor":4},{"not_picked":["HollowMod:SharpenedNail","HollowMod:CoiledNail"],"picked":"HollowMod:BrokenVessel","floor":5},{"not_picked":["HollowMod:Hiveblood","HollowMod:RecoilStrike"],"picked":"HollowMod:InfectionAssault","floor":8},{"not_picked":["HollowMod:ShadowDash","HollowMod:CornifersMapStart"],"picked":"HollowMod:InfectedAttack","floor":11},{"not_picked":["HollowMod:InfectedCysts","HollowMod:InfectedAttack"],"picked":"HollowMod:TaintedHusks","floor":13},{"not_picked":["HollowMod:DashSlash","HollowMod:DescendingDark"],"picked":"HollowMod:InfectedAttack","floor":14},{"not_picked":["HollowMod:ZotesMagnificence","HollowMod:SlysStrikes"],"picked":"HollowMod:NewInfectedGuardian","floor":16},{"not_picked":["HollowMod:CycloneSlash","HollowMod:HeavyBlow+1"],"picked":"HollowMod:MawleksShell","floor":18},{"not_picked":["HollowMod:DesolateDive","HollowMod:SoulSplash","HollowMod:ChannelNail+1"],"picked":"SKIP","floor":19},{"not_picked":["HollowMod:TaintedHusks","HollowMod:SiblingsSouls+1","HollowMod:InfectedAttack"],"picked":"SKIP","floor":22},{"not_picked":["HollowMod:RecoilStrike","HollowMod:DesolateDive"],"picked":"HollowMod:MothsMistake","floor":24},{"not_picked":["HollowMod:WhiteLadysBlessing","HollowMod:WraithStrike","HollowMod:GreatSlash"],"picked":"SKIP","floor":27},{"not_picked":["HollowMod:InfectedAttack","HollowMod:HeavyBlow"],"picked":"HollowMod:LuriensSpire+1","floor":28}],"player_experience":434233,"relics_obtained":[{"floor":8,"key":"HornCleat"},{"floor":9,"key":"Replay:Arrowhead"},{"floor":26,"key":"Torii"}],"event_choices":[{"damage_healed":0,"gold_gain":0,"player_choice":"Bought 2 Potions","damage_taken":0,"max_hp_gain":0,"max_hp_loss":0,"event_name":"The Woman in Blue","floor":7,"gold_loss":0},{"damage_healed":0,"gold_gain":0,"player_choice":"Leave","damage_taken":0,"max_hp_gain":0,"max_hp_loss":0,"event_name":"conspire:Investor","floor":20,"gold_loss":0}],"is_beta":false,"boss_relics":[{"not_picked":["ReplayTheSpireMod:DimensionalGlitch","aspiration:IroncladSkillbook"],"picked":"halation:ForbiddenBikini"}],"items_purged_floors":[],"is_endless":false,"potions_floor_spawned":[1,13,14,16,18,22,24],"killed_by":"Book of Stabbing","ascension_level":0}}