{"host":"r4fh4z5myensb3zv","time":1614004442,"event":{"mods":["BaseMod","Colored Map","Colored Powertips","DeckTracker","Minty Spire (QoL Compilation)","Rare Cards Sparkle","Relic Stats","StSLib"],"gold_per_floor":[116,135,135,112,127,161,173,196,234,246,270,298,310,337,349,361,361],"floor_reached":16,"language":"ENG","playtime":962,"items_purged":[],"score":104,"play_id":"94e7ee6a-076d-49d0-b2ec-97c8a7a6029c","local_time":"20210222153402","is_ascension_mode":false,"campfire_choices":[{"floor":7,"key":"REST"},{"data":"Poisoned Stab","floor":13,"key":"SMITH"},{"data":"Footwork","floor":15,"key":"SMITH"}],"circlet_count":0,"master_deck":["Strike_G","Strike_G","Strike_G","Strike_G","Defend_G","Defend_G","Defend_G","Defend_G","Defend_G","Survivor","Neutralize","Poisoned Stab+1","Deadly Poison","Deadly Poison","Footwork+1","Malaise","Escape Plan"],"relics":["Ring of the Snake","MawBank","Potion Belt"],"acts_visited":["Exordium"],"potions_floor_usage":[16,16],"damage_taken":[{"damage":0,"enemies":"2 Louse","floor":1,"turns":3},{"damage":0,"enemies":"Cultist","floor":2,"turns":3},{"damage":0,"enemies":"Small Slimes","floor":5,"turns":3},{"damage":23,"enemies":"Lagavulin","floor":6,"turns":6},{"damage":0,"enemies":"Red Slaver","floor":8,"turns":5},{"damage":0,"enemies":"3 Louse","floor":11,"turns":3},{"damage":0,"enemies":"Blue Slaver","floor":12,"turns":5},{"damage":0,"enemies":"Looter","floor":14,"turns":3},{"damage":76,"enemies":"Slime Boss","floor":16,"turns":18}],"seed_played":"4998670441847237455","potions_obtained":[{"floor":2,"key":"CunningPotion"},{"floor":11,"key":"Block Potion"}],"is_trial":false,"path_per_floor":["M","M","?","$","M","E","R","M","T","?","M","M","R","M","R","B"],"character_chosen":"THE_SILENT","items_purchased":["Deadly Poison"],"campfire_rested":1,"item_purchase_floors":[4],"current_hp_per_floor":[70,70,70,70,70,47,68,68,68,70,70,70,70,70,70,0,0],"gold":361,"neow_bonus":"REMOVE_CARD","is_daily":false,"chose_seed":false,"campfire_upgraded":2,"win_rate":0.0,"timestamp":1614004442,"path_taken":["M","M","?","?","M","E","R","M","T","?","M","M","R","M","R","BOSS"],"items_purchased_type":["Card"],"build_version":"2020-12-22","purchased_purges":0,"victory":false,"max_hp_per_floor":[70,70,70,70,70,70,70,70,70,70,70,70,70,70,70,70,70],"relic_stats":{"counters":[9,49],"MawBank":120,"obtain_stats":[{"Potion Belt":9,"MawBank":6,"Ring of the Snake":0},{"Potion Belt":5,"MawBank":4,"Ring of the Snake":0},{"Potion Belt":20,"MawBank":15,"Ring of the Snake":0}],"Ring of the Snake":[18]},"card_choices":[{"not_picked":["Backflip","Outmaneuver"],"picked":"Poisoned Stab","floor":1},{"not_picked":["Eviscerate","Acrobatics"],"picked":"Deadly Poison","floor":2},{"not_picked":["Slice","Blade Dance","Outmaneuver"],"picked":"SKIP","floor":5},{"not_picked":["Acrobatics","Riddle With Holes"],"picked":"Blur","floor":6},{"not_picked":["Slice","Sucker Punch","Deflect"],"picked":"SKIP","floor":8},{"not_picked":["Blur","Poisoned Stab"],"picked":"Footwork","floor":11},{"not_picked":["Deflect","Sucker Punch"],"picked":"Malaise","floor":12},{"not_picked":["Choke","Dagger Spray"],"picked":"Escape Plan","floor":14}],"player_experience":139130,"relics_obtained":[{"floor":6,"key":"MawBank"},{"floor":9,"key":"Potion Belt"}],"event_choices":[{"damage_healed":0,"gold_gain":0,"player_choice":"Ignored","damage_taken":0,"max_hp_gain":0,"max_hp_loss":0,"event_name":"NoteForYourself","floor":3,"gold_loss":0},{"cards_removed":["Blur"],"damage_healed":2,"gold_gain":0,"player_choice":"Offered Uncommon","damage_taken":0,"max_hp_gain":0,"max_hp_loss":0,"event_name":"Bonfire Elementals","floor":10,"gold_loss":0}],"is_beta":false,"boss_relics":[],"items_purged_floors":[],"is_endless":false,"potions_floor_spawned":[2,11],"killed_by":"Slime Boss","ascension_level":0}}