{"host":"zxd2l8an9de7z7b9","time":1614022590,"event":{"mods":["100% Spire Juice","2.2 Compatiblity","AchievementEnabler","BaseMod","CapriCore","Colored Map","Colored Powertips","Marisa£¨Ùöéë¡¡Øª×âÞÞ£©","Minty Spire (QoL Compilation)","Rare Cards Sparkle","StSLib","SuperFastMode","Td1madao Mod","everything is the same but u backflip on backflip"],"gold_per_floor":[110,110,110,133,103,103,146,146,146,165,180,205,221,237,237,367,367,381,381,396,396,177,217,217,217],"floor_reached":24,"language":"KOR","playtime":557,"items_purged":["Defend_R"],"score":218,"play_id":"9948fd2c-8fa7-41e5-827c-6f1a3e3eb093","local_time":"20210223043630","is_ascension_mode":false,"campfire_choices":[{"data":"Bash","floor":6.0,"key":"SMITH"},{"floor":8.0,"key":"REST"},{"floor":15.0,"key":"DIG"}],"circlet_count":0,"master_deck":["Strike_R","Strike_R","Strike_R","Defend_R","Defend_R","Bash+1","Clash"],"relics":["Burning Blood","Golden Idol","Pen Nib","Shovel","Charon\u0027s Ashes","SacredBark","Toy Ornithopter","Ornamental Fan"],"acts_visited":["Exordium","TheCity"],"potions_floor_usage":[23,23,24],"damage_taken":[{"damage":0.0,"enemies":"2 Louse","floor":1.0,"turns":4.0},{"damage":2.0,"enemies":"Small Slimes","floor":4.0,"turns":4.0},{"damage":27.0,"enemies":"Gremlin Nob","floor":7.0,"turns":4.0},{"damage":0.0,"enemies":"Cultist","floor":10.0,"turns":3.0},{"damage":11.0,"enemies":"Exordium Wildlife","floor":11.0,"turns":4.0},{"damage":8.0,"enemies":"Large Slime","floor":12.0,"turns":6.0},{"damage":6.0,"enemies":"Lots of Slimes","floor":13.0,"turns":5.0},{"damage":0.0,"enemies":"Blue Slaver","floor":14.0,"turns":2.0},{"damage":17.0,"enemies":"Hexaghost","floor":16.0,"turns":7.0},{"damage":31.0,"enemies":"2 Thieves","floor":18.0,"turns":5.0},{"damage":5.0,"enemies":"Chosen","floor":20.0,"turns":4.0},{"damage":52,"enemies":"Gremlin Leader","floor":23,"turns":6},{"damage":24,"enemies":"Centurion and Healer","floor":24,"turns":5}],"seed_played":"1231369075427176001","potions_obtained":[{"floor":5.0,"key":"Swift Potion"},{"floor":5.0,"key":"SteroidPotion"},{"floor":10.0,"key":"SmokeBomb"},{"floor":12.0,"key":"EntropicBrew"},{"floor":13.0,"key":"LiquidMemories"},{"floor":14.0,"key":"SmokeBomb"},{"floor":16.0,"key":"Explosive Potion"},{"floor":20.0,"key":"DistilledChaos"},{"floor":23,"key":"ElixirPotion"}],"is_trial":false,"path_per_floor":["M","?","?","M","?","R","E","R","T","M","M","M","M","M","R","B",null,"M","?","M","?","$","E","M"],"character_chosen":"IRONCLAD","items_purchased":["Toy Ornithopter"],"campfire_rested":1,"item_purchase_floors":[22],"current_hp_per_floor":[62,55,35,39,39,39,18,42,42,48,43,41,41,47,47,36,80,55,55,56,56,56,20,1,1],"gold":217,"neow_bonus":"REMOVE_TWO","is_daily":false,"chose_seed":false,"campfire_upgraded":1,"win_rate":0.0,"timestamp":1614022590,"path_taken":["M","?","?","M","?","R","E","R","T","M","M","M","?","M","R","BOSS","M","?","M","?","$","E","M"],"items_purchased_type":["Relic"],"build_version":"2020-12-22","purchased_purges":1,"victory":false,"max_hp_per_floor":[80,80,80,80,80,80,80,80,80,80,80,80,80,80,80,80,80,80,80,80,80,80,80,80,80],"card_choices":[{"not_picked":["Body Slam","Clothesline","Shrug It Off"],"picked":"SKIP","floor":1.0},{"not_picked":["Metallicize","Thunderclap"],"picked":"Clash","floor":4.0},{"not_picked":["Perfected Strike","Twin Strike","Brutality"],"picked":"SKIP","floor":7.0},{"not_picked":["Sword Boomerang","Iron Wave","Wild Strike"],"picked":"SKIP","floor":10.0},{"not_picked":["Sword Boomerang","Iron Wave","Wild Strike"],"picked":"SKIP","floor":10.0},{"not_picked":["Clothesline","Havoc","Spot Weakness"],"picked":"SKIP","floor":11.0},{"not_picked":["Flame Barrier","Cleave","Anger"],"picked":"SKIP","floor":12.0},{"not_picked":["Perfected Strike","Pummel","Shrug It Off"],"picked":"SKIP","floor":13.0},{"not_picked":["Power Through","Twin Strike","Thunderclap"],"picked":"SKIP","floor":14.0},{"not_picked":["Anger","Body Slam+1","Warcry"],"picked":"SKIP","floor":18.0},{"not_picked":["Rampage+1","Perfected Strike","Anger+1"],"picked":"SKIP","floor":20.0},{"not_picked":["Wild Strike+1","Havoc","Perfected Strike"],"picked":"SKIP","floor":23}],"player_experience":448562,"relics_obtained":[{"floor":7.0,"key":"Pen Nib"},{"floor":9.0,"key":"Shovel"},{"floor":15.0,"key":"Charon\u0027s Ashes"},{"floor":23,"key":"Ornamental Fan"}],"event_choices":[{"cards_removed":["Strike_R"],"damage_healed":0.0,"max_hp_gain":0.0,"max_hp_loss":0.0,"gold_gain":0.0,"event_name":"Golden Wing","player_choice":"Card Removal","floor":2.0,"gold_loss":0.0,"damage_taken":7.0},{"damage_healed":0.0,"max_hp_gain":0.0,"max_hp_loss":0.0,"gold_gain":0.0,"event_name":"Golden Idol","player_choice":"Take Damage","floor":3.0,"gold_loss":0.0,"damage_taken":20.0,"relics_obtained":["Golden Idol"]},{"damage_healed":0.0,"max_hp_gain":0.0,"max_hp_loss":0.0,"gold_gain":0.0,"event_name":"The Woman in Blue","player_choice":"Bought 2 Potions","floor":5.0,"gold_loss":0.0,"damage_taken":0.0},{"damage_healed":0.0,"max_hp_gain":0.0,"max_hp_loss":0.0,"gold_gain":0.0,"event_name":"Vampires","player_choice":"Ignored","floor":19.0,"gold_loss":0.0,"damage_taken":0.0},{"damage_healed":0.0,"max_hp_gain":0.0,"max_hp_loss":0.0,"gold_gain":0.0,"event_name":"N\u0027loth","player_choice":"Ignored","floor":21.0,"gold_loss":0.0,"damage_taken":0.0}],"is_beta":false,"boss_relics":[{"not_picked":["Mark of Pain","Calling Bell"],"picked":"SacredBark"}],"items_purged_floors":[22],"is_endless":false,"potions_floor_spawned":[10,12,13,14,16,20,23],"killed_by":"Centurion and Healer","ascension_level":0}}