{"host":"zwfzlkwql9nyrw94","time":1614024808,"event":{"mods":["AchievementEnabler","BaseMod","Highlight Path","Minty Spire (QoL Compilation)"],"gold_per_floor":[116,191,191,2,16,49,49,66,89,106,123,153,153,166,166,266,266,280,293,392,292,292,292,320,50,50,66,91,114,129,79,79,182,182,198,198,198,48,48,48,48,48,48,76,76,92,92,119,119,119],"floor_reached":51,"language":"ENG","playtime":6405,"items_purged":["Defend_R","Defend_R","Strike_R","Defend_R"],"score":936,"play_id":"d19595ed-6308-476e-80c4-cfa771e424d3","local_time":"20210222141328","is_ascension_mode":true,"campfire_choices":[{"data":"Armaments","floor":13.0,"key":"SMITH"},{"data":"Searing Blow","floor":15.0,"key":"SMITH"},{"data":"Searing Blow+1","floor":23.0,"key":"SMITH"},{"data":"True Grit","floor":32,"key":"SMITH"},{"data":"Searing Blow+2","floor":40,"key":"SMITH"},{"data":"Searing Blow+3","floor":42,"key":"SMITH"},{"data":"Searing Blow+4","floor":45,"key":"SMITH"},{"data":"Searing Blow+5","floor":47,"key":"SMITH"},{"data":"Searing Blow+6","floor":49,"key":"SMITH"}],"circlet_count":0,"master_deck":["Strike_R","Bash","Armaments+1","Flash of Steel+1","Feed","Shrug It Off","Searing Blow+7","Disarm+1","Rage+1","Dropkick+1","Battle Trance","True Grit+1"],"relics":["Burning Blood","NeowsBlessing","Strawberry","Art of War","White Beast Statue","Astrolabe","Pocketwatch","Potion Belt","Tiny Chest","Whetstone","Coffee Dripper","Mercury Hourglass","Calipers","Oddly Smooth Stone","Sundial","Lantern","Ornamental Fan"],"acts_visited":["Exordium","TheCity","TheBeyond"],"potions_floor_usage":[33],"damage_taken":[{"damage":0.0,"enemies":"Small Slimes","floor":1.0,"turns":1.0},{"damage":0.0,"enemies":"Jaw Worm","floor":5.0,"turns":1.0},{"damage":0.0,"enemies":"Gremlin Nob","floor":6.0,"turns":1.0},{"damage":6.0,"enemies":"Cultist","floor":8.0,"turns":3.0},{"damage":0.0,"enemies":"3 Louse","floor":10.0,"turns":4.0},{"damage":7.0,"enemies":"Blue Slaver","floor":11.0,"turns":4.0},{"damage":32.0,"enemies":"Lagavulin","floor":12.0,"turns":10.0},{"damage":3.0,"enemies":"Lots of Slimes","floor":14.0,"turns":6.0},{"damage":34.0,"enemies":"Slime Boss","floor":16.0,"turns":14.0},{"damage":31.0,"enemies":"2 Thieves","floor":18.0,"turns":4.0},{"damage":0.0,"enemies":"Shell Parasite","floor":19.0,"turns":7.0},{"damage":14.0,"enemies":"Gremlin Leader","floor":24.0,"turns":7.0},{"damage":2.0,"enemies":"Snake Plant","floor":27.0,"turns":7.0},{"damage":28.0,"enemies":"Slavers","floor":28.0,"turns":9.0},{"damage":26,"enemies":"Sentry and Sphere","floor":30,"turns":6},{"damage":89,"enemies":"Automaton","floor":33,"turns":15},{"damage":2,"enemies":"Orb Walker","floor":35,"turns":4},{"damage":3,"enemies":"Giant Head","floor":44,"turns":5},{"damage":0,"enemies":"3 Shapes","floor":46,"turns":2},{"damage":1,"enemies":"Reptomancer","floor":48,"turns":4},{"damage":8,"enemies":"Awakened One","floor":50,"turns":6}],"seed_played":"-8480329572014915259","potions_obtained":[{"floor":5.0,"key":"ElixirPotion"},{"floor":10.0,"key":"FairyPotion"},{"floor":12.0,"key":"CultistPotion"},{"floor":14.0,"key":"BloodPotion"},{"floor":24.0,"key":"Swift Potion"},{"floor":27.0,"key":"BloodPotion"},{"floor":28.0,"key":"Swift Potion"},{"floor":30,"key":"DistilledChaos"},{"floor":33,"key":"LiquidMemories"},{"floor":35,"key":"EntropicBrew"},{"floor":48,"key":"BloodPotion"}],"is_trial":false,"path_per_floor":["M","?","?","$","M","E","$","M","T","M","M","E","R","M","R","B",null,"M","M","?","$","?","R","E","$","T","M","E","T","M","$","R","B",null,"M","T","T","$","?","R","T","R","T","E","R","M","R","E","R","B",null],"character_chosen":"IRONCLAD","items_purchased":["Armaments","Flash of Steel","Potion Belt","True Grit"],"campfire_rested":0,"item_purchase_floors":[4,4,25,31],"current_hp_per_floor":[80,69,69,69,75,87,87,87,87,90,93,70,70,76,76,52,104,82,92,92,92,69,69,61,61,61,69,51,51,35,35,35,14,132,132,132,132,132,132,132,132,132,132,136,136,139,139,139,139,140],"gold":119,"neow_bonus":"THREE_ENEMY_KILL","is_daily":false,"chose_seed":false,"campfire_upgraded":9,"win_rate":0.0,"timestamp":1614024808,"path_taken":["M","?","?","$","M","E","$","?","T","M","M","E","R","M","R","BOSS","M","M","?","$","?","R","E","$","T","M","E","?","?","?","R","BOSS","M","?","?","?","?","R","?","R","T","E","R","M","R","E","R","BOSS"],"items_purchased_type":["Card","Card","Relic","Card"],"build_version":"2020-12-22","purchased_purges":4,"victory":true,"max_hp_per_floor":[80,80,80,80,80,87,87,87,87,90,94,97,97,100,100,104,104,107,111,111,111,116,116,116,116,116,120,124,124,128,128,128,132,132,132,132,132,132,132,132,132,132,132,136,136,139,139,139,139,142],"card_choices":[{"not_picked":["Wild Strike","Sword Boomerang","Fire Breathing"],"picked":"SKIP","floor":1.0},{"not_picked":["Anger","Heavy Blade","Reckless Charge"],"picked":"SKIP","floor":5.0},{"not_picked":["Clothesline","True Grit","Power Through"],"picked":"SKIP","floor":6.0},{"not_picked":["Headbutt","Evolve"],"picked":"Feed","floor":8.0},{"not_picked":["Havoc","Shockwave","Headbutt"],"picked":"SKIP","floor":10.0},{"not_picked":["Havoc","Shockwave","Headbutt"],"picked":"SKIP","floor":10.0},{"not_picked":["Perfected Strike","Pommel Strike","Pummel"],"picked":"SKIP","floor":11.0},{"not_picked":["Heavy Blade","Pummel"],"picked":"Shrug It Off","floor":12.0},{"not_picked":["Heavy Blade","Rage"],"picked":"Searing Blow","floor":14.0},{"not_picked":["Havoc","Thunderclap"],"picked":"Battle Trance","floor":18.0},{"not_picked":["Havoc","Rage"],"picked":"Iron Wave","floor":19.0},{"not_picked":["Power Through","Wild Strike","Feed"],"picked":"SKIP","floor":24.0},{"not_picked":["Perfected Strike","Warcry","Iron Wave"],"picked":"SKIP","floor":27.0},{"not_picked":["Perfected Strike+1","Intimidate","Rupture"],"picked":"SKIP","floor":28.0},{"not_picked":["Sentinel","Whirlwind","Thunderclap"],"picked":"SKIP","floor":30},{"not_picked":["Headbutt+1","Armaments","Heavy Blade"],"picked":"SKIP","floor":35},{"not_picked":["Whirlwind+1","Disarm","Reckless Charge"],"picked":"SKIP","floor":44},{"not_picked":["Twin Strike","True Grit","Perfected Strike+1"],"picked":"SKIP","floor":46},{"not_picked":["Shrug It Off+1","Clothesline","Sword Boomerang"],"picked":"SKIP","floor":48}],"player_experience":168185,"relics_obtained":[{"floor":6.0,"key":"Strawberry"},{"floor":9.0,"key":"Art of War"},{"floor":12.0,"key":"White Beast Statue"},{"floor":24.0,"key":"Pocketwatch"},{"floor":28.0,"key":"Tiny Chest"},{"floor":29.0,"key":"Whetstone"},{"floor":36,"key":"Mercury Hourglass"},{"floor":37,"key":"Calipers"},{"floor":41,"key":"Oddly Smooth Stone"},{"floor":43,"key":"Sundial"},{"floor":44,"key":"Lantern"},{"floor":48,"key":"Ornamental Fan"}],"event_choices":[{"damage_healed":0.0,"max_hp_gain":0.0,"max_hp_loss":0.0,"gold_gain":75.0,"event_name":"World of Goop","player_choice":"Gather Gold","floor":2.0,"gold_loss":0.0,"damage_taken":11.0},{"cards_removed":["Strike_R"],"damage_healed":0.0,"max_hp_gain":0.0,"max_hp_loss":0.0,"gold_gain":0.0,"event_name":"Bonfire Elementals","player_choice":"Offered Basic","floor":3.0,"gold_loss":0.0,"damage_taken":0.0},{"damage_healed":0.0,"max_hp_gain":0.0,"max_hp_loss":0.0,"gold_gain":99.0,"event_name":"Nest","player_choice":"Stole From Cult","floor":20.0,"gold_loss":0.0,"damage_taken":0.0},{"damage_healed":0.0,"max_hp_gain":5.0,"max_hp_loss":0.0,"gold_gain":0.0,"event_name":"Forgotten Altar","player_choice":"Shed Blood","floor":22.0,"gold_loss":0.0,"damage_taken":28.0},{"cards_removed":["Iron Wave"],"damage_healed":0,"gold_gain":0,"player_choice":"Removed Attack","damage_taken":0,"max_hp_gain":0,"max_hp_loss":0,"event_name":"Falling","floor":39,"gold_loss":0}],"is_beta":false,"boss_relics":[{"not_picked":["SlaversCollar","Busted Crown"],"picked":"Astrolabe"},{"not_picked":["Velvet Choker","Philosopher\u0027s Stone"],"picked":"Coffee Dripper"}],"items_purged_floors":[4,21,25,38],"is_endless":false,"potions_floor_spawned":[5,10,12,14,16,18,19,24,27,28,30,33,35,44,46,48],"ascension_level":1}}