{"host":"cr9rpoy6dx9riis3","time":1614035960,"event":{"mods":["AchievementEnabler","BaseMod","Better Altar","Better Note","Better Sensory Stone","Better Skull","Better Third Choice","Better-Laid Plans","BetterRewards","Block Reminder","Curses Come First","Displayed Cursed Tome","Emptier Cage","Marked Mod","Minty Spire (QoL Compilation)","Permanent Neow","Relic Sorter","StSLib","The Blue Laboratory","Transform Curses"],"gold_per_floor":[110,126,48,59,59,59,59,92,118,118,153,153,186,202,202,302,302,315,315,327,346,363,363,375,375,429,429,446,460,460,460,460],"floor_reached":31,"language":"ENG","playtime":1475,"items_purged":["Defend_P"],"score":411,"play_id":"96e00535-c4ef-4b4f-9dda-7fd92ecbda93","local_time":"20210223001920","is_ascension_mode":true,"campfire_choices":[{"data":"Ragnarok","floor":6,"key":"SMITH"},{"floor":10,"key":"REST"},{"data":"Bandage Up","floor":12,"key":"SMITH"},{"floor":15,"key":"REST"},{"data":"Judgement","floor":23,"key":"SMITH"},{"data":"TalkToTheHand","floor":25,"key":"SMITH"},{"data":"Perseverance","floor":27,"key":"SMITH"}],"circlet_count":0,"master_deck":["Strike_P","Strike_P","Strike_P","Strike_P","Defend_P","Defend_P","Defend_P","Vigilance","Ragnarok+1","Bandage Up+1","TalkToTheHand+1","Perseverance+1","Indignation","DeusExMachina+1","InnerPeace","Judgement+1","Perseverance"],"relics":["HolyWater","Lantern","StoneCalendar"],"acts_visited":["Exordium","TheCity"],"potions_floor_usage":[8,14,14,24,31],"damage_taken":[{"damage":2,"enemies":"Small Slimes","floor":1,"turns":3},{"damage":0,"enemies":"Cultist","floor":2,"turns":3},{"damage":3,"enemies":"Jaw Worm","floor":4,"turns":2},{"damage":92,"enemies":"3 Sentries","floor":8,"turns":15},{"damage":9,"enemies":"Lagavulin","floor":11,"turns":6},{"damage":14,"enemies":"Gremlin Nob","floor":13,"turns":4},{"damage":5,"enemies":"Gremlin Gang","floor":14,"turns":3},{"damage":8,"enemies":"Hexaghost","floor":16,"turns":7},{"damage":26,"enemies":"Shell Parasite","floor":18,"turns":4},{"damage":22,"enemies":"2 Thieves","floor":20,"turns":4},{"damage":34,"enemies":"Shelled Parasite and Fungi","floor":21,"turns":6},{"damage":0,"enemies":"Snake Plant","floor":22,"turns":2},{"damage":0,"enemies":"Sentry and Sphere","floor":24,"turns":3},{"damage":16,"enemies":"Cultist and Chosen","floor":28,"turns":5},{"damage":13,"enemies":"3 Cultists","floor":29,"turns":4},{"damage":10,"enemies":"Centurion and Healer","floor":31,"turns":1}],"seed_played":"510833691882226646","potions_obtained":[{"floor":2,"key":"blueLaboratory:EpiphanyPotion"},{"floor":11,"key":"BottledMiracle"},{"floor":13,"key":"Ancient Potion"},{"floor":20,"key":"blueLaboratory:AlphaPotion"},{"floor":21,"key":"LiquidMemories"},{"floor":28,"key":"SteroidPotion"}],"is_trial":false,"path_per_floor":["M","M","$","M","?","R","$","E","T","R","E","R","E","M","R","B",null,"M","?","M","M","M","R","M","R","T","R","M","M","?","M"],"character_chosen":"WATCHER","items_purchased":["Ragnarok","Bandage Up","TalkToTheHand","Perseverance"],"campfire_rested":2,"item_purchase_floors":[0,0,0,3],"current_hp_per_floor":[52,56,56,53,53,53,53,5,5,26,21,21,13,14,35,33,72,52,52,36,8,14,14,20,20,20,20,10,3,3,0,0],"gold":460,"neow_bonus":"","is_daily":false,"chose_seed":false,"campfire_upgraded":5,"win_rate":0.0,"timestamp":1614035960,"path_taken":["M","M","$","M","?","R","$","E","T","R","E","R","E","M","R","BOSS","M","?","M","M","M","R","M","R","T","R","M","?","?","M"],"items_purchased_type":["Card","Card","Card","Card"],"build_version":"2020-12-22","purchased_purges":1,"victory":false,"max_hp_per_floor":[72,72,72,72,72,72,72,72,72,72,72,72,72,72,72,72,72,72,72,72,72,72,72,72,72,72,72,72,72,72,72,72],"card_choices":[{"not_picked":["MarkedMod:FirstStrike","Protect","JustLucky"],"picked":"SKIP","floor":1},{"not_picked":["Pray","CutThroughFate","EmptyFist"],"picked":"SKIP","floor":2},{"not_picked":["WheelKick","ThirdEye"],"picked":"Indignation","floor":4},{"not_picked":["TalkToTheHand","JustLucky"],"picked":"DeusExMachina","floor":8},{"not_picked":["EmptyBody","ThirdEye"],"picked":"InnerPeace","floor":11},{"not_picked":["FlurryOfBlows","Prostrate","Evaluate"],"picked":"SKIP","floor":13},{"not_picked":["Worship","MarkedMod:Acupuncture","SashWhip"],"picked":"SKIP","floor":14},{"not_picked":["Establishment","Blasphemy"],"picked":"Judgement","floor":16},{"not_picked":["MarkedMod:PinPointDefense","Halt","Evaluate"],"picked":"SKIP","floor":18},{"not_picked":["SignatureMove","CutThroughFate","ClearTheMind"],"picked":"SKIP","floor":20},{"not_picked":["FollowUp+1","WindmillStrike"],"picked":"Perseverance","floor":21},{"not_picked":["DeceiveReality","FlurryOfBlows","MarkedMod:ChiBlock"],"picked":"SKIP","floor":22},{"not_picked":["FollowUp+1","Fasting2","PathToVictory"],"picked":"SKIP","floor":24},{"not_picked":["Protect+1","WindmillStrike+1","EmptyMind"],"picked":"SKIP","floor":28},{"not_picked":["MarkedMod:PinPointDefense","SashWhip","ThirdEye+1"],"picked":"SKIP","floor":29}],"player_experience":794567,"relics_obtained":[{"floor":9,"key":"Lantern"},{"floor":11,"key":"StoneCalendar"}],"event_choices":[{"cards_removed":["Eruption"],"damage_healed":0,"gold_gain":0,"player_choice":"Card Removal","damage_taken":0,"max_hp_gain":0,"max_hp_loss":0,"event_name":"Wheel of Change","floor":5,"gold_loss":0},{"damage_healed":0,"gold_gain":0,"player_choice":"Forge","damage_taken":0,"max_hp_gain":0,"max_hp_loss":0,"event_name":"Accursed Blacksmith","floor":19,"gold_loss":0,"cards_upgraded":["DeusExMachina"]},{"damage_healed":0,"gold_gain":0,"player_choice":"Gave Potion","damage_taken":0,"relics_obtained":["Potion Belt"],"max_hp_gain":0,"max_hp_loss":0,"event_name":"WeMeetAgain","floor":30,"gold_loss":0}],"is_beta":false,"boss_relics":[{"not_picked":["Busted Crown","SlaversCollar"],"picked":"HolyWater"}],"items_purged_floors":[0],"is_endless":false,"potions_floor_spawned":[2,11,13,20,21,28],"killed_by":"Centurion and Healer","ascension_level":3}}