{"host":"f2zkc2gsfwbibc34","time":1614025787,"event":{"mods":["AchievementEnabler","BaseMod","Better Note","Colored Map","Colored Powertips","Defuse TimeMaze Blight","Minty Spire (QoL Compilation)","Permanent Neow","StSLib","SuperFastMode","The Servant 0.9.4"],"gold_per_floor":[117,134,134,63,81,81,111,111,135,210,210,210,244,258,258,355,355,369,105,117,117,134,134,146,146,146,160,75,75,175,75,75,170,170,182,182,530,541,368,368,0,0,26,26,52,52,62,79,79,79],"floor_reached":51,"language":"ENG","playtime":1327,"items_purged":["Defend_S","Strike_S","Strike_S"],"score":983,"play_id":"c540dd8a-3624-4679-b477-0adb9f1177ae","local_time":"20210222212947","is_ascension_mode":true,"campfire_choices":[{"data":"Luminosity","floor":6,"key":"SMITH"},{"data":"MoonPhase","floor":8,"key":"SMITH"},{"data":"KidneyShot","floor":12,"key":"SMITH"},{"floor":15,"key":"REST"},{"data":"MoonPhase","floor":23,"key":"SMITH"},{"data":"TheWorld","floor":25,"key":"SMITH"},{"data":"Unruled","floor":32,"key":"SMITH"},{"data":"Strike_S","floor":40,"key":"PURGE"},{"data":"TrueSight","floor":42,"key":"SMITH"},{"data":"TrueSight+1","floor":46,"key":"PURGE"},{"data":"Defend_S","floor":49,"key":"PURGE"}],"circlet_count":0,"master_deck":["KidneyShot+1","Exchange+1","MoonPhase+1","SpecialFormula","InstantArmor","BottledTime","Luminosity+1","Rewind","TimeWarp","LightFlow","GearUp","LightFlow","Unruled","MoonPhase+1","TheWorld+1","Spin","Sadistic Nature","Unruled+1","BottledTime","BottledTime+1","Deadline","BottledTime","Flash of Steel","BottledTime+1"],"relics":["Uniform","Regal Pillow","Centennial Puzzle","Matryoshka","MysterySword","Broom","Oddly Smooth Stone","Blue Candle","Peace Pipe","Pear","SlaversCollar","Old Coin","Red Mask","Happy Flower","Boot","PaperSwan"],"acts_visited":["Exordium","TheCity","TheBeyond"],"potions_floor_usage":[7,7,16,30,50,50,50],"damage_taken":[{"damage":14,"enemies":"Jaw Worm","floor":1,"turns":5},{"damage":0,"enemies":"2 Louse","floor":2,"turns":2},{"damage":0,"enemies":"Cultist","floor":5,"turns":4},{"damage":5,"enemies":"3 Sentries","floor":7,"turns":9},{"damage":18,"enemies":"Lagavulin","floor":13,"turns":7},{"damage":8,"enemies":"Exordium Thugs","floor":14,"turns":4},{"damage":11,"enemies":"Slime Boss","floor":16,"turns":12},{"damage":3,"enemies":"Shell Parasite","floor":18,"turns":3},{"damage":0,"enemies":"2 Thieves","floor":20,"turns":3},{"damage":5,"enemies":"Shelled Parasite and Fungi","floor":22,"turns":3},{"damage":6,"enemies":"Cultist and Chosen","floor":24,"turns":4},{"damage":0,"enemies":"Snecko","floor":27,"turns":4},{"damage":11,"enemies":"Colosseum Slavers","floor":30,"turns":2},{"damage":22,"enemies":"Colosseum Nobs","floor":30,"turns":3},{"damage":0,"enemies":"Champ","floor":33,"turns":7},{"damage":4,"enemies":"Orb Walker","floor":35,"turns":3},{"damage":18,"enemies":"2 Orb Walkers","floor":37,"turns":4},{"damage":1,"enemies":"3 Darklings","floor":38,"turns":3},{"damage":2,"enemies":"Giant Head","floor":45,"turns":3},{"damage":0,"enemies":"Maw","floor":47,"turns":4},{"damage":6,"enemies":"Writhing Mass","floor":48,"turns":2},{"damage":9,"enemies":"Time Eater","floor":50,"turns":5}],"seed_played":"-4459548679076079891","potions_obtained":[{"floor":2,"key":"Fire Potion"},{"floor":5,"key":"SteroidPotion"},{"floor":14,"key":"AttackPotion"},{"floor":18,"key":"Energy Potion"},{"floor":22,"key":"Fire Potion"},{"floor":33,"key":"Strength Potion"},{"floor":38,"key":"FearPotion"},{"floor":45,"key":"Ancient Potion"}],"is_trial":false,"path_per_floor":["M","M","?","$","M","R","E","R","T","?","?","R","E","M","R","B",null,"M","$","M","?","M","R","M","R","T","M","?","?","?","$","R","B",null,"M","?","?","M","$","R","?","R","T","?","E","R","M","M","R","B",null],"character_chosen":"THE_SERVANT","items_purchased":["Luminosity","MoonPhase","TheWorld","BottledTime"],"campfire_rested":1,"item_purchase_floors":[4,19,19,39],"current_hp_per_floor":[53,58,51,51,56,56,56,56,56,45,45,45,32,29,63,57,63,65,65,65,65,65,65,64,64,64,65,65,65,52,52,52,57,71,71,71,57,61,61,61,61,61,61,61,64,64,69,68,68,64],"gold":79,"neow_bonus":"TRANSFORM_TWO_CARDS","is_daily":false,"chose_seed":false,"campfire_upgraded":7,"win_rate":0.0,"timestamp":1614025787,"path_taken":["M","M","?","$","M","R","E","R","T","?","?","R","E","M","R","BOSS","M","$","M","?","?","R","M","R","T","M","?","?","?","?","R","BOSS","M","?","?","M","$","R","?","R","T","?","E","R","M","M","R","BOSS"],"items_purchased_type":["Card","Card","Card","Card"],"build_version":"2020-12-22","purchased_purges":3,"victory":true,"max_hp_per_floor":[65,65,65,65,65,65,65,65,65,65,65,65,65,65,65,65,65,65,65,65,65,65,65,65,65,65,65,65,65,75,75,75,75,75,75,75,75,75,75,75,75,75,75,75,75,75,75,75,75,75],"card_choices":[{"not_picked":["Shuttle","TimeWarp"],"picked":"InstantArmor","floor":1},{"not_picked":["Alleviate","Starlight"],"picked":"BottledTime","floor":2},{"not_picked":["DualDimension","ReturningBlade"],"picked":"Rewind","floor":5},{"not_picked":["Potential","Starlight"],"picked":"TimeWarp","floor":7},{"not_picked":["StarChef","Unruled"],"picked":"LightFlow","floor":13},{"not_picked":["Unruled","Comet"],"picked":"GearUp","floor":14},{"not_picked":["SilverMatrix","PendulumOfEternity"],"picked":"LightFlow","floor":16},{"not_picked":["Replace","Potential+1"],"picked":"Unruled","floor":18},{"not_picked":["FastForward","Orbit"],"picked":"Spin","floor":20},{"not_picked":["Reset","Sabotage"],"picked":"Unruled","floor":22},{"not_picked":["Moonlight","Spin"],"picked":"BottledTime","floor":24},{"not_picked":["Defy","Moondial","Embodiment"],"picked":"SKIP","floor":27},{"not_picked":["KillingDoll","FloweringNight"],"picked":"TrueSight","floor":33},{"not_picked":["BestPractice","Spin","Revamp+1"],"picked":"SKIP","floor":35},{"not_picked":["Alleviate","Ricochet+1"],"picked":"BottledTime+1","floor":37},{"not_picked":["Misdirection","BestPractice+1"],"picked":"Deadline","floor":38},{"not_picked":["Purity","Forethought"],"picked":"Flash of Steel","floor":44},{"not_picked":["Rearm","Revamp+1"],"picked":"BottledTime+1","floor":45},{"not_picked":["Moondial+1","ShiftingGears+1","Revamp+1"],"picked":"SKIP","floor":47},{"not_picked":["TrueSight","TimeWarp","Sabotage+1"],"picked":"SKIP","floor":48}],"player_experience":118340,"relics_obtained":[{"floor":7,"key":"Regal Pillow"},{"floor":9,"key":"Centennial Puzzle"},{"floor":13,"key":"Matryoshka"},{"floor":26,"key":"Broom"},{"floor":26,"key":"Oddly Smooth Stone"},{"floor":30,"key":"Peace Pipe"},{"floor":30,"key":"Pear"},{"floor":37,"key":"Old Coin"},{"floor":43,"key":"Happy Flower"},{"floor":43,"key":"Boot"},{"floor":45,"key":"PaperSwan"}],"event_choices":[{"cards_removed":["Injury"],"damage_healed":0,"gold_gain":0,"player_choice":"Card Removal","damage_taken":7,"max_hp_gain":0,"max_hp_loss":0,"event_name":"Golden Wing","floor":3,"gold_loss":0},{"damage_healed":0,"gold_gain":75,"player_choice":"Gather Gold","damage_taken":11,"max_hp_gain":0,"max_hp_loss":0,"event_name":"World of Goop","floor":10,"gold_loss":0},{"damage_healed":0,"gold_gain":0,"player_choice":"Grow","damage_taken":0,"max_hp_gain":0,"max_hp_loss":0,"event_name":"Living Wall","floor":11,"gold_loss":0,"cards_upgraded":["Exchange"]},{"cards_removed":["Sadistic Nature"],"damage_healed":0,"gold_gain":0,"player_choice":"Take \u0026 Give","damage_taken":0,"max_hp_gain":0,"max_hp_loss":0,"event_name":"betterNote:BetterNote","floor":21,"gold_loss":0,"cards_obtained":["Sadistic Nature"]},{"damage_healed":0,"gold_gain":0,"player_choice":"Obtained Relic","damage_taken":0,"relics_obtained":["Blue Candle"],"max_hp_gain":0,"max_hp_loss":0,"event_name":"Addict","floor":28,"gold_loss":85},{"damage_healed":0,"gold_gain":0,"player_choice":"Ignored","damage_taken":0,"max_hp_gain":0,"max_hp_loss":0,"event_name":"Vampires","floor":29,"gold_loss":0},{"damage_healed":0,"gold_gain":0,"player_choice":"Fight","damage_taken":0,"max_hp_gain":0,"max_hp_loss":0,"event_name":"Colosseum","floor":30,"gold_loss":0},{"damage_healed":0,"gold_gain":0,"player_choice":"Fought Nobs","damage_taken":0,"max_hp_gain":0,"max_hp_loss":0,"event_name":"Colosseum","floor":30,"gold_loss":0},{"cards_removed":["Defend_S"],"damage_healed":0,"gold_gain":0,"player_choice":"Removed Skill","damage_taken":0,"max_hp_gain":0,"max_hp_loss":0,"event_name":"Falling","floor":36,"gold_loss":0},{"damage_healed":0,"gold_gain":0,"player_choice":"Fight","damage_taken":0,"max_hp_gain":0,"max_hp_loss":0,"event_name":"Mysterious Sphere","floor":37,"gold_loss":0},{"damage_healed":0,"gold_gain":0,"player_choice":"Paid","damage_taken":0,"relics_obtained":["Red Mask"],"max_hp_gain":0,"max_hp_loss":0,"event_name":"Tomb of Lord Red Mask","floor":41,"gold_loss":368},{"damage_healed":0,"gold_gain":0,"player_choice":"Memory 1","damage_taken":0,"max_hp_gain":0,"max_hp_loss":0,"event_name":"SensoryStone","floor":44,"gold_loss":0}],"is_beta":false,"boss_relics":[{"not_picked":["Ectoplasm","Cursed Key"],"picked":"MysterySword"},{"not_picked":["Astrolabe","Black Star"],"picked":"SlaversCollar"}],"items_purged_floors":[19,31,39],"is_endless":false,"potions_floor_spawned":[2,5,14,18,22,33,38,45,48],"ascension_level":5}}