{"host":"dd8lqbxt1rnwhzth","time":1614014568,"event":{"mods":["Act Like it!","Aspiration","Bard","BaseMod","Beaked The Cultist","BetterRewards","Challenge The Spire","Colored Map","Conspire","Halation","Hermit","Highlight Path","Hubris","Infinite Spire","Jorbs\u0027s Wanderer Trilogy","Marisa????????","Minty Spire (QoL Compilation)","Rare Cards Sparkle","Replay The Spire","Ruina","Shop Mod","StSLib","SuperFastMode","Synergy Search","The Bladedancer","The Construct","The Cursed","The Disciple","The Elementalist","The Forsaken","The Hierophant","The Judge","The Mystic","The Necromancer","The Runesmith","The Servant 0.9.4","The Valiant","The Wild Card","TheBandit","egg"],"gold_per_floor":[109,109,150,164,174,202,277,277,300,300,331,346,346,379,379,479,479,489,489,689,542,552,582,602,602,602,629,649,36,49,59,59,161,161,177,137,153,171,171,171],"floor_reached":39,"language":"ENG","playtime":4531,"items_purged":["bard:Strike","bard:Defend"],"score":491,"play_id":"c7ca2085-22f9-4f58-b3da-65d010f2730b","local_time":"20210222135248","is_ascension_mode":false,"campfire_choices":[{"data":"bard:Inspire","floor":8.0,"key":"SMITH"},{"data":"bard:HideousLaughter","floor":10.0,"key":"SMITH"},{"data":"bard:Strike","floor":15.0,"key":"PURGE"},{"floor":25,"key":"REST"}],"circlet_count":0,"master_deck":["bard:Strike","bard:Strike","bard:Defend","bard:Defend","bard:Defend","bard:Riposte","bard:Inspire+1","bard:EnGarde","bard:Fermata","bard:DeathMetal","bard:GreaterMagicWeapon","bard:Thunderwave","bard:MnemonicVestments","bard:InspiringSong","bard:Flourish","bard:Rhapsody+1","bard:PrismaticSpray+1","hubris:DuctTapeCard","bard:Aphasia+1","bard:FeastOnFear+1","bard:Encore+1","Finesse+1","bard:Silence+1","bard:Sonata","bard:Focused+1"],"relics":["bard:PitchPipe","bard:BagPipes","bard:StrangeHarp","beaked:ShinyBauble","aspiration:TomeofQuesting","aspiration:ChemicalBlood","theForsaken:Gavel","aspiration:StickyExplosives_weak","Blue Candle","SlaversCollar","halation:YellowSoulGem","Toxic Egg 2","hubris:DuctTape","Gremlin Food","MealTicket","hubris:Backtick","FossilizedHelix"],"acts_visited":["Exordium","TheCity","TheBeyond"],"potions_floor_usage":[22,23,23,24,24,28,30,32,32,33,37,37,38],"damage_taken":[{"damage":0.0,"enemies":"Cultist","floor":1.0,"turns":4.0},{"damage":9.0,"enemies":"conspire:MimicChest","floor":3.0,"turns":6.0},{"damage":0.0,"enemies":"Jaw Worm","floor":4.0,"turns":3.0},{"damage":2.0,"enemies":"conspire:RoseBush","floor":5.0,"turns":3.0},{"damage":1.0,"enemies":"Replay:BlueRogue","floor":6.0,"turns":7.0},{"damage":6.0,"enemies":"Gremlin Nob","floor":11.0,"turns":4.0},{"damage":0.0,"enemies":"Looter","floor":12.0,"turns":3.0},{"damage":0.0,"enemies":"3 Sentries","floor":14.0,"turns":6.0},{"damage":7.0,"enemies":"The Guardian","floor":16.0,"turns":9.0},{"damage":11.0,"enemies":"Shell Parasite","floor":18.0,"turns":5.0},{"damage":15,"enemies":"2 Thieves","floor":22,"turns":4},{"damage":9,"enemies":"Replay:Snechameleon","floor":23,"turns":5},{"damage":1,"enemies":"conspire:HollyBat","floor":24,"turns":9},{"damage":7,"enemies":"Gremlin Leader","floor":27,"turns":5},{"damage":11,"enemies":"Shelled Parasite and Fungi","floor":28,"turns":8},{"damage":9,"enemies":"Sentry and Sphere","floor":30,"turns":8},{"damage":0,"enemies":"conspire:HollyBat","floor":31,"turns":8},{"damage":5,"enemies":"Colosseum Slavers","floor":32,"turns":3},{"damage":1,"enemies":"Automaton","floor":33,"turns":7},{"damage":35,"enemies":"3 Darklings","floor":35,"turns":5},{"damage":28,"enemies":"3 Shapes","floor":37,"turns":9},{"damage":18,"enemies":"Jaw Worm Horde","floor":38,"turns":5},{"damage":15,"enemies":"Spire Growth","floor":39,"turns":3}],"seed_played":"5135708114434027732","potions_obtained":[{"floor":3.0,"key":"LifebloodPotion"},{"floor":4.0,"key":"CultistPotion"},{"floor":11.0,"key":"Languid Potion"},{"floor":12.0,"key":"Adrenaline Potion"},{"floor":22,"key":"infinitespire:BlackPotion"},{"floor":22,"key":"Toxic Potion"},{"floor":27,"key":"Weak Potion"},{"floor":30,"key":"Dexterity Potion"},{"floor":36,"key":"conspire:TimeTravelPotion"},{"floor":36,"key":"Fire Potion"}],"is_trial":false,"path_per_floor":["M","T","?","M","M","E","?","R","T","R","E","M","T","E","R_BF","B",null,"M","?","?","$","M","E","M","R","T","E","M","$","M","M","R_BF","B",null,"M","?","M","M","M"],"character_chosen":"BARD","items_purchased":["LiquidMemories","bard:Encore+1","Finesse+1","Dexterity Potion","ColorlessPotion","MealTicket"],"campfire_rested":1,"item_purchase_floors":[21,29,29,29,29,29],"current_hp_per_floor":[77,77,68,68,66,65,54,54,54,54,48,48,48,48,48,41,77,66,66,36,36,21,12,11,34,34,27,16,16,7,7,2,1,77,42,42,33,15,0,0],"gold":171,"neow_bonus":"TEN_PERCENT_HP_BONUS","is_daily":false,"chose_seed":false,"campfire_upgraded":2,"win_rate":0.0,"timestamp":1614014568,"path_taken":["M","?","?","M","M","E","?","R","T","R","E","M","?","E","R_BF","BOSS","M","?","?","$","M","E","?","R","T","E","M","$","M","M","R_BF","BOSS","M","?","?","?","M"],"items_purchased_type":["Potion","Card","Card","Potion","Potion","Relic"],"build_version":"2020-12-22","purchased_purges":2,"victory":false,"max_hp_per_floor":[77,77,77,77,77,77,77,77,77,77,77,77,77,77,77,77,77,77,77,77,77,77,77,77,77,77,77,77,77,77,77,77,77,77,77,77,77,77,77,77],"card_choices":[{"not_picked":["bard:StudiedStrike","bard:CuttingWords"],"picked":"bard:HideousLaughter","floor":1.0},{"not_picked":["bard:Rest","bard:Gamble"],"picked":"bard:EnGarde","floor":3.0},{"not_picked":["bard:GuardPoint","bard:Gamble"],"picked":"bard:ViciousMockery","floor":4.0},{"not_picked":["bard:ViciousMockery","bard:HideousLaughter"],"picked":"bard:Fermata","floor":5.0},{"not_picked":["bard:StudiedStrike","bard:ViciousMockery","bard:EnGarde"],"picked":"SKIP","floor":6.0},{"not_picked":["bard:PrismaticSpray","bard:GlyphOfWarding"],"picked":"bard:DeathMetal","floor":11.0},{"not_picked":["bard:QuickSong","bard:Blink"],"picked":"bard:GreaterMagicWeapon","floor":12.0},{"not_picked":["bard:GreaterMagicWeapon","bard:FaerieFire"],"picked":"bard:Thunderwave","floor":14.0},{"not_picked":["bard:BottledSong","bard:Haste"],"picked":"bard:MnemonicVestments","floor":16.0},{"not_picked":["bard:LingeringEcho+1","bard:BestowCurse"],"picked":"bard:InspiringSong","floor":18.0},{"not_picked":["bard:TinyHut","bard:ViciousMockery"],"picked":"bard:Flourish","floor":22},{"not_picked":["bard:Thunderwave","bard:TinyHut+1"],"picked":"bard:Rhapsody+1","floor":23},{"not_picked":["bard:Fermata+1","bard:Thunderwave"],"picked":"bard:PrismaticSpray+1","floor":24},{"not_picked":["bard:FalseLife+1","bard:InspiringSong+1"],"picked":"bard:Aphasia+1","floor":27},{"not_picked":["bard:TinyHut+1","bard:HarmoniousVoice"],"picked":"bard:FeastOnFear+1","floor":28},{"not_picked":["bard:StudiedStrike","bard:Parry+1"],"picked":"bard:Silence+1","floor":30},{"not_picked":["bard:PhantasmalForce","bard:Greatness+1"],"picked":"bard:Sonata","floor":31},{"not_picked":["bard:Encore+1","bard:MnemonicVestments+1"],"picked":"bard:Focused+1","floor":33},{"not_picked":["bard:Silence+1","bard:FirstStrike","bard:GreaterMagicWeapon"],"picked":"SKIP","floor":35},{"not_picked":["bard:ThickOfTheFight","bard:Solo+1","bard:HarmoniousVoice"],"picked":"SKIP","floor":37},{"not_picked":["bard:FeastOnFear+1","bard:Flourish+1","bard:QuickSong+1"],"picked":"SKIP","floor":38}],"player_experience":502313,"relics_obtained":[{"floor":2.0,"key":"bard:StrangeHarp"},{"floor":3.0,"key":"beaked:ShinyBauble"},{"floor":6.0,"key":"aspiration:TomeofQuesting"},{"floor":9.0,"key":"aspiration:ChemicalBlood"},{"floor":11.0,"key":"theForsaken:Gavel"},{"floor":13.0,"key":"aspiration:StickyExplosives_weak"},{"floor":14.0,"key":"Blue Candle"},{"floor":23,"key":"Toxic Egg 2"},{"floor":26,"key":"hubris:DuctTape"},{"floor":27,"key":"Gremlin Food"}],"event_choices":[{"damage_healed":0.0,"max_hp_gain":0.0,"max_hp_loss":0.0,"gold_gain":75.0,"event_name":"World of Goop","player_choice":"Gather Gold","floor":7.0,"gold_loss":0.0,"damage_taken":11.0},{"damage_healed":0,"gold_gain":0,"player_choice":"Fight","damage_taken":0,"max_hp_gain":0,"max_hp_loss":0,"event_name":"Colosseum","floor":32,"gold_loss":0},{"damage_healed":0,"gold_gain":0,"player_choice":"Fled From Nobs","damage_taken":0,"max_hp_gain":0,"max_hp_loss":0,"event_name":"Colosseum","floor":32,"gold_loss":0},{"damage_healed":0,"gold_gain":0,"player_choice":"Bought 3 Potions","damage_taken":0,"max_hp_gain":0,"max_hp_loss":0,"event_name":"The Woman in Blue","floor":36,"gold_loss":0}],"is_beta":false,"boss_relics":[{"not_picked":["Replay:Ancient Bell","Cursed Key"],"picked":"SlaversCollar"},{"not_picked":["infinitespire:Cupcake","Runic Dome"],"picked":"hubris:Backtick"}],"items_purged_floors":[21,29],"is_endless":false,"potions_floor_spawned":[3,4,11,12,22,27,30,32],"killed_by":"Spire Growth","ascension_level":0}}