{"host":"zdahj580pq9zy75i","time":1614004804,"event":{"mods":["BaseMod","Colored Map","Minty Spire (QoL Compilation)","StSLib"],"gold_per_floor":[115,131,131,74,94,94,119,119,119,147,147,162,177,196,196,272,272,285,303,303,320,320,348,348,367,367,402,402,402,417,447,447,524,524,536,536,548,71,0,30,41,59,83,94,105,105,139,155,155,155,155,155],"floor_reached":51,"language":"ENG","playtime":2452,"items_purged":[],"score":1537,"play_id":"813a2473-ae8d-4fc4-8847-bec8e03c4129","local_time":"20210222094004","is_ascension_mode":true,"campfire_choices":[{"data":"Bash","floor":6,"key":"SMITH"},{"data":"Perfected Strike","floor":8,"key":"SMITH"},{"data":"Pommel Strike","floor":11,"key":"SMITH"},{"data":"Perfected Strike","floor":15,"key":"SMITH"},{"floor":24,"key":"REST"},{"floor":28,"key":"REST"},{"floor":32,"key":"REST"},{"floor":46,"key":"REST"},{"floor":49,"key":"RECALL"}],"circlet_count":0,"master_deck":["AscendersBane","Strike_R+1","Strike_R+1","Strike_R+1","Strike_R+1","Defend_R+1","Defend_R+1","Defend_R+1","Bash+1","Pommel Strike+1","Thunderclap","Juggernaut","Perfected Strike+1","Twin Strike","Spot Weakness","Perfected Strike+1","Pommel Strike","Thunderclap","Impervious","Shrug It Off","Thunderclap","Power Through","Hemokinesis+1","Flame Barrier","Immolate","Dropkick+1","Inflame+1","Offering","Pummel","Thunderclap+1","Parasite","Reaper","Disarm+1","Metallicize+1"],"relics":["Burning Blood","Champion Belt","Question Card","Self Forming Clay","Regal Pillow","Fusion Hammer","Darkstone Periapt","Meat on the Bone","Bottled Tornado","Frozen Egg 2","SlaversCollar","PreservedInsect","Toolbox","Red Mask","Nunchaku","Calipers"],"acts_visited":["Exordium","TheCity","TheBeyond"],"potions_floor_usage":[7,10,27,31,33,33,41,50],"damage_taken":[{"damage":7,"enemies":"Jaw Worm","floor":1,"turns":3},{"damage":0,"enemies":"Cultist","floor":2,"turns":3},{"damage":14,"enemies":"Small Slimes","floor":5,"turns":3},{"damage":30,"enemies":"3 Sentries","floor":7,"turns":8},{"damage":0,"enemies":"Gremlin Nob","floor":10,"turns":2},{"damage":7,"enemies":"Gremlin Gang","floor":12,"turns":4},{"damage":13,"enemies":"Large Slime","floor":13,"turns":4},{"damage":3,"enemies":"Looter","floor":14,"turns":3},{"damage":26,"enemies":"Hexaghost","floor":16,"turns":6},{"damage":12,"enemies":"3 Byrds","floor":18,"turns":5},{"damage":15,"enemies":"Chosen","floor":19,"turns":4},{"damage":4,"enemies":"Centurion and Healer","floor":21,"turns":5},{"damage":35,"enemies":"Book of Stabbing","floor":23,"turns":5},{"damage":2,"enemies":"Chosen and Byrds","floor":25,"turns":5},{"damage":26,"enemies":"Slavers","floor":27,"turns":5},{"damage":0,"enemies":"Snake Plant","floor":30,"turns":2},{"damage":50,"enemies":"Gremlin Leader","floor":31,"turns":5},{"damage":74,"enemies":"Automaton","floor":33,"turns":10},{"damage":20,"enemies":"3 Darklings","floor":35,"turns":5},{"damage":29,"enemies":"3 Shapes","floor":37,"turns":9},{"damage":12,"enemies":"Nemesis","floor":40,"turns":5},{"damage":15,"enemies":"Maw","floor":41,"turns":6},{"damage":37,"enemies":"Sphere and 2 Shapes","floor":42,"turns":5},{"damage":18,"enemies":"Writhing Mass","floor":44,"turns":6},{"damage":50,"enemies":"Spire Growth","floor":45,"turns":6},{"damage":16,"enemies":"Reptomancer","floor":47,"turns":4},{"damage":19,"enemies":"4 Shapes","floor":48,"turns":2},{"damage":115,"enemies":"Awakened One","floor":50,"turns":13},{"damage":25,"enemies":"Donu and Deca","floor":51,"turns":2}],"seed_played":"2858932807227997861","potions_obtained":[{"floor":2,"key":"DuplicationPotion"},{"floor":7,"key":"Block Potion"},{"floor":12,"key":"Swift Potion"},{"floor":18,"key":"BloodPotion"},{"floor":25,"key":"PowerPotion"},{"floor":27,"key":"DistilledChaos"},{"floor":31,"key":"AttackPotion"},{"floor":33,"key":"Strength Potion"},{"floor":35,"key":"SpeedPotion"},{"floor":42,"key":"FairyPotion"},{"floor":44,"key":"FairyPotion"},{"floor":48,"key":"BloodPotion"}],"is_trial":false,"path_per_floor":["M","M","?","$","M","R","E","R","T","E","R","M","M","M","R","B",null,"M","M","?","M","?","E","R","M","T","E","R","?","M","E","R","B",null,"M","?","M","$","?","E","M","M","T","M","M","R","E","M","R","B","B"],"character_chosen":"IRONCLAD","items_purchased":["SteroidPotion","PreservedInsect","Toolbox","Offering","SteroidPotion"],"campfire_rested":4,"item_purchase_floors":[4,38,38,38,38],"current_hp_per_floor":[67,68,68,68,60,60,36,36,36,42,42,41,34,37,37,17,55,49,40,40,42,42,13,48,52,52,44,68,64,68,36,68,25,57,43,43,32,32,32,38,41,22,22,28,40,74,74,61,61,20,0,0],"gold":155,"neow_bonus":"ONE_RARE_RELIC","is_daily":false,"chose_seed":false,"campfire_upgraded":4,"win_rate":0.0,"timestamp":1614004804,"path_taken":["M","M","?","?","M","R","E","R","T","E","R","M","M","M","R","BOSS","M","M","?","?","?","E","R","M","T","E","R","?","M","E","R","BOSS","M","?","M","$","?","E","M","M","T","M","M","R","E","M","R","BOSS","BOSS"],"items_purchased_type":["Potion","Relic","Relic","Card","Potion"],"build_version":"2020-12-22","purchased_purges":0,"victory":false,"max_hp_per_floor":[68,68,68,68,68,68,68,68,68,68,68,68,68,68,68,68,68,68,68,68,68,68,68,68,68,68,68,68,68,68,68,68,68,68,68,68,68,68,68,68,68,68,68,74,74,74,74,74,74,74,74,74],"card_choices":[{"not_picked":["Shrug It Off","True Grit"],"picked":"Pommel Strike","floor":1},{"not_picked":["Havoc","Iron Wave"],"picked":"Thunderclap","floor":2},{"not_picked":["Dark Embrace","Iron Wave"],"picked":"Perfected Strike","floor":5},{"not_picked":["Second Wind","Wild Strike"],"picked":"Twin Strike","floor":7},{"not_picked":["Fiend Fire","Perfected Strike","Disarm"],"picked":"Spot Weakness","floor":10},{"not_picked":["Evolve","Shockwave","Clothesline"],"picked":"Perfected Strike","floor":12},{"not_picked":["Sword Boomerang","Body Slam","Blood for Blood"],"picked":"Pommel Strike","floor":13},{"not_picked":["Anger","Wild Strike","Spot Weakness"],"picked":"Thunderclap","floor":14},{"not_picked":["Corruption","Demon Form","Berserk"],"picked":"Impervious","floor":16},{"not_picked":["Perfected Strike","Seeing Red","Clash"],"picked":"Shrug It Off","floor":18},{"not_picked":["Armaments","Havoc","Inflame"],"picked":"Thunderclap","floor":19},{"not_picked":["Pommel Strike","Perfected Strike","Dual Wield","Whirlwind"],"picked":"SKIP","floor":21},{"not_picked":["Armaments","Berserk","Thunderclap"],"picked":"Hemokinesis+1","floor":23},{"not_picked":["Armaments","Twin Strike","Intimidate"],"picked":"Flame Barrier","floor":25},{"not_picked":["Cleave","Heavy Blade","Headbutt","Clash"],"picked":"SKIP","floor":27},{"not_picked":["Wild Strike","Intimidate","Clash","Second Wind"],"picked":"SKIP","floor":30},{"not_picked":["Wild Strike","Sword Boomerang+1","Intimidate+1","Blood for Blood"],"picked":"SKIP","floor":31},{"not_picked":["Exhume","Double Tap","Bludgeon"],"picked":"Immolate","floor":33},{"not_picked":["Cleave+1","Body Slam","Armaments+1"],"picked":"Dropkick+1","floor":35},{"not_picked":["Dual Wield+1","True Grit","Perfected Strike"],"picked":"Inflame+1","floor":37},{"not_picked":["True Grit","Corruption+1","Rage+1"],"picked":"Pummel","floor":40},{"not_picked":["Bloodletting","Flex+1","Warcry"],"picked":"Thunderclap+1","floor":41},{"not_picked":["Anger","Clash+1","Thunderclap","Havoc+1"],"picked":"SKIP","floor":42},{"not_picked":["Anger+1","Iron Wave","Perfected Strike"],"picked":"Reaper","floor":44},{"not_picked":["Whirlwind","Inflame+1","Twin Strike"],"picked":"Disarm+1","floor":45},{"not_picked":["Pommel Strike","Armaments","Twin Strike+1"],"picked":"Metallicize+1","floor":47},{"not_picked":["Twin Strike","Sword Boomerang","Clash","Armaments"],"picked":"SKIP","floor":48}],"player_experience":791022,"relics_obtained":[{"floor":7,"key":"Question Card"},{"floor":9,"key":"Self Forming Clay"},{"floor":10,"key":"Regal Pillow"},{"floor":23,"key":"Darkstone Periapt"},{"floor":26,"key":"Meat on the Bone"},{"floor":27,"key":"Bottled Tornado"},{"floor":31,"key":"Frozen Egg 2"},{"floor":40,"key":"Nunchaku"},{"floor":47,"key":"Calipers"}],"event_choices":[{"damage_healed":0,"gold_gain":0,"player_choice":"1 cards matched","damage_taken":0,"max_hp_gain":0,"max_hp_loss":0,"event_name":"Match and Keep!","floor":3,"gold_loss":0,"cards_obtained":["Juggernaut"]},{"damage_healed":0,"gold_gain":0,"cards_transformed":["Defend_R"],"player_choice":"Transformed","damage_taken":0,"max_hp_gain":0,"max_hp_loss":0,"event_name":"Transmorgrifier","floor":20,"gold_loss":0,"cards_obtained":["Power Through"]},{"damage_healed":0,"gold_gain":0,"player_choice":"Simplicity","damage_taken":0,"max_hp_gain":0,"max_hp_loss":0,"event_name":"Back to Basics","floor":22,"gold_loss":0,"cards_upgraded":["Strike_R","Strike_R","Strike_R","Strike_R","Strike_R","Defend_R","Defend_R","Defend_R"]},{"damage_healed":0,"gold_gain":0,"player_choice":"Bought 0 Potions","damage_taken":0,"max_hp_gain":0,"max_hp_loss":0,"event_name":"The Woman in Blue","floor":29,"gold_loss":0},{"cards_removed":["Strike_R"],"damage_healed":0,"gold_gain":0,"player_choice":"Removed Attack","damage_taken":0,"max_hp_gain":0,"max_hp_loss":0,"event_name":"Falling","floor":36,"gold_loss":0},{"damage_healed":0,"gold_gain":0,"player_choice":"Paid","damage_taken":0,"relics_obtained":["Red Mask"],"max_hp_gain":0,"max_hp_loss":0,"event_name":"Tomb of Lord Red Mask","floor":39,"gold_loss":71}],"is_beta":false,"boss_relics":[{"not_picked":["Pandora\u0027s Box","SacredBark"],"picked":"Fusion Hammer"},{"not_picked":["Runic Dome","Empty Cage"],"picked":"SlaversCollar"}],"items_purged_floors":[],"is_endless":false,"potions_floor_spawned":[2,5,7,12,18,25,27,31,33,35,40,42,44,48],"killed_by":"Donu and Deca","ascension_level":20}}