{"host":"w01zow3jg16g8jdh","time":1614003796,"event":{"mods":["2.2 Compatiblity","AchievementEnabler","BaseMod","DeckTracker","Hermit","Keyboard Shortcuts","Marisa£¨Ùöéë¡¡Øª×âÞÞ£©","Minty Spire (QoL Compilation)","Permanent Neow","StSLib","SuperFastMode"],"gold_per_floor":[366,291,75,75,75,75,116,166,166,186,227,241,264,36,36,129,129,148,198,221,240,260,260,87,87,112,112,131,131,131,142,142,221,221,221,221],"floor_reached":35,"language":"KOR","playtime":582,"items_purged":["Defend_MRS"],"score":780,"play_id":"1ea4801c-40c1-42a4-8232-64d882605254","local_time":"20210222232316","is_ascension_mode":true,"campfire_choices":[{"data":"Apotheosis","floor":6.0,"key":"SMITH"},{"floor":15.0,"key":"REST"},{"floor":23.0,"key":"REST"},{"data":"BigCrunch","floor":25.0,"key":"SMITH"},{"floor":32.0,"key":"REST"}],"circlet_count":0,"master_deck":["AscendersBane","Strike_MRS","Strike_MRS","Strike_MRS","Defend_MRS","Defend_MRS","MasterSpark","UpSweep","Apotheosis+1","PropBag","GrandCross","SporeBomb","FinalSpark","BigCrunch+1","MillisecondPulsars"],"relics":["MiniHakkero","Bloody Idol","Bronze Scales","Regal Pillow","Lizard Tail","CaptainsWheel","RampagingMagicTools","Pen Nib","Anchor","Sozu","Mummified Hand"],"acts_visited":["Exordium","TheCity","TheBeyond"],"potions_floor_usage":[],"damage_taken":[{"damage":4.0,"enemies":"Small Slimes","floor":1.0,"turns":3.0},{"damage":16.0,"enemies":"3 Sentries","floor":7.0,"turns":7.0},{"damage":0.0,"enemies":"Jaw Worm","floor":10.0,"turns":3.0},{"damage":32.0,"enemies":"Gremlin Nob","floor":11.0,"turns":4.0},{"damage":0.0,"enemies":"2 Louse","floor":12.0,"turns":3.0},{"damage":12.0,"enemies":"Large Slime","floor":13.0,"turns":3.0},{"damage":29.0,"enemies":"Hexaghost","floor":16.0,"turns":5.0},{"damage":30.0,"enemies":"2 Thieves","floor":18.0,"turns":3.0},{"damage":0.0,"enemies":"Chosen","floor":20.0,"turns":4.0},{"damage":35.0,"enemies":"Snecko","floor":21.0,"turns":5.0},{"damage":23.0,"enemies":"Centurion and Healer","floor":22.0,"turns":5.0},{"damage":12.0,"enemies":"3 Cultists","floor":28.0,"turns":4.0},{"damage":17.0,"enemies":"Cultist and Chosen","floor":31.0,"turns":5.0},{"damage":86.0,"enemies":"Automaton","floor":33.0,"turns":7.0},{"damage":51,"enemies":"3 Darklings","floor":35,"turns":5}],"seed_played":"-930554932015872890","potions_obtained":[{"floor":7.0,"key":"FearPotion"},{"floor":10.0,"key":"FearPotion"},{"floor":11.0,"key":"Regen Potion"},{"floor":18.0,"key":"BlessingOfTheForge"},{"floor":30.0,"key":"ColorlessPotion"}],"is_trial":false,"path_per_floor":["M","?","$","?","?","R","E","?","T","M","E","M","M","$","R","B",null,"M","?","M","M","M","R","$","R","T","?","M","?","?","M","R","B",null,"M"],"character_chosen":"MARISA","items_purchased":["Apotheosis","FinalSpark","Pen Nib"],"campfire_rested":3,"item_purchase_floors":[3,14,24],"current_hp_per_floor":[41,41,41,41,30,30,14,14,14,14,31,31,19,19,52,35,56,26,26,26,36,13,46,46,46,46,46,34,34,34,22,55,10,50,0,0],"gold":221,"neow_bonus":"TWO_FIFTY_GOLD","is_daily":false,"chose_seed":false,"campfire_upgraded":2,"win_rate":0.0,"timestamp":1614003796,"path_taken":["M","?","$","?","?","R","E","?","T","?","E","M","M","?","R","BOSS","M","?","M","M","M","R","$","R","T","?","M","?","?","M","R","BOSS","M"],"items_purchased_type":["Card","Card","Relic"],"build_version":"2020-12-22","purchased_purges":1,"victory":false,"max_hp_per_floor":[70,70,70,63,63,63,63,63,63,63,63,63,63,63,63,63,63,63,63,63,63,63,63,63,63,63,63,63,63,63,63,63,63,63,63,63],"card_choices":[{"not_picked":["GravityBeat","Acceleration","6A"],"picked":"SKIP","floor":1.0},{"not_picked":["Acceleration","DoubleSpark","LuminesStrike"],"picked":"SKIP","floor":7.0},{"not_picked":["DoubleSpark","ShootingEcho"],"picked":"PropBag","floor":10.0},{"not_picked":["FairyDestructionRay","ChargeUpSpray"],"picked":"GrandCross","floor":11.0},{"not_picked":["OortCloud","GalacticHalo"],"picked":"SporeBomb","floor":12.0},{"not_picked":["MagicChant","OneTimeOff","DoubleSpark"],"picked":"SKIP","floor":13.0},{"not_picked":["CollectingQuirk","EscapeVelocity"],"picked":"BigCrunch","floor":16.0},{"not_picked":["DC","NonDirectionalLaser","Robbery"],"picked":"SKIP","floor":18.0},{"not_picked":["GravityBeat","ShootingEcho+1","StarBarrage"],"picked":"SKIP","floor":20.0},{"not_picked":["OrrerysSun","WitchLeyline","6A"],"picked":"SKIP","floor":21.0},{"not_picked":["DoubleSpark","NonDirectionalLaser","Occultation"],"picked":"SKIP","floor":22.0},{"not_picked":["GasGiant","GravityBeat","Acceleration"],"picked":"SKIP","floor":28.0},{"not_picked":["UnstableBomb","Robbery","SuperPerseids"],"picked":"SKIP","floor":31.0},{"not_picked":["SuperNova","BigCrunch"],"picked":"MillisecondPulsars","floor":33.0}],"player_experience":401992,"relics_obtained":[{"floor":7.0,"key":"Regal Pillow"},{"floor":9.0,"key":"Lizard Tail"},{"floor":11.0,"key":"CaptainsWheel"},{"floor":26.0,"key":"Anchor"}],"event_choices":[{"cards_removed":["Defend_MRS"],"damage_healed":0.0,"max_hp_gain":0.0,"max_hp_loss":0.0,"gold_gain":0.0,"event_name":"The Cleric","player_choice":"Card Removal","floor":2.0,"gold_loss":75.0,"damage_taken":0.0},{"damage_healed":0.0,"max_hp_gain":0.0,"max_hp_loss":7.0,"gold_gain":0.0,"event_name":"Golden Idol","player_choice":"Lose Max HP","floor":4.0,"gold_loss":0.0,"damage_taken":0.0,"relics_obtained":["Golden Idol"]},{"damage_healed":0.0,"max_hp_gain":0.0,"max_hp_loss":0.0,"gold_gain":0.0,"event_name":"Scrap Ooze","player_choice":"Success","floor":5.0,"gold_loss":0.0,"damage_taken":11.0,"relics_obtained":["Bronze Scales"]},{"damage_healed":0.0,"max_hp_gain":0.0,"max_hp_loss":0.0,"gold_gain":50.0,"event_name":"Golden Shrine","player_choice":"Pray","floor":8.0,"gold_loss":0.0,"damage_taken":0.0},{"damage_healed":0.0,"max_hp_gain":0.0,"max_hp_loss":0.0,"gold_gain":50.0,"event_name":"Nest","player_choice":"Stole From Cult","floor":19.0,"gold_loss":0.0,"damage_taken":0.0},{"cards_removed":["Strike_MRS"],"damage_healed":0.0,"max_hp_gain":0.0,"max_hp_loss":0.0,"gold_gain":0.0,"event_name":"Back to Basics","player_choice":"Elegance","floor":27.0,"gold_loss":0.0,"damage_taken":0.0},{"damage_healed":0.0,"max_hp_gain":0.0,"max_hp_loss":0.0,"gold_gain":0.0,"event_name":"Forgotten Altar","player_choice":"Gave Idol","floor":29.0,"relics_lost":["Golden Idol"],"gold_loss":0.0,"damage_taken":0.0,"relics_obtained":["Bloody Idol"]},{"damage_healed":0.0,"max_hp_gain":0.0,"max_hp_loss":0.0,"gold_gain":0.0,"event_name":"Lab","player_choice":"Got Potions","floor":30.0,"gold_loss":0.0,"damage_taken":0.0}],"is_beta":false,"boss_relics":[{"not_picked":["Pandora\u0027s Box","Busted Crown"],"picked":"RampagingMagicTools"},{"not_picked":["SacredBark","Astrolabe"],"picked":"Sozu"}],"items_purged_floors":[14],"is_endless":false,"potions_floor_spawned":[7,10,11,13,18,31],"killed_by":"3 Darklings","ascension_level":20}}