{"host":"0r455zfix56tawas","time":1614027313,"event":{"mods":["AlwaysNeverKeys","BaseMod","Colored Powertips","Downfall","Highlight Path","Minty Spire (QoL Compilation)","StSLib","The Necromancer","The Servant 0.9.4"],"gold_per_floor":[118,134,134,149,149,149,164,164,164,187,187,205,205,205,205,325,325,344,344,362,377,246,246,282,282,282,282,298,298,298,322,322,451,451,465,485,505,838,887,887,907,907,987,987,554,128,128,128,128,128],"floor_reached":51,"language":"ENG","playtime":1708,"items_purged":["Writhe","Strike_W+1"],"score":680,"play_id":"d9a86b4c-51ba-4937-af25-f459106841ab","local_time":"20210222215513","is_ascension_mode":false,"campfire_choices":[{"data":"Life_Drain","floor":6,"key":"SMITH"},{"data":"Life_Drain","floor":8,"key":"SMITH"},{"data":"Acid_Javelin","floor":11,"key":"SMITH"},{"data":"Summon_Undead_Army","floor":13,"key":"SMITH"},{"data":"Negative_Energy_Arrows","floor":15,"key":"SMITH"},{"data":"Summon_Undead_Army","floor":23,"key":"SMITH"},{"data":"Bone_Armor","floor":25,"key":"SMITH"},{"data":"Shade_Step","floor":27,"key":"SMITH"},{"data":"Bone_Armory","floor":32,"key":"SMITH"},{"data":"Summon_Vampire_Lady","floor":40,"key":"SMITH"},{"data":"Bone_Wall","floor":42,"key":"SMITH"},{"data":"Negative_Energy_Sphere","floor":44,"key":"SMITH"},{"data":"Sadistic Nature","floor":47,"key":"SMITH"},{"data":"Summon_Undead_Army","floor":49,"key":"SMITH"}],"circlet_count":0,"master_deck":["Strike_W+1","Strike_W+1","Strike_W+1","Defend_W+1","Defend_W+1","Defend_W+1","Defend_W+1","Negative_Energy_Arrows+1","Bone_Wall+1","Life_Drain+1","Negative_Energy_Sphere+1","Life_Drain+1","Acid_Javelin+1","Summon_Undead_Army+1","Skeleton_Dragon","Bone_Armory+1","Necrotic_Claws+1","Bone_Armor+1","Summon_Undead_Army+1","Shade_Step+1","Summon_Vampire_Lady+1","Blood_Shield+1","Summon_Undead+1","Siphon_Strength+1","Siphon_Strength+1","Summon_Undead_Army+1","Summon_Lich","Summon_Lich","Sadistic Nature+1"],"relics":["Vampire_Amulet","Smiling Mask","Coffee Dripper","Shuriken","Matryoshka","Singing Bowl","The Courier","Meat on the Bone","Ancient Tea Set","Philosopher\u0027s Stone","WingedGreaves","Question Card","Bottled Lightning","Mummified Hand"],"acts_visited":["Exordium","TheCity","TheBeyond"],"potions_floor_usage":[39,50,50],"damage_taken":[{"damage":0,"enemies":"2 Louse","floor":1,"turns":3},{"damage":2,"enemies":"Jaw Worm","floor":2,"turns":5},{"damage":0,"enemies":"Small Slimes","floor":4,"turns":4},{"damage":7,"enemies":"Blue Slaver","floor":7,"turns":5},{"damage":9,"enemies":"Red Slaver","floor":10,"turns":7},{"damage":8,"enemies":"3 Louse","floor":12,"turns":6},{"damage":51,"enemies":"Slime Boss","floor":16,"turns":11},{"damage":0,"enemies":"3 Byrds","floor":18,"turns":4},{"damage":3,"enemies":"Chosen","floor":20,"turns":3},{"damage":19,"enemies":"Shelled Parasite and Fungi","floor":21,"turns":6},{"damage":35,"enemies":"Gremlin Leader","floor":24,"turns":5},{"damage":11,"enemies":"Snake Plant","floor":28,"turns":4},{"damage":15,"enemies":"Snecko","floor":31,"turns":3},{"damage":63,"enemies":"Automaton","floor":33,"turns":9},{"damage":14,"enemies":"Orb Walker","floor":35,"turns":3},{"damage":20,"enemies":"3 Darklings","floor":36,"turns":6},{"damage":42,"enemies":"Writhing Mass","floor":37,"turns":6},{"damage":33,"enemies":"2 Orb Walkers","floor":39,"turns":5},{"damage":20,"enemies":"Spire Growth","floor":41,"turns":4},{"damage":53,"enemies":"Donu and Deca","floor":50,"turns":7}],"seed_played":"921331063054730978","potions_obtained":[{"floor":1,"key":"SmokeBomb"},{"floor":12,"key":"BlessingOfTheForge"},{"floor":16,"key":"Block Potion"},{"floor":21,"key":"Strength Potion"},{"floor":28,"key":"champ:CounterPotion"}],"is_trial":false,"path_per_floor":["M","M","?","M","?","R","M","R","T","M","R","M","R","?","R","B",null,"M","?","M","M","$","R","E","R","T","R","M","?","T","M","R","B",null,"M","M","M","?","?","R","M","R","T","R","$","$","R","?","R","B",null],"character_chosen":"NECROMANCER","items_purchased":["Summon_Undead_Army","Bottled Lightning","Summon_Undead_Army","Summon_Lich","Summon_Lich","Mummified Hand","Slimebound:ThreeZeroPotion","Sadistic Nature"],"campfire_rested":0,"item_purchase_floors":[22,45,45,45,45,46,46,46],"current_hp_per_floor":[82,82,82,82,87,87,87,87,87,87,87,87,87,87,87,58,87,87,87,87,87,87,87,68,68,68,68,73,73,73,68,68,45,91,91,86,77,77,63,63,59,59,59,59,59,59,59,59,59,52],"gold":128,"neow_bonus":"TEN_PERCENT_HP_BONUS","is_daily":false,"chose_seed":false,"campfire_upgraded":14,"win_rate":0.0,"timestamp":1614027313,"path_taken":["M","M","?","M","?","R","M","R","T","M","R","M","R","?","R","BOSS","M","?","M","M","$","R","E","R","T","R","M","?","?","?","R","BOSS","M","M","M","?","?","R","M","R","T","R","$","$","R","?","R","BOSS"],"items_purchased_type":["Card","Relic","Card","Card","Card","Relic","Potion","Card"],"build_version":"2020-12-22","purchased_purges":2,"victory":true,"max_hp_per_floor":[82,82,82,82,87,87,87,87,87,87,87,87,87,87,87,87,87,87,87,87,87,87,87,87,87,87,87,89,89,89,91,91,91,91,91,91,91,91,91,91,93,93,93,93,93,93,93,88,88,88],"card_choices":[{"not_picked":["Pandemic","Epidemic"],"picked":"Life_Drain","floor":1},{"not_picked":["Consume_Illness","Death_March_Dance"],"picked":"Negative_Energy_Sphere","floor":2},{"not_picked":["Blood_Whip","Bone_Bullets"],"picked":"Life_Drain","floor":4},{"not_picked":["Bone_Shift","Shackles_Of_Pain","Epidemic"],"picked":"SKIP","floor":7},{"not_picked":["Bone_Spikes","Negative_Energy_Bomb"],"picked":"Acid_Javelin","floor":10},{"not_picked":["Toxic_Smoke_Screen","Scare"],"picked":"Summon_Undead_Army","floor":12},{"not_picked":["Requiem","Negative_Energy_Bomb"],"picked":"Skeleton_Dragon","floor":16},{"not_picked":["Strike_from_Beyond","Vampiric_Strike"],"picked":"Bone_Armory","floor":18},{"not_picked":["Shackles_Of_Pain","Scare"],"picked":"Necrotic_Claws+1","floor":20},{"not_picked":["Bone_Spikes","Summon_Undead_Army"],"picked":"Bone_Armor","floor":21},{"not_picked":["Blood_Curse","Vampiric_Strike"],"picked":"Shade_Step","floor":24},{"not_picked":["Life_Tap+1","Death_Knell","Deaths_Shadow"],"picked":"Singing Bowl","floor":28},{"not_picked":["Bones_to_Steel","Shackles_Of_Pain","Bone_Spikes"],"picked":"Singing Bowl","floor":31},{"not_picked":["Negative_Energy_Bomb","Grasp_Heart"],"picked":"Summon_Vampire_Lady","floor":33},{"not_picked":["Whirlwind_of_Bones","Negative_Energy_Burst+1"],"picked":"Blood_Shield+1","floor":35},{"not_picked":["Pandemic","Negative_Energy_Mist+1"],"picked":"Summon_Undead+1","floor":36},{"not_picked":["Chill_Blood","Blood_Curse"],"picked":"Siphon_Strength+1","floor":37},{"not_picked":["Shackles_Of_Pain","Toxic_Smoke_Screen"],"picked":"Siphon_Strength+1","floor":39},{"not_picked":["Blood_Curse+1","Bone_Shift+1","Death_March_Dance+1"],"picked":"Singing Bowl","floor":41}],"player_experience":1002080,"relics_obtained":[{"floor":9,"key":"Smiling Mask"},{"floor":24,"key":"Matryoshka"},{"floor":26,"key":"Singing Bowl"},{"floor":26,"key":"The Courier"},{"floor":30,"key":"Meat on the Bone"},{"floor":30,"key":"Ancient Tea Set"},{"floor":39,"key":"WingedGreaves"},{"floor":43,"key":"Question Card"}],"event_choices":[{"damage_healed":0,"gold_gain":0,"player_choice":"Take Wound","damage_taken":0,"relics_obtained":["Golden Idol"],"max_hp_gain":0,"max_hp_loss":0,"event_name":"Golden Idol","floor":3,"gold_loss":0,"cards_obtained":["Injury"]},{"damage_healed":0,"gold_gain":0,"player_choice":"Donut","damage_taken":0,"max_hp_gain":5,"max_hp_loss":0,"event_name":"Big Fish","floor":5,"gold_loss":0},{"cards_removed":["Injury"],"damage_healed":0,"gold_gain":0,"player_choice":"Forget","damage_taken":0,"max_hp_gain":0,"max_hp_loss":0,"event_name":"Living Wall","floor":14,"gold_loss":0},{"damage_healed":0,"gold_gain":0,"player_choice":"Opened","damage_taken":0,"relics_obtained":["Shuriken"],"max_hp_gain":0,"max_hp_loss":0,"event_name":"The Mausoleum","floor":19,"gold_loss":0,"cards_obtained":["Writhe"]},{"damage_healed":0,"gold_gain":0,"player_choice":"Simplicity","damage_taken":0,"max_hp_gain":0,"max_hp_loss":0,"event_name":"Back to Basics","floor":29,"gold_loss":0,"cards_upgraded":["Strike_W","Strike_W","Strike_W","Strike_W","Defend_W","Defend_W","Defend_W","Defend_W"]},{"damage_healed":0,"gold_gain":333,"player_choice":"Gave Idol","damage_taken":0,"max_hp_gain":0,"max_hp_loss":0,"event_name":"The Moai Head","floor":38,"relics_lost":["Golden Idol"],"gold_loss":0},{"damage_healed":0,"gold_gain":0,"player_choice":"Fight","damage_taken":0,"max_hp_gain":0,"max_hp_loss":0,"event_name":"Mysterious Sphere","floor":39,"gold_loss":0},{"damage_healed":0,"gold_gain":0,"player_choice":"Max HP","damage_taken":0,"max_hp_gain":0,"max_hp_loss":5,"event_name":"Winding Halls","floor":48,"gold_loss":0}],"is_beta":false,"boss_relics":[{"not_picked":["Velvet Choker","Cursed Key"],"picked":"Coffee Dripper"},{"not_picked":["Snecko Eye","Runic Dome"],"picked":"Philosopher\u0027s Stone"}],"items_purged_floors":[22,45],"is_endless":false,"potions_floor_spawned":[1,12,16,21,28,31,37],"ascension_level":0}}