{"host":"04hmnwiiducntwm3","time":1614025108,"event":{"mods":["Aspiration","BaseMod","Downfall","Energized Spire","GifTheSpireLib","Halation","Hubris","Infinite Spire","Minty Spire (QoL Compilation)","Relic Filter","Reliquary","Replay The Spire","Shop Mod","Spikes Relics","StSLib","The Jungle"],"gold_per_floor":[118,118,118,1,1,11,11,24,47,65,83,358,374,374,458,555,505,524,524,536,647,663,693,143,143,170,186,186,205,321,321,321,418,418,434,446,42,56,56,56,56,75,98,109,129,161,171,186,274,274],"floor_reached":51,"language":"ENG","playtime":2256,"items_purged":["Regret","Defend_R","ReplayTheSpireMod:Strike From Hell"],"score":597,"play_id":"6a33ac7d-b227-4668-a905-ee943281c24b","local_time":"20210222171828","is_ascension_mode":false,"campfire_choices":[{"data":"Reaper","floor":7.0,"key":"SMITH"},{"floor":32.0,"key":"REST"},{"floor":40,"key":"REST"}],"circlet_count":0,"master_deck":["Strike_R+1","Strike_R+1","Strike_R+1","Strike_R+1","Strike_R+1","Defend_R+1","Defend_R+1","Bash","Sword Boomerang","Reaper+1","Flex","Searing Blow+1","Barricade","Impervious","Strike_R+1","infinitespire:OneForAll","infinitespire:DeathsTouch","infinitespire:NeuralNetwork","Body Slam+1","Inflame+1","Exhume","Flex","Demon Form","Sword Boomerang+1","infinitespire:Collect","Dagger Spray","Flex+1","Impervious"],"relics":["Burning Blood","hubris:Icosahedron","reliquary:Boomerang","energizedSpire:HugeHouse","White Beast Statue","reliquary:TuningFork","aspiration:Nostalgia","hubris:DisguiseKit","MerchantsRug","halation:PinkSoulGem","Gremlin Food","hubris:Zylophone","SacredBark","BlackRope","SpikesRelics:DaevaFist","halation:BlackBeret"],"acts_visited":["Exordium","TheCity","TheBeyond"],"potions_floor_usage":[38,38,46,50,50,50],"damage_taken":[{"damage":0.0,"enemies":"2 Louse","floor":1.0,"turns":3.0},{"damage":25.0,"enemies":"Jaw Worm","floor":6.0,"turns":4.0},{"damage":6.0,"enemies":"Cultist","floor":8.0,"turns":3.0},{"damage":49.0,"enemies":"Large Slime","floor":10.0,"turns":8.0},{"damage":25.0,"enemies":"Gremlin Gang","floor":11.0,"turns":3.0},{"damage":22.0,"enemies":"Blue Slaver","floor":13.0,"turns":3.0},{"damage":87.0,"enemies":"The Guardian","floor":16.0,"turns":11.0},{"damage":33.0,"enemies":"Shell Parasite","floor":18.0,"turns":8.0},{"damage":37.0,"enemies":"3 Byrds","floor":20.0,"turns":4.0},{"damage":31.0,"enemies":"Shelled Parasite and Fungi","floor":21.0,"turns":7.0},{"damage":16.0,"enemies":"Cultist and Chosen","floor":22.0,"turns":6.0},{"damage":78.0,"enemies":"Gremlin Leader","floor":23.0,"turns":6.0},{"damage":0.0,"enemies":"Snecko","floor":27.0,"turns":4.0},{"damage":45.0,"enemies":"3 Cultists","floor":29.0,"turns":5.0},{"damage":0.0,"enemies":"Snake Plant","floor":30.0,"turns":2.0},{"damage":32.0,"enemies":"Champ","floor":33.0,"turns":6.0},{"damage":41,"enemies":"3 Darklings","floor":35,"turns":4},{"damage":27,"enemies":"3 Shapes","floor":36,"turns":3},{"damage":3,"enemies":"Maw","floor":38,"turns":4},{"damage":37,"enemies":"3 Darklings","floor":42,"turns":4},{"damage":35,"enemies":"Sphere and 2 Shapes","floor":44,"turns":3},{"damage":6,"enemies":"Transient","floor":45,"turns":5},{"damage":23,"enemies":"R_Hoarder","floor":46,"turns":4},{"damage":19,"enemies":"Maw","floor":47,"turns":4},{"damage":7,"enemies":"Writhing Mass","floor":48,"turns":4},{"damage":49,"enemies":"Replay:Hell Engine","floor":50,"turns":7}],"seed_played":"7581909126539684051","potions_obtained":[{"floor":1.0,"key":"SteroidPotion"},{"floor":6.0,"key":"SkillPotion"},{"floor":13.0,"key":"Fire Potion"},{"floor":14.0,"key":"Regen Potion"},{"floor":16.0,"key":"BlessingOfTheForge"},{"floor":18.0,"key":"Energy Potion"},{"floor":20.0,"key":"Weak Potion"},{"floor":21.0,"key":"Regen Potion"},{"floor":22.0,"key":"Death Potion"},{"floor":23.0,"key":"BlessingOfTheForge"},{"floor":27.0,"key":"BloodPotion"},{"floor":29.0,"key":"Fire Potion"},{"floor":30.0,"key":"BlessingOfTheForge"},{"floor":33.0,"key":"Energy Potion"},{"floor":35,"key":"PowerPotion"},{"floor":36,"key":"hexamod:SoulburnPotion"},{"floor":38,"key":"Dexterity Potion"},{"floor":42,"key":"Dexterity Potion"},{"floor":45,"key":"SteroidPotion"},{"floor":46,"key":"BloodPotion"}],"is_trial":false,"path_per_floor":["M","?","?","$","?","M","R","M","T","M","M","?","M","?","R","B",null,"M","AVR","M","M","M","E","$","?","T","M","?","M","M","T","R","B",null,"M","M","$","M","?","R","AVR","M","T","M","M","E","M","M","R","B",null],"character_chosen":"IRONCLAD","items_purchased":["Reaper","aspiration:Nostalgia","hubris:DisguiseKit","MerchantsRug","BlackRope"],"campfire_rested":2,"item_purchase_floors":[4,24,24,24,37],"current_hp_per_floor":[88,81,81,81,81,67,67,69,69,40,73,73,63,63,63,10,83,56,56,31,12,73,16,16,16,16,22,22,11,18,18,42,22,83,48,54,54,57,57,81,81,70,70,51,56,61,54,53,53,57],"gold":274,"neow_bonus":"TEN_PERCENT_HP_BONUS","is_daily":false,"chose_seed":false,"campfire_upgraded":1,"win_rate":0.0,"timestamp":1614025108,"path_taken":["M","?","?","$","?","M","R","M","T","M","?","?","?","?","R","BOSS","M","AVR","?","M","M","E","$","?","T","M","?","M","M","?","R","BOSS","M","M","$","?","?","R","AVR","M","T","M","M","E","?","M","R","BOSS"],"items_purchased_type":["Card","Relic","Relic","Relic","Relic"],"build_version":"2020-12-22","purchased_purges":3,"victory":true,"max_hp_per_floor":[88,88,88,88,88,88,88,88,88,88,88,88,88,88,88,88,83,83,83,83,83,83,83,83,83,83,83,83,83,83,83,83,83,83,83,83,83,83,83,83,83,83,83,83,83,83,83,83,83,83],"card_choices":[{"not_picked":["Body Slam","Bloodletting"],"picked":"Sword Boomerang","floor":1.0},{"not_picked":["Anger","Fire Breathing","Replay:Undeath\u0027s Touch"],"picked":"SKIP","floor":6.0},{"not_picked":["Shockwave","Sword Boomerang"],"picked":"Flex","floor":8.0},{"not_picked":["Headbutt","Wild Strike"],"picked":"Searing Blow","floor":10.0},{"not_picked":["Armaments","Bloodletting","Pommel Strike"],"picked":"SKIP","floor":11.0},{"not_picked":["Warcry","Infernal Blade"],"picked":"Barricade","floor":13.0},{"not_picked":["Eclipse","Hemogenesis"],"picked":"Impervious","floor":16.0},{"not_picked":["Reckless Charge","True Grit"],"picked":"infinitespire:OneForAll","floor":18.0},{"not_picked":["Fire Breathing","Rage","Iron Wave"],"picked":"SKIP","floor":20.0},{"not_picked":["Fire Breathing","Rage","Iron Wave"],"picked":"SKIP","floor":20.0},{"not_picked":["ReplayTheSpireMod:Strike From Hell+1","Fire Breathing+1"],"picked":"Body Slam+1","floor":21.0},{"not_picked":["Searing Blow","Iron Wave"],"picked":"Inflame+1","floor":22.0},{"not_picked":["Uppercut","Headbutt","Bloodletting"],"picked":"SKIP","floor":23.0},{"not_picked":["hubris:CleavingFinish","ReplayTheSpireMod:Strike From Hell","Flying Knee"],"picked":"Exhume","floor":27.0},{"not_picked":["Cleave","Sever Soul","InfectiousVector"],"picked":"Flex","floor":29.0},{"not_picked":["Searing Blow","Anger+1","Shockwave","Dodge and Roll"],"picked":"SKIP","floor":30.0},{"not_picked":["Bludgeon","Juggernaut","Envenom"],"picked":"Demon Form","floor":33.0},{"not_picked":["Shrug It Off","Havoc","Intimidate","ReplayTheSpireMod:Scrap Shanks"],"picked":"SKIP","floor":35},{"not_picked":["Warcry","Burning Pact","Iron Wave+1","Blade Dance"],"picked":"SKIP","floor":36},{"not_picked":["ReplayTheSpireMod:Limb From Limb+1","Life Link","Deflect"],"picked":"Sword Boomerang+1","floor":38},{"not_picked":["Headbutt","Run Through+1","Dark Embrace"],"picked":"Dagger Spray","floor":42},{"not_picked":["Havoc","Reckless Charge","Bloodletting","Noxious Fumes"],"picked":"SKIP","floor":44},{"not_picked":["True Grit+1","Clash+1","ReplayTheSpireMod:Shiv Toss"],"picked":"Flex+1","floor":45},{"not_picked":["Twin Strike+1","hubris:SharpeningStone+1","True Grit+1","Dagger Spray"],"picked":"SKIP","floor":46},{"not_picked":["Thunderclap","Replay:Undeath\u0027s Touch","hubris:Counter"],"picked":"Impervious","floor":47},{"not_picked":["Metallicize+1","Burning Pact","Twin Strike+1","Dodge and Roll"],"picked":"SKIP","floor":48}],"player_experience":390723,"relics_obtained":[{"floor":9.0,"key":"reliquary:Boomerang"},{"floor":23.0,"key":"reliquary:TuningFork"},{"floor":26.0,"key":"Gremlin Food"},{"floor":31.0,"key":"hubris:Zylophone"},{"floor":43,"key":"SpikesRelics:DaevaFist"},{"floor":46,"key":"halation:BlackBeret"}],"event_choices":[{"cards_removed":["Defend_R"],"damage_healed":0.0,"max_hp_gain":0.0,"max_hp_loss":0.0,"gold_gain":0.0,"event_name":"Golden Wing","player_choice":"Card Removal","floor":2.0,"gold_loss":0.0,"damage_taken":7.0},{"damage_healed":0.0,"max_hp_gain":0.0,"max_hp_loss":0.0,"gold_gain":275.0,"event_name":"Golden Shrine","player_choice":"Desecrate","floor":12.0,"gold_loss":0.0,"damage_taken":0.0,"cards_obtained":["Regret"]},{"damage_healed":0.0,"max_hp_gain":0.0,"max_hp_loss":0.0,"gold_gain":0.0,"event_name":"Lab","player_choice":"Got Potions","floor":14.0,"gold_loss":0.0,"damage_taken":0.0},{"damage_healed":0.0,"max_hp_gain":0.0,"max_hp_loss":0.0,"gold_gain":0.0,"event_name":"Back to Basics","player_choice":"Simplicity","floor":28.0,"gold_loss":0.0,"damage_taken":0.0,"cards_upgraded":["Strike_R","Strike_R","Strike_R","Strike_R","Strike_R","Defend_R","Defend_R","Strike_R"]},{"damage_healed":0,"gold_gain":0,"player_choice":"Bought 0 Potions","damage_taken":0,"max_hp_gain":0,"max_hp_loss":0,"event_name":"The Woman in Blue","floor":39,"gold_loss":0}],"is_beta":false,"boss_relics":[{"not_picked":["Ectoplasm","energizedSpire:TabascoSauce"],"picked":"energizedSpire:HugeHouse"},{"not_picked":["energizedSpire:RedRose","energizedSpire:DecayingSkull"],"picked":"SacredBark"}],"items_purged_floors":[19,24,37],"is_endless":false,"potions_floor_spawned":[1,6,13,16,18,20,21,22,23,27,29,30,33,35,36,38,42,44,45,46,47,48],"ascension_level":0}}