{"host":"3ybhqvo0i2lca5e4","time":1614016588,"event":{"mods":["Act Like it!","BaseMod","Colored Powertips","Hermit","Lobotomy","Marisa£®ÏF”Í°°ƒß¿Ì…≥£©","Minty Spire (QoL Compilation)","SIMod","StSLib","Youmu£®ªÍ∆«—˝√Œ£©"],"gold_per_floor":[109,125,140,150,150,150,162,162,162,174,187,187,187,21,21,125,125,135,155,254,254,254,254],"floor_reached":22,"language":"ZHS","playtime":912,"items_purged":[],"score":178,"play_id":"8fbe7c76-e8c0-4f30-87ad-2c1c174b8bd8","local_time":"20210223015628","is_ascension_mode":false,"campfire_choices":[{"data":"Terror","floor":6,"key":"SMITH"},{"data":"Bane","floor":8,"key":"SMITH"},{"data":"Noxious Fumes","floor":12,"key":"SMITH"},{"data":"Neutralize","floor":15,"key":"SMITH"}],"circlet_count":0,"master_deck":["Strike_G","Strike_G","Strike_G","Strike_G","Strike_G","Defend_G","Defend_G","Defend_G","Defend_G","Defend_G","Survivor","Neutralize+1","Flying Knee","Terror+1","Well Laid Plans","Escape Plan","Bane+1","Dagger Throw","Noxious Fumes+1","Acrobatics","Corpse Explosion","Deadly Poison","Sucker Punch"],"relics":["Ring of the Snake","Ancient Tea Set","FossilizedHelix","Membership Card","Black Star"],"acts_visited":["Exordium","TheCity"],"potions_floor_usage":[22],"damage_taken":[{"damage":0,"enemies":"Small Slimes","floor":1,"turns":4},{"damage":5,"enemies":"Jaw Worm","floor":2,"turns":4},{"damage":4,"enemies":"2 Louse","floor":3,"turns":4},{"damage":4,"enemies":"Looter","floor":4,"turns":3},{"damage":4,"enemies":"2 Fungi Beasts","floor":7,"turns":4},{"damage":2,"enemies":"Blue Slaver","floor":10,"turns":4},{"damage":0,"enemies":"Large Slime","floor":11,"turns":5},{"damage":34,"enemies":"Hexaghost","floor":16,"turns":8},{"damage":20,"enemies":"Spheric Guardian","floor":18,"turns":5},{"damage":14,"enemies":"3 Byrds","floor":19,"turns":4},{"damage":35,"enemies":"Cultist and Chosen","floor":22,"turns":4}],"seed_played":"-4621323401515008799","potions_obtained":[{"floor":2,"key":"Poison Potion"},{"floor":10,"key":"LiquidBronze"},{"floor":11,"key":"Fire Potion"}],"is_trial":false,"path_per_floor":["M","M","M","M","?","R","M","R","T","M","M","R","?","$","R","B",null,"M","M","?","?","M"],"character_chosen":"THE_SILENT","items_purchased":["Membership Card","Acrobatics"],"campfire_rested":0,"item_purchase_floors":[14,14],"current_hp_per_floor":[70,65,61,57,57,57,53,53,53,51,51,51,56,56,56,22,75,55,41,41,27,0,0],"gold":254,"neow_bonus":"RANDOM_COMMON_RELIC","is_daily":false,"chose_seed":false,"campfire_upgraded":4,"win_rate":0.0,"timestamp":1614016588,"path_taken":["M","M","M","M","?","R","M","R","T","M","M","R","?","$","R","BOSS","M","M","?","?","M"],"items_purchased_type":["Relic","Card"],"build_version":"2020-12-22","purchased_purges":0,"victory":false,"max_hp_per_floor":[70,70,70,70,70,70,70,70,70,70,70,70,75,75,75,75,75,75,75,75,80,80,80],"card_choices":[{"not_picked":["Tactician","Dodge and Roll"],"picked":"Flying Knee","floor":1},{"not_picked":["Underhanded Strike","Blur"],"picked":"Terror","floor":2},{"not_picked":["Crippling Poison","PiercingWail"],"picked":"Well Laid Plans","floor":3},{"not_picked":["Dodge and Roll","Deflect"],"picked":"Escape Plan","floor":4},{"not_picked":["Blur","Backstab"],"picked":"Bane","floor":7},{"not_picked":["Leg Sweep","Deflect"],"picked":"Dagger Throw","floor":10},{"not_picked":["Tactician","Outmaneuver"],"picked":"Noxious Fumes","floor":11},{"not_picked":["Malaise","Bullet Time"],"picked":"Corpse Explosion","floor":16},{"not_picked":["Backstab","Underhanded Strike"],"picked":"Deadly Poison","floor":18},{"not_picked":["Bane","Expertise"],"picked":"Sucker Punch","floor":19}],"player_experience":58957,"relics_obtained":[{"floor":9,"key":"FossilizedHelix"}],"event_choices":[{"damage_healed":0,"gold_gain":0,"player_choice":"Ignored","damage_taken":0,"max_hp_gain":0,"max_hp_loss":0,"event_name":"Golden Idol","floor":5,"gold_loss":0},{"damage_healed":0,"gold_gain":0,"player_choice":"Donut","damage_taken":0,"max_hp_gain":5,"max_hp_loss":0,"event_name":"Big Fish","floor":13,"gold_loss":0},{"damage_healed":0,"gold_gain":99,"player_choice":"Stole From Cult","damage_taken":0,"max_hp_gain":0,"max_hp_loss":0,"event_name":"Nest","floor":20,"gold_loss":0},{"damage_healed":0,"gold_gain":0,"player_choice":"Shed Blood","damage_taken":19,"max_hp_gain":5,"max_hp_loss":0,"event_name":"Forgotten Altar","floor":21,"gold_loss":0}],"is_beta":false,"boss_relics":[{"not_picked":["Busted Crown","Sozu"],"picked":"Black Star"}],"items_purged_floors":[],"is_endless":false,"potions_floor_spawned":[2,10,11,18,19],"killed_by":"Cultist and Chosen","ascension_level":0}}