{"host":"snampf0t8p8psf53","time":1614020766,"event":{"mods":["AchievementEnabler","BaseMod","Bestiary","DeckTracker","Minty Spire (QoL Compilation)","Permanent Neow","SuperFastMode"],"gold_per_floor":[217,227,245,25,25,25,60,60,87,87,105,138,138,138,138],"floor_reached":14,"language":"ENG","playtime":522,"items_purged":[],"score":103,"play_id":"87fd2ca0-39ea-4c0c-996a-49353e4c79f8","local_time":"20210222110606","is_ascension_mode":true,"campfire_choices":[{"data":"Seek","floor":6,"key":"SMITH"},{"floor":10,"key":"REST"}],"circlet_count":0,"master_deck":["Strike_B","Strike_B+1","Strike_B","Strike_B+1","Defend_B","Defend_B","Defend_B","Defend_B","Zap","Dualcast","Capacitor+1","Ball Lightning","Coolheaded","Seek+1","Static Discharge","Barrage","Consume","Barrage","Aggregate","Good Instincts"],"relics":["Cracked Core","Whetstone","Question Card"],"acts_visited":["Exordium"],"potions_floor_usage":[12,12,12],"damage_taken":[{"damage":1,"enemies":"Cultist","floor":1,"turns":3},{"damage":1,"enemies":"Jaw Worm","floor":2,"turns":5},{"damage":2,"enemies":"Small Slimes","floor":3,"turns":3},{"damage":38,"enemies":"3 Sentries","floor":7,"turns":7},{"damage":12,"enemies":"Exordium Thugs","floor":11,"turns":4},{"damage":27,"enemies":"Gremlin Nob","floor":12,"turns":4},{"damage":20,"enemies":"3 Sentries","floor":14,"turns":3}],"seed_played":"-4323345261444449619","potions_obtained":[{"floor":1,"key":"Explosive Potion"},{"floor":2,"key":"LiquidBronze"},{"floor":11,"key":"FearPotion"}],"is_trial":false,"path_per_floor":["M","M","M","$","?","R","E","$","T","R","M","E","?","E"],"character_chosen":"DEFECT","items_purchased":["Seek","Static Discharge"],"campfire_rested":1,"item_purchase_floors":[4,4],"current_hp_per_floor":[74,73,71,71,71,71,33,33,33,55,43,16,16,0,0],"gold":138,"neow_bonus":"HUNDRED_GOLD","is_daily":false,"chose_seed":false,"campfire_upgraded":1,"win_rate":0.0,"timestamp":1614020766,"path_taken":["M","?","M","$","?","R","E","$","T","R","M","E","?","E"],"items_purchased_type":["Card","Card"],"build_version":"2020-12-22","purchased_purges":0,"victory":false,"max_hp_per_floor":[75,75,75,75,75,75,75,75,75,75,75,75,75,75,75],"card_choices":[{"not_picked":["FTL","Genetic Algorithm"],"picked":"Capacitor","floor":1},{"not_picked":["Turbo","Blizzard"],"picked":"Ball Lightning","floor":2},{"not_picked":["Force Field","Ball Lightning"],"picked":"Coolheaded","floor":3},{"not_picked":["Sweeping Beam","Go for the Eyes"],"picked":"Barrage","floor":7},{"not_picked":["Turbo","Streamline"],"picked":"Consume","floor":11},{"not_picked":["Rebound","Sweeping Beam"],"picked":"Barrage","floor":12}],"player_experience":171666,"relics_obtained":[{"floor":7,"key":"Whetstone"},{"floor":12,"key":"Question Card"}],"event_choices":[{"damage_healed":0,"gold_gain":0,"player_choice":"Grow","damage_taken":0,"max_hp_gain":0,"max_hp_loss":0,"event_name":"Living Wall","floor":5,"gold_loss":0,"cards_upgraded":["Capacitor"]},{"damage_healed":0,"gold_gain":0,"player_choice":"2 cards matched","damage_taken":0,"max_hp_gain":0,"max_hp_loss":0,"event_name":"Match and Keep!","floor":13,"gold_loss":0,"cards_obtained":["Aggregate","Good Instincts"]}],"is_beta":false,"boss_relics":[],"items_purged_floors":[],"is_endless":false,"potions_floor_spawned":[1,2,11],"killed_by":"3 Sentries","ascension_level":1}}