{"host":"hk6dj51uwihyiztj","time":1614018692,"event":{"mods":["BaseMod","Block Reminder","Infinite Spire","Minty Spire (QoL Compilation)","Permanent Neow","Quick Restart","Reliquary","Replay The Spire","StSLib","SuperFastMode","The Runesmith","Together in Spire"],"gold_per_floor":[111,126,144,160,160,186,186,214,214,225,225,96,124,143,143,242,242,253,253,193,193,193,223,3,3,83,83,83,118,131,131,131,229,229,244,244,168,181,192,192,206,206,232,232,267,267,267,278,278,278],"floor_reached":51,"language":"ENG","playtime":4594,"items_purged":["Runesmith:UnstableHammer"],"score":756,"play_id":"8cbef412-caa9-4738-93e8-2db9e353addd","local_time":"20210222193132","is_ascension_mode":false,"campfire_choices":[{"data":"Runesmith:CraftFirestone","floor":7,"key":"SMITH"},{"floor":11,"key":"REST"},{"floor":15,"key":"REST"},{"floor":25,"key":"REST"},{"floor":27,"key":"REST"},{"floor":32,"key":"REST"},{"floor":40,"key":"REST"},{"floor":42,"key":"REST"},{"data":"Runesmith:MetallurgicalResearch","floor":46,"key":"SMITH"},{"floor":49,"key":"REST"}],"circlet_count":0,"master_deck":["Runesmith:CraftFirestone+1","Runesmith:Fortify","Runesmith:BackupBattery","Runesmith:EarthShield+1","Runesmith:CraftProtectio","Runesmith:BackupBattery+1","Runesmith:DoubleUp+1","ReplayTheSpireMod:Private Reserves","Master of Strategy","Runesmith:MetallurgicalResearch+1","Runesmith:CraftMagma","Runesmith:Duplicate","Runesmith:EarthShield","Runesmith:PerfectChisel","Runesmith:Firestorm+1","Runesmith:RunicBlueprint","Runesmith:HeatExchange","Runesmith:CraftProtectio","Runesmith:HeatedChisel","Runesmith:Grindstone+1","Runesmith:Reinforce","Runesmith:MetallurgicalResearch+1","Runesmith:CraftPrismatica","CurseOfTheBell","Runesmith:Empowerment+1","Mayhem","Flash of Steel","Runesmith:DoubleUp","Runesmith:HeatExchange","Runesmith:LightningRod","Parasite","Runesmith:BackupBattery"],"relics":["Runesmith:BrokenRuby","Replay:Towering Pillar of Hats","ReplayTheSpireMod:ShopPack","Ginger","Replay:Grab Bag","reliquary:RedPaperclip","ReplayTheSpireMod:DimensionalGlitch","Pandora\u0027s Box","ReplayTheSpireMod:Ring of Exchange","Ring of Searing","Ice Cream","Replay:WaspNest","Philosopher\u0027s Stone","Bag of Preparation","Calling Bell","Pocketwatch","reliquary:Buckler","Sundial","Pet Ghost","reliquary:Spinner","Mirror"],"acts_visited":["Exordium","TheCity","TheBeyond"],"potions_floor_usage":[33],"damage_taken":[{"damage":0,"enemies":"Small Slimes","floor":1,"turns":3},{"damage":4,"enemies":"Jaw Worm","floor":2,"turns":5},{"damage":0,"enemies":"Cultist","floor":3,"turns":5},{"damage":1,"enemies":"3 Louse","floor":4,"turns":6},{"damage":19,"enemies":"Lagavulin","floor":6,"turns":9},{"damage":30,"enemies":"3 Sentries","floor":8,"turns":13},{"damage":1,"enemies":"Blue Slaver","floor":10,"turns":5},{"damage":6,"enemies":"Replay:BlueRogue","floor":13,"turns":7},{"damage":16,"enemies":"Exordium Thugs","floor":14,"turns":5},{"damage":0,"enemies":"Hexaghost","floor":16,"turns":8},{"damage":6,"enemies":"Chosen","floor":18,"turns":5},{"damage":20,"enemies":"2 Thieves","floor":20,"turns":4},{"damage":21,"enemies":"Book of Stabbing","floor":23,"turns":6},{"damage":9,"enemies":"Replay:Snechameleon","floor":29,"turns":6},{"damage":20,"enemies":"Centurion and Healer","floor":30,"turns":6},{"damage":10,"enemies":"Automaton","floor":33,"turns":9},{"damage":23,"enemies":"3 Shapes","floor":35,"turns":6},{"damage":0,"enemies":"3 Darklings","floor":38,"turns":14},{"damage":13,"enemies":"4 Shapes","floor":39,"turns":3},{"damage":39,"enemies":"Jaw Worm Horde","floor":41,"turns":6},{"damage":26,"enemies":"Giant Head","floor":45,"turns":9},{"damage":0,"enemies":"Writhing Mass","floor":48,"turns":5},{"damage":15,"enemies":"Donu and Deca","floor":50,"turns":7}],"seed_played":"5762577594186992455","potions_obtained":[{"floor":1,"key":"Flashbang"},{"floor":2,"key":"SneckoOil"},{"floor":10,"key":"Regen Potion"},{"floor":33,"key":"Explosive Potion"}],"is_trial":true,"path_per_floor":["M","M","M","M","?","E","R","E","T","M","R","$","E","M","R","B",null,"M","?","M","?","?","E","$","R","T","R","AVR","E","M","?","R","B",null,"M","?","$","M","M","R","M","R","T","?","E","R","T","M","R","B",null],"character_chosen":"RUNESMITH_CLASS","items_purchased":["ReplayTheSpireMod:ShopPack","Runesmith:MetallurgicalResearch","Runesmith:DoubleUp"],"campfire_rested":8,"item_purchase_floors":[12,24,37],"current_hp_per_floor":[70,66,66,65,65,46,46,16,16,15,36,36,30,14,35,35,70,64,64,44,44,31,10,10,32,32,54,54,45,25,25,47,46,75,52,37,37,37,24,46,7,29,29,66,40,40,40,40,59,44],"gold":278,"neow_bonus":"","is_daily":false,"chose_seed":false,"campfire_upgraded":2,"win_rate":0.0,"timestamp":1614018692,"path_taken":["M","M","M","M","?","E","R","E","T","M","R","$","E","M","R","BOSS","M","?","M","?","?","E","?","R","T","R","AVR","E","M","?","R","BOSS","M","?","$","M","M","R","M","R","T","?","E","R","?","M","R","BOSS"],"items_purchased_type":["Relic","Card","Card"],"build_version":"2020-12-22","purchased_purges":1,"victory":true,"max_hp_per_floor":[70,70,70,70,70,70,70,70,70,70,70,70,70,70,70,70,70,70,70,70,70,75,75,75,75,75,75,75,75,75,75,75,75,75,75,75,75,75,75,75,75,75,75,66,66,66,66,66,66,66],"card_choices":[{"not_picked":["Runesmith:RuneHurl","Runesmith:ChiselStab"],"picked":"Runesmith:BackupBattery","floor":1},{"not_picked":["Runesmith:HeatedChisel","Runesmith:CraftReservo"],"picked":"Runesmith:EarthShield","floor":2},{"not_picked":["Runesmith:HeatedChisel","Runesmith:Overpower","Runesmith:CraftObretio"],"picked":"SKIP","floor":3},{"not_picked":["Runesmith:Grindstone","Runesmith:MakeshiftArmor"],"picked":"Runesmith:CraftProtectio","floor":4},{"not_picked":["Runesmith:Repurpose","Runesmith:EarthShield"],"picked":"Runesmith:BackupBattery","floor":6},{"not_picked":["Runesmith:EnergizedChisel","Runesmith:MakeshiftArmor"],"picked":"Runesmith:DoubleUp","floor":8},{"not_picked":["Runesmith:HammerThrow","Runesmith:PerfectChisel","Runesmith:HammerTime"],"picked":"SKIP","floor":10},{"not_picked":["ReplayUltimateDefense","Violence"],"picked":"ReplayTheSpireMod:Private Reserves","floor":12},{"not_picked":["The Bomb","Metamorphosis"],"picked":"Master of Strategy","floor":12},{"not_picked":["Runesmith:Attraction","Runesmith:PoweredAnvil"],"picked":"Runesmith:MetallurgicalResearch","floor":13},{"not_picked":["Runesmith:StaticCage","Runesmith:BackupBattery"],"picked":"Runesmith:CraftMagma","floor":14},{"not_picked":["Runesmith:Supernova","Runesmith:ArcReactor"],"picked":"Runesmith:Duplicate","floor":16},{"not_picked":["Runesmith:PoweredAnvil","Runesmith:CraftProtectio+1"],"picked":"Runesmith:Grindstone+1","floor":18},{"not_picked":["Runesmith:Prism","Runesmith:Terraform"],"picked":"Runesmith:Reinforce","floor":20},{"not_picked":["Runesmith:LithiumIon+1","Runesmith:NegativeSpace+1","Runesmith:StaticCage"],"picked":"SKIP","floor":23},{"not_picked":["Runesmith:NanitesCloud","Runesmith:ShiftingStrike","Runesmith:Repurpose"],"picked":"SKIP","floor":29},{"not_picked":["Runesmith:CraftVitae","Runesmith:CraftProtectio","Runesmith:LithiumIon"],"picked":"SKIP","floor":30},{"not_picked":["Runesmith:DuctTape","Runesmith:CraftIndustria"],"picked":"Runesmith:CraftPrismatica","floor":33},{"not_picked":["Runesmith:EarthShield+1","Runesmith:Attraction+1"],"picked":"Runesmith:Empowerment+1","floor":35},{"not_picked":["Replay:Sssssssssshield","Flash of Steel"],"picked":"Mayhem","floor":36},{"not_picked":["Apotheosis","PanicButton"],"picked":"Flash of Steel","floor":36},{"not_picked":["Runesmith:PoweredAnvil","Runesmith:Grindstone+1"],"picked":"Runesmith:HeatExchange","floor":38},{"not_picked":["Runesmith:MakeshiftArmor+1","Runesmith:StaticCage+1","Runesmith:Electrocute+1"],"picked":"SKIP","floor":39},{"not_picked":["Runesmith:HeatedChisel+1","Runesmith:MakeshiftArmor","Runesmith:CraftSpiculum+1"],"picked":"SKIP","floor":41},{"not_picked":["Runesmith:ArcReactor","Runesmith:Augment+1"],"picked":"Runesmith:LightningRod","floor":45},{"not_picked":["Runesmith:EnergizedChisel","Runesmith:EarthShield+1"],"picked":"Runesmith:BackupBattery","floor":48}],"player_experience":121606,"relics_obtained":[{"floor":6,"key":"Replay:Towering Pillar of Hats"},{"floor":8,"key":"Gremlin Food"},{"floor":9,"key":"Quantum Egg"},{"floor":13,"key":"Ginger"},{"floor":19,"key":"ReplayTheSpireMod:Ring of Exchange"},{"floor":19,"key":"Ring of Searing"},{"floor":23,"key":"Ice Cream"},{"floor":26,"key":"Replay:WaspNest"},{"floor":29,"key":"Bag of Preparation"},{"floor":34,"key":"Pocketwatch"},{"floor":34,"key":"reliquary:Buckler"},{"floor":34,"key":"Sundial"},{"floor":43,"key":"Pet Ghost"},{"floor":45,"key":"reliquary:Spinner"},{"floor":47,"key":"Mirror"}],"event_choices":[{"damage_healed":0,"gold_gain":0,"player_choice":"Leave","damage_taken":0,"max_hp_gain":0,"max_hp_loss":0,"event_name":"The Cleric","floor":5,"gold_loss":0},{"damage_healed":0,"gold_gain":0,"player_choice":"Shed Blood","damage_taken":18,"max_hp_gain":5,"max_hp_loss":0,"event_name":"Forgotten Altar","floor":22,"gold_loss":0},{"damage_healed":0,"gold_gain":0,"player_choice":"Forge","damage_taken":0,"max_hp_gain":0,"max_hp_loss":0,"event_name":"Accursed Blacksmith","floor":31,"gold_loss":0,"cards_upgraded":["Runesmith:DoubleUp"]},{"damage_healed":0,"gold_gain":0,"player_choice":"Memory 3","damage_taken":10,"max_hp_gain":0,"max_hp_loss":0,"event_name":"SensoryStone","floor":36,"gold_loss":0},{"damage_healed":66,"gold_gain":0,"player_choice":"Heal","damage_taken":0,"max_hp_gain":0,"max_hp_loss":9,"event_name":"The Moai Head","floor":44,"gold_loss":0}],"is_beta":false,"boss_relics":[{"not_picked":["Kintsugi","Runesmith:UraniumAnvil"],"picked":"Replay:Grab Bag"},{"not_picked":["reliquary:Ember","reliquary:RedCape"],"picked":"reliquary:RedPaperclip"},{"not_picked":["ChewingGum","Velvet Choker"],"picked":"ReplayTheSpireMod:DimensionalGlitch"},{"not_picked":["Runesmith:PocketReactor","Runic Pyramid"],"picked":"Pandora\u0027s Box"},{"not_picked":["Busted Crown","Frozen Eye"],"picked":"Calling Bell"}],"items_purged_floors":[24],"is_endless":false,"potions_floor_spawned":[1,2,10,16,29,30,33,39,41],"ascension_level":0}}