{"host":"f6f8cjhjgha9mpdq","time":1614009243,"event":{"mods":["BaseMod","Colored Map","DeckTracker","Keyboard Shortcuts","Minty Spire (QoL Compilation)","Permanent Neow","Quick Restart","Random Character Button","Relic Stats","StSLib","SuperFastMode"],"gold_per_floor":[111,127,140,140,140,140,140,140,140,163,163,188,188,207,207,300,300,324,340,176,176,200,200,200],"floor_reached":23,"language":"KOR","playtime":786,"items_purged":["Strike_R"],"score":391,"play_id":"7979bfe9-d7af-416b-9613-64b317bc986d","local_time":"20210223005403","is_ascension_mode":true,"campfire_choices":[{"data":"Feed","floor":6.0,"key":"SMITH"},{"data":"Pommel Strike","floor":8.0,"key":"SMITH"},{"data":"Flame Barrier","floor":13,"key":"SMITH"},{"data":"Burning Pact","floor":15,"key":"SMITH"}],"circlet_count":0,"master_deck":["AscendersBane","Strike_R","Strike_R","Strike_R","Strike_R","Defend_R","Defend_R","Defend_R","Defend_R","Bash","Feed+1","Pommel Strike+1","Headbutt","Flame Barrier+1","Parasite","Armaments+1","Burning Pact+1","Bludgeon","Second Wind","Evolve+1","Pummel","Battle Trance"],"relics":["Burning Blood","Golden Idol","Du-Vu Doll","Bottled Lightning","Mark of Pain"],"acts_visited":["TheCity"],"potions_floor_usage":[16,16,23],"damage_taken":[{"damage":4.0,"enemies":"Small Slimes","floor":1.0,"turns":4.0},{"damage":19.0,"enemies":"Jaw Worm","floor":2.0,"turns":6.0},{"damage":9.0,"enemies":"2 Louse","floor":3.0,"turns":3.0},{"damage":12.0,"enemies":"Blue Slaver","floor":10.0,"turns":4.0},{"damage":5,"enemies":"3 Louse","floor":12,"turns":3},{"damage":14,"enemies":"Gremlin Gang","floor":14,"turns":4},{"damage":26,"enemies":"Slime Boss","floor":16,"turns":8},{"damage":27,"enemies":"Spheric Guardian","floor":18,"turns":5},{"damage":29,"enemies":"Shell Parasite","floor":19,"turns":6},{"damage":36,"enemies":"Snake Plant","floor":22,"turns":4},{"damage":15,"enemies":"Gremlin Leader","floor":23,"turns":2}],"seed_played":"-5636674594645076711","potions_obtained":[{"floor":1.0,"key":"CultistPotion"},{"floor":2.0,"key":"BlessingOfTheForge"},{"floor":22,"key":"AttackPotion"}],"is_trial":false,"path_per_floor":["M","M","M","?","?","R","?","R","T","M","?","M","R","M","R","B",null,"M","M","$","?","M","E"],"character_chosen":"IRONCLAD","items_purchased":["Pummel"],"campfire_rested":0,"item_purchase_floors":[20],"current_hp_per_floor":[55,45,45,16,5,5,26,26,26,24,24,29,29,25,25,9,77,56,37,37,37,11,0,0],"gold":200,"neow_bonus":"THREE_RARE_CARDS","is_daily":false,"chose_seed":false,"campfire_upgraded":4,"win_rate":0.0,"timestamp":1614009243,"path_taken":["M","M","M","?","?","R","?","R","T","M","?","M","R","?","R","BOSS","M","M","$","?","M","E"],"items_purchased_type":["Card"],"build_version":"2020-12-22","purchased_purges":1,"victory":false,"max_hp_per_floor":[78,81,84,84,84,84,84,84,84,88,88,92,92,96,96,100,100,100,104,104,104,108,108,108],"relic_stats":{"counters":[11,49],"Golden Idol":46,"obtain_stats":[{"Du-Vu Doll":5,"Golden Idol":4,"Mark of Pain":17,"Bottled Lightning":9,"Burning Blood":0},{"Du-Vu Doll":3,"Golden Idol":3,"Mark of Pain":7,"Bottled Lightning":3,"Burning Blood":0},{"Du-Vu Doll":13,"Golden Idol":13,"Mark of Pain":32,"Bottled Lightning":13,"Burning Blood":0}],"Burning Blood":60},"card_choices":[{"not_picked":["Demon Form","Fiend Fire"],"picked":"Feed","floor":0.0},{"not_picked":["Infernal Blade","Perfected Strike"],"picked":"Pommel Strike","floor":1.0},{"not_picked":["Anger","Perfected Strike"],"picked":"Headbutt","floor":2.0},{"not_picked":["Havoc","Pommel Strike"],"picked":"Flame Barrier","floor":3.0},{"not_picked":["Heavy Blade","Sentinel"],"picked":"Armaments","floor":10.0},{"not_picked":["Metallicize","Infernal Blade","Bloodletting"],"picked":"SKIP","floor":12},{"not_picked":["Dropkick","True Grit"],"picked":"Burning Pact","floor":14},{"not_picked":["Juggernaut","Berserk"],"picked":"Bludgeon","floor":16},{"not_picked":["Armaments","Flame Barrier"],"picked":"Second Wind","floor":18},{"not_picked":["Body Slam","Clothesline"],"picked":"Evolve","floor":19},{"not_picked":["Wild Strike","Intimidate"],"picked":"Battle Trance","floor":22}],"player_experience":590857,"relics_obtained":[{"floor":9.0,"key":"Bottled Lightning"}],"event_choices":[{"damage_healed":0.0,"max_hp_gain":0.0,"max_hp_loss":0.0,"gold_gain":0.0,"event_name":"Golden Idol","player_choice":"Take Damage","floor":4.0,"gold_loss":0.0,"damage_taken":29.0,"relics_obtained":["Golden Idol"]},{"damage_healed":0.0,"max_hp_gain":0.0,"max_hp_loss":0.0,"gold_gain":0.0,"event_name":"Scrap Ooze","player_choice":"Success","floor":5.0,"gold_loss":0.0,"damage_taken":11.0,"relics_obtained":["Du-Vu Doll"]},{"damage_healed":21.0,"max_hp_gain":0.0,"max_hp_loss":0.0,"gold_gain":0.0,"event_name":"Mushrooms","player_choice":"Healed and dodged fight","floor":7.0,"gold_loss":0.0,"damage_taken":0.0,"cards_obtained":["Parasite"]},{"damage_healed":0,"gold_gain":0,"player_choice":"Grow","damage_taken":0,"max_hp_gain":0,"max_hp_loss":0,"event_name":"Living Wall","floor":11,"gold_loss":0,"cards_upgraded":["Armaments"]},{"damage_healed":0,"gold_gain":0,"player_choice":"Upgraded","damage_taken":0,"max_hp_gain":0,"max_hp_loss":0,"event_name":"Upgrade Shrine","floor":21,"gold_loss":0,"cards_upgraded":["Evolve"]}],"is_beta":false,"boss_relics":[{"not_picked":["SlaversCollar","Black Blood"],"picked":"Mark of Pain"}],"items_purged_floors":[20],"is_endless":false,"potions_floor_spawned":[1,2,22],"killed_by":"Gremlin Leader","ascension_level":20}}