{"host":"kaame4qwxxqnygv7","time":1614001041,"event":{"mods":["AchievementEnabler","BaseMod","Better Match","Better Skull","Better Third Choice","BetterRewards","Block Reminder","Bossed Relics","DeckTracker","Energized Spire","GungeonMod","Minty Spire (QoL Compilation)","Quick Restart","Red Circlet Mod","StSLib","SuperFastMode","The Blue Laboratory"],"gold_per_floor":[112,60,75,250,250,250,250],"floor_reached":6,"language":"KOR","playtime":235,"items_purged":[],"score":49,"play_id":"ab06a3d5-e17c-442c-8b19-678a15760ae1","local_time":"20210222223721","is_ascension_mode":true,"campfire_choices":[],"circlet_count":0,"master_deck":["Strike_G","Strike_G","Strike_G","Strike_G","Strike_G","Defend_G","Defend_G","Defend_G","Defend_G","Defend_G","Survivor","Neutralize","Cloak And Dagger+1","Acrobatics+1","Doubt"],"relics":["Ring of the Snake","Toxic Egg 2","Gambling Chip","HandDrill","DemoMod:GnawedKey","Nunchaku","Golden Idol"],"acts_visited":["Exordium"],"potions_floor_usage":[3],"damage_taken":[{"damage":2,"enemies":"Cultist","floor":1,"turns":4},{"damage":0,"enemies":"Jaw Worm","floor":3,"turns":3},{"damage":20,"enemies":"3 Sentries","floor":6,"turns":10}],"seed_played":"-1419652109962726862","potions_obtained":[],"is_trial":false,"path_per_floor":["M","$","M","?","?","E"],"character_chosen":"THE_SILENT","items_purchased":["Toxic Egg 2","HandDrill","DemoMod:GnawedKey","Nunchaku","blueLaboratory:FruitPunch"],"campfire_rested":0,"item_purchase_floors":[0,0,0,0,2],"current_hp_per_floor":[29,29,31,31,31,11,11],"gold":250,"neow_bonus":"","is_daily":false,"chose_seed":false,"campfire_upgraded":0,"win_rate":0.0,"timestamp":1614001041,"path_taken":["M","?","M","?","?","E"],"items_purchased_type":["Relic","Relic","Relic","Relic","Potion"],"build_version":"2020-12-22","purchased_purges":0,"victory":false,"max_hp_per_floor":[70,70,72,72,67,67,67],"card_choices":[{"not_picked":["Dagger Throw","Dagger Spray"],"picked":"Cloak And Dagger+1","floor":1},{"not_picked":["Sucker Punch","Flying Knee"],"picked":"Acrobatics+1","floor":3}],"player_experience":318562,"relics_obtained":[],"event_choices":[{"damage_healed":0,"gold_gain":175,"player_choice":"AGREE","damage_taken":75,"max_hp_gain":0,"max_hp_loss":0,"event_name":"betterThird:BetterSerpent","floor":4,"gold_loss":0},{"damage_healed":0,"gold_gain":0,"player_choice":"Lose Max HP","damage_taken":0,"relics_obtained":["Golden Idol"],"max_hp_gain":0,"max_hp_loss":5,"event_name":"Golden Idol","floor":5,"gold_loss":0}],"is_beta":false,"boss_relics":[],"items_purged_floors":[],"is_endless":false,"potions_floor_spawned":[],"killed_by":"3 Sentries","ascension_level":9}}