{"host":"sxaoifcprvg3ww0o","time":1614004885,"event":{"mods":["ATMod(∞¢Ë™Mod)","Act Like it!","Arknights","BaseMod","Downfall","Gensokyo","GifTheSpireLib","Hermit","KinomotoSakuraMod(ƒæ÷Æ±æ”£)","Marisa£®ÏF”Í°°ƒß¿Ì…≥£©","Minty Spire (QoL Compilation)","Prisma Mod","Quick Restart","Reimu£®≤©¿ˆ¡È√Œ£©","Reliquary","Remilia£®¿Ÿ√◊¿Ú—«£©","Replay The Spire","StSLib","The Alterego","The Senshi","Waifu the Spire","Yakumo Yukari mod","Youmu£®ªÍ∆«—˝√Œ£©","Yuyuko","°æ“≈ŒÔø®≈∆°øREMEMod"],"gold_per_floor":[114,132,12,12,25,58,58,58,58,58,58,71,0,134,134,511,511,527,527,527,527,527,659,67,67,67],"floor_reached":25,"language":"ZHS","playtime":1466,"items_purged":[],"score":435,"play_id":"fe827dd7-81f3-4c28-8a1f-8366a8d0e043","local_time":"20210222224125","is_ascension_mode":true,"campfire_choices":[{"data":"AT_DivineConfetti","floor":8,"key":"SMITH"},{"data":"MagicChant","floor":10,"key":"SMITH"},{"data":"AT_TinkerSharpsword","floor":15,"key":"SMITH"}],"circlet_count":0,"master_deck":["AscendersBane","Strike_G","Strike_G","Strike_G","Strike_G","Defend_G","Defend_G","Defend_G","Defend_G","Defend_G","Survivor","Neutralize","AT_DivineConfetti+1","MagicChant+1","Acrobatics","AT_WindFlip","ReplayTheSpireMod:Speed Training","Flying Knee","AT_ThistleTea+1","Underhanded Strike","AT_TinkerSharpsword+1","Phantasmal Killer","Gensokyo:FourOfAKind","Gensokyo:FourOfAKind","Gensokyo:FourOfAKind","Gensokyo:FourOfAKind","Gensokyo:ManorOfTheDishes","ReplayTheSpireMod:Scrap Shanks","Gensokyo:LockedMedkit","Gensokyo:ManorOfTheDishes","Gensokyo:BlemishedSteel","Gensokyo:ScrapIron","Gensokyo:Taser","Gensokyo:RPG"],"relics":["Ring of the Snake","REME_ComplimentaryCards","AT_ATBox","AT_TheCollector","Shuriken","reliquary:SharkskinSheath","InkBottle","Basket Of Snakes","expansioncontent:StudyCardRelic","AT_BladeRuinedKing","Gremlin Horn","reliquary:FingerTrap","DollysMirror"],"acts_visited":["Exordium","Gensokyo:Gensokyo"],"potions_floor_usage":[6,16,16,25],"damage_taken":[{"damage":18,"enemies":"Gensokyo:2_Kodama","floor":1,"turns":5},{"damage":7,"enemies":"Gensokyo:Python","floor":2,"turns":6},{"damage":13,"enemies":"Gensokyo:Gryphon","floor":5,"turns":5},{"damage":20,"enemies":"Gensokyo:Cirno","floor":6,"turns":6},{"damage":5,"enemies":"Gensokyo:Kitsune","floor":12,"turns":2},{"damage":8,"enemies":"Gensokyo:Mamizou","floor":14,"turns":10},{"damage":38,"enemies":"Gensokyo:Reimu","floor":16,"turns":10},{"damage":23,"enemies":"Gensokyo:CosmicMonolith","floor":18,"turns":4},{"damage":29,"enemies":"Gensokyo:Reisen","floor":23,"turns":5},{"damage":4,"enemies":"Gensokyo:3_Dogs","floor":25,"turns":1}],"seed_played":"-719533549043464630","potions_obtained":[{"floor":5,"key":"ColorlessPotion"},{"floor":6,"key":"Ancient Potion"},{"floor":14,"key":"SkillPotion"},{"floor":23,"key":"PowerPotion"}],"is_trial":false,"path_per_floor":["M","M","COS","$","M","E","?","R","T","R","?","M","?","E","R","B",null,"M","?","?","T","?","E","COS","M"],"character_chosen":"THE_SILENT","items_purchased":[],"campfire_rested":0,"item_purchase_floors":[],"current_hp_per_floor":[47,40,40,40,27,7,25,25,25,25,25,20,55,47,47,9,56,33,33,33,33,33,4,4,0,0],"gold":67,"neow_bonus":"TEN_PERCENT_HP_BONUS","is_daily":false,"chose_seed":false,"campfire_upgraded":3,"win_rate":0.0,"timestamp":1614004885,"path_taken":["M","?","COS","?","M","E","?","R","T","R","?","?","?","E","R","BOSS","M","?","?","?","?","E","COS","M"],"items_purchased_type":[],"build_version":"2020-12-22","purchased_purges":0,"victory":false,"max_hp_per_floor":[72,72,72,72,72,72,72,72,72,72,72,72,72,72,72,72,72,72,72,47,47,42,42,42,42,42],"card_choices":[{"not_picked":["Tactician","ReplayTheSpireMod:Exploit Weakness"],"picked":"Acrobatics","floor":1},{"not_picked":["Underhanded Strike","Choke"],"picked":"AT_WindFlip","floor":2},{"not_picked":["ReplayTheSpireMod:Tripwire","Quick Slash"],"picked":"ReplayTheSpireMod:Speed Training","floor":5},{"not_picked":["Deflect","Glass Knife"],"picked":"Flying Knee","floor":6},{"not_picked":["Sucker Punch","PiercingWail"],"picked":"Underhanded Strike","floor":12},{"not_picked":["Outmaneuver","Cloak And Dagger"],"picked":"AT_TinkerSharpsword","floor":14},{"not_picked":["Doppelganger","Unload"],"picked":"Phantasmal Killer","floor":16},{"not_picked":["Dagger Throw","Caltrops","Riddle With Holes+1"],"picked":"SKIP","floor":18},{"not_picked":["Gensokyo:SpontaneousHumanCombustion","Gensokyo:Kunekune"],"picked":"Gensokyo:ManorOfTheDishes","floor":22},{"not_picked":["Cloak And Dagger","Outmaneuver"],"picked":"ReplayTheSpireMod:Scrap Shanks","floor":23}],"player_experience":604329,"relics_obtained":[{"floor":6,"key":"AT_TheCollector"},{"floor":9,"key":"Shuriken"},{"floor":14,"key":"Basket Of Snakes"},{"floor":21,"key":"AT_BladeRuinedKing"},{"floor":23,"key":"Gremlin Horn"}],"event_choices":[],"is_beta":false,"boss_relics":[{"not_picked":["REME_DemonsWealth","Replay:Wanted Poster"],"picked":"expansioncontent:StudyCardRelic"}],"items_purged_floors":[],"is_endless":false,"potions_floor_spawned":[5,6,14,23],"killed_by":"Gensokyo:3_Dogs","ascension_level":20}}