{"host":"92kgk6frc09v07nq","time":1614035298,"event":{"mods":["BaseMod","Minty Spire (QoL Compilation)"],"gold_per_floor":[118,118,130,130,146,173,173,190,236,247,247,262,46,64,64,164,164,179,10,10,27,39,39,73,73,98,130,130,149,149,29,29,139,139,164,183,209,230,289,289,314,330,409,101,133,64,64,86,86,86,86],"floor_reached":50,"language":"ENG","playtime":2069,"items_purged":["Strike_P","Strike_P","Strike_P"],"score":635,"play_id":"81fd03fd-f3a9-4600-8e60-7d1acdc88491","local_time":"20210222170818","is_ascension_mode":true,"campfire_choices":[{"data":"BattleHymn","floor":7.0,"key":"SMITH"},{"data":"Eruption","floor":11.0,"key":"SMITH"},{"floor":15.0,"key":"REST"},{"data":"Devotion","floor":23.0,"key":"SMITH"},{"floor":28.0,"key":"REST"},{"data":"Halt","floor":32.0,"key":"SMITH"},{"floor":40.0,"key":"REST"},{"floor":47.0,"key":"REST"},{"floor":49,"key":"RECALL"}],"circlet_count":0,"master_deck":["Strike_P+1","Defend_P","Defend_P","Defend_P","Defend_P","Eruption+1","Vigilance","FollowUp+1","TalkToTheHand+1","ReachHeaven","BattleHymn+1","Perseverance","Tantrum","Halt+1","Evaluate","DeceiveReality","Devotion+1","CutThroughFate+1","EmptyBody","MentalFortress","Halt+1","Establishment+1","DevaForm","InnerPeace+1","ThirdEye","Protect+1","TalkToTheHand","ClearTheMind+1","FearNoEvil+1","Parasite","FlyingSleeves+1","ThirdEye","SandsOfTime"],"relics":["PureWater","Lantern","Eternal Feather","Damaru","Membership Card","VioletLotus","Mummified Hand","CeramicFish","Regal Pillow","The Courier","Lizard Tail","Runic Dome","Du-Vu Doll","Pear","ClockworkSouvenir","Whetstone","Torii","Bag of Marbles"],"acts_visited":["Exordium","TheCity","TheBeyond"],"potions_floor_usage":[48],"damage_taken":[{"damage":0.0,"enemies":"Small Slimes","floor":1.0,"turns":2.0},{"damage":0.0,"enemies":"Cultist","floor":3.0,"turns":2.0},{"damage":0.0,"enemies":"2 Louse","floor":5.0,"turns":1.0},{"damage":27.0,"enemies":"3 Sentries","floor":6.0,"turns":7.0},{"damage":22.0,"enemies":"Exordium Wildlife","floor":8.0,"turns":3.0},{"damage":6.0,"enemies":"3 Louse","floor":10.0,"turns":3.0},{"damage":10.0,"enemies":"Gremlin Gang","floor":12.0,"turns":3.0},{"damage":9.0,"enemies":"Looter","floor":14.0,"turns":3.0},{"damage":21.0,"enemies":"Hexaghost","floor":16.0,"turns":7.0},{"damage":26.0,"enemies":"2 Thieves","floor":18.0,"turns":3.0},{"damage":1.0,"enemies":"Chosen","floor":21.0,"turns":3.0},{"damage":0.0,"enemies":"Snecko","floor":22.0,"turns":5.0},{"damage":24.0,"enemies":"Slavers","floor":24.0,"turns":5.0},{"damage":49.0,"enemies":"Gremlin Leader","floor":27.0,"turns":5.0},{"damage":13.0,"enemies":"Shelled Parasite and Fungi","floor":29.0,"turns":4.0},{"damage":42.0,"enemies":"Collector","floor":33.0,"turns":8.0},{"damage":29.0,"enemies":"3 Darklings","floor":35.0,"turns":5.0},{"damage":5.0,"enemies":"3 Shapes","floor":36.0,"turns":6.0},{"damage":25.0,"enemies":"Sphere and 2 Shapes","floor":37.0,"turns":6.0},{"damage":34.0,"enemies":"Transient","floor":38.0,"turns":5.0},{"damage":0.0,"enemies":"Mind Bloom Boss Battle","floor":39.0,"turns":6.0},{"damage":20.0,"enemies":"3 Darklings","floor":41.0,"turns":5.0},{"damage":17.0,"enemies":"Maw","floor":42.0,"turns":7.0},{"damage":52.0,"enemies":"Writhing Mass","floor":45.0,"turns":6.0},{"damage":32,"enemies":"3 Darklings","floor":48,"turns":6},{"damage":114,"enemies":"Time Eater","floor":50,"turns":5}],"seed_played":"-679474475805631375","potions_obtained":[{"floor":10.0,"key":"Energy Potion"},{"floor":12.0,"key":"Strength Potion"},{"floor":16.0,"key":"DuplicationPotion"},{"floor":21.0,"key":"ColorlessPotion"},{"floor":29.0,"key":"SpeedPotion"},{"floor":33.0,"key":"Dexterity Potion"},{"floor":35.0,"key":"FairyPotion"},{"floor":38.0,"key":"FairyPotion"},{"floor":48,"key":"FearPotion"}],"is_trial":false,"path_per_floor":["M","?","M","?","M","E","R","M","T","M","R","M","$","M","R","B",null,"M","$","?","M","M","R","E","T","T","E","R","M","?","$","R","B",null,"M","M","M","M","?","R","M","M","T","$","M","$","R","M","R","B"],"character_chosen":"WATCHER","items_purchased":["Membership Card","Evaluate","Mummified Hand","Lizard Tail","ClockworkSouvenir","Whetstone","Torii","Bag of Marbles","ThirdEye"],"campfire_rested":4,"item_purchase_floors":[13,13,19,31,44,44,44,46,46],"current_hp_per_floor":[72,77,77,77,77,50,56,34,34,28,37,27,27,18,50,29,65,39,39,64,63,63,75,51,51,51,2,52,39,39,39,51,9,60,31,26,1,6,6,59,39,22,32,32,8,8,67,35,53,0,0],"gold":86,"neow_bonus":"RANDOM_COMMON_RELIC","is_daily":false,"chose_seed":false,"campfire_upgraded":4,"win_rate":0.0,"timestamp":1614035298,"path_taken":["M","?","M","?","M","E","R","?","T","M","R","M","$","M","R","BOSS","M","$","?","M","M","R","E","?","T","E","R","M","?","$","R","BOSS","M","?","?","M","?","R","M","M","T","$","M","?","R","M","R","BOSS"],"items_purchased_type":["Relic","Card","Relic","Relic","Relic","Relic","Relic","Relic","Card"],"build_version":"2020-12-22","purchased_purges":3,"victory":false,"max_hp_per_floor":[72,77,77,77,77,77,77,77,77,77,77,77,77,77,77,77,77,77,77,77,77,77,77,77,77,77,77,77,77,77,77,77,77,77,77,77,77,77,77,77,77,77,87,87,87,87,87,87,87,87,87],"card_choices":[{"not_picked":["EmptyFist","Halt"],"picked":"FollowUp","floor":1.0},{"not_picked":["SashWhip","InnerPeace"],"picked":"TalkToTheHand","floor":3.0},{"not_picked":["Perseverance","SashWhip"],"picked":"ReachHeaven","floor":5.0},{"not_picked":["FlurryOfBlows","Consecrate"],"picked":"BattleHymn","floor":6.0},{"not_picked":["FollowUp","Vault"],"picked":"Perseverance","floor":8.0},{"not_picked":["ClearTheMind","Evaluate"],"picked":"Tantrum","floor":10.0},{"not_picked":["Indignation","CrushJoints"],"picked":"Halt","floor":12.0},{"not_picked":["JustLucky","FlyingSleeves"],"picked":"DeceiveReality","floor":14.0},{"not_picked":["Brilliance","Ragnarok"],"picked":"Devotion","floor":16.0},{"not_picked":["FlyingSleeves","Consecrate"],"picked":"CutThroughFate+1","floor":18.0},{"not_picked":["SashWhip","BowlingBash"],"picked":"EmptyBody","floor":21.0},{"not_picked":["WheelKick","Sanctity"],"picked":"MentalFortress","floor":22.0},{"not_picked":["Prostrate","ClearTheMind+1"],"picked":"Halt+1","floor":24.0},{"not_picked":["Indignation","Worship","CrushJoints"],"picked":"SKIP","floor":27.0},{"not_picked":["EmptyBody","ThirdEye+1"],"picked":"Establishment","floor":29.0},{"not_picked":["Scrawl","DeusExMachina"],"picked":"DevaForm","floor":33.0},{"not_picked":["ForeignInfluence","Consecrate+1"],"picked":"InnerPeace+1","floor":35.0},{"not_picked":["Crescendo+1","CrushJoints"],"picked":"ThirdEye","floor":36.0},{"not_picked":["CutThroughFate","EmptyFist"],"picked":"Protect+1","floor":37.0},{"not_picked":["Omniscience","ClearTheMind"],"picked":"TalkToTheHand","floor":38.0},{"not_picked":["Vengeance+1","WreathOfFlame"],"picked":"ClearTheMind+1","floor":39.0},{"not_picked":["Crescendo","BowlingBash"],"picked":"FearNoEvil+1","floor":41.0},{"not_picked":["Consecrate","FollowUp","PathToVictory+1"],"picked":"SKIP","floor":42.0},{"not_picked":["Adaptation","JustLucky+1"],"picked":"FlyingSleeves+1","floor":45.0},{"not_picked":["PathToVictory+1","ThirdEye"],"picked":"SandsOfTime","floor":48}],"player_experience":1065846,"relics_obtained":[{"floor":6.0,"key":"Eternal Feather"},{"floor":9.0,"key":"Damaru"},{"floor":24.0,"key":"CeramicFish"},{"floor":26.0,"key":"Regal Pillow"},{"floor":27.0,"key":"The Courier"},{"floor":39.0,"key":"Du-Vu Doll"},{"floor":43.0,"key":"Pear"}],"event_choices":[{"damage_healed":0.0,"max_hp_gain":5.0,"max_hp_loss":0.0,"gold_gain":0.0,"event_name":"Big Fish","player_choice":"Donut","floor":2.0,"gold_loss":0.0,"damage_taken":0.0},{"damage_healed":0.0,"max_hp_gain":0.0,"max_hp_loss":0.0,"gold_gain":0.0,"event_name":"Accursed Blacksmith","player_choice":"Forge","floor":4.0,"gold_loss":0.0,"damage_taken":0.0,"cards_upgraded":["TalkToTheHand"]},{"damage_healed":25.0,"max_hp_gain":0.0,"max_hp_loss":0.0,"gold_gain":0.0,"event_name":"The Library","player_choice":"Heal","floor":20.0,"gold_loss":0.0,"damage_taken":0.0},{"damage_healed":0.0,"max_hp_gain":0.0,"max_hp_loss":0.0,"gold_gain":0.0,"event_name":"Upgrade Shrine","player_choice":"Upgraded","floor":30.0,"gold_loss":0.0,"damage_taken":0.0,"cards_upgraded":["Establishment"]},{"damage_healed":0.0,"max_hp_gain":0.0,"max_hp_loss":0.0,"gold_gain":0.0,"event_name":"MindBloom","player_choice":"Fight","floor":39.0,"gold_loss":0.0,"damage_taken":0.0}],"is_beta":false,"boss_relics":[{"not_picked":["Calling Bell","SacredBark"],"picked":"VioletLotus"},{"not_picked":["Fusion Hammer","Pandora\u0027s Box"],"picked":"Runic Dome"}],"items_purged_floors":[13,19,44],"is_endless":false,"potions_floor_spawned":[10,12,16,21,29,33,35,38,41,48],"killed_by":"Time Eater","ascension_level":5}}