{"host":"dkr0dog13pegamnp","time":1614000012,"event":{"mods":["AchievementEnabler","BaseMod","Minty Spire (QoL Compilation)","Rare Cards Sparkle","StSLib","SuperFastMode","everything is the same but u backflip on backflip"],"gold_per_floor":[116,116,131,54,65,65,84,84,111,124,124,144,158,170,170,270,270,289,388,388,168,183,183,194,228,228,228,228,259,276,276,276,375,375,386,406,406,406],"floor_reached":37,"language":"KOR","playtime":893,"items_purged":["Strike_G"],"score":725,"play_id":"c6ce5478-f046-4987-8750-27150490c680","local_time":"20210222222012","is_ascension_mode":true,"campfire_choices":[{"data":"Accuracy","floor":6.0,"key":"SMITH"},{"data":"Blade Dance","floor":8.0,"key":"SMITH"},{"data":"Blade Dance","floor":11.0,"key":"SMITH"},{"data":"Finisher","floor":15.0,"key":"SMITH"},{"data":"Dagger Spray","floor":23.0,"key":"SMITH"},{"data":"Neutralize","floor":28.0,"key":"SMITH"},{"data":"PiercingWail","floor":32.0,"key":"SMITH"}],"circlet_count":0,"master_deck":["AscendersBane","Strike_G","Strike_G","Strike_G","Defend_G","Defend_G","Defend_G","Defend_G","Defend_G","Survivor","Neutralize+1","Blade Dance+1","Accuracy+1","Blade Dance+1","Dagger Spray+1","Finisher+1","PiercingWail+1","Tactician+1","Phantasmal Killer"],"relics":["Ring of the Snake","NeowsBlessing","Oddly Smooth Stone","SlaversCollar","PreservedInsect","Toy Ornithopter","Tiny Chest","MutagenicStrength","Bird Faced Urn","HoveringKite"],"acts_visited":["Exordium","TheCity","TheBeyond"],"potions_floor_usage":[37],"damage_taken":[{"damage":0.0,"enemies":"Small Slimes","floor":1.0,"turns":1.0},{"damage":0.0,"enemies":"Cultist","floor":3.0,"turns":1.0},{"damage":0.0,"enemies":"Jaw Worm","floor":5.0,"turns":1.0},{"damage":4.0,"enemies":"Large Slime","floor":7.0,"turns":7.0},{"damage":0.0,"enemies":"Exordium Wildlife","floor":10.0,"turns":4.0},{"damage":7.0,"enemies":"3 Louse","floor":12.0,"turns":2.0},{"damage":8.0,"enemies":"Gremlin Gang","floor":13.0,"turns":3.0},{"damage":6.0,"enemies":"Large Slime","floor":14.0,"turns":4.0},{"damage":10.0,"enemies":"The Guardian","floor":16.0,"turns":8.0},{"damage":0.0,"enemies":"Shell Parasite","floor":18.0,"turns":2.0},{"damage":9.0,"enemies":"3 Byrds","floor":22.0,"turns":4.0},{"damage":0.0,"enemies":"Snake Plant","floor":24.0,"turns":2.0},{"damage":0.0,"enemies":"Gremlin Leader","floor":25.0,"turns":3.0},{"damage":0.0,"enemies":"Book of Stabbing","floor":29.0,"turns":1.0},{"damage":9.0,"enemies":"Chosen and Byrds","floor":30.0,"turns":5.0},{"damage":41.0,"enemies":"Collector","floor":33.0,"turns":8.0},{"damage":0.0,"enemies":"3 Darklings","floor":35.0,"turns":7.0},{"damage":56,"enemies":"3 Shapes","floor":36,"turns":7},{"damage":25,"enemies":"Sphere and 2 Shapes","floor":37,"turns":3}],"seed_played":"-5975150481231332422","potions_obtained":[{"floor":7.0,"key":"CunningPotion"},{"floor":12.0,"key":"Swift Potion"},{"floor":14.0,"key":"CultistPotion"},{"floor":16.0,"key":"Fire Potion"},{"floor":18.0,"key":"FearPotion"},{"floor":30.0,"key":"PowerPotion"},{"floor":33.0,"key":"DistilledChaos"},{"floor":36,"key":"Strength Potion"}],"is_trial":false,"path_per_floor":["M","?","M","$","M","R","M","R","T","M","R","M","M","M","R","B",null,"M","?","?","$","M","R","M","E","T","?","R","E","M","?","R","B",null,"M","M","M"],"character_chosen":"THE_SILENT","items_purchased":["Accuracy","PreservedInsect"],"campfire_rested":0,"item_purchase_floors":[4,21],"current_hp_per_floor":[63,63,63,63,63,63,59,59,59,59,59,52,44,38,38,28,60,60,60,60,60,51,51,51,51,51,51,51,51,44,44,44,12,56,63,9,0,0],"gold":406,"neow_bonus":"THREE_ENEMY_KILL","is_daily":false,"chose_seed":false,"campfire_upgraded":7,"win_rate":0.0,"timestamp":1614000012,"path_taken":["M","?","M","$","M","R","M","R","T","?","R","M","M","M","R","BOSS","M","?","?","$","M","R","M","E","T","?","R","E","?","?","R","BOSS","M","M","M"],"items_purchased_type":["Card","Relic"],"build_version":"2020-12-22","purchased_purges":1,"victory":false,"max_hp_per_floor":[70,70,70,70,70,70,70,70,70,70,70,70,70,70,70,70,70,70,70,70,70,70,70,70,70,70,70,70,70,70,70,70,70,70,70,70,70,70],"card_choices":[{"not_picked":["Reflex","Backflip"],"picked":"Blade Dance","floor":1.0},{"not_picked":["Prepared","Dagger Throw","Reflex"],"picked":"SKIP","floor":3.0},{"not_picked":["Dodge and Roll","Masterful Stab","Acrobatics"],"picked":"SKIP","floor":5.0},{"not_picked":["Eviscerate","Skewer"],"picked":"Blade Dance","floor":7.0},{"not_picked":["Poisoned Stab","Quick Slash"],"picked":"Dagger Spray","floor":10.0},{"not_picked":["Tools of the Trade","Underhanded Strike","Dodge and Roll"],"picked":"SKIP","floor":12.0},{"not_picked":["Deadly Poison","Outmaneuver"],"picked":"Finisher","floor":13.0},{"not_picked":["Heel Hook","All Out Attack"],"picked":"PiercingWail","floor":14.0},{"not_picked":["Eviscerate","Outmaneuver","Acrobatics"],"picked":"SKIP","floor":18.0},{"not_picked":["Quick Slash","Dodge and Roll","Heel Hook"],"picked":"SKIP","floor":22.0},{"not_picked":["PiercingWail+1","Masterful Stab","Quick Slash"],"picked":"SKIP","floor":24.0},{"not_picked":["Skewer","Heel Hook+1"],"picked":"Tactician+1","floor":25.0},{"not_picked":["Dagger Spray","Grand Finale","Slice"],"picked":"SKIP","floor":29.0},{"not_picked":["Quick Slash","Underhanded Strike","Leg Sweep"],"picked":"SKIP","floor":30.0},{"not_picked":["Bullet Time","Wraith Form v2"],"picked":"Phantasmal Killer","floor":33.0},{"not_picked":["Quick Slash","Deadly Poison","Bane"],"picked":"SKIP","floor":35.0},{"not_picked":["Setup+1","PiercingWail","Riddle With Holes"],"picked":"SKIP","floor":36}],"player_experience":87834,"relics_obtained":[{"floor":9.0,"key":"Oddly Smooth Stone"},{"floor":25.0,"key":"Toy Ornithopter"},{"floor":26.0,"key":"Tiny Chest"},{"floor":29.0,"key":"Bird Faced Urn"}],"event_choices":[{"cards_removed":["Strike_G"],"damage_healed":0.0,"max_hp_gain":0.0,"max_hp_loss":0.0,"gold_gain":0.0,"event_name":"Purifier","player_choice":"Purged","floor":2.0,"gold_loss":0.0,"damage_taken":0.0},{"damage_healed":0.0,"max_hp_gain":0.0,"max_hp_loss":0.0,"gold_gain":99.0,"event_name":"Nest","player_choice":"Stole From Cult","floor":19.0,"gold_loss":0.0,"damage_taken":0.0},{"damage_healed":0.0,"max_hp_gain":0.0,"max_hp_loss":0.0,"gold_gain":0.0,"event_name":"Vampires","player_choice":"Ignored","floor":20.0,"gold_loss":0.0,"damage_taken":0.0},{"damage_healed":0.0,"max_hp_gain":0.0,"max_hp_loss":0.0,"gold_gain":0.0,"event_name":"Drug Dealer","player_choice":"Inject Mutagens","floor":27.0,"gold_loss":0.0,"damage_taken":0.0,"relics_obtained":["MutagenicStrength"]},{"damage_healed":0.0,"max_hp_gain":0.0,"max_hp_loss":0.0,"gold_gain":0.0,"event_name":"Ghosts","player_choice":"Ignored","floor":31.0,"gold_loss":0.0,"damage_taken":0.0}],"is_beta":false,"boss_relics":[{"not_picked":["Busted Crown","Runic Dome"],"picked":"SlaversCollar"},{"not_picked":["Philosopher\u0027s Stone","Calling Bell"],"picked":"HoveringKite"}],"items_purged_floors":[21],"is_endless":false,"potions_floor_spawned":[7,12,14,16,18,22,30,33,36],"killed_by":"Sphere and 2 Shapes","ascension_level":12}}