{"host":"ndqkyrxelzss439h","time":1614018782,"event":{"mods":["100% Spire Juice","2.2 Compatiblity","ATMod(??Mod)","Act Like it!","BaseMod","Better Third Choice","Colored Map","Colored Powertips","Hallownest","Highlight Path","Minty Spire (QoL Compilation)","Permanent Neow","Quick Restart","Replay The Spire","StSLib","The Bug Knight"],"gold_per_floor":[111,111,124,9,24,24,49,69,119,144,74,74,74,90,90,90,90],"floor_reached":16,"language":"ENG","playtime":1292,"items_purged":[],"score":110,"play_id":"469693b9-eb83-406a-b3e5-8f380c2c05c8","local_time":"20210222133302","is_ascension_mode":false,"campfire_choices":[{"data":"HollowMod:ChannelNail","floor":6,"key":"SMITH"},{"data":"HollowMod:BaldurShell","floor":13,"key":"SMITH"},{"data":"HollowMod:LifebloodCocoon","floor":15,"key":"SMITH"}],"circlet_count":0,"master_deck":["HollowMod:NailStrikeStart","HollowMod:NailStrikeStart","HollowMod:NailStrikeStart","HollowMod:NailStrikeStart","HollowMod:QuickDashStart","HollowMod:QuickDashStart","HollowMod:QuickDashStart","HollowMod:QuickDashStart","HollowMod:FocusHealStart","HollowMod:PogoStrike","HollowMod:GoodIntentions","HollowMod:HowlingWraiths","HollowMod:BaldurShell+1","HollowMod:DashSlash","HollowMod:DashSlash","HollowMod:ChannelNail+1","HollowMod:LifebloodCocoon+1","HollowMod:SoulStrike","HollowMod:AwokenDreamNail"],"relics":["HollowMod:VesselMask","AT_ATBox","Hallownest:DreamNailRelic","Hallownest:StagBellRelic1"],"acts_visited":["Hallownest:Greenpath"],"potions_floor_usage":[10,10,16,16],"damage_taken":[{"damage":1,"enemies":"Hallownest:monsterHuskWarrior","floor":1,"turns":4},{"damage":0,"enemies":"2_ Uuma","floor":3,"turns":6},{"damage":5,"enemies":"Hallownest:monsterHuskGuard","floor":5,"turns":6},{"damage":3,"enemies":"Hallownest:eliteVengeflyKing","floor":7,"turns":7},{"damage":2,"enemies":"Hallownest:MossCreep_and_Mosskin","floor":8,"turns":6},{"damage":12,"enemies":"Hallownest:eliteCrystalGuardian","floor":10,"turns":11},{"damage":5,"enemies":"Hallownest:monsterFoolEater","floor":14,"turns":4},{"damage":73,"enemies":"Hallownest:BossHornet","floor":16,"turns":16}],"seed_played":"-3167304263422717218","potions_obtained":[{"floor":7,"key":"BlessingOfTheForge"},{"floor":8,"key":"Weak Potion"},{"floor":10,"key":"ColorlessPotion"},{"floor":14,"key":"DistilledChaos"}],"is_trial":false,"path_per_floor":["M","?","M","$","M","R","E","M","T","E","?","?","R","M","R","B"],"character_chosen":"THE_BUGKNIGHT","items_purchased":["HollowMod:BaldurShell","HollowMod:DashSlash"],"campfire_rested":0,"item_purchase_floors":[4,4],"current_hp_per_floor":[75,75,75,75,75,75,72,73,73,64,64,64,64,65,65,0,0],"gold":90,"neow_bonus":"RANDOM_EVENT","is_daily":false,"chose_seed":false,"campfire_upgraded":3,"win_rate":0.0,"timestamp":1614018782,"path_taken":["M","?","?","$","M","R","E","M","T","E","?","?","R","M","R","BOSS"],"items_purchased_type":["Card","Card"],"build_version":"2020-12-22","purchased_purges":0,"victory":false,"max_hp_per_floor":[75,75,75,75,75,75,75,75,75,75,75,75,75,75,75,75,75],"card_choices":[{"not_picked":["HollowMod:SiblingsSouls","HollowMod:RecoilStrike"],"picked":"HollowMod:GoodIntentions","floor":1},{"not_picked":["HollowMod:InfectedCysts","HollowMod:NewJinnsSoul"],"picked":"HollowMod:HowlingWraiths","floor":3},{"not_picked":["HollowMod:DescendingDark","HollowMod:CrystalDash"],"picked":"HollowMod:ChannelNail","floor":5},{"not_picked":["HollowMod:ShapeofUnn","HollowMod:NewJinnsSoul"],"picked":"HollowMod:LifebloodCocoon","floor":7},{"not_picked":["HollowMod:VengefulVoid","HollowMod:FastStrike"],"picked":"HollowMod:SoulStrike","floor":8},{"not_picked":["HollowMod:BaldurShell","HollowMod:DoubleDash"],"picked":"HollowMod:AwokenDreamNail","floor":10},{"not_picked":["HollowMod:CrystalDash","HollowMod:SoulShaman","HollowMod:SharpenedShadows"],"picked":"SKIP","floor":14}],"player_experience":93252,"relics_obtained":[],"event_choices":[],"is_beta":false,"boss_relics":[],"items_purged_floors":[],"is_endless":false,"potions_floor_spawned":[7,8,10,14],"killed_by":"Hallownest:BossHornet","ascension_level":0}}