{"host":"7bb7osqc91rjfyph","time":1614034715,"event":{"mods":["AchievementEnabler","BaseMod","BetterRewards","Colored Map","Colored Powertips","Downfall","Googly Eyes","Hermit","Hubris","Marisa????????","Minty Spire (QoL Compilation)","Shop Mod","StSLib","The Cursed"],"gold_per_floor":[99,119,135,149,149,179,179,212,239,273,300,327,355,385,403,482,482,482,498,517,402,416,448,448,448,479,510,539,566,582,155,175,251,251,251,268,286,336,352,381,408,440,470,508,533,570,609,634,648,648],"floor_reached":51,"language":"ENG","playtime":2169,"items_purged":["StarDustReverie"],"score":3177,"play_id":"12f881be-475d-4393-838d-47355a15a51b","local_time":"20210222165835","daily_mods":["SealedDeck","Vintage","Heirloom","Time Dilation","Flight","DeadlyEvents","Elite Swarm"],"is_ascension_mode":true,"campfire_choices":[{"data":"OortCloud","floor":1,"key":"SMITH"},{"floor":18,"key":"RECALL"},{"data":"UltimateShortwave","floor":25,"key":"SMITH"},{"data":"Creative AI","floor":35,"key":"SMITH"}],"circlet_count":0,"master_deck":["AscendersBane","UnstableBomb","ChargeUpSpray","DoubleSpark","GalacticHalo","WitchLeyline+1","WitchLeyline","OortCloud+1","NonDirectionalLaser+1","NonDirectionalLaser","NonDirectionalLaser","GalacticHalo","EscapeVelocity","JA+1","TreasureHunter+1","SuperNova","TreasureHunter+1","TreasureHunter+1","UltimateShortwave+1","BinaryStars","NonDirectionalLaser+1","UnstableBomb+1","FinalSpark+1","Echo Form","Creative AI+1","Parasite","Parasite","UltimateShortwave","UltimateShortwave","CollectingQuirk+1","BigCrunch","UltimateShortwave"],"relics":["MiniHakkero","hubris:GlazedTorus","Bottled Tornado","Eternal Feather","Whetstone","TungstenRod","Molten Egg 2","Question Card","White Beast Statue","Meat on the Bone","PreservedInsect","Blue Candle","Oddly Smooth Stone","hubris:DeckOfHolding","Centennial Puzzle","Du-Vu Doll","Bag of Preparation","sneckomod:BlankCard","hubris:DisguiseKit","hubris:VirtuousBlindfold","Happy Flower","Pen Nib","Strawberry","Orrery","Lantern","Darkstone Periapt","MagicBroom","Incense Burner","Tiny Chest","hubris:Metronome","Bottled Flame","Mango","Anchor","hubris:SlimyHat","ShroomBag","Lee\u0027s Waffle","HornCleat","Toy Ornithopter","hubris:AstralHammer","hubris:Backtick","hubris:Reverence","BreadOfAWashokuLover","bronze:DecasWashers","hubris:BundleOfHerbs","Kunai","Ancient Tea Set","hubris:TenFootPole","CeramicFish","Boot","Vajra","Turnip","Dream Catcher","hubris:ToyBattleship","InkBottle","Sundial","Ornamental Fan","Orichalcum","Akabeko","Bottled Lightning","Pear"],"acts_visited":["Exordium","TheCity","TheBeyond"],"potions_floor_usage":[6,9,26,42],"damage_taken":[{"damage":0,"enemies":"2 Louse","floor":2,"turns":2},{"damage":0,"enemies":"Cultist","floor":3,"turns":2},{"damage":0,"enemies":"Jaw Worm","floor":4,"turns":2},{"damage":12,"enemies":"3 Sentries","floor":6,"turns":3},{"damage":0,"enemies":"Lagavulin","floor":8,"turns":4},{"damage":1,"enemies":"3 Sentries","floor":9,"turns":6},{"damage":0,"enemies":"Lagavulin","floor":10,"turns":4},{"damage":2,"enemies":"Gremlin Nob","floor":11,"turns":3},{"damage":5,"enemies":"3 Sentries","floor":12,"turns":4},{"damage":0,"enemies":"Lagavulin","floor":13,"turns":4},{"damage":0,"enemies":"Gremlin Nob","floor":14,"turns":3},{"damage":0,"enemies":"Blue Slaver","floor":15,"turns":1},{"damage":20,"enemies":"DF_ARCHETYPE_STREAMLINE","floor":16,"turns":4},{"damage":0,"enemies":"downfall:LooterAlt2","floor":19,"turns":2},{"damage":0,"enemies":"3 Byrds","floor":20,"turns":2},{"damage":6,"enemies":"downfall:FleeingMerchant","floor":21,"turns":4},{"damage":0,"enemies":"3 Cultists","floor":22,"turns":2},{"damage":0,"enemies":"Gremlin Leader","floor":23,"turns":2},{"damage":0,"enemies":"Slavers","floor":26,"turns":2},{"damage":0,"enemies":"Gremlin Leader","floor":27,"turns":3},{"damage":0,"enemies":"Slavers","floor":28,"turns":1},{"damage":0,"enemies":"Gremlin Leader","floor":29,"turns":2},{"damage":2,"enemies":"Shelled Parasite and Fungi","floor":30,"turns":2},{"damage":0,"enemies":"Snake Plant","floor":32,"turns":1},{"damage":4,"enemies":"SI_MIRROR_ARCHETYPE","floor":33,"turns":4},{"damage":0,"enemies":"Orb Walker","floor":36,"turns":2},{"damage":0,"enemies":"3 Darklings","floor":37,"turns":1},{"damage":3,"enemies":"4 Shapes","floor":39,"turns":1},{"damage":0,"enemies":"Nemesis","floor":40,"turns":1},{"damage":0,"enemies":"Reptomancer","floor":42,"turns":1},{"damage":0,"enemies":"Giant Head","floor":43,"turns":2},{"damage":0,"enemies":"Nemesis","floor":44,"turns":1},{"damage":0,"enemies":"Giant Head","floor":45,"turns":1},{"damage":0,"enemies":"Nemesis","floor":46,"turns":1},{"damage":0,"enemies":"Reptomancer","floor":47,"turns":1},{"damage":0,"enemies":"Giant Head","floor":48,"turns":1},{"damage":0,"enemies":"Spire Growth","floor":49,"turns":2},{"damage":0,"enemies":"WA_ARCHETYPE_DIVINITY","floor":50,"turns":2}],"seed_played":"-292988420009120967","potions_obtained":[{"floor":2,"key":"SkillPotion"},{"floor":3,"key":"BottledSpark"},{"floor":10,"key":"FearPotion"},{"floor":11,"key":"champ:CounterPotion"},{"floor":12,"key":"SteroidPotion"},{"floor":14,"key":"LiquidMemories"},{"floor":26,"key":"Weak Potion"},{"floor":36,"key":"DistilledChaos"},{"floor":42,"key":"GamblersBrew"},{"floor":44,"key":"Guardian:BlockOnCardUsePotion"},{"floor":48,"key":"FairyPotion"}],"is_trial":true,"path_per_floor":["R","M","M","M","?","E","T","E","E","E","E","E","E","E","M","B",null,"R","M","M","$","M","E","T","R","E","E","E","E","M","$","M","B",null,"R","M","M","?","M","E","T","E","E","E","E","E","E","E","M","B",null],"character_chosen":"MARISA","items_purchased":["Strawberry","Orrery","Lee\u0027s Waffle","HornCleat"],"campfire_rested":0,"item_purchase_floors":[21,21,31,31],"current_hp_per_floor":[63,63,63,63,63,51,51,51,50,50,48,43,43,43,43,35,61,70,70,70,71,71,71,71,77,77,77,91,91,101,110,110,106,109,110,110,110,110,107,110,110,110,110,110,110,110,110,110,120,120],"gold":648,"neow_bonus":"","is_daily":false,"chose_seed":false,"campfire_upgraded":3,"win_rate":0.0,"timestamp":1614034715,"path_taken":["R","M","M","M","?","E","T","E","E","E","E","E","E","E","M","BOSS","R","M","M","$","M","E","T","R","E","E","E","E","M","$","M","BOSS","R","M","M","?","M","?","T","E","E","E","E","E","E","E","M","BOSS"],"items_purchased_type":["Relic","Relic","Relic","Relic"],"build_version":"2020-12-22","purchased_purges":1,"victory":true,"max_hp_per_floor":[70,70,70,70,70,70,70,70,70,70,70,70,70,70,70,70,70,70,70,70,77,77,77,77,77,77,77,91,91,103,110,110,110,110,110,110,110,110,110,110,110,110,110,110,110,110,110,110,120,120],"card_choices":[{"not_picked":["SatelliteIllusion","JA"],"picked":"EscapeVelocity","floor":6},{"not_picked":["SatelliteIllusion","AbsoluteMagnitude+1"],"picked":"JA+1","floor":8},{"not_picked":["FinalSpark+1","MaximisePower"],"picked":"TreasureHunter+1","floor":9},{"not_picked":["CollectingQuirk+1","CasketOfStar","SatelliteIllusion"],"picked":"SuperNova","floor":10},{"not_picked":["EscapeVelocity","BlazingStar+1","CasketOfStar"],"picked":"TreasureHunter+1","floor":11},{"not_picked":["BlazingStar+1","JA+1","FinalSpark+1"],"picked":"TreasureHunter+1","floor":12},{"not_picked":["EscapeVelocity","TreasureHunter+1","SuperNova"],"picked":"StarDustReverie","floor":13},{"not_picked":["SatelliteIllusion","JA+1","EscapeVelocity"],"picked":"UltimateShortwave","floor":14},{"not_picked":["AbsoluteMagnitude+1","BlazingStar+1","MaximisePower","Thunder Strike"],"picked":"BinaryStars","floor":16},{"not_picked":["DC+1","EnergyRecoil","WitchLeyline+1","Barrage"],"picked":"NonDirectionalLaser+1","floor":21},{"not_picked":["WitchOfGreed","6A+1","AlicesGift+1","Consume"],"picked":"UnstableBomb+1","floor":21},{"not_picked":["ChargeUpSpray+1","6A+1","GrandCross+1","Sweeping Beam"],"picked":"FinalSpark+1","floor":21},{"not_picked":["SuperNova","AbsoluteMagnitude+1","BigCrunch","CollectingQuirk+1","hubris:Prefetch"],"picked":"SKIP","floor":23},{"not_picked":["ManaRampage","MaximisePower","TreasureHunter+1","MillisecondPulsars","All For One"],"picked":"SKIP","floor":26},{"not_picked":["FinalSpark+1","SuperNova","JA+1","SatelliteIllusion"],"picked":"Echo Form","floor":27},{"not_picked":["CollectingQuirk+1","EscapeVelocity","JA+1","AbsoluteMagnitude+1"],"picked":"Creative AI","floor":28},{"not_picked":["JA+1","ManaRampage","MillisecondPulsars","CasketOfStar","Thunder Strike"],"picked":"SKIP","floor":29},{"not_picked":["AbsoluteMagnitude+1","CollectingQuirk+1","JA+1","hubris:SpecializedCircuitry"],"picked":"UltimateShortwave","floor":33},{"not_picked":["StarDustReverie","SatelliteIllusion","AbsoluteMagnitude+1","Creative AI"],"picked":"UltimateShortwave","floor":40},{"not_picked":["StarDustReverie","AbsoluteMagnitude+1","FinalSpark+1","SatelliteIllusion","Rainbow"],"picked":"SKIP","floor":42},{"not_picked":["FinalSpark+1","SuperNova","AbsoluteMagnitude+1","BlazingStar+1","Hyperbeam"],"picked":"SKIP","floor":43},{"not_picked":["CasketOfStar","StarDustReverie","SatelliteIllusion","Hyperbeam"],"picked":"CollectingQuirk+1","floor":44},{"not_picked":["EscapeVelocity","MillisecondPulsars","FinalSpark+1","TreasureHunter+1","hubris:DoWhile"],"picked":"SKIP","floor":45},{"not_picked":["BinaryStars","FinalSpark+1","SatelliteIllusion","hubris:DoWhile"],"picked":"BigCrunch","floor":46},{"not_picked":["TreasureHunter+1","BlazingStar+1","FinalSpark+1","Multi-Cast"],"picked":"UltimateShortwave","floor":47},{"not_picked":["CasketOfStar","AbsoluteMagnitude+1","JA+1","SuperNova","All For One"],"picked":"SKIP","floor":48}],"player_experience":133941,"relics_obtained":[{"floor":2,"key":"Bottled Tornado"},{"floor":3,"key":"Eternal Feather"},{"floor":4,"key":"Whetstone"},{"floor":6,"key":"TungstenRod"},{"floor":8,"key":"Molten Egg 2"},{"floor":9,"key":"Question Card"},{"floor":10,"key":"White Beast Statue"},{"floor":10,"key":"Meat on the Bone"},{"floor":11,"key":"PreservedInsect"},{"floor":12,"key":"Blue Candle"},{"floor":12,"key":"Oddly Smooth Stone"},{"floor":12,"key":"hubris:DeckOfHolding"},{"floor":13,"key":"Centennial Puzzle"},{"floor":13,"key":"Du-Vu Doll"},{"floor":14,"key":"Bag of Preparation"},{"floor":14,"key":"sneckomod:BlankCard"},{"floor":15,"key":"hubris:DisguiseKit"},{"floor":19,"key":"Happy Flower"},{"floor":20,"key":"Pen Nib"},{"floor":22,"key":"Lantern"},{"floor":23,"key":"Darkstone Periapt"},{"floor":23,"key":"MagicBroom"},{"floor":24,"key":"Incense Burner"},{"floor":26,"key":"Tiny Chest"},{"floor":27,"key":"hubris:Metronome"},{"floor":27,"key":"Bottled Flame"},{"floor":28,"key":"Mango"},{"floor":29,"key":"Anchor"},{"floor":29,"key":"hubris:SlimyHat"},{"floor":30,"key":"ShroomBag"},{"floor":32,"key":"Toy Ornithopter"},{"floor":33,"key":"hubris:AstralHammer"},{"floor":36,"key":"BreadOfAWashokuLover"},{"floor":37,"key":"bronze:DecasWashers"},{"floor":39,"key":"hubris:BundleOfHerbs"},{"floor":40,"key":"Kunai"},{"floor":40,"key":"Ancient Tea Set"},{"floor":41,"key":"hubris:TenFootPole"},{"floor":42,"key":"CeramicFish"},{"floor":42,"key":"Boot"},{"floor":43,"key":"Vajra"},{"floor":43,"key":"Turnip"},{"floor":44,"key":"Dream Catcher"},{"floor":45,"key":"hubris:ToyBattleship"},{"floor":46,"key":"InkBottle"},{"floor":46,"key":"Sundial"},{"floor":47,"key":"Ornamental Fan"},{"floor":47,"key":"Orichalcum"},{"floor":48,"key":"Akabeko"},{"floor":48,"key":"Bottled Lightning"},{"floor":49,"key":"Pear"}],"event_choices":[],"is_beta":false,"boss_relics":[{"not_picked":["Astrolabe","Ectoplasm"],"picked":"hubris:VirtuousBlindfold"},{"not_picked":["RampagingMagicTools","hubris:Stopwatch"],"picked":"hubris:Backtick"}],"items_purged_floors":[21],"is_endless":false,"potions_floor_spawned":[2,3,10,11,12,13,14,15,16,19,20,21,22,23,26,27,28,29,30,32,33,36,37,39,40,42,43,44,45,46,47,48,49],"ascension_level":20}}