{"host":"o88u0awh8mkwl1l8","time":1614007193,"event":{"mods":["BaseMod","Colored Map","Highlight Path","Minty Spire (QoL Compilation)","Relic Sorter","Slay-I"],"gold_per_floor":[111,126,142,154,119,154,154,186,210,48,59,59,85,104,104,179,179,192,192,208,208,208,208,208,237,237,237,253,153,165,197,197,197,197],"floor_reached":33,"language":"JPN","playtime":1600,"items_purged":["Strike_P","Shame"],"score":685,"play_id":"79faaa16-c19f-4e85-8a8b-81daf317fb97","local_time":"20210223001953","is_ascension_mode":true,"campfire_choices":[{"floor":7.0,"key":"REST"},{"floor":12.0,"key":"REST"},{"data":"TalkToTheHand","floor":15.0,"key":"SMITH"},{"floor":23.0,"key":"REST"},{"data":"Ragnarok","floor":32,"key":"SMITH"}],"circlet_count":0,"master_deck":["AscendersBane","Defend_P+1","Defend_P+1","Defend_P+1","Defend_P+1","Eruption+1","Vigilance","Ragnarok+1","Consecrate+1","FollowUp","LessonLearned+1","CarveReality","SashWhip","Wallop+1","TalkToTheHand+1","Conclude","Vault","Swivel","Fasting2","Bite","Bite","Bite","Bite","Bite","Writhe","Wallop","Pain","J.A.X."],"relics":["PureWater","Gremlin Horn","Vajra","Strawberry","Orichalcum","Cursed Key","Pear","Girya","Eternal Feather","Thread and Needle","Potion Belt"],"acts_visited":["Exordium","TheCity"],"potions_floor_usage":[33],"damage_taken":[{"damage":8.0,"enemies":"2 Louse","floor":1.0,"turns":2.0},{"damage":7.0,"enemies":"Small Slimes","floor":2.0,"turns":3.0},{"damage":0.0,"enemies":"Jaw Worm","floor":3.0,"turns":3.0},{"damage":11.0,"enemies":"Blue Slaver","floor":4.0,"turns":5.0},{"damage":37.0,"enemies":"3 Sentries","floor":6.0,"turns":5.0},{"damage":15.0,"enemies":"Lagavulin","floor":8.0,"turns":5.0},{"damage":1.0,"enemies":"Exordium Wildlife","floor":11.0,"turns":3.0},{"damage":16.0,"enemies":"Gremlin Nob","floor":13.0,"turns":3.0},{"damage":10.0,"enemies":"3 Louse","floor":14.0,"turns":2.0},{"damage":11.0,"enemies":"Hexaghost","floor":16.0,"turns":9.0},{"damage":17.0,"enemies":"Shell Parasite","floor":18.0,"turns":7.0},{"damage":10.0,"enemies":"2 Thieves","floor":20.0,"turns":4.0},{"damage":0.0,"enemies":"Gremlin Leader","floor":25.0,"turns":5.0},{"damage":16.0,"enemies":"Snecko","floor":28.0,"turns":5.0},{"damage":16.0,"enemies":"Snake Plant","floor":30.0,"turns":5.0},{"damage":32.0,"enemies":"Slavers","floor":31.0,"turns":5.0},{"damage":49,"enemies":"Automaton","floor":33,"turns":5}],"seed_played":"-1359190123439994746","potions_obtained":[{"floor":2.0,"key":"SkillPotion"},{"floor":6.0,"key":"Swift Potion"},{"floor":14.0,"key":"Fire Potion"},{"floor":16.0,"key":"PowerPotion"},{"floor":18.0,"key":"GamblersBrew"},{"floor":28.0,"key":"Ancient Potion"}],"is_trial":false,"path_per_floor":["M","M","M","M","?","E","R","E","T","$","M","R","E","M","R","B",null,"M","?","M","?","?","R","T","E","T","?","M","$","M","E","R","B"],"character_chosen":"WATCHER","items_purchased":["Wallop"],"campfire_rested":3,"item_purchase_floors":[10],"current_hp_per_floor":[53,46,46,35,52,15,35,20,27,27,26,48,32,22,22,11,59,42,42,32,32,42,60,60,62,62,62,52,52,36,12,27,0,0],"gold":197,"neow_bonus":"ONE_RANDOM_RARE_CARD","is_daily":false,"chose_seed":false,"campfire_upgraded":2,"win_rate":0.0,"timestamp":1614007193,"path_taken":["M","M","M","M","?","E","R","E","T","$","M","R","E","M","R","BOSS","M","?","M","?","?","R","?","E","T","?","M","$","M","E","R","BOSS"],"items_purchased_type":["Card"],"build_version":"2020-12-22","purchased_purges":2,"victory":false,"max_hp_per_floor":[68,68,68,68,68,68,68,68,75,75,75,75,75,75,75,75,75,75,75,75,52,62,62,62,62,62,62,62,62,62,62,62,62,62],"card_choices":[{"not_picked":["FlurryOfBlows","ReachHeaven"],"picked":"Consecrate","floor":1.0},{"not_picked":["Evaluate","ForeignInfluence"],"picked":"FollowUp","floor":2.0},{"not_picked":["PathToVictory","Vengeance"],"picked":"LessonLearned","floor":3.0},{"not_picked":["CutThroughFate","ThirdEye"],"picked":"CarveReality","floor":4.0},{"not_picked":["Wish","ThirdEye"],"picked":"SashWhip","floor":6.0},{"not_picked":["WreathOfFlame","CrushJoints","Indignation"],"picked":"SKIP","floor":8.0},{"not_picked":["Fasting2","ReachHeaven"],"picked":"TalkToTheHand","floor":11.0},{"not_picked":["JustLucky","BowlingBash","Prostrate"],"picked":"SKIP","floor":13.0},{"not_picked":["FlyingSleeves","Swivel"],"picked":"Conclude","floor":14.0},{"not_picked":["DevaForm","Wish"],"picked":"Vault","floor":16.0},{"not_picked":["EmptyBody","CarveReality"],"picked":"Swivel","floor":18.0},{"not_picked":["PathToVictory","ClearTheMind"],"picked":"Fasting2","floor":20.0},{"not_picked":["FlyingSleeves","BowlingBash"],"picked":"Wallop","floor":25.0},{"not_picked":["Halt","CrushJoints","EmptyBody"],"picked":"SKIP","floor":28.0},{"not_picked":["FollowUp","ReachHeaven","Protect"],"picked":"SKIP","floor":30.0},{"not_picked":["Perseverance+1","Nirvana","Crescendo"],"picked":"SKIP","floor":31.0}],"player_experience":1332399,"relics_obtained":[{"floor":6.0,"key":"Gremlin Horn"},{"floor":8.0,"key":"Vajra"},{"floor":9.0,"key":"Strawberry"},{"floor":13.0,"key":"Orichalcum"},{"floor":24.0,"key":"Girya"},{"floor":25.0,"key":"Eternal Feather"},{"floor":26.0,"key":"Thread and Needle"},{"floor":31.0,"key":"Potion Belt"}],"event_choices":[{"damage_healed":17.0,"max_hp_gain":0.0,"max_hp_loss":0.0,"gold_gain":0.0,"event_name":"The Cleric","player_choice":"Healed","floor":5.0,"gold_loss":35.0,"damage_taken":0.0},{"damage_healed":0.0,"max_hp_gain":0.0,"max_hp_loss":0.0,"gold_gain":0.0,"event_name":"Back to Basics","player_choice":"Simplicity","floor":19.0,"gold_loss":0.0,"damage_taken":0.0,"cards_upgraded":["Strike_P","Strike_P","Strike_P","Defend_P","Defend_P","Defend_P","Defend_P"]},{"damage_healed":0.0,"max_hp_gain":0.0,"max_hp_loss":23.0,"gold_gain":0.0,"event_name":"Vampires","player_choice":"Became a vampire","floor":21.0,"gold_loss":0.0,"damage_taken":0.0,"cards_obtained":["Bite","Bite","Bite","Bite","Bite"]},{"damage_healed":0.0,"max_hp_gain":0.0,"max_hp_loss":0.0,"gold_gain":0.0,"event_name":"The Mausoleum","player_choice":"Opened","floor":22.0,"gold_loss":0.0,"damage_taken":0.0,"relics_obtained":["Pear"],"cards_obtained":["Writhe"]},{"damage_healed":0.0,"max_hp_gain":0.0,"max_hp_loss":0.0,"gold_gain":0.0,"event_name":"Drug Dealer","player_choice":"Obtain J.A.X.","floor":27.0,"gold_loss":0.0,"damage_taken":0.0,"cards_obtained":["J.A.X."]}],"is_beta":false,"boss_relics":[{"not_picked":["Empty Cage","Velvet Choker"],"picked":"Cursed Key"}],"items_purged_floors":[10,29],"is_endless":false,"potions_floor_spawned":[2,6,14,16,18,28],"killed_by":"Automaton","ascension_level":20}}