{"host":"jz4ul6vrcxqkcr33","time":1614025299,"event":{"mods":["BaseMod","Minty Spire (QoL Compilation)","StSLib"],"gold_per_floor":[110,110,127,102,118,118,149,166,166,166,199,211,211,221,221,317,367,378,378,378,378,393,393,419,419,419,436,446,463,164,192,192,192,192],"floor_reached":33,"language":"ENG","playtime":1770,"items_purged":[],"score":396,"play_id":"e9b29ab4-a255-4a04-b0e7-558c081bbe61","local_time":"20210222152139","is_ascension_mode":true,"campfire_choices":[{"floor":6,"key":"REST"},{"floor":10,"key":"REST"},{"floor":13,"key":"REST"},{"data":"SashWhip","floor":15,"key":"SMITH"},{"data":"DeusExMachina","floor":23,"key":"SMITH"},{"floor":32,"key":"REST"}],"circlet_count":0,"master_deck":["Defend_P+1","Defend_P","Defend_P+1","Defend_P+1","Eruption","Vigilance","Vengeance","EmptyFist","SashWhip+1","FearNoEvil","EmptyMind","CrushJoints","EmptyMind","FollowUp","CutThroughFate","DeusExMachina+1","Consecrate","DeceiveReality","Bite","Bite","Bite","Bite","Bite","Consecrate","Adaptation+1","FlurryOfBlows","TalkToTheHand+1","ThirdEye","Evaluate+1","Wish+1"],"relics":["VioletLotus","Gambling Chip","Incense Burner","Mango","Tiny House","Blood Vial","Girya","Toxic Egg 2","Yang"],"acts_visited":["Exordium","TheCity"],"potions_floor_usage":[16,16,27,33],"damage_taken":[{"damage":11,"enemies":"2 Louse","floor":1,"turns":3},{"damage":11,"enemies":"Jaw Worm","floor":3,"turns":4},{"damage":8,"enemies":"Small Slimes","floor":5,"turns":3},{"damage":39,"enemies":"Lagavulin","floor":7,"turns":9},{"damage":0,"enemies":"2 Fungi Beasts","floor":8,"turns":2},{"damage":20,"enemies":"Gremlin Nob","floor":11,"turns":4},{"damage":0,"enemies":"Large Slime","floor":12,"turns":4},{"damage":0,"enemies":"Red Slaver","floor":14,"turns":3},{"damage":25,"enemies":"Hexaghost","floor":16,"turns":8},{"damage":7,"enemies":"Chosen","floor":18,"turns":2},{"damage":2,"enemies":"Spheric Guardian","floor":22,"turns":3},{"damage":7,"enemies":"Gremlin Leader","floor":24,"turns":6},{"damage":54,"enemies":"Snecko","floor":27,"turns":6},{"damage":14,"enemies":"3 Cultists","floor":28,"turns":4},{"damage":3,"enemies":"Snake Plant","floor":29,"turns":6},{"damage":22,"enemies":"Book of Stabbing","floor":31,"turns":5},{"damage":39,"enemies":"Automaton","floor":33,"turns":4}],"seed_played":"7333077753327046319","potions_obtained":[{"floor":1,"key":"SpeedPotion"},{"floor":11,"key":"AttackPotion"},{"floor":12,"key":"Regen Potion"},{"floor":17,"key":"Ancient Potion"},{"floor":18,"key":"Ancient Potion"},{"floor":24,"key":"StancePotion"}],"is_trial":false,"path_per_floor":["M","?","M","$","M","R","E","M","T","R","E","M","R","M","R","B",null,"M","?","?","$","M","R","E","?","T","M","M","M","$","E","R","B"],"character_chosen":"WATCHER","items_purchased":["SashWhip","Toxic Egg 2","Evaluate+1"],"campfire_rested":4,"item_purchase_floors":[4,30,30],"current_hp_per_floor":[61,47,36,36,28,49,10,10,10,31,25,25,50,50,50,40,80,73,63,63,63,63,63,63,52,52,10,8,23,23,11,31,0,0],"gold":192,"neow_bonus":"BOSS_RELIC","is_daily":false,"chose_seed":false,"campfire_upgraded":2,"win_rate":0.0,"timestamp":1614025299,"path_taken":["M","?","M","$","M","R","E","M","T","R","E","M","R","M","R","BOSS","M","?","?","$","?","R","E","?","T","M","M","M","$","E","R","BOSS"],"items_purchased_type":["Card","Relic","Card"],"build_version":"2020-12-13","purchased_purges":0,"victory":false,"max_hp_per_floor":[72,72,72,72,72,72,72,72,72,72,86,86,86,86,86,86,91,91,63,63,63,63,63,63,68,68,68,68,68,68,68,68,68,68],"card_choices":[{"not_picked":["DeceiveReality","JustLucky"],"picked":"Vengeance","floor":1},{"not_picked":["ForeignInfluence","Prostrate"],"picked":"EmptyFist","floor":3},{"not_picked":["Adaptation","Prostrate"],"picked":"FearNoEvil","floor":5},{"not_picked":["EmptyFist","FlyingSleeves"],"picked":"EmptyMind","floor":7},{"not_picked":["Pray","SignatureMove"],"picked":"CrushJoints","floor":8},{"not_picked":["PathToVictory","Pray"],"picked":"EmptyMind","floor":11},{"not_picked":["SashWhip","Protect"],"picked":"FollowUp","floor":12},{"not_picked":["PathToVictory","Vengeance"],"picked":"CutThroughFate","floor":14},{"not_picked":["Omniscience","Ragnarok"],"picked":"DeusExMachina","floor":16},{"not_picked":["CarveReality","Crescendo"],"picked":"Consecrate","floor":17},{"not_picked":["FlyingSleeves","Consecrate"],"picked":"DeceiveReality","floor":18},{"not_picked":["Pray","FlyingSleeves"],"picked":"Consecrate","floor":22},{"not_picked":["WheelKick+1","EmptyFist"],"picked":"Adaptation+1","floor":24},{"not_picked":["ThirdEye+1","Study+1"],"picked":"FlurryOfBlows","floor":27},{"not_picked":["FlyingSleeves","BowlingBash+1"],"picked":"TalkToTheHand+1","floor":28},{"not_picked":["Evaluate","WreathOfFlame"],"picked":"ThirdEye","floor":29},{"not_picked":["ThirdEye+1","CutThroughFate+1"],"picked":"Wish+1","floor":31}],"player_experience":274105,"relics_obtained":[{"floor":7,"key":"Gambling Chip"},{"floor":9,"key":"Incense Burner"},{"floor":11,"key":"Mango"},{"floor":24,"key":"Blood Vial"},{"floor":26,"key":"Girya"},{"floor":31,"key":"Yang"}],"event_choices":[{"damage_healed":0,"gold_gain":0,"player_choice":"Entered Light","damage_taken":14,"max_hp_gain":0,"max_hp_loss":0,"event_name":"Shining Light","floor":2,"gold_loss":0,"cards_upgraded":["Defend_P","Defend_P"]},{"damage_healed":0,"gold_gain":0,"player_choice":"Became a vampire","damage_taken":0,"max_hp_gain":0,"max_hp_loss":28,"event_name":"Vampires","floor":19,"gold_loss":0,"cards_obtained":["Bite","Bite","Bite","Bite","Bite"]},{"damage_healed":0,"gold_gain":0,"player_choice":"Full Heal","damage_taken":0,"max_hp_gain":0,"max_hp_loss":0,"event_name":"Wheel of Change","floor":20,"gold_loss":0},{"damage_healed":0,"gold_gain":0,"player_choice":"Shed Blood","damage_taken":16,"max_hp_gain":5,"max_hp_loss":0,"event_name":"Forgotten Altar","floor":25,"gold_loss":0}],"is_beta":false,"boss_relics":[{"not_picked":["Runic Dome","Busted Crown"],"picked":"Tiny House"}],"items_purged_floors":[],"is_endless":false,"potions_floor_spawned":[1,11,12,18,24],"killed_by":"Automaton","ascension_level":5}}