{"host":"uu5atvg0x4du4ixw","time":1614007678,"event":{"mods":["Act Like it!","Arknights","BaseMod","Minty Spire (QoL Compilation)","StSLib","The Bug Knight","The Servant 0.9.4"],"gold_per_floor":[113,63,63,63,63,63,88,99,171,96,123,139,151,251,251,350,350,367,384,384,284,299,319,319,332,357,357,232,264,264,284,284,381,381,395,395,395,413,428,460,475,180,180,180,205,205,205,287,287,287,287,287,33,67,67,67],"floor_reached":55,"language":"ZHS","playtime":4161,"items_purged":["ats:Strike C","Writhe","Writhe","ats:Defend+1"],"score":803,"play_id":"573b85e0-0983-461d-9b8c-e73f33f6f512","local_time":"20210222232758","is_ascension_mode":false,"campfire_choices":[{"data":"ats:Armor Crushing Shot","floor":6.0,"key":"SMITH"},{"data":"ats:Disruption Kick","floor":15.0,"key":"SMITH"},{"data":"ats:Thermite Blade","floor":24,"key":"SMITH"},{"data":"ats:Nebulous Foxfire","floor":27,"key":"SMITH"},{"floor":32,"key":"REST"},{"data":"ats:Demon Strength","floor":44,"key":"SMITH"},{"floor":47,"key":"RECALL"},{"data":"ats:Nebulous Foxfire","floor":49,"key":"SMITH"},{"data":"ats:Soul Absorption","floor":52,"key":"SMITH"}],"circlet_count":0,"master_deck":["ats:Strike G","ats:Armor Crushing Shot+1","ats:Emotion Absorption+1","ats:Closed Bolt Burst Fire+1","ats:Thermite Blade+1","ats:Shell Defense","ats:Disruption Kick+1","ats:Assault Order+1","ats:Nebulous Foxfire+1","ats:Demon Strength+1","ats:Soul Rend+1","ats:Blood Oath","ats:Calcification+1","ats:Soul Absorption+1","ats:Nebulous Foxfire+1","Doubt","Decay","ats:Absolute Focus+1","ats:Cat Scratch"],"relics":["ats:Sanity","NeowsBlessing","ats:Originium","White Beast Statue","Darkstone Periapt","Strawberry","Cursed Key","Centennial Puzzle","MealTicket","Frozen Egg 2","Empty Cage","Letter Opener","War Paint","Toxic Egg 2","Ornamental Fan","Nunchaku","Mummified Hand"],"acts_visited":["Exordium","TheCity","TheBeyond","TheEnding"],"potions_floor_usage":[23,29,33,33,38,39,39,40,45,45,50,55,55],"damage_taken":[{"damage":0.0,"enemies":"Jaw Worm","floor":1.0,"turns":1.0},{"damage":0.0,"enemies":"3 Sentries","floor":7.0,"turns":1.0},{"damage":0.0,"enemies":"ats:Genji","floor":8.0,"turns":1.0},{"damage":0.0,"enemies":"Gremlin Nob","floor":11.0,"turns":2.0},{"damage":0.0,"enemies":"Small Slimes","floor":12.0,"turns":2.0},{"damage":9.0,"enemies":"Blue Slaver","floor":13.0,"turns":4.0},{"damage":28.0,"enemies":"The Guardian","floor":16.0,"turns":11.0},{"damage":5.0,"enemies":"Spheric Guardian","floor":18.0,"turns":3.0},{"damage":0,"enemies":"Chosen","floor":19,"turns":4},{"damage":19,"enemies":"Centurion and Healer","floor":22,"turns":6},{"damage":27,"enemies":"Snake Plant","floor":23,"turns":5},{"damage":8,"enemies":"Shelled Parasite and Fungi","floor":25,"turns":4},{"damage":85,"enemies":"Gremlin Leader","floor":29,"turns":7},{"damage":16,"enemies":"Centurion and Healer","floor":31,"turns":5},{"damage":92,"enemies":"Champ","floor":33,"turns":12},{"damage":35,"enemies":"Orb Walker","floor":35,"turns":6},{"damage":22,"enemies":"3 Darklings","floor":38,"turns":5},{"damage":26,"enemies":"4 Shapes","floor":39,"turns":5},{"damage":138,"enemies":"Reptomancer","floor":40,"turns":10},{"damage":63,"enemies":"Spire Growth","floor":41,"turns":6},{"damage":54,"enemies":"HollowMod:StalkingDevout","floor":45,"turns":12},{"damage":272,"enemies":"Awakened One","floor":50,"turns":28},{"damage":250,"enemies":"Shield and Spear","floor":54,"turns":18},{"damage":504,"enemies":"The Heart","floor":55,"turns":15}],"seed_played":"-4016868555125157655","potions_obtained":[{"floor":8.0,"key":"LiquidMemories"},{"floor":11.0,"key":"Explosive Potion"},{"floor":12.0,"key":"SteroidPotion"},{"floor":13.0,"key":"Swift Potion"},{"floor":16.0,"key":"EssenceOfSteel"},{"floor":18.0,"key":"Regen Potion"},{"floor":19,"key":"Weak Potion"},{"floor":22,"key":"ColorlessPotion"},{"floor":23,"key":"FairyPotion"},{"floor":25,"key":"ColorlessPotion"},{"floor":29,"key":"Weak Potion"},{"floor":33,"key":"ColorlessPotion"},{"floor":35,"key":"SkillPotion"},{"floor":38,"key":"Swift Potion"},{"floor":39,"key":"BlessingOfTheForge"},{"floor":40,"key":"Strength Potion"},{"floor":41,"key":"SteroidPotion"},{"floor":45,"key":"SkillPotion"},{"floor":54,"key":"ats:Burn Small Potion"}],"is_trial":false,"path_per_floor":["M","?","?","$","?","R","E","M","T","$","E","M","M","?","R","B",null,"M","M","?","$","M","M","R","M","T","R","$","E","?","M","R","B",null,"M","?","$","M","M","E","M","$","T","R","E","?","R","T","R","B",null,"R","$","E","B"],"character_chosen":"DOCTOR_CLASS","items_purchased":["War Paint","Nunchaku","ats:Absolute Focus+1","SkillPotion"],"campfire_rested":1,"item_purchase_floors":[42,53,53,53],"current_hp_per_floor":[72,72,58,58,58,58,58,58,58,58,65,65,56,56,56,36,79,74,79,85,85,82,74,74,74,80,80,91,29,29,33,60,82,91,84,101,101,101,95,101,68,83,89,89,107,107,107,113,113,113,113,113,113,113,0,0],"gold":67,"neow_bonus":"THREE_ENEMY_KILL","is_daily":false,"chose_seed":false,"campfire_upgraded":7,"win_rate":0.0,"timestamp":1614007678,"path_taken":["M","?","?","$","?","R","E","M","T","?","E","M","?","?","R","BOSS","M","?","?","$","M","M","R","M","T","R","?","E","?","M","R","BOSS","M","?","$","M","?","E","M","$","T","R","E","?","R","?","R","BOSS","R","$","E","BOSS"],"items_purchased_type":["Relic","Relic","Card","Potion"],"build_version":"2020-12-22","purchased_purges":4,"victory":false,"max_hp_per_floor":[72,72,72,72,72,72,72,72,72,72,79,79,79,79,79,79,79,79,79,85,85,85,85,85,85,91,91,91,91,91,91,91,91,91,91,101,101,101,101,101,101,101,107,107,107,107,107,113,113,113,113,113,113,113,113,113],"card_choices":[{"not_picked":["ats:Very Hot Blade","ats:Directed Diagnosis"],"picked":"ats:Closed Bolt Burst Fire","floor":1.0},{"not_picked":["ats:Explosion Area Strengthen","ats:Overload"],"picked":"ats:Song Of Battle","floor":7.0},{"not_picked":["ats:Chain Hook","ats:Absolute Focus"],"picked":"ats:Thermite Blade","floor":8.0},{"not_picked":["ats:Chain Hook","ats:Hammer On"],"picked":"ats:Shell Defense","floor":11.0},{"not_picked":["ats:Part Time Job","ats:Cat Scratch"],"picked":"ats:Disruption Kick","floor":12.0},{"not_picked":["ats:Closed Bolt Burst Fire","ats:Poison Spread"],"picked":"ats:Assault Order","floor":13.0},{"not_picked":["ats:Fractured Body","ats:Disruption Kick"],"picked":"ats:Nebulous Foxfire","floor":16.0},{"not_picked":["ats:Poison Spread+1","ats:Spore Proliferation","ats:Apocalypse+1"],"picked":"SKIP","floor":18.0},{"not_picked":["ats:Poison Spread","ats:Very Hot Blade","ats:LN2 Cannon"],"picked":"SKIP","floor":19},{"not_picked":["ats:Neurotoxin+1","ats:Explosion Area Strengthen+1","ats:Directed Diagnosis"],"picked":"SKIP","floor":22},{"not_picked":["ats:Neurotoxin+1","ats:Explosion Area Strengthen+1","ats:Directed Diagnosis"],"picked":"SKIP","floor":22},{"not_picked":["ats:Assault Order","ats:Very Hot Blade","ats:Shell Defense"],"picked":"SKIP","floor":23},{"not_picked":["ats:Guard Mode","ats:Closed Bolt Burst Fire"],"picked":"ats:Demon Strength","floor":25},{"not_picked":["ats:Leaping Hammer","ats:Flexible Camouflage","ats:True Silver Slash"],"picked":"SKIP","floor":29},{"not_picked":["ats:Flexible Camouflage+1","ats:Poison Spread"],"picked":"ats:Blood Oath","floor":31},{"not_picked":["ats:Fractured Body","ats:Durian"],"picked":"ats:Calcification","floor":33},{"not_picked":["ats:Guard Mode+1","ats:Cat Scratch","ats:Poison Spread"],"picked":"SKIP","floor":35},{"not_picked":["ats:Serious Mode+1","ats:Defend Order+1","ats:Assault Order"],"picked":"SKIP","floor":38},{"not_picked":["ats:Shell Defense+1","ats:Powerful Strike","ats:Revitalization+1"],"picked":"SKIP","floor":39},{"not_picked":["ats:Guard Mode+1","ats:Apocalypse"],"picked":"ats:Soul Absorption","floor":40},{"not_picked":["ats:Magnetic Hammer","ats:Explosion Area Strengthen"],"picked":"ats:Nebulous Foxfire","floor":41},{"not_picked":["ats:Neurotoxin+1","ats:Phantom+1","ats:Explosion Area Strengthen+1"],"picked":"SKIP","floor":45},{"not_picked":["ats:Leaping Hammer+1","ats:Revitalization+1"],"picked":"ats:Cat Scratch","floor":54}],"player_experience":72293,"relics_obtained":[{"floor":7.0,"key":"ats:Originium"},{"floor":7.0,"key":"White Beast Statue"},{"floor":9.0,"key":"Darkstone Periapt"},{"floor":11.0,"key":"ats:Originium"},{"floor":11.0,"key":"Strawberry"},{"floor":26,"key":"MealTicket"},{"floor":29,"key":"ats:Originium"},{"floor":29,"key":"Frozen Egg 2"},{"floor":40,"key":"ats:Originium"},{"floor":40,"key":"Letter Opener"},{"floor":43,"key":"Toxic Egg 2"},{"floor":45,"key":"Ornamental Fan"},{"floor":54,"key":"Mummified Hand"}],"event_choices":[{"cards_removed":["ats:Strike V"],"damage_healed":0.0,"max_hp_gain":0.0,"max_hp_loss":0.0,"gold_gain":0.0,"event_name":"The Cleric","player_choice":"Card Removal","floor":2.0,"gold_loss":50.0,"damage_taken":0.0},{"damage_healed":0.0,"max_hp_gain":0.0,"max_hp_loss":0.0,"gold_gain":0.0,"event_name":"Shining Light","player_choice":"Entered Light","floor":3.0,"gold_loss":0.0,"damage_taken":14.0,"cards_upgraded":["ats:Closed Bolt Burst Fire","ats:Defend"]},{"damage_healed":0.0,"max_hp_gain":0.0,"max_hp_loss":0.0,"gold_gain":0.0,"event_name":"Living Wall","player_choice":"Grow","floor":5.0,"gold_loss":0.0,"damage_taken":0.0,"cards_upgraded":["ats:Emotion Absorption"]},{"damage_healed":0.0,"max_hp_gain":0.0,"max_hp_loss":0.0,"gold_gain":100.0,"event_name":"Wheel of Change","player_choice":"Gold","floor":14.0,"gold_loss":0.0,"damage_taken":0.0},{"damage_healed":0,"gold_gain":0,"player_choice":"Opened","damage_taken":0,"relics_obtained":["Centennial Puzzle"],"max_hp_gain":0,"max_hp_loss":0,"event_name":"The Mausoleum","floor":20,"gold_loss":0,"cards_obtained":["Writhe"]},{"damage_healed":0,"gold_gain":0,"cards_transformed":["ats:Strike S","ats:Defend"],"player_choice":"Became Test Subject","damage_taken":0,"max_hp_gain":0,"max_hp_loss":0,"event_name":"Drug Dealer","floor":30,"gold_loss":0,"cards_obtained":["ats:Volcano","ats:Soul Rend"]},{"cards_removed":["ats:Volcano"],"damage_healed":7,"gold_gain":0,"player_choice":"Offered Rare","damage_taken":0,"max_hp_gain":10,"max_hp_loss":0,"event_name":"Bonfire Elementals","floor":36,"gold_loss":0},{"cards_removed":["ats:Song Of Battle"],"damage_healed":0,"gold_gain":0,"player_choice":"Removed Power","damage_taken":0,"max_hp_gain":0,"max_hp_loss":0,"event_name":"Falling","floor":46,"gold_loss":0}],"is_beta":false,"boss_relics":[{"not_picked":["Runic Pyramid","ats:Tactical Delivery"],"picked":"Cursed Key"},{"not_picked":["Fusion Hammer","Runic Dome"],"picked":"Empty Cage"}],"items_purged_floors":[10,21,28,42],"is_endless":false,"potions_floor_spawned":[8,11,12,13,16,18,19,22,23,25,29,31,33,35,38,39,40,41,45,54],"killed_by":"The Heart","ascension_level":0}}