{"host":"5ezk7t18wcb10u1o","time":1614028993,"event":{"mods":["BaseMod","Bestiary","Colored Powertips","Minty Spire (QoL Compilation)","Relic Sorter"],"gold_per_floor":[111,111,61,76,90,90,90,90,90,100,100,112,112,130,130,205,205,205,205,205,205,205,205,205,205,205,205,205,205,205,11,11,11,11,11,11,11,11,11,11,11,11,11,11,11,11,11,11,11,11],"floor_reached":51,"language":"ENG","playtime":3146,"items_purged":[],"score":1296,"play_id":"5b5f5654-f2c5-4869-9906-90e9a14e0060","local_time":"20210222212313","is_ascension_mode":true,"campfire_choices":[{"data":"Neutralize","floor":6,"key":"SMITH"},{"data":"Blade Dance","floor":8,"key":"SMITH"},{"data":"Backflip","floor":11,"key":"SMITH"},{"data":"Dagger Spray","floor":13,"key":"SMITH"},{"data":"Footwork","floor":15,"key":"SMITH"},{"data":"Survivor","floor":23,"key":"SMITH"},{"data":"Blade Dance","floor":25,"key":"SMITH"},{"data":"Defend_G","floor":29,"key":"SMITH"},{"data":"Sadistic Nature","floor":32,"key":"SMITH"},{"data":"Footwork","floor":42,"key":"SMITH"},{"floor":45,"key":"REST"},{"data":"Accuracy","floor":49,"key":"SMITH"}],"circlet_count":0,"master_deck":["AscendersBane","Defend_G","Defend_G","Defend_G","Defend_G","Defend_G+1","Survivor+1","Neutralize+1","Dagger Spray+1","Blade Dance+1","Backflip+1","Caltrops","Footwork+1","Blade Dance+1","Terror+1","Noxious Fumes","Footwork+1","Sadistic Nature+1","Doppelganger","Dagger Spray+1","Tactician+1","Backflip+1","Noxious Fumes","Dodge and Roll+1","Bullet Time","Dagger Throw","Accuracy+1"],"relics":["Ring of the Snake","Eternal Feather","Mummified Hand","Ectoplasm","Nunchaku","Question Card","Art of War","Astrolabe","FossilizedHelix","Pantograph","Whetstone","Toy Ornithopter","Blood Vial"],"acts_visited":["Exordium","TheCity","TheBeyond"],"potions_floor_usage":[16,24,28,30,36,39],"damage_taken":[{"damage":5,"enemies":"Cultist","floor":1,"turns":5},{"damage":9,"enemies":"Jaw Worm","floor":4,"turns":7},{"damage":0,"enemies":"Small Slimes","floor":5,"turns":3},{"damage":4,"enemies":"Exordium Thugs","floor":10,"turns":5},{"damage":1,"enemies":"Blue Slaver","floor":12,"turns":4},{"damage":0,"enemies":"3 Louse","floor":14,"turns":2},{"damage":35,"enemies":"Hexaghost","floor":16,"turns":10},{"damage":0,"enemies":"3 Byrds","floor":18,"turns":4},{"damage":1,"enemies":"Chosen","floor":20,"turns":4},{"damage":0,"enemies":"Gremlin Leader","floor":24,"turns":7},{"damage":0,"enemies":"3 Cultists","floor":27,"turns":5},{"damage":6,"enemies":"Snake Plant","floor":28,"turns":5},{"damage":15,"enemies":"Sentry and Sphere","floor":30,"turns":5},{"damage":42,"enemies":"Collector","floor":33,"turns":11},{"damage":0,"enemies":"3 Darklings","floor":35,"turns":4},{"damage":4,"enemies":"Orb Walker","floor":36,"turns":3},{"damage":0,"enemies":"Mind Bloom Boss Battle","floor":39,"turns":4},{"damage":0,"enemies":"Giant Head","floor":40,"turns":8},{"damage":63,"enemies":"Reptomancer","floor":44,"turns":8},{"damage":0,"enemies":"4 Shapes","floor":46,"turns":5},{"damage":12,"enemies":"Writhing Mass","floor":47,"turns":7},{"damage":0,"enemies":"Nemesis","floor":48,"turns":7},{"damage":76,"enemies":"Time Eater","floor":50,"turns":13}],"seed_played":"-9102079751819965314","potions_obtained":[{"floor":1,"key":"LiquidBronze"},{"floor":7,"key":"FairyPotion"},{"floor":20,"key":"Poison Potion"},{"floor":27,"key":"DistilledChaos"},{"floor":28,"key":"PowerPotion"},{"floor":35,"key":"SteroidPotion"},{"floor":36,"key":"Swift Potion"},{"floor":46,"key":"FairyPotion"}],"is_trial":false,"path_per_floor":["M","?","?","M","M","R","?","R","T","M","R","M","R","M","R","B",null,"M","?","M","T","?","R","E","R","T","M","M","R","M","$","R","B",null,"M","M","?","?","?","E","?","R","T","E","R","M","M","E","R","B",null],"character_chosen":"THE_SILENT","items_purchased":["Sadistic Nature"],"campfire_rested":1,"item_purchase_floors":[31],"current_hp_per_floor":[65,53,53,44,44,50,50,56,56,52,61,60,69,69,77,42,68,68,68,67,67,87,87,87,87,87,87,81,87,72,72,84,42,76,76,72,72,72,72,72,72,83,83,20,59,59,47,47,62,7],"gold":11,"neow_bonus":"TEN_PERCENT_HP_BONUS","is_daily":false,"chose_seed":false,"campfire_upgraded":11,"win_rate":0.0,"timestamp":1614028993,"path_taken":["M","?","?","M","M","R","?","R","T","M","R","M","R","M","R","BOSS","M","?","?","?","?","R","E","R","T","M","M","R","?","?","R","BOSS","M","M","?","?","?","E","?","R","T","E","R","?","M","E","R","BOSS"],"items_purchased_type":["Card"],"build_version":"2020-12-22","purchased_purges":0,"victory":true,"max_hp_per_floor":[77,77,77,77,77,77,77,77,77,77,77,77,77,77,77,77,77,77,77,77,77,87,87,87,87,87,87,87,87,87,87,87,87,87,87,87,87,83,83,83,83,83,83,83,83,83,83,83,83,83],"card_choices":[{"not_picked":["Choke","Eviscerate","Prepared"],"picked":"SKIP","floor":1},{"not_picked":["Reflex","All Out Attack"],"picked":"Dagger Spray","floor":4},{"not_picked":["Well Laid Plans","Deflect"],"picked":"Blade Dance","floor":5},{"not_picked":["Dagger Spray","Flechettes"],"picked":"Backflip","floor":10},{"not_picked":["Dagger Throw","Dagger Spray"],"picked":"Caltrops","floor":12},{"not_picked":["Deadly Poison","Die Die Die"],"picked":"Footwork","floor":14},{"not_picked":["Bullet Time","Adrenaline"],"picked":"Glass Knife","floor":16},{"not_picked":["Flying Knee","Outmaneuver"],"picked":"Blade Dance","floor":18},{"not_picked":["Underhanded Strike","Cloak And Dagger"],"picked":"Terror+1","floor":20},{"not_picked":["Crippling Poison","Backflip"],"picked":"Noxious Fumes","floor":24},{"not_picked":["Escape Plan","Sucker Punch","Calculated Gamble","Deadly Poison"],"picked":"SKIP","floor":27},{"not_picked":["Quick Slash","Slice","Riddle With Holes","Dagger Throw"],"picked":"SKIP","floor":28},{"not_picked":["Acrobatics","Setup","Concentrate"],"picked":"Footwork","floor":30},{"not_picked":["Tools of the Trade","A Thousand Cuts","Night Terror"],"picked":"Doppelganger","floor":33},{"not_picked":["Eviscerate+1","Sucker Punch","Terror","Dagger Spray"],"picked":"SKIP","floor":35},{"not_picked":["Sucker Punch","Escape Plan+1","Catalyst"],"picked":"Noxious Fumes","floor":36},{"not_picked":["Outmaneuver","Bullet Time","Predator"],"picked":"Dodge and Roll+1","floor":40},{"not_picked":["Crippling Poison","Terror","Catalyst","Outmaneuver"],"picked":"SKIP","floor":44},{"not_picked":["Sucker Punch+1","Outmaneuver","Slice","Night Terror"],"picked":"SKIP","floor":46},{"not_picked":["Dagger Throw","Prepared","Sucker Punch","Riddle With Holes"],"picked":"SKIP","floor":47},{"not_picked":["Prepared","Sucker Punch","Riddle With Holes"],"picked":"Dagger Throw","floor":47},{"not_picked":["Dodge and Roll","Deflect","Escape Plan+1"],"picked":"Accuracy","floor":48}],"player_experience":1247758,"relics_obtained":[{"floor":9,"key":"Mummified Hand"},{"floor":21,"key":"Nunchaku"},{"floor":24,"key":"Question Card"},{"floor":26,"key":"Art of War"},{"floor":39,"key":"FossilizedHelix"},{"floor":40,"key":"Pantograph"},{"floor":43,"key":"Whetstone"},{"floor":44,"key":"Toy Ornithopter"},{"floor":48,"key":"Blood Vial"}],"event_choices":[{"damage_healed":0,"gold_gain":0,"player_choice":"Success","damage_taken":12,"relics_obtained":["Eternal Feather"],"max_hp_gain":0,"max_hp_loss":0,"event_name":"Scrap Ooze","floor":2,"gold_loss":0},{"cards_removed":["Strike_G"],"damage_healed":0,"gold_gain":0,"player_choice":"Card Removal","damage_taken":0,"max_hp_gain":0,"max_hp_loss":0,"event_name":"The Cleric","floor":3,"gold_loss":50},{"damage_healed":0,"gold_gain":0,"player_choice":"Got Potions","damage_taken":0,"max_hp_gain":0,"max_hp_loss":0,"event_name":"Lab","floor":7,"gold_loss":0},{"damage_healed":0,"gold_gain":0,"player_choice":"Ignored","damage_taken":0,"max_hp_gain":0,"max_hp_loss":0,"event_name":"Golden Shrine","floor":19,"gold_loss":0},{"cards_removed":["Glass Knife"],"damage_healed":10,"gold_gain":0,"player_choice":"Offered Rare","damage_taken":0,"max_hp_gain":10,"max_hp_loss":0,"event_name":"Bonfire Elementals","floor":22,"gold_loss":0},{"cards_removed":["Strike_G"],"damage_healed":0,"gold_gain":0,"player_choice":"Removed Attack","damage_taken":0,"max_hp_gain":0,"max_hp_loss":0,"event_name":"Falling","floor":37,"gold_loss":0},{"damage_healed":0,"gold_gain":0,"player_choice":"Max HP","damage_taken":0,"max_hp_gain":0,"max_hp_loss":4,"event_name":"Winding Halls","floor":38,"gold_loss":0},{"damage_healed":0,"gold_gain":0,"player_choice":"Fight","damage_taken":0,"max_hp_gain":0,"max_hp_loss":0,"event_name":"MindBloom","floor":39,"gold_loss":0},{"damage_healed":0,"gold_gain":0,"player_choice":"1 cards matched","damage_taken":0,"max_hp_gain":0,"max_hp_loss":0,"event_name":"Match and Keep!","floor":41,"gold_loss":0,"cards_obtained":["Bullet Time"]}],"is_beta":false,"boss_relics":[{"not_picked":["Snecko Eye","Coffee Dripper"],"picked":"Ectoplasm"},{"not_picked":["Philosopher\u0027s Stone","Velvet Choker"],"picked":"Astrolabe"}],"items_purged_floors":[],"is_endless":false,"potions_floor_spawned":[1,10,14,20,27,28,35,36,46,48],"ascension_level":13}}