{"host":"mwb0clku6crgv6yl","time":1614004037,"event":{"mods":["AchievementEnabler","BaseMod","Highlight Path","Minty Spire (QoL Compilation)","StSLib","The Cursed"],"gold_per_floor":[112,112,37,37,61,101,12,12,12,31,31,49,72,95,95,193,193,206,206,96,110,133,133,133,147,218,239,239,66,66,82,82,180,180,198,219,219,219,50,86,86,110,135,135,158,72,72,72,72],"floor_reached":48,"language":"ZHS","playtime":1502,"items_purged":[],"score":974,"play_id":"fb98b576-517e-4a6c-966b-a29c0d3c2b6f","local_time":"20210222222717","is_ascension_mode":true,"campfire_choices":[{"floor":8.0,"key":"REST"},{"data":"Limit Break","floor":11.0,"key":"SMITH"},{"data":"Flex","floor":15.0,"key":"SMITH"},{"floor":23.0,"key":"REST"},{"floor":28.0,"key":"REST"},{"floor":32.0,"key":"REST"},{"floor":41.0,"key":"REST"},{"floor":44,"key":"REST"},{"floor":47,"key":"RECALL"}],"circlet_count":0,"master_deck":["AscendersBane","Strike_R","Strike_R","Strike_R","Strike_R","Bash","Limit Break+1","Headbutt","Flex+1","Infernal Blade","Inflame","Heavy Blade+1","Burning Pact","Pommel Strike+1","Double Tap","Shrug It Off","Pommel Strike","Bloodletting+1","Reaper","Twin Strike+1","Seeing Red+1","Feed+1","Flame Barrier+1","Second Wind"],"relics":["Burning Blood","Golden Idol","WingedGreaves","Sundial","Fusion Hammer","MutagenicStrength","Mercury Hourglass","Medical Kit","Astrolabe","Lee\u0027s Waffle","Orichalcum","Bag of Preparation"],"acts_visited":["Exordium","TheCity","TheBeyond"],"potions_floor_usage":[],"damage_taken":[{"damage":2.0,"enemies":"2 Louse","floor":1.0,"turns":4.0},{"damage":7.0,"enemies":"Small Slimes","floor":5.0,"turns":4.0},{"damage":36.0,"enemies":"Gremlin Nob","floor":6.0,"turns":4.0},{"damage":6.0,"enemies":"Cultist","floor":10.0,"turns":3.0},{"damage":7.0,"enemies":"2 Fungi Beasts","floor":12.0,"turns":3.0},{"damage":0.0,"enemies":"Large Slime","floor":13.0,"turns":4.0},{"damage":10.0,"enemies":"Gremlin Gang","floor":14.0,"turns":3.0},{"damage":43.0,"enemies":"The Guardian","floor":16.0,"turns":8.0},{"damage":41.0,"enemies":"2 Thieves","floor":18.0,"turns":5.0},{"damage":0.0,"enemies":"Chosen","floor":21.0,"turns":3.0},{"damage":2.0,"enemies":"Sentry and Sphere","floor":22.0,"turns":3.0},{"damage":15.0,"enemies":"Centurion and Healer","floor":25.0,"turns":4.0},{"damage":32.0,"enemies":"Shelled Parasite and Fungi","floor":27.0,"turns":3.0},{"damage":22.0,"enemies":"Snake Plant","floor":31.0,"turns":2.0},{"damage":39.0,"enemies":"Champ","floor":33.0,"turns":4.0},{"damage":8.0,"enemies":"3 Shapes","floor":35.0,"turns":3.0},{"damage":41.0,"enemies":"3 Darklings","floor":36.0,"turns":3.0},{"damage":49.0,"enemies":"Nemesis","floor":40.0,"turns":3.0},{"damage":28,"enemies":"Transient","floor":42,"turns":6},{"damage":28,"enemies":"Sphere and 2 Shapes","floor":45,"turns":4},{"damage":0,"enemies":"Giant Head","floor":48,"turns":1}],"seed_played":"1881433364452304946","potions_obtained":[{"floor":10.0,"key":"Fire Potion"},{"floor":13.0,"key":"Ancient Potion"},{"floor":14.0,"key":"Weak Potion"},{"floor":21.0,"key":"AttackPotion"}],"is_trial":false,"path_per_floor":["M","?","?","?","M","E","$","R","T","M","R","M","M","M","R","B",null,"M","?","?","M","M","R","?","M","T","M","R","$","?","M","R","B",null,"M","M","$","?","$","E","R","M","T","R","M","$","R","E"],"character_chosen":"IRONCLAD","items_purchased":["Inflame","Medical Kit","Lee\u0027s Waffle","Second Wind"],"campfire_rested":6,"item_purchase_floors":[7,29,39,46],"current_hp_per_floor":[54,54,54,54,53,23,23,43,43,43,43,42,48,44,44,7,53,18,18,18,24,28,48,62,53,53,27,47,47,47,31,51,32,59,68,37,37,37,79,36,59,37,37,60,60,60,60,60,60],"gold":72,"neow_bonus":"THREE_RARE_CARDS","is_daily":false,"chose_seed":false,"campfire_upgraded":2,"win_rate":0.0,"timestamp":1614004037,"path_taken":["M","?","?","?","M","E","$","R","T","M","R","M","M","M","R","BOSS","M","?","?","M","?","R","?","M","T","M","R","$","?","?","R","BOSS","M","M","$","?","$","E","R","?","T","R","M","?","R","E"],"items_purchased_type":["Card","Relic","Relic","Card"],"build_version":"2020-12-22","purchased_purges":0,"victory":false,"max_hp_per_floor":[75,75,75,68,68,68,68,68,68,68,68,68,68,68,68,68,68,68,68,68,68,68,68,68,68,68,68,68,68,68,68,68,68,68,68,72,72,72,79,79,79,79,79,79,83,83,83,83,83],"card_choices":[{"not_picked":["Impervious","Demon Form"],"picked":"Limit Break","floor":0.0},{"not_picked":["Havoc","Wild Strike"],"picked":"Headbutt","floor":1.0},{"not_picked":["Infernal Blade","Burning Pact"],"picked":"Flex","floor":5.0},{"not_picked":["Searing Blow","Corruption"],"picked":"Infernal Blade","floor":6.0},{"not_picked":["Thunderclap","True Grit"],"picked":"Heavy Blade","floor":10.0},{"not_picked":["True Grit","Anger","Twin Strike"],"picked":"SKIP","floor":12.0},{"not_picked":["Heavy Blade","Iron Wave"],"picked":"Burning Pact","floor":13.0},{"not_picked":["Perfected Strike","Havoc"],"picked":"Pommel Strike","floor":14.0},{"not_picked":["Limit Break","Exhume"],"picked":"Double Tap","floor":16.0},{"not_picked":["Flex","Dropkick"],"picked":"Shrug It Off","floor":18.0},{"not_picked":["Warcry","Anger+1","Twin Strike"],"picked":"SKIP","floor":21.0},{"not_picked":["Heavy Blade","Iron Wave"],"picked":"Pommel Strike","floor":22.0},{"not_picked":["Headbutt","Inflame"],"picked":"Bloodletting+1","floor":25.0},{"not_picked":["Seeing Red","Anger","Reckless Charge"],"picked":"SKIP","floor":27.0},{"not_picked":["Pommel Strike","Flame Barrier"],"picked":"Reaper","floor":31.0},{"not_picked":["Pommel Strike","Anger+1","Wild Strike"],"picked":"SKIP","floor":35.0},{"not_picked":["Havoc","Cleave","Seeing Red+1"],"picked":"SKIP","floor":36.0},{"not_picked":["Sever Soul+1","Body Slam"],"picked":"Flame Barrier+1","floor":40.0},{"not_picked":["Dark Embrace","Clothesline","Limit Break"],"picked":"SKIP","floor":42},{"not_picked":["Clash","Dropkick","Armaments"],"picked":"SKIP","floor":45}],"player_experience":379413,"relics_obtained":[{"floor":6.0,"key":"WingedGreaves"},{"floor":9.0,"key":"Sundial"},{"floor":26.0,"key":"Mercury Hourglass"},{"floor":40.0,"key":"Orichalcum"},{"floor":43,"key":"Bag of Preparation"}],"event_choices":[{"damage_healed":0.0,"max_hp_gain":0.0,"max_hp_loss":0.0,"gold_gain":0.0,"event_name":"Liars Game","player_choice":"Ignored","floor":2.0,"gold_loss":0.0,"damage_taken":0.0},{"cards_removed":["Defend_R"],"damage_healed":0.0,"max_hp_gain":0.0,"max_hp_loss":0.0,"gold_gain":0.0,"event_name":"The Cleric","player_choice":"Card Removal","floor":3.0,"gold_loss":75.0,"damage_taken":0.0},{"damage_healed":0.0,"max_hp_gain":0.0,"max_hp_loss":7.0,"gold_gain":0.0,"event_name":"Golden Idol","player_choice":"Lose Max HP","floor":4.0,"gold_loss":0.0,"damage_taken":0.0,"relics_obtained":["Golden Idol"]},{"damage_healed":0.0,"max_hp_gain":0.0,"max_hp_loss":0.0,"gold_gain":0.0,"event_name":"Drug Dealer","player_choice":"Inject Mutagens","floor":19.0,"gold_loss":0.0,"damage_taken":0.0,"relics_obtained":["MutagenicStrength"]},{"cards_removed":["Strike_R"],"damage_healed":0.0,"max_hp_gain":0.0,"max_hp_loss":0.0,"gold_gain":0.0,"event_name":"Designer","player_choice":"Upgrade and Remove","floor":20.0,"gold_loss":110.0,"damage_taken":0.0,"cards_upgraded":["Pommel Strike"]},{"damage_healed":14.0,"max_hp_gain":0.0,"max_hp_loss":0.0,"gold_gain":0.0,"event_name":"The Library","player_choice":"Heal","floor":24.0,"gold_loss":0.0,"damage_taken":0.0},{"damage_healed":0.0,"max_hp_gain":0.0,"max_hp_loss":0.0,"gold_gain":0.0,"event_name":"Accursed Blacksmith","player_choice":"Forge","floor":30.0,"gold_loss":0.0,"damage_taken":0.0,"cards_upgraded":["Heavy Blade"]},{"damage_healed":0.0,"max_hp_gain":0.0,"max_hp_loss":0.0,"gold_gain":0.0,"event_name":"SecretPortal","player_choice":"Ignored","floor":38.0,"gold_loss":0.0,"damage_taken":0.0}],"is_beta":false,"boss_relics":[{"not_picked":["Coffee Dripper","Snecko Eye"],"picked":"Fusion Hammer"},{"not_picked":["Busted Crown","Velvet Choker"],"picked":"Astrolabe"}],"items_purged_floors":[],"is_endless":false,"potions_floor_spawned":[10,13,14,21],"killed_by":"Giant Head","ascension_level":20}}