{"host":"dl909bjyolgrn2uw","time":1614017539,"event":{"mods":["2.2 Compatiblity","AchievementEnabler","BaseMod","Bestiary","Better Altar","Better Note","Better Sensory Stone","Better Skull","Better Vampires","Better-Laid Plans","Colored Powertips","Conspire","Curses Come First","Disable Question Mark Monsters","Displayed Cursed Tome","Downfall","Emptier Cage","Minty Spire (QoL Compilation)","Morshu Shopkeeper","Permanent Neow","Quick Restart","Rare Cards Sparkle","Relic Stats","Shop Mod","Spicy Shops","StSLib","SuperFastMode","Transform Curses"],"gold_per_floor":[99,110,121,131,68,100,100,119,119,131,148,158,158,158,168,271,271,271,284,303,303,314,347,347,432,432,461,461,495,41,53,67,164,164,64,82,92,2,2,29,75,75,92,235,250,250,50,82,96,96,96,122,2,2,2,2],"floor_reached":57,"language":"ENG","playtime":5907,"items_purged":["Slimebound:Strike_Slimebound","Slimebound:Defend_Slimebound","Slimebound:Defend_Slimebound"],"score":1455,"play_id":"4e84960d-b64a-4b72-98ae-791bc9ae9dd5","local_time":"20210222121219","is_ascension_mode":true,"campfire_choices":[{"data":"Slimebound:Split","floor":1.0,"key":"SMITH"},{"data":"Slimebound:DuplicatedForm","floor":13.0,"key":"SMITH"},{"floor":18.0,"key":"RECALL"},{"data":"Writhe","floor":35.0,"key":"PURGE"},{"data":"Slimebound:Defend_Slimebound","floor":42.0,"key":"PURGE"},{"data":"Slimebound:Defend_Slimebound","floor":47,"key":"PURGE"},{"data":"Slimebound:SplitBruiser","floor":54,"key":"PURGE"}],"circlet_count":0,"master_deck":["Slimebound:Tackle","Slimebound:Split+1","Slimebound:CorrosiveSpit","Slimebound:HauntingLick","Slimebound:SplitLeeching","Slimebound:Gluttony","Slimebound:Recollect","Slimebound:SamplingLick","Slimebound:DuplicatedForm+1","Slimebound:Prepare","Slimebound:GrowthPunch+1","Leg Sweep+1","Slimebound:GoopSpray","Slimebound:MassFeed","Slimebound:GoopSpray","Slimebound:SlimeBarrage","Slimebound:SpikyOuterGoop","Slimebound:SplitLeeching+1","Slimebound:Split+1","Slimebound:LeechLife+1","expansioncontent:DashGenerateEvil","Slimebound:Equalize","Slimebound:SplitMire+1","Slimebound:OozeBath","Slimebound:Repurpose+1","Slimebound:Prepare+1","Slimebound:HauntingLick+1","Slimebound:ComboTackle+1","Slimebound:Teamwork","Slimebound:LevelUp+1","Slimebound:GoopSpray+1","Slimebound:MegaLick+1","Slimebound:SpikyOuterGoop"],"relics":["Slimebound:AbsorbEndCombat","Lizard Tail","Du-Vu Doll","Fusion Hammer","Ginger","Akabeko","conspire:Boomerang","Peace Pipe","MawBank","Bag of Preparation","SlaversCollar","downfall:HeartBlessingRed","Whetstone","Smiling Mask","ClockworkSouvenir","downfall:HeartBlessingGreen","downfall:HeartBlessingBlue","Pantograph","conspire:Flyswatter"],"acts_visited":["Exordium","TheCity","TheBeyond","TheEnding"],"potions_floor_usage":[50,55,56],"damage_taken":[{"damage":0.0,"enemies":"conspire:RoseBush","floor":2.0,"turns":3.0},{"damage":0.0,"enemies":"Small Slimes","floor":3.0,"turns":3.0},{"damage":7.0,"enemies":"Cultist","floor":4.0,"turns":3.0},{"damage":8.0,"enemies":"downfall:FleeingMerchant","floor":5.0,"turns":4.0},{"damage":33.0,"enemies":"Gremlin Nob","floor":6.0,"turns":5.0},{"damage":4.0,"enemies":"downfall:LooterAlt","floor":8.0,"turns":4.0},{"damage":0.0,"enemies":"2 Fungi Beasts","floor":10.0,"turns":4.0},{"damage":2.0,"enemies":"Blue Slaver","floor":11.0,"turns":3.0},{"damage":26.0,"enemies":"Large Slime","floor":12.0,"turns":5.0},{"damage":0.0,"enemies":"downfall:LooterAlt","floor":15.0,"turns":5.0},{"damage":29.0,"enemies":"IC_STATUS_ARCHETYPE","floor":16.0,"turns":9.0},{"damage":25.0,"enemies":"Chosen","floor":19.0,"turns":8.0},{"damage":23.0,"enemies":"conspire:FuzzyDice","floor":20.0,"turns":7.0},{"damage":17.0,"enemies":"Chosen and Byrds","floor":22.0,"turns":6.0},{"damage":24.0,"enemies":"Gremlin Leader","floor":23.0,"turns":12.0},{"damage":15.0,"enemies":"Book of Stabbing","floor":27.0,"turns":5.0},{"damage":19.0,"enemies":"conspire:SneckoGhost","floor":29.0,"turns":8.0},{"damage":15.0,"enemies":"downfall:FleeingMerchant","floor":30.0,"turns":4.0},{"damage":16.0,"enemies":"3 Cultists","floor":31.0,"turns":6.0},{"damage":18.0,"enemies":"Snecko","floor":32.0,"turns":6.0},{"damage":15.0,"enemies":"SI_MIRROR_ARCHETYPE","floor":33.0,"turns":10.0},{"damage":0.0,"enemies":"3 Shapes","floor":36.0,"turns":3.0},{"damage":31.0,"enemies":"3 Darklings","floor":37.0,"turns":8.0},{"damage":17.0,"enemies":"downfall:FleeingMerchant","floor":38.0,"turns":4.0},{"damage":15.0,"enemies":"Giant Head","floor":40.0,"turns":8.0},{"damage":15.0,"enemies":"Maw","floor":43.0,"turns":6.0},{"damage":0.0,"enemies":"downfall:FleeingMerchant","floor":44.0,"turns":2.0},{"damage":0,"enemies":"Jaw Worm Horde","floor":45,"turns":5},{"damage":7,"enemies":"Jaw Worm Horde","floor":46,"turns":5},{"damage":0,"enemies":"Nemesis","floor":48,"turns":5},{"damage":19,"enemies":"Writhing Mass","floor":49,"turns":6},{"damage":11,"enemies":"DF_ARCHETYPE_ORBS","floor":50,"turns":7},{"damage":20,"enemies":"downfall:CharBossMerchant","floor":52,"turns":7},{"damage":22,"enemies":"downfall:NeowBoss","floor":55,"turns":14},{"damage":43,"enemies":"downfall:NeowBossFinal","floor":56,"turns":11}],"seed_played":"-5809978564676468197","potions_obtained":[{"floor":2.0,"key":"Block Potion"},{"floor":3.0,"key":"FearPotion"},{"floor":8.0,"key":"hexamod:SoulburnPotion"},{"floor":10.0,"key":"LiquidMemories"},{"floor":16.0,"key":"bronze:BurnAndBuffPotion"},{"floor":20.0,"key":"Weak Potion"},{"floor":27.0,"key":"GamblersBrew"},{"floor":29.0,"key":"bronze:BurnAndBuffPotion"},{"floor":31.0,"key":"Explosive Potion"},{"floor":32.0,"key":"Block Potion"},{"floor":36.0,"key":"GamblersBrew"},{"floor":46,"key":"BlessingOfTheForge"},{"floor":48,"key":"DuplicationPotion"}],"is_trial":false,"path_per_floor":["R","M","M","M","$","E","T","M","?","M","M","M","R","?","M","B",null,"R","M","M","T","M","E","T","?","?","E","?","E","$","M","M","B",null,"R","M","M","$","?","E","T","R","M","$","M","?","R","E","M","B",null,"E","$","R","B","B",null],"character_chosen":"SLIMEBOUND","items_purchased":["Slimebound:SamplingLick","expansioncontent:DashGenerateEvil","Slimebound:Equalize","Bag of Preparation","ClockworkSouvenir","Slimebound:SpikyOuterGoop"],"campfire_rested":0,"item_purchase_floors":[5,30,30,30,44,53],"current_hp_per_floor":[65,65,65,62,62,31,31,31,31,39,41,32,32,32,36,30,65,65,60,63,63,67,69,69,57,57,65,65,70,77,77,79,80,80,80,86,86,86,86,86,86,86,86,86,86,83,93,96,99,99,99,96,96,96,99,82],"gold":2,"neow_bonus":"REMOVE_CARD","is_daily":false,"chose_seed":false,"campfire_upgraded":2,"win_rate":0.0,"timestamp":1614017539,"path_taken":["R","M","M","M","$","E","T","M","?","M","M","M","R","?","M","BOSS","R","M","M","?","M","E","T","?","?","E","?","E","$","M","M","BOSS","R","M","M","$","?","E","T","R","M","$","M","?","R","E","M","BOSS","E","$","R","BOSS","BOSS"],"items_purchased_type":["Card","Card","Card","Relic","Relic","Card"],"build_version":"2020-12-22","purchased_purges":3,"victory":true,"max_hp_per_floor":[65,65,65,65,65,65,65,65,65,65,65,65,65,65,65,65,65,65,68,71,71,71,74,74,74,74,74,74,77,77,77,80,80,80,80,86,86,86,86,86,86,86,86,86,86,86,96,96,99,99,99,99,99,99,99,99],"relic_stats":{"Peace Pipe":4,"Lizard Tail":0,"counters":[35,205],"Pantograph":3,"Bag of Preparation":[34],"Ginger":[38],"Whetstone":["Slimebound:GrowthPunch","Slimebound:LeechLife"],"MawBank":12,"Smiling Mask":125,"obtain_stats":[{"downfall:HeartBlessingRed":35,"downfall:HeartBlessingGreen":47,"conspire:Boomerang":26,"Bag of Preparation":30,"Ginger":21,"Whetstone":40,"MawBank":29,"Smiling Mask":41,"Akabeko":23,"ClockworkSouvenir":44,"Du-Vu Doll":7,"Peace Pipe":27,"SlaversCollar":34,"Lizard Tail":6,"downfall:HeartBlessingBlue":47,"Pantograph":48,"Fusion Hammer":17,"Slimebound:AbsorbEndCombat":0,"conspire:Flyswatter":52},{"downfall:HeartBlessingRed":21,"downfall:HeartBlessingGreen":29,"conspire:Boomerang":15,"Bag of Preparation":18,"Ginger":13,"Whetstone":25,"MawBank":17,"Smiling Mask":25,"Akabeko":15,"ClockworkSouvenir":27,"Du-Vu Doll":5,"Peace Pipe":16,"SlaversCollar":21,"Lizard Tail":5,"downfall:HeartBlessingBlue":29,"Pantograph":30,"Fusion Hammer":11,"Slimebound:AbsorbEndCombat":0,"conspire:Flyswatter":33},{"downfall:HeartBlessingRed":115,"downfall:HeartBlessingGreen":155,"conspire:Boomerang":76,"Bag of Preparation":93,"Ginger":59,"Whetstone":138,"MawBank":89,"Smiling Mask":138,"Akabeko":76,"ClockworkSouvenir":145,"Du-Vu Doll":16,"Peace Pipe":81,"SlaversCollar":115,"Lizard Tail":16,"downfall:HeartBlessingBlue":155,"Pantograph":160,"Fusion Hammer":44,"Slimebound:AbsorbEndCombat":0,"conspire:Flyswatter":180}]},"card_choices":[{"not_picked":["Slimebound:Dissolve","Slimebound:LeechingTouch"],"picked":"Slimebound:HauntingLick","floor":2.0},{"not_picked":["Slimebound:SlimeBarrage","Slimebound:ItLooksTasty"],"picked":"Slimebound:SplitLeeching","floor":3.0},{"not_picked":["Slimebound:ServeAndProtect","Slimebound:FinishingTackle"],"picked":"Slimebound:Gluttony","floor":4.0},{"not_picked":["Slimebound:LeechingTouch","Slimebound:Nibble"],"picked":"Slimebound:Recollect","floor":5.0},{"not_picked":["Slimebound:ItLooksTasty","Slimebound:GoopTackle"],"picked":"Slimebound:DuplicatedForm","floor":6.0},{"not_picked":["Slimebound:SlimeBrawl","Slimebound:Dissolve"],"picked":"Slimebound:SplitBruiser","floor":8.0},{"not_picked":["Slimebound:LeechEnergy","Slimebound:SplitAcid"],"picked":"Slimebound:Prepare","floor":10.0},{"not_picked":["Slimebound:HauntingLick","Slimebound:SlimeSpikes","Slimebound:MegaLick"],"picked":"SKIP","floor":11.0},{"not_picked":["Slimebound:ItLooksTasty","Slimebound:LeechingTouch"],"picked":"Slimebound:GrowthPunch","floor":12.0},{"not_picked":["Slimebound:RainOfGoop","Slimebound:HungryTackle"],"picked":"Slimebound:GoopSpray","floor":15.0},{"not_picked":["Slimebound:OozeBath","Slimebound:SlimeSlap"],"picked":"Slimebound:MassFeed","floor":16.0},{"not_picked":["Slimebound:ComboTackle","Slimebound:Schlurp"],"picked":"Slimebound:GoopSpray","floor":19.0},{"not_picked":["Slimebound:GrowthPunch","Slimebound:GoopSpray"],"picked":"Slimebound:SlimeBarrage","floor":20.0},{"not_picked":["Slimebound:LivingWall","Slimebound:LeechEnergy"],"picked":"Slimebound:SpikyOuterGoop","floor":22.0},{"not_picked":["Slimebound:ItLooksTasty","Slimebound:SplitMire"],"picked":"Slimebound:SplitLeeching+1","floor":23.0},{"not_picked":["Slimebound:GoopSpray","Slimebound:MegaLick","Slimebound:SamplingLick"],"picked":"SKIP","floor":27.0},{"not_picked":["Slimebound:RollThrough","Slimebound:Recollect","Slimebound:HungryTackle"],"picked":"SKIP","floor":29.0},{"not_picked":["Slimebound:Recollect","Slimebound:RainOfGoop"],"picked":"Slimebound:LeechLife","floor":30.0},{"not_picked":["Slimebound:FinishingTackle+1","Slimebound:Chomp"],"picked":"Slimebound:SplitMire+1","floor":31.0},{"not_picked":["Slimebound:HungryTackle","Slimebound:SplitMire","Slimebound:RejuvenatingLick"],"picked":"SKIP","floor":32.0},{"not_picked":["Slimebound:MassFeed","Slimebound:DouseInSlime"],"picked":"Slimebound:OozeBath","floor":33.0},{"not_picked":["Slimebound:Replication","Slimebound:Schlurp"],"picked":"Slimebound:Repurpose+1","floor":36.0},{"not_picked":["Slimebound:SplitAcid+1","Slimebound:FlameTackle"],"picked":"Slimebound:Prepare+1","floor":37.0},{"not_picked":["Slimebound:DisruptingSlam","Slimebound:Overexert","Slimebound:Gluttony+1"],"picked":"SKIP","floor":38.0},{"not_picked":["Slimebound:SplitBruiser","Slimebound:ComboTackle"],"picked":"Slimebound:HauntingLick+1","floor":40.0},{"not_picked":["Slimebound:Grow","Slimebound:FinishingTackle"],"picked":"Slimebound:ComboTackle+1","floor":43.0},{"not_picked":["Slimebound:MegaLick+1","Slimebound:LeechEnergy"],"picked":"Slimebound:Teamwork","floor":44.0},{"not_picked":["Slimebound:MegaLick+1","Slimebound:Nibble","Slimebound:LeechEnergy"],"picked":"SKIP","floor":45},{"not_picked":["Slimebound:LeadByExample+1","Slimebound:BestDefense+1"],"picked":"Slimebound:LevelUp+1","floor":46},{"not_picked":["Slimebound:PressTheAttack","Slimebound:SplitLeeching"],"picked":"Slimebound:GoopSpray+1","floor":48},{"not_picked":["Slimebound:SplitBruiser+1","Slimebound:LeechingTouch","Slimebound:GoopSpray"],"picked":"SKIP","floor":49},{"not_picked":["Slimebound:RallyTheTroops","Slimebound:PressTheAttack"],"picked":"Slimebound:MegaLick+1","floor":52}],"player_experience":500867,"relics_obtained":[{"floor":6.0,"key":"Lizard Tail"},{"floor":7.0,"key":"Du-Vu Doll"},{"floor":21.0,"key":"Ginger"},{"floor":23.0,"key":"Akabeko"},{"floor":27.0,"key":"Peace Pipe"},{"floor":29.0,"key":"MawBank"},{"floor":40.0,"key":"Whetstone"},{"floor":41.0,"key":"Smiling Mask"},{"floor":48,"key":"Pantograph"},{"floor":52,"key":"conspire:Flyswatter"}],"event_choices":[{"cards_removed":["Slimebound:Split"],"damage_healed":0.0,"max_hp_gain":0.0,"max_hp_loss":0.0,"gold_gain":0.0,"event_name":"betterNote:BetterNote","player_choice":"Take \u0026 Give","floor":14.0,"gold_loss":0.0,"damage_taken":0.0,"cards_obtained":["Leg Sweep"]},{"damage_healed":0.0,"max_hp_gain":0.0,"max_hp_loss":0.0,"gold_gain":2.0,"event_name":"betterStone:BetterStone","player_choice":"4","floor":28.0,"gold_loss":0.0,"damage_taken":0.0,"cards_obtained":["Slimebound:Split"]},{"damage_healed":0.0,"max_hp_gain":0.0,"max_hp_loss":0.0,"gold_gain":0.0,"event_name":"conspire:Investor","player_choice":"Leave","floor":39.0,"gold_loss":0.0,"damage_taken":0.0}],"is_beta":false,"boss_relics":[{"not_picked":["conspire:SeveredTorchhead","Astrolabe"],"picked":"Fusion Hammer"},{"not_picked":["conspire:RunicOctahedron","Velvet Choker"],"picked":"SlaversCollar"}],"items_purged_floors":[38,44,53],"is_endless":false,"potions_floor_spawned":[2,3,8,10,15,16,20,27,29,31,32,36,46,48],"ascension_level":1}}