{"host":"c7r1zuzs2v4an8qo","time":1614027518,"event":{"mods":["BaseMod","Bestiary","Curses Come First","Minty Spire (QoL Compilation)","Relic Stats","StSLib"],"gold_per_floor":[109,65,65,79,129,160,160,187,187,187,216,234,254,273,273,352,352,368,379,379,379,413,438,438,520,520,520,548,110,127,146,146,218,218,230,279,304,331,341,368,388,405,453,486,500,528,542,77,77,77],"floor_reached":51,"language":"ENG","playtime":4236,"items_purged":["Pain","Pain"],"score":1526,"play_id":"4def75ce-d82c-482d-8636-86ec7e25ac6f","local_time":"20210222155838","is_ascension_mode":true,"campfire_choices":[{"data":"Capacitor","floor":7,"key":"SMITH"},{"data":"Defragment","floor":10,"key":"SMITH"},{"data":"Fission","floor":15,"key":"SMITH"},{"floor":24,"key":"REST"},{"data":"Recycle","floor":27,"key":"SMITH"},{"data":"Coolheaded","floor":32,"key":"SMITH"},{"data":"Panache","floor":49,"key":"SMITH"}],"circlet_count":0,"master_deck":["AscendersBane","Strike_B","Strike_B+1","Defend_B","Defend_B","Defend_B","Defend_B","Zap","Dualcast","Cold Snap+1","Doom and Gloom","Ball Lightning","Capacitor+1","Defragment+1","Fission+1","Auto Shields","Ball Lightning","Coolheaded+1","Core Surge","Self Repair+1","Machine Learning","Recycle+1","Leap+1","Compile Driver+1","Dark Shackles+1","Chaos+1","Conserve Battery+1","Fission+1","Coolheaded+1","Darkness+1","Coolheaded+1","Cold Snap","Lockon+1","Self Repair","Writhe","Cold Snap","Echo Form","Stack+1","Redo+1","Aggregate+1","Panache+1"],"relics":["Cracked Core","FossilizedHelix","Whetstone","Emotion Chip","Kunai","Cursed Key","Red Mask","Boot","Pantograph","Strawberry","Toxic Egg 2","Coffee Dripper","Lizard Tail","Pocketwatch","Smiling Mask","Toy Ornithopter","Potion Belt","Mercury Hourglass","Anchor"],"acts_visited":["Exordium","TheCity","TheBeyond"],"potions_floor_usage":[6,11,16,22,22,23,36,40,46,46,50,50],"damage_taken":[{"damage":5,"enemies":"Small Slimes","floor":1,"turns":5},{"damage":0,"enemies":"2 Louse","floor":4,"turns":1},{"damage":3,"enemies":"Gremlin Nob","floor":6,"turns":3},{"damage":32,"enemies":"3 Sentries","floor":8,"turns":7},{"damage":0,"enemies":"Gremlin Nob","floor":11,"turns":3},{"damage":0,"enemies":"Cultist","floor":12,"turns":3},{"damage":0,"enemies":"Exordium Thugs","floor":13,"turns":4},{"damage":0,"enemies":"Looter","floor":14,"turns":3},{"damage":0,"enemies":"Hexaghost","floor":16,"turns":8},{"damage":7,"enemies":"3 Byrds","floor":18,"turns":4},{"damage":6,"enemies":"Shell Parasite","floor":19,"turns":6},{"damage":0,"enemies":"Masked Bandits","floor":22,"turns":3},{"damage":37,"enemies":"Slavers","floor":23,"turns":8},{"damage":11,"enemies":"Gremlin Leader","floor":28,"turns":8},{"damage":6,"enemies":"Centurion and Healer","floor":30,"turns":6},{"damage":8,"enemies":"3 Cultists","floor":31,"turns":5},{"damage":15,"enemies":"Automaton","floor":33,"turns":10},{"damage":46,"enemies":"3 Darklings","floor":35,"turns":6},{"damage":30,"enemies":"2 Orb Walkers","floor":36,"turns":6},{"damage":0,"enemies":"Mind Bloom Boss Battle","floor":37,"turns":3},{"damage":1,"enemies":"3 Shapes","floor":39,"turns":4},{"damage":51,"enemies":"Reptomancer","floor":40,"turns":7},{"damage":2,"enemies":"Spire Growth","floor":41,"turns":6},{"damage":11,"enemies":"Jaw Worm Horde","floor":42,"turns":4},{"damage":14,"enemies":"Giant Head","floor":44,"turns":9},{"damage":12,"enemies":"Maw","floor":45,"turns":6},{"damage":24,"enemies":"Reptomancer","floor":46,"turns":10},{"damage":3,"enemies":"Sphere and 2 Shapes","floor":47,"turns":5},{"damage":4,"enemies":"Time Eater","floor":50,"turns":11}],"seed_played":"-3639001408296433790","potions_obtained":[{"floor":1,"key":"LiquidMemories"},{"floor":4,"key":"Fruit Juice"},{"floor":11,"key":"Fire Potion"},{"floor":13,"key":"Block Potion"},{"floor":16,"key":"SmokeBomb"},{"floor":18,"key":"Explosive Potion"},{"floor":22,"key":"Dexterity Potion"},{"floor":30,"key":"Fire Potion"},{"floor":31,"key":"FocusPotion"},{"floor":39,"key":"Ancient Potion"},{"floor":41,"key":"Energy Potion"},{"floor":45,"key":"Swift Potion"},{"floor":46,"key":"Weak Potion"},{"floor":47,"key":"Dexterity Potion"}],"is_trial":false,"path_per_floor":["M","$","?","M","?","E","R","E","T","R","E","M","M","M","R","B",null,"M","M","?","?","?","E","R","T","T","R","E","$","M","M","R","B",null,"M","?","?","T","M","E","M","M","T","E","M","E","M","$","R","B",null],"character_chosen":"DEFECT","items_purchased":["Doom and Gloom","Toxic Egg 2","Dark Shackles+1","Anchor","Aggregate+1","Panache"],"campfire_rested":1,"item_purchase_floors":[2,29,29,48,48,48],"current_hp_per_floor":[66,66,66,66,66,68,68,36,36,36,36,36,36,36,36,36,71,64,68,68,44,44,17,43,43,43,43,49,49,53,55,55,75,90,54,34,69,69,78,37,45,44,44,47,52,72,86,86,86,95],"gold":77,"neow_bonus":"TEN_PERCENT_HP_BONUS","is_daily":false,"chose_seed":false,"campfire_upgraded":6,"win_rate":0.0,"timestamp":1614027518,"path_taken":["M","$","?","M","?","E","R","E","T","R","E","M","M","M","R","BOSS","M","?","?","?","?","E","R","?","T","R","E","$","M","M","R","BOSS","M","?","?","?","M","E","M","M","T","E","?","E","?","$","R","BOSS"],"items_purchased_type":["Card","Relic","Card","Relic","Card","Card"],"build_version":"2020-12-22","purchased_purges":2,"victory":true,"max_hp_per_floor":[78,78,78,78,78,83,83,83,83,83,83,83,83,83,83,83,83,83,83,83,88,88,88,88,88,88,88,95,95,95,95,95,95,95,95,95,95,95,95,95,95,95,95,95,95,95,95,95,95,95],"relic_stats":{"counters":[29,164],"Whetstone":["Cold Snap","Strike_B"],"Cursed Key":3,"Boot":[17],"Smiling Mask":50,"Mercury Hourglass":[57],"Emotion Chip":[78,21,39,16,2],"Lizard Tail":0,"Pantograph":59,"Kunai":[33],"obtain_stats":[{"Potion Belt":44,"Whetstone":8,"Cursed Key":17,"Boot":23,"Smiling Mask":40,"Mercury Hourglass":46,"Emotion Chip":9,"Lizard Tail":36,"Anchor":48,"Pantograph":25,"Strawberry":28,"Red Mask":22,"Coffee Dripper":34,"Kunai":11,"Toxic Egg 2":29,"Cracked Core":0,"FossilizedHelix":6,"Toy Ornithopter":43,"Pocketwatch":37},{"Potion Belt":25,"Whetstone":4,"Cursed Key":9,"Boot":13,"Smiling Mask":22,"Mercury Hourglass":27,"Emotion Chip":4,"Lizard Tail":19,"Anchor":28,"Pantograph":13,"Strawberry":14,"Red Mask":12,"Coffee Dripper":17,"Kunai":5,"Toxic Egg 2":14,"Cracked Core":0,"FossilizedHelix":3,"Toy Ornithopter":24,"Pocketwatch":20},{"Potion Belt":132,"Whetstone":16,"Cursed Key":37,"Boot":58,"Smiling Mask":113,"Mercury Hourglass":148,"Emotion Chip":16,"Lizard Tail":99,"Anchor":153,"Pantograph":58,"Strawberry":66,"Red Mask":50,"Coffee Dripper":87,"Kunai":19,"Toxic Egg 2":66,"Cracked Core":0,"FossilizedHelix":9,"Toy Ornithopter":123,"Pocketwatch":102}],"Toy Ornithopter":10,"Pocketwatch":[21]},"card_choices":[{"not_picked":["Melter","Reinforced Body"],"picked":"Cold Snap","floor":1},{"not_picked":["Leap","Go for the Eyes"],"picked":"Ball Lightning","floor":4},{"not_picked":["Sweeping Beam","Rainbow"],"picked":"Capacitor","floor":6},{"not_picked":["Blizzard","Genetic Algorithm"],"picked":"Defragment","floor":8},{"not_picked":["Streamline","Lockon"],"picked":"Fission","floor":11},{"not_picked":["Heatsinks","Turbo"],"picked":"Auto Shields","floor":12},{"not_picked":["Steam","Stack"],"picked":"Ball Lightning","floor":13},{"not_picked":["Conserve Battery","Ball Lightning"],"picked":"Coolheaded","floor":14},{"not_picked":["Thunder Strike","All For One"],"picked":"Core Surge","floor":16},{"not_picked":["Recycle","Chaos"],"picked":"Self Repair+1","floor":18},{"not_picked":["Streamline","Redo","Gash"],"picked":"SKIP","floor":19},{"not_picked":["Gash","Chill"],"picked":"Leap+1","floor":22},{"not_picked":["Rebound","Skim"],"picked":"Compile Driver+1","floor":23},{"not_picked":["Hologram","Chaos","Streamline"],"picked":"SKIP","floor":28},{"not_picked":["Chill+1","Redo+1"],"picked":"Chaos+1","floor":30},{"not_picked":["Recycle+1","Gash"],"picked":"Conserve Battery+1","floor":31},{"not_picked":["All For One","Machine Learning"],"picked":"Fission+1","floor":33},{"not_picked":["Streamline","Barrage"],"picked":"Coolheaded+1","floor":35},{"not_picked":["Rebound","Force Field+1"],"picked":"Darkness+1","floor":36},{"not_picked":["Cold Snap","Conserve Battery+1"],"picked":"Coolheaded+1","floor":37},{"not_picked":["Double Energy+1","Rebound+1","Hyperbeam"],"picked":"SKIP","floor":39},{"not_picked":["Sweeping Beam","Hello World+1"],"picked":"Cold Snap","floor":40},{"not_picked":["Rip and Tear+1","Reprogram+1"],"picked":"Lockon+1","floor":41},{"not_picked":["Barrage","Rebound"],"picked":"Self Repair","floor":42},{"not_picked":["Beam Cell+1","Streamline"],"picked":"Cold Snap","floor":44},{"not_picked":["Turbo+1","Conserve Battery+1"],"picked":"Echo Form","floor":45},{"not_picked":["Ball Lightning","Conserve Battery+1"],"picked":"Stack+1","floor":46},{"not_picked":["White Noise+1","Cold Snap"],"picked":"Redo+1","floor":47}],"player_experience":1386107,"relics_obtained":[{"floor":6,"key":"FossilizedHelix"},{"floor":8,"key":"Whetstone"},{"floor":9,"key":"Emotion Chip"},{"floor":11,"key":"Kunai"},{"floor":22,"key":"Red Mask"},{"floor":23,"key":"Boot"},{"floor":25,"key":"Pantograph"},{"floor":28,"key":"Strawberry"},{"floor":36,"key":"Lizard Tail"},{"floor":37,"key":"Pocketwatch"},{"floor":40,"key":"Smiling Mask"},{"floor":43,"key":"Toy Ornithopter"},{"floor":44,"key":"Potion Belt"},{"floor":46,"key":"Mercury Hourglass"}],"event_choices":[{"damage_healed":0,"gold_gain":0,"player_choice":"Ignored","damage_taken":0,"max_hp_gain":0,"max_hp_loss":0,"event_name":"Liars Game","floor":3,"gold_loss":0},{"damage_healed":0,"gold_gain":50,"player_choice":"Pray","damage_taken":0,"max_hp_gain":0,"max_hp_loss":0,"event_name":"Golden Shrine","floor":5,"gold_loss":0},{"damage_healed":0,"gold_gain":0,"cards_transformed":["Strike_B","Strike_B"],"player_choice":"Became Test Subject","damage_taken":0,"max_hp_gain":0,"max_hp_loss":0,"event_name":"Drug Dealer","floor":20,"gold_loss":0,"cards_obtained":["Machine Learning","Recycle"]},{"damage_healed":0,"gold_gain":0,"player_choice":"Shed Blood","damage_taken":29,"max_hp_gain":5,"max_hp_loss":0,"event_name":"Forgotten Altar","floor":21,"gold_loss":0},{"damage_healed":0,"gold_gain":0,"player_choice":"Fought Bandits","damage_taken":0,"max_hp_gain":0,"max_hp_loss":0,"event_name":"Masked Bandits","floor":22,"gold_loss":0},{"damage_healed":0,"gold_gain":0,"player_choice":"Fight","damage_taken":0,"max_hp_gain":0,"max_hp_loss":0,"event_name":"Mysterious Sphere","floor":36,"gold_loss":0},{"damage_healed":0,"gold_gain":0,"player_choice":"Fight","damage_taken":0,"max_hp_gain":0,"max_hp_loss":0,"event_name":"MindBloom","floor":37,"gold_loss":0}],"is_beta":false,"boss_relics":[{"not_picked":["Snecko Eye","Tiny House"],"picked":"Cursed Key"},{"not_picked":["FrozenCore","Inserter"],"picked":"Coffee Dripper"}],"items_purged_floors":[29,48],"is_endless":false,"potions_floor_spawned":[1,4,11,13,16,18,22,30,31,39,41,42,45,46,47],"ascension_level":16}}