{"host":"sum4dy402bbv9y4o","time":1614020138,"event":{"mods":["Aspiration","BaseMod","Conspire","Highlight Path","Minty Spire (QoL Compilation)","StSLib"],"gold_per_floor":[110,260,260,20,30,57,73,107,107,107,117,117,17,27,27,27,27],"floor_reached":16,"language":"ENG","playtime":545,"items_purged":["Strike_P","Strike_P"],"score":220,"play_id":"08dc3a06-a58c-4240-9146-1964b456c5d7","local_time":"20210222215538","is_ascension_mode":true,"campfire_choices":[{"floor":10,"key":"REST"},{"floor":12,"key":"REST"},{"data":"Eruption","floor":15,"key":"SMITH"}],"circlet_count":0,"master_deck":["AscendersBane","Strike_P","Strike_P","Defend_P","Defend_P","Defend_P","Defend_P","Eruption+1","Vigilance","Omniscience","WheelKick","Halt","BowlingBash","Weave","ReachHeaven","EmptyFist","Halt","JustLucky","FollowUp"],"relics":["PureWater","Peace Pipe","CaptainsWheel","Blue Candle"],"acts_visited":["Exordium"],"potions_floor_usage":[6,8,8,16],"damage_taken":[{"damage":4,"enemies":"Small Slimes","floor":1,"turns":6},{"damage":0,"enemies":"2 Louse","floor":5,"turns":2},{"damage":10,"enemies":"3 Sentries","floor":6,"turns":5},{"damage":4,"enemies":"Jaw Worm","floor":7,"turns":2},{"damage":35,"enemies":"Lagavulin","floor":8,"turns":4},{"damage":12,"enemies":"Lots of Slimes","floor":11,"turns":4},{"damage":3,"enemies":"3 Louse","floor":14,"turns":2},{"damage":32,"enemies":"Hexaghost","floor":16,"turns":7}],"seed_played":"-286369329899000852","potions_obtained":[{"floor":1,"key":"AttackPotion"},{"floor":5,"key":"Strength Potion"},{"floor":6,"key":"BottledMiracle"},{"floor":11,"key":"BlessingOfTheForge"}],"is_trial":false,"path_per_floor":["M","?","?","$","M","E","M","E","T","R","M","R","$","M","R","B"],"character_chosen":"WATCHER","items_purchased":["Halt","BowlingBash","Weave"],"campfire_rested":2,"item_purchase_floors":[4,4,4],"current_hp_per_floor":[57,57,50,50,50,40,36,1,1,21,9,29,29,26,26,0,0],"gold":27,"neow_bonus":"ONE_RANDOM_RARE_CARD","is_daily":false,"chose_seed":false,"campfire_upgraded":1,"win_rate":0.0,"timestamp":1614020138,"path_taken":["M","?","?","$","M","E","M","E","T","R","M","R","?","M","R","BOSS"],"items_purchased_type":["Card","Card","Card"],"build_version":"2020-12-22","purchased_purges":2,"victory":false,"max_hp_per_floor":[68,68,68,68,68,68,68,68,68,68,68,68,68,68,68,68,68],"card_choices":[{"not_picked":["EmptyBody","ThirdEye"],"picked":"WheelKick","floor":1},{"not_picked":["Prostrate","Indignation"],"picked":"ReachHeaven","floor":5},{"not_picked":["SignatureMove","PathToVictory"],"picked":"EmptyFist","floor":6},{"not_picked":["Meditate","FlyingSleeves"],"picked":"Halt","floor":7},{"not_picked":["WheelKick","FlyingSleeves"],"picked":"JustLucky","floor":8},{"not_picked":["WreathOfFlame","Prostrate"],"picked":"FollowUp","floor":11},{"not_picked":["ThirdEye","PathToVictory","WreathOfFlame"],"picked":"SKIP","floor":14}],"player_experience":3129554,"relics_obtained":[{"floor":6,"key":"Peace Pipe"},{"floor":8,"key":"CaptainsWheel"},{"floor":9,"key":"Blue Candle"}],"event_choices":[{"damage_healed":0,"gold_gain":150,"player_choice":"AGREE","damage_taken":0,"max_hp_gain":0,"max_hp_loss":0,"event_name":"Liars Game","floor":2,"gold_loss":0,"cards_obtained":["Doubt"]},{"cards_removed":["Doubt"],"damage_healed":0,"gold_gain":0,"player_choice":"Card Removal","damage_taken":7,"max_hp_gain":0,"max_hp_loss":0,"event_name":"Golden Wing","floor":3,"gold_loss":0}],"is_beta":false,"boss_relics":[],"items_purged_floors":[4,13],"is_endless":false,"potions_floor_spawned":[1,5,6,11],"killed_by":"Hexaghost","ascension_level":20}}