{"host":"0ghi9uxs64f8c30g","time":1614024700,"event":{"mods":["BaseMod","Downfall","Minty Spire (QoL Compilation)","StSLib"],"gold_per_floor":[110,110,120,120,145,145,1,39,39,39,39,114,114,33,33,152,152,173,173,185,35,35,65,65,65,65,115,115,125,125,135,135,135,135],"floor_reached":33,"language":"ENG","playtime":962,"items_purged":[],"score":375,"play_id":"4df0e79a-7ec5-4693-af4f-c1546fa6a366","local_time":"20210222211140","is_ascension_mode":true,"campfire_choices":[{"data":"Infernal Blade","floor":6,"key":"SMITH"},{"floor":10,"key":"REST"},{"data":"Feed","floor":13,"key":"SMITH"},{"floor":15,"key":"REST"},{"floor":24,"key":"REST"},{"floor":28,"key":"REST"},{"floor":30,"key":"REST"},{"data":"Carnage","floor":32,"key":"SMITH"}],"circlet_count":0,"master_deck":["Strike_R","Strike_R","Strike_R","Strike_R","Defend_R","Defend_R","Defend_R","Bash","Infernal Blade+1","Rage","Feed+1","Carnage+1","Feed","Shrug It Off+1","Anger+1","Whirlwind+1"],"relics":["Burning Blood","Bloody Idol","Juzu Bracelet","Self Forming Clay","Pear","Mark of Pain","Vajra","Tiny Chest"],"acts_visited":["Exordium","TheCity"],"potions_floor_usage":[20,23,23,33,33],"damage_taken":[{"damage":0,"enemies":"Small Slimes","floor":1,"turns":3},{"damage":6,"enemies":"Cultist","floor":3,"turns":4},{"damage":2,"enemies":"Jaw Worm","floor":5,"turns":3},{"damage":29,"enemies":"3 Sentries","floor":8,"turns":9},{"damage":66,"enemies":"Slime Boss","floor":16,"turns":14},{"damage":6,"enemies":"Spheric Guardian","floor":18,"turns":3},{"damage":30,"enemies":"2 Thieves","floor":20,"turns":4},{"damage":51,"enemies":"Book of Stabbing","floor":23,"turns":6},{"damage":35,"enemies":"Shelled Parasite and Fungi","floor":29,"turns":6},{"damage":24,"enemies":"Chosen and Byrds","floor":31,"turns":6},{"damage":93,"enemies":"Champ","floor":33,"turns":8}],"seed_played":"-3637131284766450909","potions_obtained":[{"floor":3,"key":"SpeedPotion"},{"floor":16,"key":"Swift Potion"},{"floor":20,"key":"Weak Potion"},{"floor":23,"key":"CultistPotion"},{"floor":31,"key":"Block Potion"}],"is_trial":false,"path_per_floor":["M","?","M","?","M","R","$","E","T","R","?","?","R","$","R","B",null,"M","?","M","$","?","E","R","?","T","?","R","M","R","M","R","B"],"character_chosen":"IRONCLAD","items_purchased":["Juzu Bracelet","Carnage","Vajra"],"campfire_rested":5,"item_purchase_floors":[7,14,21],"current_hp_per_floor":[57,57,57,57,61,61,61,38,48,73,78,67,67,67,89,29,74,78,78,64,64,64,24,51,51,51,56,83,63,92,79,79,0,0],"gold":135,"neow_bonus":"REMOVE_TWO","is_daily":false,"chose_seed":false,"campfire_upgraded":3,"win_rate":0.0,"timestamp":1614024700,"path_taken":["M","?","?","?","M","R","?","E","T","R","?","?","R","$","R","BOSS","M","?","M","$","?","E","R","?","T","?","R","M","R","M","R","BOSS"],"items_purchased_type":["Relic","Card","Relic"],"build_version":"2020-12-22","purchased_purges":0,"victory":false,"max_hp_per_floor":[80,80,80,74,74,74,74,74,84,84,89,89,89,89,89,89,89,93,93,93,93,93,93,93,93,93,93,93,97,97,97,97,97,97],"card_choices":[{"not_picked":["Twin Strike","Dual Wield"],"picked":"Thunderclap","floor":1},{"not_picked":["Clothesline","Anger"],"picked":"Infernal Blade","floor":3},{"not_picked":["Sever Soul","Thunderclap"],"picked":"Rage","floor":5},{"not_picked":["Headbutt","Perfected Strike"],"picked":"Feed","floor":8},{"not_picked":["Limit Break","Demon Form"],"picked":"Feed","floor":16},{"not_picked":["Wild Strike+1","Burning Pact","Body Slam"],"picked":"SKIP","floor":18},{"not_picked":["Heavy Blade","True Grit"],"picked":"Shrug It Off+1","floor":20},{"not_picked":["Heavy Blade","Searing Blow+1","Juggernaut"],"picked":"SKIP","floor":23},{"not_picked":["Evolve","Hemokinesis"],"picked":"Anger+1","floor":29},{"not_picked":["Sever Soul","Clothesline"],"picked":"Whirlwind+1","floor":31}],"player_experience":217767,"relics_obtained":[{"floor":8,"key":"Self Forming Clay"},{"floor":9,"key":"Pear"},{"floor":23,"key":"Tiny Chest"}],"event_choices":[{"cards_removed":["Thunderclap"],"damage_healed":0,"gold_gain":0,"player_choice":"Purged","damage_taken":0,"max_hp_gain":0,"max_hp_loss":0,"event_name":"Purifier","floor":2,"gold_loss":0},{"damage_healed":0,"gold_gain":0,"player_choice":"Lose Max HP","damage_taken":0,"relics_obtained":["Golden Idol"],"max_hp_gain":0,"max_hp_loss":6,"event_name":"Golden Idol","floor":4,"gold_loss":0},{"damage_healed":0,"gold_gain":0,"player_choice":"Donut","damage_taken":0,"max_hp_gain":5,"max_hp_loss":0,"event_name":"Big Fish","floor":11,"gold_loss":0},{"damage_healed":0,"gold_gain":75,"player_choice":"Gather Gold","damage_taken":11,"max_hp_gain":0,"max_hp_loss":0,"event_name":"World of Goop","floor":12,"gold_loss":0},{"damage_healed":0,"gold_gain":0,"player_choice":"Gave Idol","damage_taken":0,"relics_obtained":["Bloody Idol"],"max_hp_gain":0,"max_hp_loss":0,"event_name":"Forgotten Altar","floor":19,"relics_lost":["Golden Idol"],"gold_loss":0},{"damage_healed":0,"gold_gain":0,"player_choice":"Ignored","damage_taken":0,"max_hp_gain":0,"max_hp_loss":0,"event_name":"Vampires","floor":22,"gold_loss":0},{"damage_healed":0,"gold_gain":0,"player_choice":"Bought 0 Potions","damage_taken":0,"max_hp_gain":0,"max_hp_loss":0,"event_name":"The Woman in Blue","floor":25,"gold_loss":0},{"damage_healed":0,"gold_gain":100,"player_choice":"Bet on Murderer","damage_taken":0,"max_hp_gain":0,"max_hp_loss":0,"event_name":"The Joust","floor":27,"gold_loss":50}],"is_beta":false,"boss_relics":[{"not_picked":["Pandora\u0027s Box","Runic Cube"],"picked":"Mark of Pain"}],"items_purged_floors":[],"is_endless":false,"potions_floor_spawned":[3,16,20,23,31],"killed_by":"Champ","ascension_level":7}}