{"host":"9brt9rggm379u2p7","time":1614014295,"event":{"mods":["AchievementEnabler","BaseMod","Highlight Path","Minty Spire (QoL Compilation)","Permanent Neow","Quick Restart","SuperFastMode"],"gold_per_floor":[119,119,144,34,50,86,111,111,136,136,160,183,183,204,204,332,332,355,355,355,373,155,190,190,90,90,90,90,134,149,182,182,313,313,329,388,403,209,209,209,248,17,40,0,0,44,44,62,62,62,62,62,62,95,95],"floor_reached":56,"language":"ENG","playtime":3792,"items_purged":["Defend_G","Bite","Bite","Bite"],"score":1403,"play_id":"af3a8555-4401-41cb-888f-477056946c05","local_time":"20210223021815","is_ascension_mode":true,"campfire_choices":[{"floor":13.0,"key":"REST"},{"data":"Tactician","floor":15.0,"key":"SMITH"},{"data":"RitualDagger","floor":28.0,"key":"SMITH"},{"data":"Footwork","floor":32.0,"key":"SMITH"},{"data":"Footwork","floor":40.0,"key":"SMITH"},{"data":"Prepared","floor":45.0,"key":"SMITH"},{"data":"Acrobatics","floor":47.0,"key":"SMITH"},{"floor":49.0,"key":"RECALL"},{"data":"Reflex","floor":52.0,"key":"SMITH"}],"circlet_count":0,"master_deck":["Defend_G","Defend_G","Defend_G","Defend_G","Survivor","Neutralize","Tactician+1","Footwork+1","Footwork+1","Blur","Dodge and Roll","Masterful Stab","Acrobatics","Acrobatics","Tools of the Trade","Bite","Bite","Prepared+1","RitualDagger+1","Caltrops+1","Acrobatics+1","Night Terror","Dodge and Roll","Reflex+1","Escape Plan","Predator","Deadly Poison"],"relics":["Ring of the Snake","StoneCalendar","Golden Idol","Lantern","Bronze Scales","HoveringKite","OrangePellets","Boot","Eternal Feather","Happy Flower","Oddly Smooth Stone","Frozen Egg 2","Sozu","Ginger","Snake Skull","Red Mask","Kunai","Gremlin Horn"],"acts_visited":["Exordium","TheCity","TheBeyond","TheEnding"],"potions_floor_usage":[55,55],"damage_taken":[{"damage":1.0,"enemies":"Jaw Worm","floor":1.0,"turns":7.0},{"damage":6.0,"enemies":"Small Slimes","floor":3.0,"turns":7.0},{"damage":0.0,"enemies":"2 Louse","floor":5.0,"turns":5.0},{"damage":22.0,"enemies":"Gremlin Nob","floor":6.0,"turns":7.0},{"damage":0.0,"enemies":"Lots of Slimes","floor":7.0,"turns":7.0},{"damage":0.0,"enemies":"Looter","floor":11.0,"turns":5.0},{"damage":0.0,"enemies":"Blue Slaver","floor":12.0,"turns":4.0},{"damage":6.0,"enemies":"Lots of Slimes","floor":14.0,"turns":5.0},{"damage":1.0,"enemies":"Hexaghost","floor":16.0,"turns":12.0},{"damage":3.0,"enemies":"3 Byrds","floor":18.0,"turns":3.0},{"damage":0.0,"enemies":"Chosen","floor":21.0,"turns":4.0},{"damage":26.0,"enemies":"Book of Stabbing","floor":23.0,"turns":7.0},{"damage":26.0,"enemies":"Gremlin Leader","floor":29.0,"turns":11.0},{"damage":0.0,"enemies":"Centurion and Healer","floor":30.0,"turns":6.0},{"damage":30.0,"enemies":"Slavers","floor":31.0,"turns":7.0},{"damage":30.0,"enemies":"Automaton","floor":33.0,"turns":16.0},{"damage":27.0,"enemies":"3 Shapes","floor":35.0,"turns":5.0},{"damage":34.0,"enemies":"2 Orb Walkers","floor":36.0,"turns":7.0},{"damage":3.0,"enemies":"3 Darklings","floor":37.0,"turns":7.0},{"damage":33.0,"enemies":"Reptomancer","floor":41.0,"turns":7.0},{"damage":0.0,"enemies":"Giant Head","floor":46.0,"turns":7.0},{"damage":0.0,"enemies":"Spire Growth","floor":48.0,"turns":6.0},{"damage":15.0,"enemies":"Donu and Deca","floor":50.0,"turns":14.0},{"damage":16.0,"enemies":"Shield and Spear","floor":54.0,"turns":8.0},{"damage":38,"enemies":"The Heart","floor":55,"turns":12}],"seed_played":"2454314583374014275","potions_obtained":[{"floor":6.0,"key":"Block Potion"},{"floor":11.0,"key":"GhostInAJar"},{"floor":12.0,"key":"Weak Potion"},{"floor":16.0,"key":"DuplicationPotion"},{"floor":20.0,"key":"EntropicBrew"},{"floor":20.0,"key":"DuplicationPotion"},{"floor":23.0,"key":"Energy Potion"},{"floor":29.0,"key":"Energy Potion"},{"floor":30.0,"key":"PowerPotion"},{"floor":31.0,"key":"Swift Potion"}],"is_trial":false,"path_per_floor":["M","?","M","$","M","E","M","?","T","?","M","M","R","M","R","B",null,"M","?","?","M","$","E","?","$","T","T","R","E","M","E","R","B",null,"M","?","M","$","?","R","E","$","T","?","R","E","R","M","R","B",null,"R","$","E","B",null],"character_chosen":"THE_SILENT","items_purchased":["Footwork","Blur","OrangePellets","Reflex","Predator"],"campfire_rested":1,"item_purchase_floors":[4,4,22,38,42],"current_hp_per_floor":[48,31,25,25,25,3,3,3,3,3,3,3,24,18,18,17,70,67,49,49,49,49,47,41,41,41,41,49,47,49,27,39,43,49,30,8,23,23,23,38,15,15,15,15,30,38,47,47,47,47,47,47,47,41,27],"gold":95,"neow_bonus":"ONE_RARE_RELIC","is_daily":false,"chose_seed":false,"campfire_upgraded":7,"win_rate":0.0,"timestamp":1614014295,"path_taken":["M","?","M","$","M","E","M","?","T","?","?","M","R","M","R","BOSS","M","?","?","?","$","E","?","$","T","?","R","E","M","E","R","BOSS","M","?","M","$","?","R","E","$","T","?","R","E","R","M","R","BOSS","R","$","E","BOSS"],"items_purchased_type":["Card","Card","Relic","Card","Card"],"build_version":"2020-12-22","purchased_purges":4,"victory":true,"max_hp_per_floor":[70,70,70,70,70,70,70,70,70,70,70,70,70,70,70,70,70,70,49,49,49,49,49,49,49,49,49,49,49,49,49,49,49,49,49,49,49,49,47,47,47,47,47,47,47,47,47,47,47,47,47,47,47,47,47],"card_choices":[{"not_picked":["Sucker Punch","Expertise"],"picked":"Tactician","floor":1.0},{"not_picked":["Prepared","Backstab"],"picked":"Footwork","floor":3.0},{"not_picked":["Bane","Dagger Throw","Blade Dance"],"picked":"SKIP","floor":5.0},{"not_picked":["Bouncing Flask","Riddle With Holes"],"picked":"Dodge and Roll","floor":6.0},{"not_picked":["Blade Dance","Quick Slash","Noxious Fumes"],"picked":"SKIP","floor":7.0},{"not_picked":["Poisoned Stab","Dagger Throw"],"picked":"Masterful Stab","floor":11.0},{"not_picked":["Blade Dance","Heel Hook"],"picked":"Acrobatics","floor":12.0},{"not_picked":["Finisher","All Out Attack"],"picked":"Acrobatics","floor":14.0},{"not_picked":["Storm of Steel","Malaise"],"picked":"Tools of the Trade","floor":16.0},{"not_picked":["Quick Slash","Backflip","Dash"],"picked":"SKIP","floor":18.0},{"not_picked":["Distraction","Choke"],"picked":"Prepared","floor":21.0},{"not_picked":["Heel Hook","Glass Knife","PiercingWail+1"],"picked":"SKIP","floor":23.0},{"not_picked":["Outmaneuver","Predator+1"],"picked":"Caltrops+1","floor":29.0},{"not_picked":["Distraction+1","Dagger Spray"],"picked":"Acrobatics","floor":30.0},{"not_picked":["Poisoned Stab","Eviscerate","Flying Knee+1"],"picked":"SKIP","floor":31.0},{"not_picked":["Doppelganger","Unload"],"picked":"Night Terror","floor":33.0},{"not_picked":["Dagger Throw+1","Underhanded Strike","Terror+1"],"picked":"SKIP","floor":35.0},{"not_picked":["PiercingWail","Concentrate+1"],"picked":"Dodge and Roll","floor":36.0},{"not_picked":["Dagger Spray","Crippling Poison+1","Endless Agony"],"picked":"SKIP","floor":37.0},{"not_picked":["Cloak And Dagger","Dagger Throw+1"],"picked":"Escape Plan","floor":41.0},{"not_picked":["Predator+1","Heel Hook","Flechettes"],"picked":"SKIP","floor":46.0},{"not_picked":["Slice","Dagger Spray+1"],"picked":"Deadly Poison","floor":48.0},{"not_picked":["Underhanded Strike","Terror","Phantasmal Killer"],"picked":"SKIP","floor":54.0}],"player_experience":427271,"relics_obtained":[{"floor":6.0,"key":"Lantern"},{"floor":9.0,"key":"Bronze Scales"},{"floor":23.0,"key":"Boot"},{"floor":26.0,"key":"Eternal Feather"},{"floor":27.0,"key":"Happy Flower"},{"floor":29.0,"key":"Oddly Smooth Stone"},{"floor":31.0,"key":"Frozen Egg 2"},{"floor":36.0,"key":"Ginger"},{"floor":41.0,"key":"Snake Skull"},{"floor":46.0,"key":"Kunai"},{"floor":54.0,"key":"Gremlin Horn"}],"event_choices":[{"damage_healed":0.0,"max_hp_gain":0.0,"max_hp_loss":0.0,"gold_gain":0.0,"event_name":"Golden Idol","player_choice":"Take Damage","floor":2.0,"gold_loss":0.0,"damage_taken":17.0,"relics_obtained":["Golden Idol"]},{"damage_healed":0.0,"max_hp_gain":0.0,"max_hp_loss":0.0,"gold_gain":0.0,"event_name":"Dead Adventurer","player_choice":"Searched \u00270\u0027 times","floor":8.0,"gold_loss":0.0,"damage_taken":0.0},{"cards_removed":["Strike_G"],"damage_healed":0.0,"max_hp_gain":0.0,"max_hp_loss":0.0,"gold_gain":0.0,"event_name":"Purifier","player_choice":"Purged","floor":10.0,"gold_loss":0.0,"damage_taken":0.0},{"damage_healed":0.0,"max_hp_gain":0.0,"max_hp_loss":21.0,"gold_gain":0.0,"event_name":"Vampires","player_choice":"Became a vampire","floor":19.0,"gold_loss":0.0,"damage_taken":0.0,"cards_obtained":["Bite","Bite","Bite","Bite","Bite"]},{"damage_healed":0.0,"max_hp_gain":0.0,"max_hp_loss":0.0,"gold_gain":0.0,"event_name":"Lab","player_choice":"Got Potions","floor":20.0,"gold_loss":0.0,"damage_taken":0.0},{"damage_healed":0.0,"max_hp_gain":0.0,"max_hp_loss":0.0,"gold_gain":0.0,"event_name":"Nest","player_choice":"Joined the Cult","floor":24.0,"gold_loss":0.0,"damage_taken":6.0,"cards_obtained":["RitualDagger"]},{"damage_healed":0.0,"max_hp_gain":0.0,"max_hp_loss":0.0,"gold_gain":0.0,"event_name":"Mysterious Sphere","player_choice":"Fight","floor":36.0,"gold_loss":0.0,"damage_taken":0.0},{"damage_healed":0.0,"max_hp_gain":0.0,"max_hp_loss":2.0,"gold_gain":0.0,"event_name":"Winding Halls","player_choice":"Max HP","floor":39.0,"gold_loss":0.0,"damage_taken":0.0},{"damage_healed":0.0,"max_hp_gain":0.0,"max_hp_loss":0.0,"gold_gain":0.0,"event_name":"Tomb of Lord Red Mask","player_choice":"Paid","floor":44.0,"gold_loss":40.0,"damage_taken":0.0,"relics_obtained":["Red Mask"]}],"is_beta":false,"boss_relics":[{"not_picked":["Philosopher\u0027s Stone","SacredBark"],"picked":"HoveringKite"},{"not_picked":["Black Star","WristBlade"],"picked":"Sozu"}],"items_purged_floors":[22,25,38,42],"is_endless":false,"potions_floor_spawned":[6,11,12,16,23,29,30,31,35,37,41],"ascension_level":4}}