{"host":"ghnln56zhm0b0ozo","time":1614013963,"event":{"mods":["BaseMod","Downfall","Minty Spire (QoL Compilation)","Rare Cards Sparkle","Relic Stats","StSLib","The Bug Knight"],"gold_per_floor":[99,111,111,15,15,15,41,51,65,76,95,115,115,100,114,219,219,219,235,249,349,349,42,42,62,62,82,101,101,119,138,155,256,256,256,273,2,18,18,36,36,62,62,112,126,151,134,134,148,148,148,148],"floor_reached":50,"language":"ENG","playtime":2961,"items_purged":[],"score":595,"play_id":"bb9e429f-94bb-4870-a6b8-668d32ffa648","local_time":"20210222191242","is_ascension_mode":false,"campfire_choices":[{"data":"Guardian:CurlUp","floor":1,"key":"SMITH"},{"floor":13,"key":"REST"},{"data":"Guardian:SentryBeam","floor":18,"key":"SMITH"},{"floor":29,"key":"REST"},{"data":"Guardian:SentryBeam","floor":35,"key":"SMITH"},{"data":"Guardian:FloatingOrbs","floor":43,"key":"SMITH"}],"circlet_count":0,"master_deck":["Guardian:Strike_Guardian","Guardian:Strike_Guardian","Guardian:Strike_Guardian","Guardian:Strike_Guardian","Guardian:Defend_Guardian+1","Guardian:Defend_Guardian","Guardian:Defend_Guardian","Guardian:Defend_Guardian+1","Guardian:CurlUp+1","Guardian:TwinSlam","Guardian:VentSteam","Guardian:TimeCapacitor","Guardian:Reroute","Guardian:SentryBeam+1","Guardian:PrimingBeam","Guardian:SentryBeam+1","Guardian:FloatingOrbs+1","Guardian:TemporalStrike","Guardian:Incinerate+1","Guardian:PiercingHide","Guardian:ShieldCharger+1","Guardian:EvasiveProtocol+1","Guardian:PolyBeam","Guardian:PrimingBeam","Guardian:BronzeOrb+1","Guardian:BodySlam+1","Guardian:CrystalBeam","Guardian:CrystalBeam+1","Guardian:Gem_Lightblue","Guardian:Gem_Orange","Guardian:BronzeArmor+1","Guardian:TimeBomb+1"],"relics":["Guardian:ModeShifter","Shovel","War Paint","SlaversCollar","StoneCalendar","HollowMod:LifeEnderRelic","Pen Nib","Guardian:SackOfGems","Ice Cream","Mango","Sozu","Sundial","Toxic Egg 2","Orichalcum","Du-Vu Doll","Potion Belt","TheAbacus","Lantern"],"acts_visited":["Exordium","TheCity","TheBeyond"],"potions_floor_usage":[16,33,33],"damage_taken":[{"damage":1,"enemies":"Cultist","floor":2,"turns":4},{"damage":10,"enemies":"downfall:FleeingMerchant","floor":4,"turns":4},{"damage":5,"enemies":"2 Louse","floor":8,"turns":3},{"damage":11,"enemies":"Jaw Worm","floor":9,"turns":3},{"damage":8,"enemies":"Exordium Thugs","floor":10,"turns":5},{"damage":6,"enemies":"3 Louse","floor":11,"turns":4},{"damage":8,"enemies":"Blue Slaver","floor":12,"turns":3},{"damage":2,"enemies":"downfall:FleeingMerchant","floor":14,"turns":4},{"damage":8,"enemies":"Exordium Wildlife","floor":15,"turns":4},{"damage":18,"enemies":"IC_STATUS_ARCHETYPE","floor":16,"turns":7},{"damage":22,"enemies":"Spheric Guardian","floor":19,"turns":5},{"damage":11,"enemies":"3 Byrds","floor":20,"turns":5},{"damage":3,"enemies":"SI_SHIV_ARCHETYPE","floor":21,"turns":6},{"damage":2,"enemies":"downfall:FleeingMerchant","floor":23,"turns":4},{"damage":25,"enemies":"Centurion and Healer","floor":25,"turns":6},{"damage":15,"enemies":"Snecko","floor":27,"turns":4},{"damage":0,"enemies":"Chosen and Byrds","floor":28,"turns":3},{"damage":15,"enemies":"Snake Plant","floor":30,"turns":4},{"damage":1,"enemies":"Snecko","floor":31,"turns":6},{"damage":28,"enemies":"Shelled Parasite and Fungi","floor":32,"turns":5},{"damage":42,"enemies":"DF_ARCHETYPE_CLAW","floor":33,"turns":8},{"damage":39,"enemies":"3 Shapes","floor":36,"turns":4},{"damage":17,"enemies":"downfall:FleeingMerchant","floor":37,"turns":4},{"damage":12,"enemies":"3 Darklings","floor":38,"turns":5},{"damage":3,"enemies":"4 Shapes","floor":40,"turns":5},{"damage":0,"enemies":"4 Shapes","floor":44,"turns":4},{"damage":22,"enemies":"Transient","floor":45,"turns":5},{"damage":6,"enemies":"Giant Head","floor":46,"turns":5},{"damage":0,"enemies":"downfall:FleeingMerchant","floor":47,"turns":1},{"damage":1,"enemies":"Maw","floor":49,"turns":7},{"damage":81,"enemies":"WA_ARCHETYPE_DIVINITY","floor":50,"turns":5}],"seed_played":"-4718988122984756774","potions_obtained":[{"floor":2,"key":"SteroidPotion"},{"floor":8,"key":"DuplicationPotion"},{"floor":9,"key":"FairyPotion"},{"floor":16,"key":"Slimebound:ThreeZeroPotion"},{"floor":33,"key":"GamblersBrew"}],"is_trial":false,"path_per_floor":["R","M","?","$","?","?","T","M","M","M","M","M","R","$","M","B",null,"R","M","M","?","T","$","T","M","T","M","M","R","M","M","M","B",null,"R","M","$","M","?","M","T","?","R","?","M","E","$","?","M","B"],"character_chosen":"GUARDIAN","items_purchased":["Guardian:Gem_Crimson","Guardian:SackOfGems","Sundial","TheAbacus","Lantern","Guardian:BronzeArmor+1"],"campfire_rested":2,"item_purchase_floors":[4,23,37,47,47,47],"current_hp_per_floor":[88,87,87,77,65,65,65,60,49,41,35,27,53,51,43,25,88,88,66,55,52,52,50,50,25,39,24,24,54,39,38,10,3,102,102,63,46,34,112,109,109,109,109,109,87,81,81,81,80,0,0,0],"gold":148,"neow_bonus":"TEN_PERCENT_HP_BONUS","is_daily":false,"chose_seed":false,"campfire_upgraded":4,"win_rate":0.0,"timestamp":1614013962,"path_taken":["R","M","?","?","?","?","T","M","?","M","M","M","R","?","M","BOSS","R","M","M","?","?","$","T","M","?","M","?","R","M","M","M","BOSS","R","M","$","M","?","?","T","?","R","?","?","E","?","?","M","BOSS"],"items_purchased_type":["Card","Relic","Relic","Relic","Relic","Card"],"build_version":"2020-12-22","purchased_purges":0,"victory":false,"max_hp_per_floor":[88,88,88,88,88,88,88,88,88,88,88,88,88,88,88,88,88,88,88,88,88,88,88,88,88,102,102,102,102,102,102,102,102,102,102,102,102,102,112,112,112,112,112,112,112,112,112,112,112,112,112,112],"relic_stats":{"Sozu":4,"Shovel":0,"TheAbacus":[6],"counters":[40,186],"Sundial":[2],"StoneCalendar":[52],"Pen Nib":[32],"Orichalcum":[6],"obtain_stats":[{"Ice Cream":24,"Potion Belt":46,"Lantern":47,"HollowMod:LifeEnderRelic":21,"Guardian:ModeShifter":0,"StoneCalendar":21,"Guardian:SackOfGems":23,"Mango":26,"Pen Nib":22,"War Paint":7,"Orichalcum":42,"Sozu":34,"Du-Vu Doll":44,"SlaversCollar":17,"Shovel":5,"downfall:BrokenWingStatue":6,"TheAbacus":47,"Sundial":37,"Toxic Egg 2":41},{"Ice Cream":23,"Potion Belt":37,"Lantern":38,"HollowMod:LifeEnderRelic":22,"Guardian:ModeShifter":0,"StoneCalendar":22,"Guardian:SackOfGems":23,"Mango":24,"Pen Nib":22,"War Paint":11,"Orichalcum":34,"Sozu":30,"Du-Vu Doll":35,"SlaversCollar":19,"Shovel":11,"downfall:BrokenWingStatue":11,"TheAbacus":38,"Sundial":32,"Toxic Egg 2":34},{"Ice Cream":105,"Potion Belt":173,"Lantern":174,"HollowMod:LifeEnderRelic":101,"Guardian:ModeShifter":0,"StoneCalendar":101,"Guardian:SackOfGems":105,"Mango":111,"Pen Nib":101,"War Paint":52,"Orichalcum":159,"Sozu":141,"Du-Vu Doll":163,"SlaversCollar":85,"Shovel":52,"downfall:BrokenWingStatue":52,"TheAbacus":174,"Sundial":149,"Toxic Egg 2":159}]},"card_choices":[{"not_picked":["Guardian:Clone","Guardian:Reroute"],"picked":"Guardian:VentSteam","floor":2},{"not_picked":["Guardian:PiercingHide","Guardian:Gem_Red"],"picked":"Guardian:TimeCapacitor","floor":4},{"not_picked":["Guardian:SentryBeam","Guardian:PrismaticBarrier"],"picked":"Guardian:Reroute","floor":8},{"not_picked":["Guardian:Gem_Green","Guardian:Suspension"],"picked":"Guardian:SentryBeam","floor":9},{"not_picked":["Guardian:DecasProtection","Guardian:Suspension"],"picked":"Guardian:PrimingBeam","floor":10},{"not_picked":["Guardian:Reroute","Guardian:Gem_Red"],"picked":"Guardian:SentryBeam","floor":11},{"not_picked":["Guardian:Gem_Red","Guardian:ArmoredProtocol"],"picked":"Guardian:FloatingOrbs","floor":12},{"not_picked":["Guardian:SpikerProtocol","Guardian:EvasiveProtocol"],"picked":"Guardian:Gem_Yellow","floor":14},{"not_picked":["Guardian:Gem_Green","Guardian:GuardianWhirl"],"picked":"Guardian:TemporalStrike","floor":15},{"not_picked":["Guardian:Gem_Synthetic","Guardian:FastForward"],"picked":"Guardian:Gem_Orange","floor":16},{"not_picked":["Guardian:VentSteam","Guardian:Suspension+1"],"picked":"Guardian:Incinerate+1","floor":19},{"not_picked":["Guardian:PrimingBeam","Guardian:Harden","Guardian:Suspension"],"picked":"SKIP","floor":20},{"not_picked":["Guardian:CrystalBeam+1","Guardian:SpikerProtocol+1"],"picked":"Guardian:Gem_Blue","floor":21},{"not_picked":["Guardian:RevengeProtocol","Guardian:HyperBeam_Guardian"],"picked":"Guardian:PiercingHide","floor":23},{"not_picked":["Guardian:CrystalBeam+1","Guardian:TemporalStrike+1"],"picked":"Guardian:ShieldCharger+1","floor":25},{"not_picked":["Guardian:Harden","Guardian:TimeCapacitor+1"],"picked":"Guardian:Gem_Cyan","floor":27},{"not_picked":["Guardian:Suspension","Guardian:Gem_Lightblue"],"picked":"Guardian:Gem_Green","floor":28},{"not_picked":["Guardian:VentSteam","Guardian:PrimingBeam"],"picked":"Guardian:EvasiveProtocol+1","floor":30},{"not_picked":["Guardian:PrimingBeam+1","Guardian:ConstructionForm"],"picked":"Guardian:PolyBeam","floor":31},{"not_picked":["Guardian:Gem_Green","Guardian:Reroute"],"picked":"Guardian:PrimingBeam","floor":32},{"not_picked":["Guardian:HyperBeam_Guardian","Guardian:FastForward"],"picked":"Guardian:BaubleBeam","floor":33},{"not_picked":["Guardian:PrismaticBarrier","Guardian:Gem_Cyan"],"picked":"Guardian:BronzeOrb+1","floor":36},{"not_picked":["Guardian:Emergency+1","Guardian:Gem_Purple"],"picked":"Guardian:BodySlam+1","floor":37},{"not_picked":["Guardian:Gem_Green","Guardian:MultiBeam","Guardian:Repulse"],"picked":"SKIP","floor":38},{"not_picked":["Guardian:Gem_Cyan","Guardian:PiercingHide+1"],"picked":"Guardian:CrystalBeam","floor":40},{"not_picked":["Guardian:PrimingBeam+1","Guardian:Reroute+1"],"picked":"Guardian:CrystalBeam+1","floor":44},{"not_picked":["Guardian:RollAttack","Guardian:PiercingHide+1"],"picked":"Guardian:Gem_Lightblue","floor":45},{"not_picked":["Guardian:PolyBeam+1","Guardian:SentryBeam"],"picked":"Guardian:Gem_Orange","floor":46},{"not_picked":["Guardian:RefractedBeam+1","Guardian:Repulse","Guardian:Gem_Cyan"],"picked":"SKIP","floor":47},{"not_picked":["Guardian:ShieldSpikes+1","Guardian:Gem_White"],"picked":"Guardian:TimeBomb+1","floor":49}],"player_experience":195470,"relics_obtained":[{"floor":7,"key":"War Paint"},{"floor":21,"key":"StoneCalendar"},{"floor":21,"key":"HollowMod:LifeEnderRelic"},{"floor":22,"key":"Pen Nib"},{"floor":24,"key":"Ice Cream"},{"floor":26,"key":"Mango"},{"floor":41,"key":"Toxic Egg 2"},{"floor":42,"key":"Orichalcum"},{"floor":44,"key":"Du-Vu Doll"},{"floor":46,"key":"Potion Belt"}],"event_choices":[{"damage_healed":0,"gold_gain":0,"player_choice":"Success","damage_taken":12,"relics_obtained":["Shovel"],"max_hp_gain":0,"max_hp_loss":0,"event_name":"Scrap Ooze","floor":5,"gold_loss":0},{"cards_removed":["Guardian:BaubleBeam"],"damage_healed":68,"gold_gain":0,"player_choice":"Offered Rare","damage_taken":0,"max_hp_gain":10,"max_hp_loss":0,"event_name":"Bonfire Elementals","floor":39,"gold_loss":0}],"is_beta":false,"boss_relics":[{"not_picked":["Empty Cage","bronze:MakeshiftBattery"],"picked":"SlaversCollar"},{"not_picked":["Astrolabe","Runic Dome"],"picked":"Sozu"}],"items_purged_floors":[],"is_endless":false,"potions_floor_spawned":[2,8,9,11,15,16,19,25,27,33,38,40,45,46],"killed_by":"WA_ARCHETYPE_DIVINITY","ascension_level":0}}