{"host":"aygt75jb8cs7sa4f","time":1614035842,"event":{"mods":["Act Like it!","AlwaysNeverKeys","BaseMod","Better Third Choice","BetterRewards","Colored Map","Conspire","Dota2Spire","Force Act Four","GifTheSpireLib","Halation","Hallownest","Hermit","Hubris","Marisa????????","Minty Spire (QoL Compilation)","Permanent Neow","Reliquary","Replay The Spire","Spikes Relics","StSLib","The Animator","The Bug Knight","The Cursed","The Servant 0.9.4"],"gold_per_floor":[116,131,147,161,236,236,236,236,236,252,252,33,33,66,66,161,161,181,196,196,209,3,34,34,61,140,140,167,167,167,167,167,270,270,290,301,301,313,326,358,205,222,222,248,282,297,297,297,297,297,297,297,55,83,83],"floor_reached":56,"language":"ENG","playtime":3962,"items_purged":["animator:Berserker"],"score":1143,"play_id":"faf37807-bae2-49b6-a35e-0f2bd4a0965f","local_time":"20210222181722","daily_mods":["SealedDeck","Flight"],"is_ascension_mode":false,"campfire_choices":[{"data":"animator:Archer","floor":6,"key":"SMITH"},{"data":"animator:Konayuki","floor":7,"key":"SMITH"},{"data":"animator:Illya","floor":8,"key":"SMITH"},{"floor":13,"key":"REST"},{"data":"animator:EmiyaShirou","floor":15,"key":"SMITH"},{"data":"animator:EmiyaShirou","floor":24,"key":"SMITH"},{"floor":27,"key":"REST"},{"floor":29,"key":"REST"},{"floor":30,"key":"REST"},{"floor":32,"key":"REST"},{"floor":47,"key":"REST"},{"floor":49,"key":"DIG"},{"data":"animator:Lancer","floor":52,"key":"SMITH"}],"circlet_count":0,"master_deck":["animator:Konayuki+1","animator:Shichika","animator:Berserker","animator:Berserker","animator:Lancer","animator:Illya+1","animator:EmiyaShirou+1","animator:SakuraMatou","animator:Berserker","animator:ZankiKiguchi","animator:Alexander","animator:EmiyaShirou+1","animator:Archer+1","animator:Elesis","animator:Alexander","animator:Assassin+1","animator:Kuribayashi","animator:Lancer+1","animator:ShinjiMatou","animator:Saber","animator:Azekura","animator:Rider+1","animator:Rimuru","animator:Shichika"],"relics":["animator:LivingPicture","animator:TheMissingPiece","RollingBoulder","SnailShell","Orichalcum","Centennial Puzzle","reliquary:WritOfMandamus","Omamori","reliquary:FerryPass","reliquary:JackalopeAntler","Snack Pack","LugNut","hubris:Towel","Snecko Heart","Ice Cream","reliquary:FingerTrap","ReplayTheSpireMod:Shallot","reliquary:RoseTintedGlasses","reliquary:PurpleTingedLeaf","Dota2Spire:PowerTreads","hubris:PeanutButter"],"acts_visited":["Exordium","TheCity","TheBeyond","TheEnding"],"potions_floor_usage":[16,16,16,33,33,45,55,55,55],"damage_taken":[{"damage":0,"enemies":"Cultist","floor":1,"turns":3},{"damage":0,"enemies":"2 Louse","floor":2,"turns":2},{"damage":7,"enemies":"conspire:RoseBush","floor":3,"turns":3},{"damage":12,"enemies":"Blue Slaver","floor":4,"turns":3},{"damage":4,"enemies":"Looter","floor":10,"turns":2},{"damage":0,"enemies":"HollowMod:MossKnight","floor":14,"turns":4},{"damage":5,"enemies":"Hexaghost","floor":16,"turns":8},{"damage":0,"enemies":"Shell Parasite","floor":18,"turns":3},{"damage":0,"enemies":"Spheric Guardian","floor":19,"turns":3},{"damage":11,"enemies":"Snake Plant","floor":21,"turns":3},{"damage":23,"enemies":"Book of Stabbing","floor":23,"turns":4},{"damage":11,"enemies":"HollowMod:Nosk","floor":25,"turns":5},{"damage":38,"enemies":"Replay:Snechameleon","floor":28,"turns":5},{"damage":46,"enemies":"Champ","floor":33,"turns":7},{"damage":0,"enemies":"3 Shapes","floor":35,"turns":2},{"damage":0,"enemies":"Orb Walker","floor":36,"turns":1},{"damage":0,"enemies":"3 Darklings","floor":38,"turns":3},{"damage":0,"enemies":"4 Shapes","floor":39,"turns":2},{"damage":0,"enemies":"HollowMod:StalkingDevout","floor":40,"turns":2},{"damage":10,"enemies":"Jaw Worm Horde","floor":42,"turns":2},{"damage":0,"enemies":"Giant Head","floor":44,"turns":2},{"damage":19,"enemies":"Reptomancer","floor":45,"turns":4},{"damage":0,"enemies":"Writhing Mass","floor":46,"turns":2},{"damage":0,"enemies":"Replay:Hell Engine","floor":50,"turns":3},{"damage":0,"enemies":"Shield and Spear","floor":54,"turns":2},{"damage":38,"enemies":"The Heart","floor":55,"turns":5}],"seed_played":"1600142798587348403","potions_obtained":[{"floor":3,"key":"DuplicationPotion"},{"floor":10,"key":"Explosive Potion"},{"floor":14,"key":"AttackPotion"},{"floor":16,"key":"SpeedPotion"},{"floor":23,"key":"Dota2Spire:Clarity"},{"floor":33,"key":"Reflective Coating"},{"floor":38,"key":"EssenceOfSteel"},{"floor":42,"key":"Languid Potion"},{"floor":44,"key":"Dota2Spire:HealingSalve"},{"floor":45,"key":"Regen Potion"}],"is_trial":true,"path_per_floor":["M","M","M","M","?","R","R","R","T","M","?","$","R","E","R","B",null,"M","M","?","M","$","E","R","E","T","R","E","R","R","?","R","B",null,"M","M","?","M","M","E","$","M","T","E","E","M","R","$","R_BF","B",null,"R","$","E","B",null],"character_chosen":"THE_ANIMATOR","items_purchased":["Orichalcum","animator:Kuribayashi","Omamori","reliquary:FingerTrap","animator:Rimuru","animator:Shichika"],"campfire_rested":6,"item_purchase_floors":[12,22,22,41,53,53],"current_hp_per_floor":[66,66,59,47,36,36,36,36,36,32,25,25,44,44,44,39,66,66,66,66,55,55,32,32,21,21,40,2,21,40,40,59,21,66,66,66,63,65,66,66,66,58,58,64,49,53,66,66,66,66,66,66,66,66,51],"gold":83,"neow_bonus":"","is_daily":false,"chose_seed":false,"campfire_upgraded":6,"win_rate":0.0,"timestamp":1614035842,"path_taken":["M","M","?","M","?","R","R","R","T","M","?","$","R","E","R","BOSS","M","M","?","M","$","E","R","E","T","R","E","R","R","?","R","BOSS","M","M","?","M","M","E","$","M","T","E","E","?","R","$","R_BF","BOSS","R","$","E","BOSS"],"items_purchased_type":["Relic","Card","Relic","Relic","Card","Card"],"build_version":"2020-12-22","purchased_purges":1,"victory":true,"max_hp_per_floor":[66,66,66,66,66,66,66,66,66,66,66,66,66,66,66,66,66,66,66,66,66,66,66,66,66,66,66,66,66,66,66,66,66,66,66,66,66,66,66,66,66,66,66,66,66,66,66,66,66,66,66,66,66,66,66],"card_choices":[{"not_picked":["animator:Azekura","animator:Hakurou"],"picked":"animator:ZankiKiguchi","floor":1},{"not_picked":["animator:Sebas","animator:SakuraMatou"],"picked":"animator:Alexander","floor":2},{"not_picked":["animator:Entoma","animator:LeleiLaLalena"],"picked":"animator:EmiyaShirou","floor":3},{"not_picked":["animator:RinTohsaka","animator:Assassin"],"picked":"animator:Archer","floor":4},{"not_picked":["animator:Arpeggio","animator:Sebas","animator:UneriGinkaku"],"picked":"SKIP","floor":10},{"not_picked":["animator:Vanir","animator:Ara","animator:Aqua"],"picked":"SKIP","floor":14},{"not_picked":["animator:Shizu","animator:Wiz"],"picked":"animator:Elesis","floor":16},{"not_picked":["animator:TukaLunaMarceau","animator:Lu+1","animator:Bozes"],"picked":"SKIP","floor":18},{"not_picked":["animator:Lancer","animator:Illya"],"picked":"animator:Alexander","floor":19},{"not_picked":["animator:EmiyaShirou+1","animator:Cocytus"],"picked":"animator:Assassin+1","floor":21},{"not_picked":["animator:ShinjiMatou","animator:Wiz","animator:Shizu"],"picked":"SKIP","floor":23},{"not_picked":["animator:Entoma+1","animator:Millim"],"picked":"animator:Lancer","floor":25},{"not_picked":["animator:EmiyaShirou","animator:Illya"],"picked":"animator:ShinjiMatou","floor":28},{"not_picked":["animator:Albedo","animator:Biyorigo"],"picked":"animator:Saber","floor":33},{"not_picked":["animator:RinTohsaka+1","animator:Demiurge+1","animator:Verdia"],"picked":"SKIP","floor":35},{"not_picked":["animator:ItamiYouji","animator:Demiurge"],"picked":"animator:Azekura","floor":36},{"not_picked":["animator:Shion","animator:EmiyaShirou+1","animator:Biyorigo"],"picked":"SKIP","floor":38},{"not_picked":["animator:UneriGinkaku+1","animator:Tyuule","animator:Entoma+1"],"picked":"SKIP","floor":39},{"not_picked":["animator:YunYun","animator:Shizu","animator:Rena"],"picked":"SKIP","floor":40},{"not_picked":["animator:Demiurge+1","animator:Evileye","animator:NarberalGamma+1"],"picked":"SKIP","floor":42},{"not_picked":["animator:Shuna","animator:Togame","animator:Demiurge"],"picked":"SKIP","floor":44},{"not_picked":["animator:PandorasActor+1","animator:YunYun+1"],"picked":"animator:Rider+1","floor":45},{"not_picked":["animator:Ara+1","animator:Shion","animator:Elsword+1"],"picked":"SKIP","floor":46},{"not_picked":["animator:SakuraMatou","animator:Darkness+1","animator:Lancer+1"],"picked":"SKIP","floor":54}],"player_experience":434113,"relics_obtained":[{"floor":9,"key":"RollingBoulder"},{"floor":14,"key":"Centennial Puzzle"},{"floor":23,"key":"reliquary:FerryPass"},{"floor":25,"key":"reliquary:JackalopeAntler"},{"floor":26,"key":"Snack Pack"},{"floor":28,"key":"LugNut"},{"floor":40,"key":"Ice Cream"},{"floor":43,"key":"ReplayTheSpireMod:Shallot"},{"floor":44,"key":"reliquary:RoseTintedGlasses"},{"floor":45,"key":"reliquary:PurpleTingedLeaf"},{"floor":49,"key":"Dota2Spire:PowerTreads"},{"floor":54,"key":"hubris:PeanutButter"}],"event_choices":[{"damage_healed":0,"gold_gain":75,"player_choice":"Gold","damage_taken":11,"max_hp_gain":0,"max_hp_loss":0,"event_name":"betterThird:BetterGoop","floor":5,"gold_loss":0},{"damage_healed":0,"gold_gain":0,"player_choice":"Relic ","damage_taken":7,"max_hp_gain":0,"max_hp_loss":0,"event_name":"betterThird:BetterScrap","floor":11,"gold_loss":0,"cards_obtained":["Disarm"]},{"damage_healed":0,"gold_gain":0,"player_choice":"Punched","damage_taken":3,"max_hp_gain":0,"max_hp_loss":0,"event_name":"Designer","floor":37,"gold_loss":0}],"is_beta":false,"boss_relics":[{"not_picked":["Cursed Key","conspire:SlowCooker"],"picked":"reliquary:WritOfMandamus"},{"not_picked":["animator:HolyGrailRelic","Replay:Wanted Poster"],"picked":"Snecko Heart"}],"items_purged_floors":[12],"is_endless":false,"potions_floor_spawned":[3,10,14,16,23,33,38,40,42,44,45],"ascension_level":0}}