{"host":"k690or6g1z6gw3a7","time":1614003435,"event":{"mods":["2.2 Compatiblity","Act Like it!","Aspiration","BaseMod","Better Note","Better Vampires","BetterRewards","Colored Map","Colored Powertips","Downfall","Hallownest","Highlight Path","Koishi","KomeijiMod","Lobotomy","LobotomyExtend","Marisa£®ÏF”Í°°ƒß¿Ì…≥£©","Minty Spire (QoL Compilation)","Prisma Mod","Quick Restart","Replay The Spire","StSLib","SuperFastMode","The Alterego","Waifu the Spire"],"gold_per_floor":[99,99,99,99,99,130,130,156,176,189,189,126,126,126,126,142,160,264,264,264,277,288,307,96,96,142,154,194,225,248,270,314,226,247,349,349,349,381,455,518,518,518,518,537,596,596,712,228,228,254,278,286],"floor_reached":53,"language":"ZHS","playtime":3503,"items_purged":["Guardian:Strike_Guardian","Voices"],"score":910,"play_id":"dc40816e-a48f-4592-857c-4e0d205a4f40","local_time":"20210222221715","is_ascension_mode":false,"campfire_choices":[{"floor":1.0,"key":"DIG"},{"floor":20.0,"key":"RECALL"},{"data":"Guardian:Strike_Guardian","floor":37.0,"key":"PURGE"},{"data":"Guardian:Emergency","floor":46,"key":"SMITH"},{"data":"Guardian:BodySlam","floor":49,"key":"SMITH"}],"circlet_count":0,"master_deck":["Guardian:Defend_Guardian+1","Guardian:Defend_Guardian+1","Guardian:Defend_Guardian+1","Guardian:Defend_Guardian+1","Guardian:CurlUp","Guardian:TwinSlam","Guardian:GuardianWhirl","Guardian:StasisField","Guardian:BodySlam+1","Guardian:EvasiveProtocol","Guardian:ConstructionForm","Guardian:Incinerate","Guardian:TimeCapacitor","Guardian:Reroute","Guardian:ShieldCharger","Guardian:ShieldCharger","Guardian:Planning","Guardian:ShieldSpikes","Guardian:VentSteam","Guardian:StasisStrike","Guardian:StasisStrike","Guardian:Harden","Guardian:BodySlam","Guardian:Emergency+1","Guardian:GemFire","Guardian:SpikerProtocol+1","Guardian:SentryBeam+1","Guardian:GemFinder+1","CurseOfTheBell","Guardian:Gem_Green","Guardian:Gem_Cyan","Guardian:Gem_Cyan","Pain","Guardian:Gem_Cyan","Guardian:PrimingBeam","Guardian:Gem_Cyan","Guardian:ArmoredProtocol+1","Guardian:EvasiveProtocol+1","Guardian:Gem_Purple","Guardian:Gem_Green","Guardian:Gem_Red","Guardian:Gem_Synthetic","Guardian:TemporalStrike","Guardian:Gem_Cyan","Guardian:RollAttack+1","Guardian:TimeCapacitor+1"],"relics":["Guardian:ModeShifterPlus","downfall:HeartsMalice","Strawberry","LetterFromLob","aspiration:ArtOfWarUpgrade","Replay:Bottled Eggs","Replay:Mystery Machine","MawBank","aspiration:RitualStick","Frozen Egg 2","Replay:Bandana","Blue Doll","Bronze Scales","Calling Bell","ReplayFunnel","aspiration:FetidBarrel","Ice Cream","Bird Faced Urn","CatCart","Ring of Peace","Ring of Hypnosis","White Beast Statue","Toy Ornithopter","Guardian:SackOfGems"],"acts_visited":["Exordium","TheCity","TheBeyond"],"potions_floor_usage":[40,52,52,52],"damage_taken":[{"damage":0.0,"enemies":"Small Slimes","floor":2.0,"turns":1.0},{"damage":0.0,"enemies":"2 Louse","floor":5.0,"turns":1.0},{"damage":0.0,"enemies":"Lagavulin","floor":6.0,"turns":1.0},{"damage":6.0,"enemies":"Gremlin Nob","floor":8.0,"turns":5.0},{"damage":0.0,"enemies":"Cultist","floor":9.0,"turns":4.0},{"damage":0.0,"enemies":"Red Slaver","floor":10.0,"turns":5.0},{"damage":0.0,"enemies":"downfall:FleeingMerchant","floor":12.0,"turns":4.0},{"damage":11.0,"enemies":"2 Fungi Beasts","floor":16.0,"turns":5.0},{"damage":11.0,"enemies":"Gremlin Gang","floor":17.0,"turns":5.0},{"damage":10.0,"enemies":"SI_SHIV_ARCHETYPE","floor":18.0,"turns":15.0},{"damage":0.0,"enemies":"Spheric Guardian","floor":21.0,"turns":3.0},{"damage":0.0,"enemies":"Chosen","floor":22.0,"turns":9.0},{"damage":0.0,"enemies":"Snecko","floor":23.0,"turns":4.0},{"damage":0.0,"enemies":"downfall:FleeingMerchant","floor":24.0,"turns":4.0},{"damage":0.0,"enemies":"Replay:Snechameleon","floor":28.0,"turns":5.0},{"damage":0.0,"enemies":"Chosen and Byrds","floor":29.0,"turns":4.0},{"damage":4.0,"enemies":"Centurion and Healer","floor":30.0,"turns":7.0},{"damage":0.0,"enemies":"Snake Plant","floor":31.0,"turns":4.0},{"damage":6.0,"enemies":"Gremlin Leader","floor":32.0,"turns":5.0},{"damage":0.0,"enemies":"downfall:FleeingMerchant","floor":33.0,"turns":2.0},{"damage":0.0,"enemies":"Shelled Parasite and Fungi","floor":34.0,"turns":3.0},{"damage":8.0,"enemies":"DF_ARCHETYPE_CLAW","floor":35.0,"turns":3.0},{"damage":0.0,"enemies":"3 Darklings","floor":38.0,"turns":3.0},{"damage":0.0,"enemies":"2 Orb Walkers","floor":39.0,"turns":4.0},{"damage":0,"enemies":"Orin","floor":40,"turns":6},{"damage":0,"enemies":"Orb Walker","floor":44,"turns":3},{"damage":5,"enemies":"Reptomancer","floor":45,"turns":7},{"damage":1,"enemies":"downfall:LadyInBlue","floor":47,"turns":9},{"damage":3,"enemies":"3 Darklings","floor":50,"turns":4},{"damage":0,"enemies":"Writhing Mass","floor":51,"turns":6},{"damage":100,"enemies":"WA_ARCHETYPE_DIVINITY","floor":52,"turns":9}],"seed_played":"4153242090744377713","potions_obtained":[{"floor":6.0,"key":"Venom Potion"},{"floor":10.0,"key":"Swift Potion"},{"floor":16.0,"key":"Ancient Potion"},{"floor":18.0,"key":"Reflective Coating"},{"floor":28.0,"key":"SpeedPotion"},{"floor":35.0,"key":"EntropicBrew"},{"floor":45,"key":"Weak Potion"},{"floor":47,"key":"Swift Potion"}],"is_trial":false,"path_per_floor":["R_BF","M","?","?","M","E","T","E","M","M","R","$","PTL","PTL","R","M","M","B",null,"R_BF","M","M","M","$","?","T","?","E","M","M","M","E","$","M","B",null,"R_BF","M","?","?","?","?","T","M","E","R","?","$","R","M","M","B",null],"character_chosen":"GUARDIAN","items_purchased":["Guardian:ShieldCharger","Guardian:StasisStrike","Blue Doll","Bronze Scales","Guardian:SpikerProtocol+1","Guardian:SentryBeam+1","Guardian:EvasiveProtocol+1","Guardian:SackOfGems","Guardian:TemporalStrike"],"campfire_rested":0,"item_purchase_floors":[12,24,33,33,33,33,48,48,48],"current_hp_per_floor":[87,87,87,87,87,87,87,81,81,81,81,81,81,81,81,70,59,49,87,87,87,87,87,87,87,87,70,70,70,66,66,60,60,60,52,87,87,87,87,87,87,100,100,100,100,100,100,100,100,100,100,3],"gold":286,"neow_bonus":"THREE_ENEMY_KILL","is_daily":false,"chose_seed":false,"campfire_upgraded":2,"win_rate":0.0,"timestamp":1614003435,"path_taken":["R_BF","M","?","?","M","E","T","E","M","?","R","?","PTL","PTL","R","M","M","BOSS","R_BF","M","M","M","$","?","T","?","E","M","M","M","E","$","M","BOSS","R_BF","M","?","?","?","?","T","?","E","R","?","$","R","M","M","BOSS"],"items_purchased_type":["Card","Card","Relic","Relic","Card","Card","Card","Relic","Card"],"build_version":"2020-12-22","purchased_purges":2,"victory":true,"max_hp_per_floor":[87,87,87,87,87,87,87,87,87,87,87,87,87,87,87,87,87,87,87,87,87,87,87,87,87,87,87,87,87,87,87,87,87,87,87,87,87,87,87,87,87,100,100,100,100,100,100,100,100,100,100,100],"card_choices":[{"not_picked":["Guardian:DecasProtection","Guardian:PrimingBeam"],"picked":"Guardian:GuardianWhirl","floor":2.0},{"not_picked":["Guardian:BronzeArmor","Guardian:ChargeCore"],"picked":"Guardian:BodySlam","floor":5.0},{"not_picked":["Guardian:DecasProtection","Guardian:Clone"],"picked":"Guardian:EvasiveProtocol","floor":6.0},{"not_picked":["Guardian:CrystalBeam","Guardian:Planning"],"picked":"Guardian:ConstructionForm","floor":8.0},{"not_picked":["Guardian:CrystalBeam","Guardian:Planning"],"picked":"Guardian:Incinerate","floor":9.0},{"not_picked":["Guardian:VentSteam","Guardian:WalkerClaw"],"picked":"Guardian:TimeCapacitor","floor":10.0},{"not_picked":["Guardian:ChargeCore","Guardian:TemporalShield"],"picked":"Guardian:Reroute","floor":12.0},{"not_picked":["Guardian:FloatingOrbs","Guardian:DecasProtection"],"picked":"Guardian:ShieldCharger","floor":16.0},{"not_picked":["Guardian:TemporalShield","Guardian:FloatingOrbs"],"picked":"Guardian:Planning","floor":17.0},{"not_picked":["Guardian:ExploitGems","Guardian:RevengeProtocol"],"picked":"Guardian:Gem_Orange","floor":18.0},{"not_picked":["Guardian:PrismaticBeam","Guardian:Suspension"],"picked":"Guardian:ShieldSpikes","floor":21.0},{"not_picked":["Guardian:Planning+1","Guardian:BronzeArmor"],"picked":"Guardian:VentSteam","floor":22.0},{"not_picked":["Guardian:DecasProtection","Guardian:MultiBeam"],"picked":"Guardian:Gem_White","floor":23.0},{"not_picked":["Guardian:Gem_Lightblue","Guardian:Gem_Cyan"],"picked":"Guardian:Gem_White","floor":24.0},{"not_picked":["Guardian:TemporalShield","Guardian:WalkerClaw"],"picked":"Guardian:Harden","floor":28.0},{"not_picked":["Guardian:VentSteam","Guardian:PrismaticBeam"],"picked":"Guardian:BodySlam","floor":29.0},{"not_picked":["Guardian:Reroute+1","Guardian:DecasProtection","Guardian:Incinerate"],"picked":"SKIP","floor":30.0},{"not_picked":["Guardian:Gem_Lightblue","Guardian:TimeBomb"],"picked":"Guardian:Gem_Blue","floor":31.0},{"not_picked":["Guardian:ChargeCore","Guardian:CrystalBeam+1"],"picked":"Guardian:Emergency","floor":32.0},{"not_picked":["Guardian:Gem_Purple","Guardian:Gem_Lightblue"],"picked":"Guardian:GemFire","floor":33.0},{"not_picked":["Guardian:Reroute","Guardian:CrystalBeam"],"picked":"Guardian:Gem_Fragmented","floor":34.0},{"not_picked":["Guardian:FierceBash","Guardian:BaubleBeam"],"picked":"Guardian:GemFinder+1","floor":35.0},{"not_picked":["Guardian:Gem_Lightblue","Guardian:Gem_Red"],"picked":"Guardian:Gem_Green","floor":38.0},{"not_picked":["Guardian:Gem_Green","Guardian:Gem_Red"],"picked":"Guardian:Gem_Cyan","floor":38.0},{"not_picked":["Guardian:Gem_Lightblue","Guardian:Gem_Red"],"picked":"Guardian:Gem_Cyan","floor":40},{"not_picked":["Guardian:Incinerate","Guardian:Suspension"],"picked":"Guardian:Gem_Orange","floor":40},{"not_picked":["Guardian:PolyBeam+1","Guardian:TemporalStrike+1"],"picked":"Guardian:Gem_Yellow","floor":44},{"not_picked":["Guardian:Gem_Lightblue","Guardian:Gem_Red"],"picked":"Guardian:Gem_Cyan","floor":45},{"not_picked":["Guardian:GemFire","Guardian:HyperBeam_Guardian"],"picked":"Guardian:PrimingBeam","floor":45},{"not_picked":["Guardian:Gem_Red","Guardian:Gem_Lightblue"],"picked":"Guardian:Gem_Cyan","floor":47},{"not_picked":["Guardian:ChargeCore+1","Guardian:Harden"],"picked":"Guardian:ArmoredProtocol+1","floor":47},{"not_picked":["Guardian:Gem_Red","Guardian:Gem_Green"],"picked":"Guardian:Gem_Cyan","floor":50},{"not_picked":["Guardian:WalkerClaw+1","Guardian:BronzeOrb+1"],"picked":"Guardian:RollAttack+1","floor":50},{"not_picked":["Guardian:Reroute+1","Guardian:DonusPower+1"],"picked":"Guardian:TimeCapacitor+1","floor":51}],"player_experience":148237,"relics_obtained":[{"floor":1.0,"key":"Strawberry"},{"floor":2.0,"key":"LetterFromLob"},{"floor":6.0,"key":"Art of War"},{"floor":7.0,"key":"Replay:Bottled Eggs"},{"floor":8.0,"key":"Replay:Mystery Machine"},{"floor":26.0,"key":"MawBank"},{"floor":28.0,"key":"Frozen Egg 2"},{"floor":32.0,"key":"Replay:Bandana"},{"floor":36.0,"key":"ReplayFunnel"},{"floor":36.0,"key":"aspiration:FetidBarrel"},{"floor":36.0,"key":"Ice Cream"},{"floor":39.0,"key":"Bird Faced Urn"},{"floor":40,"key":"CatCart"},{"floor":41,"key":"Ring of Peace"},{"floor":41,"key":"Ring of Hypnosis"},{"floor":45,"key":"White Beast Statue"},{"floor":47,"key":"Toy Ornithopter"}],"event_choices":[{"cards_removed":["Guardian:Defend_Guardian"],"damage_healed":0.0,"max_hp_gain":0.0,"max_hp_loss":0.0,"gold_gain":0.0,"event_name":"betterNote:BetterNote","player_choice":"Give","floor":25.0,"gold_loss":0.0,"damage_taken":0.0,"cards_obtained":["None"]},{"damage_healed":0.0,"max_hp_gain":0.0,"max_hp_loss":0.0,"gold_gain":0.0,"event_name":"Mysterious Sphere","player_choice":"Fight","floor":39.0,"gold_loss":0.0,"damage_taken":0.0},{"damage_healed":0,"gold_gain":0,"player_choice":"Fight","damage_taken":0,"max_hp_gain":0,"max_hp_loss":0,"event_name":"OrinTheCat","floor":40,"gold_loss":0}],"is_beta":false,"boss_relics":[{"not_picked":["aspiration:RunicSpoon","ChewingGum"],"picked":"Guardian:ModeShifterPlus"},{"not_picked":["aspiration:FutureDiary","Replay:Drink Me"],"picked":"Calling Bell"}],"items_purged_floors":[24,48],"is_endless":false,"potions_floor_spawned":[6,10,16,18,23,28,32,35,38,45,47,50,51],"ascension_level":0}}