{"host":"d57r1g6l9rdx1vko","time":1614022549,"event":{"mods":["AchievementEnabler","BaseMod","Colored Map","Colored Powertips","GifTheSpireLib","Minty Spire (QoL Compilation)","Replay The Spire","StSLib"],"gold_per_floor":[114,114,114,114,114,114,39,39,39,56,75,110,121,146,146,251,251,262,273,473,484,384,384,401,413,413,413,427,460,472,492,492,596,596,608,608,658,658,744,744,777,777,801,817,817,498,498,516,516,516],"floor_reached":51,"language":"ZHS","playtime":3346,"items_purged":["Strike_B","Strike_B","Zap+1"],"score":780,"play_id":"073bb178-3f20-43f2-b860-9b4bab9025d6","local_time":"20210223033549","is_ascension_mode":false,"campfire_choices":[{"data":"Scrape","floor":6,"key":"SMITH"},{"data":"Zap","floor":8,"key":"SMITH"},{"data":"Dualcast","floor":15,"key":"SMITH"},{"data":"ReplayTheSpireMod:Omega Cannon","floor":23,"key":"SMITH"},{"data":"Pot Of Greed","floor":27,"key":"SMITH"},{"floor":32,"key":"DIG"},{"data":"Reboot","floor":40,"key":"SMITH"},{"floor":45,"key":"REST"},{"floor":47,"key":"REST"},{"data":"Pot Of Greed","floor":49,"key":"SMITH"}],"circlet_count":0,"master_deck":["Strike_B","Strike_B+1","Defend_B","Defend_B","Defend_B","Dualcast+1","Scrape+1","Conserve Battery","Amplify","Steam","Pot Of Greed+1","Pot Of Greed+1","ReplayTheSpireMod:System Scan+1","ReplayTheSpireMod:Omega Cannon+1","Hologram+1","Gash","Stack+1","Gash+1","Steam","Hologram+1","All For One+1","Pot Of Greed","Redo+1","Loop+1","Reboot+1","Beam Cell+1","Chill+1","Reprogram+1","Rebound+1","Go for the Eyes+1","FTL+1"],"relics":["Honey Jar","Matryoshka","Happy Flower","Grinning Jar","Philosopher\u0027s Stone","Prayer Wheel","Ancient Tea Set","Pocketwatch","Juzu Bracelet","Molten Egg 2","Nuclear Battery","Lizard Tail","Bottled Tornado","Gremlin Food","Oddly Smooth Stone","War Paint"],"acts_visited":["Exordium","TheCity","TheBeyond"],"potions_floor_usage":[21,41,50,50,50,50],"damage_taken":[{"damage":2,"enemies":"2 Louse","floor":1,"turns":2},{"damage":0,"enemies":"Small Slimes","floor":10,"turns":3},{"damage":0,"enemies":"Cultist","floor":11,"turns":2},{"damage":13,"enemies":"Gremlin Nob","floor":12,"turns":3},{"damage":5,"enemies":"3 Louse","floor":13,"turns":3},{"damage":4,"enemies":"3 Sentries","floor":14,"turns":7},{"damage":48,"enemies":"Hexaghost","floor":16,"turns":10},{"damage":9,"enemies":"Shell Parasite","floor":18,"turns":3},{"damage":5,"enemies":"3 Byrds","floor":19,"turns":3},{"damage":13,"enemies":"Centurion and Healer","floor":21,"turns":3},{"damage":15,"enemies":"Cultist and Chosen","floor":24,"turns":6},{"damage":23,"enemies":"Shelled Parasite and Fungi","floor":25,"turns":3},{"damage":0,"enemies":"Chosen and Byrds","floor":28,"turns":3},{"damage":0,"enemies":"Slavers","floor":29,"turns":1},{"damage":14,"enemies":"Centurion and Healer","floor":30,"turns":4},{"damage":9,"enemies":"Shelled Parasite and Fungi","floor":31,"turns":4},{"damage":67,"enemies":"Automaton","floor":33,"turns":7},{"damage":5,"enemies":"Orb Walker","floor":35,"turns":2},{"damage":19,"enemies":"Mind Bloom Boss Battle","floor":37,"turns":7},{"damage":0,"enemies":"Reptomancer","floor":41,"turns":3},{"damage":0,"enemies":"3 Darklings","floor":44,"turns":3},{"damage":9,"enemies":"Spire Growth","floor":48,"turns":3},{"damage":48,"enemies":"Time Eater","floor":50,"turns":6}],"seed_played":"8516965919382591413","potions_obtained":[{"floor":1,"key":"Adrenaline Potion"},{"floor":11,"key":"FocusPotion"},{"floor":21,"key":"Fruit Juice"},{"floor":25,"key":"FocusPotion"},{"floor":29,"key":"ColorlessPotion"},{"floor":39,"key":"DistilledChaos"},{"floor":39,"key":"Adrenaline Potion"},{"floor":41,"key":"Ancient Potion"},{"floor":48,"key":"CultistPotion"}],"is_trial":false,"path_per_floor":["M","?","?","?","?","R","$","R","T","M","M","E","M","E","R","B",null,"M","M","?","M","$","R","M","M","T","R","M","E","M","M","R_BF","B",null,"M","?","?","?","?","R","E","?","T","M","R","$","R","M","R","B",null],"character_chosen":"DEFECT","items_purchased":["War Paint","Go for the Eyes+1"],"campfire_rested":2,"item_purchase_floors":[46,46],"current_hp_per_floor":[73,73,73,73,78,78,78,78,78,78,78,65,67,70,70,29,80,78,73,73,79,79,79,78,69,69,69,83,83,83,74,74,21,85,80,80,68,95,72,72,86,86,86,86,95,95,95,86,86,38],"gold":516,"neow_bonus":"BOSS_RELIC","is_daily":false,"chose_seed":false,"campfire_upgraded":7,"win_rate":0.0,"timestamp":1614022549,"path_taken":["M","?","?","?","?","R","?","R","T","?","M","E","M","E","R","BOSS","M","M","?","?","$","R","?","M","T","R","M","E","M","M","R_BF","BOSS","M","?","?","?","?","R","E","?","T","M","R","$","R","M","R","BOSS"],"items_purchased_type":["Relic","Card"],"build_version":"2020-12-22","purchased_purges":3,"victory":true,"max_hp_per_floor":[75,75,75,75,80,80,80,80,80,80,80,80,80,80,80,80,80,80,80,80,85,85,85,85,85,85,85,85,85,85,85,85,85,85,85,85,85,95,95,95,95,95,95,95,95,95,95,95,95,95],"card_choices":[{"not_picked":["Hello World","Rebound","Streamline"],"picked":"Scrape","floor":1},{"not_picked":["Rebound","Compile Driver","Loop"],"picked":"Conserve Battery","floor":10},{"not_picked":["Reprogram","Barrage","Turbo"],"picked":"Self Repair","floor":11},{"not_picked":["ReplayRNGCard","Stack","Static Discharge"],"picked":"Amplify","floor":12},{"not_picked":["Cold Snap","Go for the Eyes","Stack"],"picked":"Steam","floor":13},{"not_picked":["Ball Lightning","Go for the Eyes","Compile Driver"],"picked":"ReplayTheSpireMod:System Scan","floor":14},{"not_picked":["Thunder Strike","Multi-Cast","Rainbow"],"picked":"ReplayTheSpireMod:Omega Cannon","floor":16},{"not_picked":["Undo","Chill","Redo+1"],"picked":"Hologram+1","floor":18},{"not_picked":["Rip and Tear","Rebound","Time Bomb+1","Leap"],"picked":"SKIP","floor":19},{"not_picked":["Rip and Tear","Rebound","Time Bomb+1","Leap"],"picked":"SKIP","floor":19},{"not_picked":["Gash+1","Cold Snap","Leap"],"picked":"ReplayTheSpireMod:Fabricate Wheel","floor":21},{"not_picked":["Hologram+1","Coolheaded+1","Leap"],"picked":"Gash","floor":24},{"not_picked":["Streamline","Electrodynamics","Beam Cell"],"picked":"Stack","floor":24},{"not_picked":["BasicCrystalCard","Compile Driver+1","Conserve Battery"],"picked":"Gash+1","floor":25},{"not_picked":["Ball Lightning","Storm+1","Beam Cell","Coolheaded+1"],"picked":"SKIP","floor":25},{"not_picked":["Ball Lightning+1","Gash","ReplaySolidLightProjector"],"picked":"Steam","floor":28},{"not_picked":["Sweeping Beam+1","Auto Shields","Rebound"],"picked":"ReplayTheSpireMod:Omega Cannon","floor":28},{"not_picked":["Barrage","ReplayGash+1","Meteor Strike","Steam"],"picked":"SKIP","floor":29},{"not_picked":["Beam Cell","Cold Snap","Redo"],"picked":"Hologram+1","floor":30},{"not_picked":["Beam Cell","Redo","Crystallizer+1","Storm+1"],"picked":"SKIP","floor":30},{"not_picked":["Redo","Hello World","Rip and Tear","Coolheaded"],"picked":"SKIP","floor":31},{"not_picked":["Stack","Conserve Battery+1","Compile Driver","Self Repair+1"],"picked":"SKIP","floor":31},{"not_picked":["Buffer","Machine Learning","Creative AI"],"picked":"All For One+1","floor":33},{"not_picked":["Skim","Capacitor","Coolheaded+1"],"picked":"Redo+1","floor":35},{"not_picked":["Redo+1","Hologram","Cold Snap+1","Coolheaded+1"],"picked":"SKIP","floor":35},{"not_picked":["Leap+1","Steam","Static Discharge"],"picked":"Loop+1","floor":37},{"not_picked":["Hologram","Coolheaded","Streamline+1"],"picked":"Reboot","floor":39},{"not_picked":["Redo+1","Panic Button+1","Leap"],"picked":"Beam Cell+1","floor":39},{"not_picked":["FTL+1","Chaos+1","Defragment"],"picked":"Chill+1","floor":41},{"not_picked":["Genetic Algorithm+1","Streamline+1","Ball Lightning+1"],"picked":"Reprogram","floor":44},{"not_picked":["Sunder+1","Ball Lightning+1","Compile Driver+1"],"picked":"Rebound+1","floor":44},{"not_picked":["BootSequence+1","Ball Lightning+1","BasicCrystalCard"],"picked":"FTL+1","floor":48},{"not_picked":["Conserve Battery+1","Mirror Shield","Steam+1","Cold Snap+1"],"picked":"SKIP","floor":48}],"player_experience":123917,"relics_obtained":[{"floor":9,"key":"Matryoshka"},{"floor":12,"key":"Happy Flower"},{"floor":14,"key":"Grinning Jar"},{"floor":26,"key":"Ancient Tea Set"},{"floor":26,"key":"Pocketwatch"},{"floor":29,"key":"Juzu Bracelet"},{"floor":32,"key":"Molten Egg 2"},{"floor":37,"key":"Lizard Tail"},{"floor":39,"key":"Bottled Tornado"},{"floor":41,"key":"Gremlin Food"},{"floor":43,"key":"Oddly Smooth Stone"}],"event_choices":[{"damage_healed":0,"gold_gain":0,"player_choice":"Ignored","damage_taken":0,"max_hp_gain":0,"max_hp_loss":0,"event_name":"Liars Game","floor":2,"gold_loss":0},{"damage_healed":0,"gold_gain":0,"player_choice":"Donut","damage_taken":0,"max_hp_gain":5,"max_hp_loss":0,"event_name":"Big Fish","floor":5,"gold_loss":0},{"damage_healed":0,"gold_gain":250,"player_choice":"Bet on Owner","damage_taken":0,"max_hp_gain":0,"max_hp_loss":0,"event_name":"The Joust","floor":20,"gold_loss":50},{"damage_healed":0,"gold_gain":0,"player_choice":"Ignored","damage_taken":0,"max_hp_gain":0,"max_hp_loss":0,"event_name":"Tomb of Lord Red Mask","floor":36,"gold_loss":0},{"damage_healed":0,"gold_gain":0,"player_choice":"Fight","damage_taken":0,"max_hp_gain":0,"max_hp_loss":0,"event_name":"MindBloom","floor":37,"gold_loss":0},{"cards_removed":["ReplayTheSpireMod:Omega Cannon"],"damage_healed":17,"gold_gain":0,"player_choice":"Offered Rare","damage_taken":0,"max_hp_gain":10,"max_hp_loss":0,"event_name":"Bonfire Elementals","floor":38,"gold_loss":0},{"cards_removed":["Self Repair"],"damage_healed":0,"gold_gain":0,"player_choice":"Removed Power","damage_taken":0,"max_hp_gain":0,"max_hp_loss":0,"event_name":"Falling","floor":42,"gold_loss":0}],"is_beta":false,"boss_relics":[{"not_picked":["Ectoplasm","Velvet Choker"],"picked":"Philosopher\u0027s Stone"},{"not_picked":["Runic Dome","Empty Cage"],"picked":"Nuclear Battery"}],"items_purged_floors":[7,22,46],"is_endless":false,"potions_floor_spawned":[1,11,21,25,29,31,33,41,48],"ascension_level":0}}