{"host":"ziko4uwynam20dv9","time":1614001831,"event":{"mods":["Act Like it!","Aspiration","BaseMod","BetterRewards","Downfall","Friendly Minions","Gensokyo","Hubris","Infinite Spire","Minty Spire (QoL Compilation)","Remilia??????","Replay The Spire","Shop Mod","StSLib","The Animator","The Jungle"],"gold_per_floor":[115,129,146,146,159,159,159,177,177,177,177,262,282,282,21,37,37,140,140,158,176,176,191,204,204,204,204,204,221,221,239,239,119,130,55,55,159,159,171,187,206,206,217,217,217,232,259,6,6,18,0,0,0,0],"floor_reached":55,"language":"FRA","playtime":2581,"items_purged":["ReplayTheSpireMod:Splinters","Doubt","downfall:Haunted"],"score":1066,"play_id":"661be921-6e58-413c-8c1c-325141b47b6d","local_time":"20210222145031","is_ascension_mode":true,"campfire_choices":[{"data":"Eruption","floor":6,"key":"SMITH"},{"floor":14,"key":"REST"},{"floor":17,"key":"REST"},{"data":"hubris:DuctTapeCard","floor":25,"key":"SMITH"},{"data":"Vigilance","floor":28,"key":"SMITH"},{"floor":32,"key":"REST"},{"data":"Omniscience","floor":36,"key":"SMITH"},{"data":"Wish","floor":44,"key":"SMITH"},{"data":"SignatureMove","floor":49,"key":"SMITH"},{"floor":53,"key":"REST"}],"circlet_count":0,"master_deck":["Strike_P","Strike_P","Strike_P","Strike_P","Defend_P","Defend_P","Defend_P+1","Defend_P","Eruption+1","Vigilance+1","SignatureMove+1","FollowUp+1","EmptyBody","EmptyMind","hubris:DuctTapeCard+2","DeceiveReality","Prostrate","Consecrate","Alpha","Devotion","Omniscience+1","Wish+1","Halt+1","Evaluate+1","Prostrate+1"],"relics":["PureWater","hubris:BundleOfHerbs","Anchor","hubris:Towel","hubris:DuctTape","Akabeko","Replay:Ringing Soul","Cursed Key","Boot","Gensokyo:DemonMask","Replay:Fungal Core","Slimebound:PreparedRelic","VioletLotus","infinitespire:Satchel","Damaru","Red Mask"],"acts_visited":["Exordium","Exordium","TheBeyond"],"potions_floor_usage":[13,37,37,39],"damage_taken":[{"damage":0,"enemies":"Jaw Worm","floor":1,"turns":3},{"damage":0,"enemies":"2 Louse","floor":2,"turns":2},{"damage":0,"enemies":"Small Slimes","floor":3,"turns":2},{"damage":0,"enemies":"Exordium Wildlife","floor":5,"turns":4},{"damage":5,"enemies":"Red Slaver","floor":8,"turns":5},{"damage":0,"enemies":"Lots of Slimes","floor":13,"turns":3},{"damage":0,"enemies":"Blue Slaver","floor":16,"turns":2},{"damage":53,"enemies":"Fading Forest","floor":18,"turns":11},{"damage":0,"enemies":"Gensokyo:2_Gloops","floor":20,"turns":2},{"damage":9,"enemies":"Gensokyo:CosmicMonolith","floor":21,"turns":5},{"damage":1,"enemies":"Gensokyo:3_Gloops","floor":23,"turns":4},{"damage":22,"enemies":"Gensokyo:Mirror_and_Dog","floor":24,"turns":5},{"damage":10,"enemies":"Gensokyo:Chomper_and_Gloop","floor":29,"turns":5},{"damage":0,"enemies":"Gensokyo:Swordslinger","floor":31,"turns":5},{"damage":21,"enemies":"Gensokyo:Monolith_and_Dog","floor":34,"turns":6},{"damage":112,"enemies":"Gensokyo:Eternal_Rivals","floor":37,"turns":9},{"damage":38,"enemies":"3 Darklings","floor":39,"turns":6},{"damage":0,"enemies":"Orb Walker","floor":40,"turns":5},{"damage":33,"enemies":"Maw","floor":41,"turns":7},{"damage":8,"enemies":"4 Shapes","floor":43,"turns":6},{"damage":4,"enemies":"Spire Growth","floor":46,"turns":5},{"damage":14,"enemies":"Writhing Mass","floor":50,"turns":4},{"damage":55,"enemies":"Awakened One","floor":54,"turns":9}],"seed_played":"-31987879346242851","potions_obtained":[{"floor":5,"key":"EssenceOfSteel"},{"floor":8,"key":"AttackPotion"},{"floor":18,"key":"Block Potion"},{"floor":20,"key":"ColorlessPotion"},{"floor":41,"key":"Energy Potion"},{"floor":43,"key":"SpeedPotion"}],"is_trial":false,"path_per_floor":["M","M","M","?","M","R","?","M","PTL","PTL","T","?","M","R","$","M","R","B",null,"M","M","?","M","M","R","PTL","PTL","R","M","T","M","R","?","M","$","R","B",null,"M","M","M","?","M","R","AVR","M","T","$","R","M","?","?","R","B",null],"character_chosen":"WATCHER","items_purchased":["Replay:Battleflow+1","Anchor","Replay:Ringing Soul","Damaru"],"campfire_rested":4,"item_purchase_floors":[0,0,15,48],"current_hp_per_floor":[65,65,65,51,51,51,51,46,46,46,46,18,18,39,39,42,64,24,78,78,69,77,76,54,54,54,54,54,47,50,50,75,75,54,54,54,27,87,49,49,19,93,85,85,85,84,87,87,87,76,76,86,102,102],"gold":0,"neow_bonus":"","is_daily":false,"chose_seed":false,"campfire_upgraded":6,"win_rate":0.0,"timestamp":1614001831,"path_taken":["M","M","M","?","M","R","?","M","PTL","PTL","T","?","M","R","$","M","R","BOSS","M","M","?","?","M","R","PTL","PTL","R","M","T","?","R","?","M","$","R","BOSS","M","M","M","?","M","R","AVR","M","T","$","R","M","?","?","R","BOSS"],"items_purchased_type":["Card","Relic","Relic","Relic"],"build_version":"2020-12-22","purchased_purges":3,"victory":true,"max_hp_per_floor":[72,72,72,72,72,72,72,72,72,72,72,72,72,72,72,75,75,78,78,78,78,78,78,78,78,78,78,78,81,84,84,84,84,84,84,84,87,87,87,87,90,93,93,93,93,96,99,99,99,102,102,102,102,102],"card_choices":[{"not_picked":["Replay:ManipulateFuture","WaveOfTheHand"],"picked":"SignatureMove","floor":1},{"not_picked":["JustLucky","Protect"],"picked":"FollowUp","floor":2},{"not_picked":["Protect","Tantrum"],"picked":"EmptyBody","floor":3},{"not_picked":["CrushJoints","Replay:AtTheReady"],"picked":"MentalFortress","floor":5},{"not_picked":["ClearTheMind","Halt"],"picked":"EmptyMind","floor":8},{"not_picked":["Protect","FlurryOfBlows"],"picked":"DeceiveReality","floor":12},{"not_picked":["Replay:Battleflow","Protect"],"picked":"Prostrate","floor":12},{"not_picked":["Collect","Halt"],"picked":"Consecrate","floor":13},{"not_picked":["EmptyBody","SignatureMove"],"picked":"Alpha","floor":16},{"not_picked":["Establishment","MasterReality"],"picked":"Devotion","floor":18},{"not_picked":["ThirdEye+1","Adaptation","Wireheading"],"picked":"SKIP","floor":20},{"not_picked":["Perseverance","Replay:BluntJabs+1","ClearTheMind"],"picked":"SKIP","floor":21},{"not_picked":["PathToVictory","EmptyMind","Replay:AtTheReady+1"],"picked":"SKIP","floor":23},{"not_picked":["WaveOfTheHand","JustLucky+1","ClearTheMind"],"picked":"SKIP","floor":24},{"not_picked":["PathToVictory","SashWhip"],"picked":"Omniscience","floor":29},{"not_picked":["WaveOfTheHand","EmptyBody","Devotion"],"picked":"SKIP","floor":31},{"not_picked":["EmptyBody+1","Replay:ManipulateFuture+1","Indignation"],"picked":"SKIP","floor":34},{"not_picked":["MasterReality","Devotion"],"picked":"Wish","floor":37},{"not_picked":["Adaptation+1","Crescendo+1","Replay:AtTheReady"],"picked":"SKIP","floor":39},{"not_picked":["Collect","FollowUp+1","ReachHeaven"],"picked":"SKIP","floor":40},{"not_picked":["Replay:BluntJabs+1","ThirdEye"],"picked":"Halt+1","floor":41},{"not_picked":["ThirdEye+1","Replay:AtTheReady","FollowUp"],"picked":"SKIP","floor":43},{"not_picked":["Collect","Replay:DivineShield"],"picked":"Evaluate+1","floor":46},{"not_picked":["Crescendo+1","ForeignInfluence+1"],"picked":"Prostrate+1","floor":50}],"player_experience":1019646,"relics_obtained":[{"floor":11,"key":"hubris:DuctTape"},{"floor":12,"key":"Akabeko"},{"floor":30,"key":"Boot"},{"floor":47,"key":"infinitespire:Satchel"}],"event_choices":[{"damage_healed":0,"gold_gain":0,"player_choice":"Entered Light","damage_taken":14,"max_hp_gain":0,"max_hp_loss":0,"event_name":"Shining Light","floor":4,"gold_loss":0,"cards_upgraded":["FollowUp","Defend_P"]},{"damage_healed":71,"gold_gain":0,"player_choice":"Heal","damage_taken":0,"max_hp_gain":0,"max_hp_loss":0,"event_name":"MindBloom","floor":42,"gold_loss":0,"cards_obtained":["Doubt"]},{"damage_healed":0,"gold_gain":0,"player_choice":"Paid","damage_taken":0,"relics_obtained":["Red Mask"],"max_hp_gain":0,"max_hp_loss":0,"event_name":"Tomb of Lord Red Mask","floor":51,"gold_loss":18}],"is_beta":false,"boss_relics":[{"not_picked":["Fusion Hammer","hubris:TerracottaHorce"],"picked":"Cursed Key"},{"not_picked":["Runic Dome","Sozu"],"picked":"Replay:Fungal Core"}],"items_purged_floors":[35,45,48],"is_endless":false,"potions_floor_spawned":[5,8,18,20,29,40,41,43],"ascension_level":3}}