{"host":"r4yhuzs0e1z69tr3","time":1614022850,"event":{"mods":["BaseMod","Minty Spire (QoL Compilation)","Rare Cards Sparkle"],"gold_per_floor":[119,138,138,138,27,127,137,137,137,137,185,215,230,246,246,349,349,363,288,303,82,98,98,127,146,146,166,177,177,188,198,198,198,198],"floor_reached":33,"language":"ENG","playtime":1477,"items_purged":[],"score":285,"play_id":"a6ce8b6d-86bc-4bae-ac30-6d975abb8df4","local_time":"20210222144050","is_ascension_mode":true,"campfire_choices":[{"data":"Infinite Blades","floor":8,"key":"SMITH"},{"data":"Noxious Fumes","floor":10,"key":"SMITH"},{"floor":15,"key":"REST"},{"data":"Noxious Fumes","floor":23,"key":"SMITH"},{"floor":32,"key":"REST"}],"circlet_count":0,"master_deck":["Strike_G","Strike_G","Strike_G","Strike_G","Defend_G","Defend_G","Defend_G","Defend_G","Defend_G","Survivor","Neutralize","Terror","Masterful Stab","Noxious Fumes+1","Crippling Poison","Infinite Blades+1","Poisoned Stab","PiercingWail","Venomology","Poisoned Stab+1","Backflip","PiercingWail","Noxious Fumes+1","Bane","Bane","Dash","Acrobatics","PiercingWail+1"],"relics":["Ring of the Snake","NeowsBlessing","Gremlin Horn","Prayer Wheel","Boot","Centennial Puzzle","SacredBark","Snake Skull","Toy Ornithopter","The Courier","Shuriken"],"acts_visited":["Exordium","TheCity"],"potions_floor_usage":[24,24,25,27,28,30,30,31,31,33,33,33],"damage_taken":[{"damage":0,"enemies":"2 Louse","floor":1,"turns":1},{"damage":0,"enemies":"Small Slimes","floor":2,"turns":1},{"damage":0,"enemies":"Cultist","floor":7,"turns":1},{"damage":23,"enemies":"3 Sentries","floor":12,"turns":8},{"damage":1,"enemies":"Exordium Thugs","floor":13,"turns":3},{"damage":5,"enemies":"3 Louse","floor":14,"turns":2},{"damage":47,"enemies":"The Guardian","floor":16,"turns":10},{"damage":5,"enemies":"3 Byrds","floor":18,"turns":4},{"damage":0,"enemies":"Chosen","floor":20,"turns":5},{"damage":21,"enemies":"Centurion and Healer","floor":22,"turns":7},{"damage":20,"enemies":"Book of Stabbing","floor":24,"turns":6},{"damage":22,"enemies":"3 Cultists","floor":25,"turns":5},{"damage":0,"enemies":"Snake Plant","floor":27,"turns":5},{"damage":5,"enemies":"Cultist and Chosen","floor":28,"turns":4},{"damage":9,"enemies":"3 Cultists","floor":30,"turns":6},{"damage":9,"enemies":"Snake Plant","floor":31,"turns":3},{"damage":65,"enemies":"Automaton","floor":33,"turns":6}],"seed_played":"7334482296709858925","potions_obtained":[{"floor":1,"key":"GamblersBrew"},{"floor":12,"key":"Poison Potion"},{"floor":14,"key":"GamblersBrew"},{"floor":16,"key":"Weak Potion"},{"floor":20,"key":"LiquidMemories"},{"floor":24,"key":"Explosive Potion"},{"floor":30,"key":"DuplicationPotion"},{"floor":31,"key":"LiquidBronze"}],"is_trial":false,"path_per_floor":["M","M","?","?","$","?","M","R","T","R","T","E","M","M","R","B",null,"M","?","M","$","M","R","E","M","T","M","M","T","M","M","R","B"],"character_chosen":"THE_SILENT","items_purchased":["Noxious Fumes","Crippling Poison","Snake Skull","Noxious Fumes"],"campfire_rested":2,"item_purchase_floors":[5,5,21,21],"current_hp_per_floor":[70,70,37,60,60,60,60,60,60,60,60,37,36,31,52,5,70,65,65,65,65,44,44,24,7,7,12,12,12,13,14,35,0,0],"gold":198,"neow_bonus":"THREE_ENEMY_KILL","is_daily":false,"chose_seed":false,"campfire_upgraded":3,"win_rate":0.0,"timestamp":1614022850,"path_taken":["M","M","?","?","$","?","?","R","T","R","?","E","M","M","R","BOSS","M","?","M","$","M","R","E","M","T","M","M","?","M","M","R","BOSS"],"items_purchased_type":["Card","Card","Relic","Card"],"build_version":"2020-12-22","purchased_purges":0,"victory":false,"max_hp_per_floor":[70,70,70,70,70,70,70,70,70,70,70,70,70,70,70,70,70,70,70,70,70,70,70,70,70,70,70,70,70,70,70,70,70,70],"card_choices":[{"not_picked":["All Out Attack","Flying Knee"],"picked":"Terror","floor":1},{"not_picked":["Dodge and Roll","Outmaneuver"],"picked":"Masterful Stab","floor":2},{"not_picked":["Dagger Throw","Masterful Stab"],"picked":"Infinite Blades","floor":7},{"not_picked":["Endless Agony","Dagger Throw"],"picked":"Poisoned Stab","floor":12},{"not_picked":["Dodge and Roll","Skewer","Concentrate"],"picked":"SKIP","floor":13},{"not_picked":["Dagger Throw","Outmaneuver","Infinite Blades"],"picked":"SKIP","floor":13},{"not_picked":["Poisoned Stab","Caltrops"],"picked":"PiercingWail","floor":14},{"not_picked":["Grand Finale","Dagger Throw","Infinite Blades"],"picked":"SKIP","floor":14},{"not_picked":["Malaise","Night Terror"],"picked":"Venomology","floor":16},{"not_picked":["Dodge and Roll","Slice"],"picked":"Poisoned Stab+1","floor":18},{"not_picked":["Flechettes","Poisoned Stab"],"picked":"Backflip","floor":18},{"not_picked":["Endless Agony","Prepared"],"picked":"PiercingWail","floor":20},{"not_picked":["Backflip","Cloak And Dagger","Endless Agony"],"picked":"SKIP","floor":20},{"not_picked":["Quick Slash","Accuracy","Terror"],"picked":"SKIP","floor":22},{"not_picked":["Infinite Blades","Quick Slash","Prepared+1"],"picked":"SKIP","floor":22},{"not_picked":["Infinite Blades","Cloak And Dagger","Prepared"],"picked":"SKIP","floor":24},{"not_picked":["Night Terror","Choke+1"],"picked":"Bane","floor":25},{"not_picked":["Dagger Spray+1","Endless Agony+1","Slice+1"],"picked":"SKIP","floor":25},{"not_picked":["Terror","Leg Sweep"],"picked":"Bane","floor":27},{"not_picked":["Cloak And Dagger+1","Blade Dance+1","Sucker Punch"],"picked":"SKIP","floor":27},{"not_picked":["Distraction","Quick Slash"],"picked":"Dash","floor":28},{"not_picked":["Blur","Dodge and Roll","Deadly Poison"],"picked":"SKIP","floor":28},{"not_picked":["Finisher+1","Leg Sweep"],"picked":"Acrobatics","floor":30},{"not_picked":["Tactician+1","Quick Slash+1","PiercingWail"],"picked":"SKIP","floor":30},{"not_picked":["Concentrate+1","Distraction"],"picked":"PiercingWail+1","floor":31},{"not_picked":["Dagger Throw+1","Poisoned Stab","Storm of Steel"],"picked":"SKIP","floor":31}],"player_experience":168924,"relics_obtained":[{"floor":9,"key":"Prayer Wheel"},{"floor":11,"key":"Boot"},{"floor":12,"key":"Centennial Puzzle"},{"floor":24,"key":"Toy Ornithopter"},{"floor":26,"key":"The Courier"},{"floor":29,"key":"Shuriken"}],"event_choices":[{"damage_healed":0,"gold_gain":0,"player_choice":"Success","damage_taken":33,"relics_obtained":["Gremlin Horn"],"max_hp_gain":0,"max_hp_loss":0,"event_name":"Scrap Ooze","floor":3,"gold_loss":0},{"damage_healed":23,"gold_gain":0,"player_choice":"Banana","damage_taken":0,"max_hp_gain":0,"max_hp_loss":0,"event_name":"Big Fish","floor":4,"gold_loss":0},{"damage_healed":0,"gold_gain":100,"player_choice":"Pray","damage_taken":0,"max_hp_gain":0,"max_hp_loss":0,"event_name":"Golden Shrine","floor":6,"gold_loss":0},{"cards_removed":["Strike_G"],"damage_healed":0,"gold_gain":0,"player_choice":"Gave Gold","damage_taken":0,"max_hp_gain":0,"max_hp_loss":0,"event_name":"Beggar","floor":19,"gold_loss":75}],"is_beta":false,"boss_relics":[{"not_picked":["Philosopher\u0027s Stone","Runic Dome"],"picked":"SacredBark"}],"items_purged_floors":[],"is_endless":false,"potions_floor_spawned":[1,12,14,16,20,24,25,28,30,31],"killed_by":"Automaton","ascension_level":1}}