{"host":"a5lz0e76zb3fcwkm","time":1614001032,"event":{"mods":["AchievementEnabler","BaseMod","Colored Map","Colored Powertips","Minty Spire (QoL Compilation)","StSLib","SuperFastMode"],"gold_per_floor":[115,125,145,155,155,155,155,171,171,181,181,181,181,181,181,181,181],"floor_reached":16,"language":"KOR","playtime":215,"items_purged":[],"score":184,"play_id":"c9c13a09-ac88-4d3a-b098-e6dfabcf9d0c","local_time":"20210222223712","is_ascension_mode":true,"campfire_choices":[{"data":"Turbo","floor":6,"key":"SMITH"},{"data":"Fusion","floor":11,"key":"SMITH"},{"data":"Zap","floor":15,"key":"SMITH"}],"circlet_count":0,"master_deck":["AscendersBane","Strike_B","Strike_B","Strike_B","Defend_B","Defend_B","Zap+1","Dualcast+1","Turbo+1","Ball Lightning","Glacier","Coolheaded","Coolheaded","Fusion+1"],"relics":["Cracked Core","Cables","Golden Idol","Anchor"],"acts_visited":["Exordium"],"potions_floor_usage":[10,16],"damage_taken":[{"damage":1,"enemies":"Cultist","floor":1,"turns":3},{"damage":0,"enemies":"Jaw Worm","floor":2,"turns":2},{"damage":0,"enemies":"Small Slimes","floor":3,"turns":3},{"damage":12,"enemies":"2 Fungi Beasts","floor":4,"turns":3},{"damage":8,"enemies":"Large Slime","floor":8,"turns":3},{"damage":13,"enemies":"3 Louse","floor":10,"turns":4},{"damage":31,"enemies":"The Guardian","floor":16,"turns":5}],"seed_played":"6412821068597904181","potions_obtained":[{"floor":2,"key":"FearPotion"},{"floor":4,"key":"Fruit Juice"},{"floor":10,"key":"PotionOfCapacity"}],"is_trial":false,"path_per_floor":["M","M","M","M","?","R","?","M","T","M","R","?","?","?","R","B"],"character_chosen":"DEFECT","items_purchased":[],"campfire_rested":0,"item_purchase_floors":[],"current_hp_per_floor":[63,63,63,51,51,51,51,43,43,35,35,35,28,28,28,0,0],"gold":181,"neow_bonus":"TRANSFORM_TWO_CARDS","is_daily":false,"chose_seed":false,"campfire_upgraded":3,"win_rate":0.0,"timestamp":1614001032,"path_taken":["M","M","?","M","?","R","?","?","T","M","R","?","?","?","R","BOSS"],"items_purchased_type":[],"build_version":"2020-12-22","purchased_purges":0,"victory":false,"max_hp_per_floor":[64,64,64,64,64,64,64,64,64,69,69,63,63,63,63,63,63],"card_choices":[{"not_picked":["Sweeping Beam","Beam Cell"],"picked":"Glacier","floor":1},{"not_picked":["Reinforced Body","Gash","Force Field"],"picked":"SKIP","floor":2},{"not_picked":["Turbo","Gash"],"picked":"Lockon","floor":3},{"not_picked":["Static Discharge","Multi-Cast"],"picked":"Coolheaded","floor":4},{"not_picked":["Barrage","Gash"],"picked":"Coolheaded","floor":8},{"not_picked":["Rebound","Conserve Battery"],"picked":"Fusion","floor":10}],"player_experience":1915261,"relics_obtained":[{"floor":9,"key":"Cables"}],"event_choices":[{"damage_healed":0,"gold_gain":0,"player_choice":"Ignored","damage_taken":0,"max_hp_gain":0,"max_hp_loss":0,"event_name":"Liars Game","floor":5,"gold_loss":0},{"damage_healed":0,"gold_gain":0,"player_choice":"Upgraded","damage_taken":0,"max_hp_gain":0,"max_hp_loss":0,"event_name":"Upgrade Shrine","floor":7,"gold_loss":0,"cards_upgraded":["Dualcast"]},{"damage_healed":0,"gold_gain":0,"player_choice":"Lose Max HP","damage_taken":0,"relics_obtained":["Golden Idol"],"max_hp_gain":0,"max_hp_loss":6,"event_name":"Golden Idol","floor":12,"gold_loss":0},{"cards_removed":["Defend_B"],"damage_healed":0,"gold_gain":0,"player_choice":"Card Removal","damage_taken":7,"max_hp_gain":0,"max_hp_loss":0,"event_name":"Golden Wing","floor":13,"gold_loss":0},{"cards_removed":["Lockon"],"damage_healed":0,"gold_gain":0,"player_choice":"Gave Card","damage_taken":0,"relics_obtained":["Anchor"],"max_hp_gain":0,"max_hp_loss":0,"event_name":"WeMeetAgain","floor":14,"gold_loss":0}],"is_beta":false,"boss_relics":[],"items_purged_floors":[],"is_endless":false,"potions_floor_spawned":[2,4,10],"killed_by":"The Guardian","ascension_level":20}}