{"host":"zcytydgb505ghzux","time":1614028021,"event":{"mods":["Act Like it!","BaseMod","Colored Powertips","Downfall","Halation","Highlight Path","Hubris","Infinite Spire","Jorbs\u0027s Wanderer Trilogy","Marisa????????","Minty Spire (QoL Compilation)","Replay The Spire","StSLib","The Construct","The Mystic","The Wild Card"],"gold_per_floor":[114,114,114,134,134,160,180,180,180,180,140,140,173,189,189,294,294,305,321,236,236,253,273,273,287,336,363,363,395,395,395,395,500,500,500],"floor_reached":34,"language":"ENG","playtime":1661,"items_purged":[],"score":473,"play_id":"e45199c7-3c31-4696-81e8-a33e7382bc89","local_time":"20210222160701","is_ascension_mode":false,"campfire_choices":[{"data":"stsjorbsmod:Prestidigitation","floor":8.0,"key":"SMITH"},{"data":"stsjorbsmod:FranticSearch","floor":10.0,"key":"SMITH"},{"data":"ReplayTheSpireMod:Splinters","floor":15.0,"key":"PURGE"},{"floor":24.0,"key":"REST"},{"data":"stsjorbsmod:TinyHut","floor":24.0,"key":"SMITH"},{"floor":28.0,"key":"REST"},{"data":"stsjorbsmod:Stalwart","floor":28.0,"key":"SMITH"},{"data":"stsjorbsmod:MagicMissiles","floor":30.0,"key":"SMITH"},{"data":"ReplayTheSpireMod:Book of Names","floor":32.0,"key":"SMITH"}],"circlet_count":1,"master_deck":["stsjorbsmod:ForbiddenGrimoire+1","stsjorbsmod:Strike_Wanderer","stsjorbsmod:Strike_Wanderer","stsjorbsmod:Strike_Wanderer","stsjorbsmod:Strike_Wanderer","stsjorbsmod:Defend_Wanderer","stsjorbsmod:Defend_Wanderer","stsjorbsmod:Defend_Wanderer","stsjorbsmod:Defend_Wanderer","stsjorbsmod:FreshAdventure","stsjorbsmod:EyeOfTheStorm","stsjorbsmod:ChatteringStrike+1","stsjorbsmod:Prestidigitation+1","stsjorbsmod:RefuseToForget+1","stsjorbsmod:FranticSearch+1","stsjorbsmod:TinyHut+1","ReplayTheSpireMod:Book of Names+1","stsjorbsmod:Channel","stsjorbsmod:MagicMissiles+1","stsjorbsmod:SiphonEnergy","stsjorbsmod:Mania","stsjorbsmod:FracturedMind+1","stsjorbsmod:Mending+1","stsjorbsmod:Stalwart+1","stsjorbsmod:DisguiseSelf+1"],"relics":["stsjorbsmod:GrimoireRelic","NeowsBlessing","halation:PinkSoulGem","infinitespire:Magic Flask","Blood Vial","hubris:MedicalManual","Circlet","Toy Ornithopter","Smiling Mask","Nunchaku","hubris:SlimyHat"],"acts_visited":[],"potions_floor_usage":[],"damage_taken":[{"damage":0.0,"enemies":"Cultist","floor":1.0,"turns":1.0},{"damage":0.0,"enemies":"2 Louse","floor":4.0,"turns":1.0},{"damage":0.0,"enemies":"3 Sentries","floor":6.0,"turns":2.0},{"damage":13.0,"enemies":"Jaw Worm","floor":7.0,"turns":3.0},{"damage":12.0,"enemies":"Lagavulin","floor":13.0,"turns":7.0},{"damage":2.0,"enemies":"2 Fungi Beasts","floor":14.0,"turns":3.0},{"damage":25.0,"enemies":"Slime Boss","floor":16.0,"turns":7.0},{"damage":8.0,"enemies":"2 Thieves","floor":18.0,"turns":3.0},{"damage":12.0,"enemies":"Spheric Guardian","floor":19.0,"turns":4.0},{"damage":3.0,"enemies":"3 Cultists","floor":22.0,"turns":4.0},{"damage":30.0,"enemies":"Cultist and Chosen","floor":23.0,"turns":7.0},{"damage":3.0,"enemies":"Centurion and Healer","floor":25.0,"turns":6.0},{"damage":9.0,"enemies":"Book of Stabbing","floor":27.0,"turns":7.0},{"damage":0.0,"enemies":"Slavers","floor":29.0,"turns":1.0},{"damage":50.0,"enemies":"Collector","floor":33.0,"turns":10.0}],"seed_played":"-2336429643883042262","potions_obtained":[{"floor":1.0,"key":"stsjorbsmod:BurningPotion"},{"floor":7.0,"key":"Dexterity Potion"},{"floor":14.0,"key":"ColorlessPotion"},{"floor":16.0,"key":"LiquidBronze"}],"is_trial":false,"path_per_floor":["M","$","?","M","?","E","M","R","T","R","$","?","E","M","R","B",null,"M","M","?","?","M","M","R","M","T","E","R","E","R","T","R","B",null],"character_chosen":"WANDERER","items_purchased":["stsjorbsmod:TinyHut"],"campfire_rested":2,"item_purchase_floors":[11],"current_hp_per_floor":[68,68,68,68,68,68,57,57,57,57,57,57,50,52,52,31,68,62,54,54,54,59,31,52,58,58,58,72,72,72,72,72,33,33,33],"gold":500,"neow_bonus":"THREE_ENEMY_KILL","is_daily":false,"chose_seed":false,"campfire_upgraded":6,"win_rate":0.0,"timestamp":1614028021,"path_taken":["M","$","?","M","?","E","M","R","T","R","?","?","E","M","R","BOSS","M","M","?","?","M","?","R","M","T","E","R","E","R","?","R","BOSS"],"items_purchased_type":["Card"],"build_version":"2020-12-22","purchased_purges":0,"victory":false,"max_hp_per_floor":[68,68,68,68,68,68,68,68,68,68,68,68,68,68,68,68,68,68,68,68,68,72,72,72,72,72,72,72,72,72,72,72,72,72,72],"card_choices":[{"not_picked":["stsjorbsmod:WanderingMind","stsjorbsmod:TollTheDead"],"picked":"stsjorbsmod:ChatteringStrike","floor":1.0},{"not_picked":["stsjorbsmod:Will","stsjorbsmod:Rest"],"picked":"stsjorbsmod:Prestidigitation","floor":4.0},{"not_picked":["stsjorbsmod:ParryingBlow","stsjorbsmod:BlackTentacles"],"picked":"stsjorbsmod:RefuseToForget","floor":6.0},{"not_picked":["stsjorbsmod:Aid","stsjorbsmod:Introspection"],"picked":"stsjorbsmod:FranticSearch","floor":7.0},{"not_picked":["stsjorbsmod:Prestidigitation","stsjorbsmod:ArcaneWeapon"],"picked":"stsjorbsmod:Channel","floor":13.0},{"not_picked":["stsjorbsmod:RefuseToForget","stsjorbsmod:Thorns"],"picked":"stsjorbsmod:MagicMissiles","floor":14.0},{"not_picked":["stsjorbsmod:GatherPower","stsjorbsmod:CorrodingBarrier"],"picked":"stsjorbsmod:SiphonEnergy","floor":16.0},{"not_picked":["stsjorbsmod:Rest","stsjorbsmod:Hurt"],"picked":"stsjorbsmod:Mania","floor":18.0},{"not_picked":["stsjorbsmod:MistyStep","stsjorbsmod:RefuseToForget"],"picked":"stsjorbsmod:FracturedMind+1","floor":19.0},{"not_picked":["stsjorbsmod:Counterspell","stsjorbsmod:ScorchingRay"],"picked":"stsjorbsmod:Mending+1","floor":22.0},{"not_picked":["stsjorbsmod:Mending","stsjorbsmod:Index","stsjorbsmod:Aid"],"picked":"SKIP","floor":23.0},{"not_picked":["stsjorbsmod:FracturedMind","stsjorbsmod:ArcaneWeapon","stsjorbsmod:Firebolt"],"picked":"SKIP","floor":25.0},{"not_picked":["stsjorbsmod:FranticSearch","stsjorbsmod:Fear"],"picked":"stsjorbsmod:Stalwart","floor":27.0},{"not_picked":["stsjorbsmod:ChatteringStrike+1","stsjorbsmod:LoseGrip"],"picked":"stsjorbsmod:DisguiseSelf+1","floor":29.0}],"player_experience":69455,"relics_obtained":[{"floor":6.0,"key":"infinitespire:Magic Flask"},{"floor":9.0,"key":"Blood Vial"},{"floor":13.0,"key":"hubris:MedicalManual"},{"floor":26.0,"key":"Smiling Mask"},{"floor":27.0,"key":"Nunchaku"},{"floor":29.0,"key":"hubris:SlimyHat"},{"floor":31.0,"key":"Bromod:ArcaneVictory"}],"event_choices":[{"cards_removed":["stsjorbsmod:Prestidigitation"],"damage_healed":0.0,"max_hp_gain":0.0,"max_hp_loss":0.0,"gold_gain":0.0,"event_name":"betterNote:BetterNote","player_choice":"Take \u0026 Give","floor":12.0,"gold_loss":0.0,"damage_taken":0.0,"cards_obtained":["ReplayTheSpireMod:Book of Names"]},{"damage_healed":0.0,"max_hp_gain":0.0,"max_hp_loss":0.0,"gold_gain":0.0,"event_name":"Addict","player_choice":"Obtained Relic","floor":20.0,"gold_loss":85.0,"damage_taken":0.0,"relics_obtained":["Toy Ornithopter"]},{"damage_healed":0.0,"max_hp_gain":0.0,"max_hp_loss":0.0,"gold_gain":0.0,"event_name":"Upgrade Shrine","player_choice":"Upgraded","floor":21.0,"gold_loss":0.0,"damage_taken":0.0,"cards_upgraded":["stsjorbsmod:ChatteringStrike"]}],"is_beta":false,"boss_relics":[{"not_picked":["hubris:RunicObelisk","Replay:Drink Me"],"picked":"Bromod:ArcaneEnergize"}],"items_purged_floors":[],"is_endless":false,"potions_floor_spawned":[1,7,14,16,22,25,27],"ascension_level":0}}