{"host":"8jwrv7sn1174lfer","time":1614000277,"event":{"mods":["BaseMod","Colored Map","Colored Powertips","Highlight Path","Minty Spire (QoL Compilation)","StSLib"],"gold_per_floor":[118,134,134,145,161,188,188,220,220,220,234,261,261,13,13,110,110,126,126,126],"floor_reached":19,"language":"ENG","playtime":1511,"items_purged":["Defend_G"],"score":297,"play_id":"ea085ed2-9166-4591-9a31-c44361d4e190","local_time":"20210222082437","is_ascension_mode":true,"campfire_choices":[{"data":"Bouncing Flask","floor":7,"key":"SMITH"},{"data":"Neutralize","floor":10,"key":"SMITH"},{"data":"Noxious Fumes","floor":13,"key":"SMITH"},{"data":"Survivor","floor":15,"key":"SMITH"}],"circlet_count":0,"master_deck":["Strike_G","Strike_G","Strike_G","Strike_G","Strike_G","Defend_G","Defend_G","Survivor+1","Neutralize+1","Blur","Blur","Bouncing Flask+1","Blur","Caltrops","Bane","Noxious Fumes+1","Noxious Fumes","Venomology","Malaise","Terror"],"relics":["Ring of the Snake","Art of War","WingedGreaves","Eternal Feather","Bottled Tornado","Runic Pyramid"],"acts_visited":["Exordium","TheCity"],"potions_floor_usage":[5,8,16,19],"damage_taken":[{"damage":1,"enemies":"Small Slimes","floor":1,"turns":3},{"damage":0,"enemies":"Cultist","floor":2,"turns":5},{"damage":1,"enemies":"2 Louse","floor":4,"turns":3},{"damage":0,"enemies":"Exordium Wildlife","floor":5,"turns":5},{"damage":28,"enemies":"Gremlin Nob","floor":6,"turns":5},{"damage":16,"enemies":"3 Sentries","floor":8,"turns":8},{"damage":3,"enemies":"Blue Slaver","floor":11,"turns":4},{"damage":0,"enemies":"Lagavulin","floor":12,"turns":8},{"damage":11,"enemies":"The Guardian","floor":16,"turns":8},{"damage":2,"enemies":"3 Byrds","floor":18,"turns":3},{"damage":56,"enemies":"Masked Bandits","floor":19,"turns":4}],"seed_played":"4393337930355967456","potions_obtained":[{"floor":4,"key":"Fire Potion"},{"floor":6,"key":"SpeedPotion"},{"floor":8,"key":"SteroidPotion"}],"is_trial":false,"path_per_floor":["M","M","?","M","M","E","R","E","T","R","M","E","R","$","R","B",null,"M","?"],"character_chosen":"THE_SILENT","items_purchased":["Noxious Fumes","Venomology"],"campfire_rested":0,"item_purchase_floors":[14,14],"current_hp_per_floor":[62,62,62,61,61,33,33,17,17,26,23,23,32,32,41,30,55,53,0,0],"gold":126,"neow_bonus":"REMOVE_TWO","is_daily":false,"chose_seed":false,"campfire_upgraded":4,"win_rate":0.0,"timestamp":1614000277,"path_taken":["M","M","?","M","M","E","R","E","T","R","M","E","R","$","R","BOSS","M","?"],"items_purchased_type":["Card","Card"],"build_version":"2020-12-22","purchased_purges":1,"victory":false,"max_hp_per_floor":[63,63,63,63,63,63,63,63,63,63,63,63,63,63,63,63,63,63,63,63],"card_choices":[{"not_picked":["Quick Slash","Accuracy"],"picked":"Blur","floor":1},{"not_picked":["Heel Hook","Poisoned Stab"],"picked":"Blur","floor":2},{"not_picked":["Flying Knee","Deadly Poison"],"picked":"Bouncing Flask","floor":4},{"not_picked":["Finisher","Dodge and Roll"],"picked":"Blur","floor":5},{"not_picked":["Outmaneuver","Tools of the Trade"],"picked":"Caltrops","floor":6},{"not_picked":["Escape Plan","Reflex"],"picked":"Bane","floor":8},{"not_picked":["Bane","Backflip"],"picked":"Noxious Fumes","floor":11},{"not_picked":["Concentrate","Tactician","Outmaneuver"],"picked":"SKIP","floor":12},{"not_picked":["A Thousand Cuts","Night Terror"],"picked":"Malaise","floor":16},{"not_picked":["Escape Plan+1","Predator"],"picked":"Terror","floor":18}],"player_experience":657549,"relics_obtained":[{"floor":6,"key":"Art of War"},{"floor":8,"key":"WingedGreaves"},{"floor":9,"key":"Eternal Feather"},{"floor":12,"key":"Bottled Tornado"}],"event_choices":[{"damage_healed":0,"gold_gain":0,"player_choice":"Ignored","damage_taken":0,"max_hp_gain":0,"max_hp_loss":0,"event_name":"Liars Game","floor":3,"gold_loss":0},{"damage_healed":0,"gold_gain":0,"player_choice":"Fought Bandits","damage_taken":0,"max_hp_gain":0,"max_hp_loss":0,"event_name":"Masked Bandits","floor":19,"gold_loss":0}],"is_beta":false,"boss_relics":[{"not_picked":["Busted Crown","Empty Cage"],"picked":"Runic Pyramid"}],"items_purged_floors":[14],"is_endless":false,"potions_floor_spawned":[4,6,8],"killed_by":"Masked Bandits","ascension_level":8}}