{"host":"ssbj2e5691x5ub3h","time":1614030249,"event":{"mods":["BaseMod","Downfall","Minty Spire (QoL Compilation)","Quick Restart","StSLib","SuperFastMode"],"gold_per_floor":[99,111,121,271,291,301,301,319,319,333,333,345,345,345,365,365,365,365],"floor_reached":16,"language":"ENG","playtime":673,"items_purged":[],"score":96,"play_id":"f90e438e-04ab-4d52-955b-470f196c1f28","local_time":"20210222184409","is_ascension_mode":false,"campfire_choices":[{"data":"champ:Taunt","floor":1,"key":"SMITH"},{"data":"champ:StanceDance","floor":9,"key":"SMITH"},{"data":"champ:FlashCut","floor":11,"key":"SMITH"}],"circlet_count":0,"master_deck":["champ:Strike","champ:Strike","champ:Strike","champ:Strike","champ:Defend","champ:Defend","champ:Defend","champ:Defend","champ:Execute","champ:Taunt+1","champ:GladiatorStyle","champ:ShieldWall","downfall:Icky","champ:FlashCut+1","champ:StanceDance+1","champ:DefensiveShout","champ:RisingSlash","champ:UltimateStance"],"relics":["champ:ChampionCrown","InkBottle","champ:LiftRelic"],"acts_visited":["Exordium"],"potions_floor_usage":[16,16,16],"damage_taken":[{"damage":14,"enemies":"Small Slimes","floor":2,"turns":4},{"damage":3,"enemies":"2 Louse","floor":3,"turns":3},{"damage":18,"enemies":"Jaw Worm","floor":5,"turns":4},{"damage":19,"enemies":"Red Slaver","floor":6,"turns":4},{"damage":22,"enemies":"Blue Slaver","floor":8,"turns":3},{"damage":3,"enemies":"3 Louse","floor":10,"turns":4},{"damage":12,"enemies":"Exordium Thugs","floor":12,"turns":4},{"damage":15,"enemies":"Blue Slaver","floor":15,"turns":3},{"damage":56,"enemies":"IC_STATUS_ARCHETYPE","floor":16,"turns":4}],"seed_played":"5957694023155106943","potions_obtained":[{"floor":2,"key":"hexamod:SoulburnPotion"},{"floor":5,"key":"Slimebound:ThreeZeroPotion"},{"floor":6,"key":"Energy Potion"}],"is_trial":false,"path_per_floor":["R","M","M","?","M","M","T","M","R","M","R","M","?","?","M","B"],"character_chosen":"THE_CHAMP","items_purchased":[],"campfire_rested":0,"item_purchase_floors":[],"current_hp_per_floor":[99,95,92,92,84,65,65,53,53,50,50,48,48,48,43,0,0,0],"gold":365,"neow_bonus":"TEN_PERCENT_HP_BONUS","is_daily":false,"chose_seed":false,"campfire_upgraded":3,"win_rate":0.0,"timestamp":1614030249,"path_taken":["R","M","M","?","M","M","T","M","R","M","R","M","?","?","M","BOSS"],"items_purchased_type":[],"build_version":"2020-12-22","purchased_purges":0,"victory":false,"max_hp_per_floor":[99,99,99,99,99,99,99,99,99,99,99,99,99,99,99,99,99,99],"card_choices":[{"not_picked":["champ:Backstep","champ:Circumvent"],"picked":"champ:GladiatorStyle","floor":2},{"not_picked":["champ:AdrenalArmor","champ:RisingSlash"],"picked":"champ:ShieldWall","floor":3},{"not_picked":["champ:Duel","champ:SetATrap"],"picked":"champ:FlashCut","floor":5},{"not_picked":["champ:Shatter","champ:ArenaPreparation","champ:ShieldWall"],"picked":"SKIP","floor":6},{"not_picked":["champ:FlashCut","champ:EndlessRage"],"picked":"champ:StanceDance","floor":8},{"not_picked":["champ:BerserkersShout","champ:SetATrap"],"picked":"champ:DefensiveShout","floor":10},{"not_picked":["champ:GladiatorStyle","champ:FlashCut"],"picked":"champ:RisingSlash","floor":12},{"not_picked":["champ:PreciseThrust","champ:GladiatorStyle"],"picked":"champ:UltimateStance","floor":15}],"player_experience":170654,"relics_obtained":[{"floor":7,"key":"InkBottle"}],"event_choices":[],"is_beta":false,"boss_relics":[],"items_purged_floors":[],"is_endless":false,"potions_floor_spawned":[2,5,6,15],"killed_by":"IC_STATUS_ARCHETYPE","ascension_level":0}}