{"host":"lg1piimdyocafd6j","time":1614014899,"event":{"mods":["AchievementEnabler","BaseMod","Better Third Choice","BetterRewards","Colored Map","Colored Powertips","Downfall","Minty Spire (QoL Compilation)","Quick Restart","Rare Cards Sparkle","Remove Card Discount Mod","Shop Mod","StSLib","SuperFastMode"],"gold_per_floor":[113,133,104,114,114,132,149,149,149,167,94,157,157,183,183,286,286,297,312,344,304,314,314,167,181,227,245,52,52,52,66,66,163,163,180,402,414,429,427,427,444,444,514,514,531,531,449,459,459,459,459,459,337,370,370],"floor_reached":56,"language":"ENG","playtime":3587,"items_purged":["Neutralize","Strike_G","Strike_G","Defend_G","Strike_G","Strike_G","Strike_G","Defend_G","Defend_G","Bouncing Flask","Defend_G","Defend_G","Blade Dance","Infinite Blades","Infinite Blades"],"score":1276,"play_id":"853ae73d-a9d3-4849-8864-4d3bc7ef8271","local_time":"20210222182819","is_ascension_mode":false,"campfire_choices":[{"data":"Blade Dance","floor":8,"key":"SMITH"},{"floor":13,"key":"RECALL"},{"floor":15,"key":"REST"},{"data":"Cloak And Dagger","floor":23,"key":"SMITH"},{"data":"Blade Dance","floor":30,"key":"SMITH"},{"data":"Burst","floor":32,"key":"SMITH"},{"data":"After Image","floor":40,"key":"SMITH"},{"data":"Infinite Blades","floor":42,"key":"SMITH"},{"data":"Accuracy","floor":46,"key":"SMITH"},{"data":"Adrenaline","floor":49,"key":"SMITH"},{"floor":52,"key":"REST"}],"circlet_count":0,"master_deck":["Survivor","Infinite Blades+1","Backstab+1","Blade Dance+1","Cloak And Dagger+1","Blade Dance+1","Burst+1","Blade Dance+1","Cloak And Dagger+1","Backstab","Blur+1","Backstab","After Image+1","Accuracy+1","Infinite Blades+1","Adrenaline+1"],"relics":["Ring of the Snake","Kunai","Membership Card","Lantern","Darkstone Periapt","Ninja Scroll","DollysMirror","Whetstone","CaptainsWheel","Red Mask","Incense Burner","Toy Ornithopter","Happy Flower","Oddly Smooth Stone","Runic Pyramid","Bottled Flame","Lizard Tail","Orrery","Pantograph","Anchor"],"acts_visited":["Exordium","TheCity","TheBeyond","TheEnding"],"potions_floor_usage":[16,16,54,55],"damage_taken":[{"damage":0,"enemies":"Jaw Worm","floor":1,"turns":7},{"damage":0,"enemies":"Small Slimes","floor":2,"turns":3},{"damage":0,"enemies":"2 Louse","floor":4,"turns":2},{"damage":0,"enemies":"Blue Slaver","floor":6,"turns":3},{"damage":0,"enemies":"Looter","floor":7,"turns":3},{"damage":1,"enemies":"Exordium Thugs","floor":10,"turns":4},{"damage":2,"enemies":"Lagavulin Event","floor":12,"turns":6},{"damage":0,"enemies":"Lagavulin","floor":14,"turns":3},{"damage":14,"enemies":"Hexaghost","floor":16,"turns":8},{"damage":0,"enemies":"3 Byrds","floor":18,"turns":4},{"damage":0,"enemies":"Spheric Guardian","floor":19,"turns":1},{"damage":2,"enemies":"Masked Bandits","floor":20,"turns":4},{"damage":3,"enemies":"Centurion and Healer","floor":22,"turns":4},{"damage":2,"enemies":"Shelled Parasite and Fungi","floor":25,"turns":3},{"damage":0,"enemies":"Cultist and Chosen","floor":27,"turns":5},{"damage":4,"enemies":"Snake Plant","floor":31,"turns":4},{"damage":0,"enemies":"Collector","floor":33,"turns":12},{"damage":0,"enemies":"3 Shapes","floor":35,"turns":2},{"damage":0,"enemies":"Orb Walker","floor":37,"turns":2},{"damage":0,"enemies":"Writhing Mass","floor":38,"turns":14},{"damage":0,"enemies":"3 Darklings","floor":41,"turns":4},{"damage":0,"enemies":"Transient","floor":45,"turns":5},{"damage":0,"enemies":"Spire Growth","floor":48,"turns":2},{"damage":0,"enemies":"Awakened One","floor":50,"turns":8},{"damage":6,"enemies":"Shield and Spear","floor":54,"turns":5},{"damage":36,"enemies":"The Heart","floor":55,"turns":10}],"seed_played":"5865545001360216597","potions_obtained":[{"floor":1,"key":"Swift Potion"},{"floor":6,"key":"SkillPotion"},{"floor":10,"key":"champ:CounterPotion"},{"floor":19,"key":"bronze:BurnAndBuffPotion"},{"floor":22,"key":"LiquidMemories"},{"floor":33,"key":"Explosive Potion"},{"floor":54,"key":"Fire Potion"}],"is_trial":false,"path_per_floor":["M","M","$","M","?","M","M","R","T","M","$","?","R","E","R","B",null,"M","M","?","$","M","R","$","M","T","M","$","?","R","M","R","B",null,"M","?","M","M","$","R","M","R","T","T","M","R","$","M","R","B",null,"R","$","E","B",null],"character_chosen":"THE_SILENT","items_purchased":["Kunai","Membership Card","Lantern","Infinite Blades","Blade Dance","DollysMirror","Backstab","Incense Burner","Happy Flower","Oddly Smooth Stone","Backstab","Orrery","Pantograph"],"campfire_rested":2,"item_purchase_floors":[0,0,0,0,3,11,21,24,28,28,28,47,53],"current_hp_per_floor":[62,62,62,62,50,50,50,50,50,49,49,47,47,47,68,54,70,70,70,68,68,65,65,65,63,63,63,63,63,63,59,59,59,70,70,70,70,70,70,70,70,70,70,70,70,70,70,70,70,70,70,70,70,64,34],"gold":370,"neow_bonus":"","is_daily":false,"chose_seed":false,"campfire_upgraded":8,"win_rate":0.0,"timestamp":1614014899,"path_taken":["M","M","$","M","?","M","M","R","T","M","$","?","R","E","R","BOSS","M","M","?","$","M","R","$","M","T","M","$","?","R","M","R","BOSS","M","?","M","M","$","R","M","R","T","?","M","R","$","M","R","BOSS","R","$","E","BOSS"],"items_purchased_type":["Relic","Relic","Relic","Card","Card","Relic","Card","Relic","Relic","Relic","Card","Relic","Relic"],"build_version":"2020-12-22","purchased_purges":15,"victory":true,"max_hp_per_floor":[70,70,70,70,70,70,70,70,70,70,70,70,70,70,70,70,70,70,70,70,70,70,70,70,70,70,70,70,70,70,70,70,70,70,70,70,70,70,70,70,70,70,70,70,70,70,70,70,70,70,70,70,70,70,70],"card_choices":[{"not_picked":["Tactician","Expertise"],"picked":"Bouncing Flask","floor":1},{"not_picked":["Leg Sweep","Acrobatics"],"picked":"Backstab","floor":2},{"not_picked":["Backflip","Deflect","Caltrops"],"picked":"SKIP","floor":4},{"not_picked":["Deflect","Calculated Gamble"],"picked":"Cloak And Dagger","floor":6},{"not_picked":["Distraction","Noxious Fumes","Poisoned Stab"],"picked":"SKIP","floor":7},{"not_picked":["Poisoned Stab","Flying Knee","Terror"],"picked":"SKIP","floor":10},{"not_picked":["Flying Knee","Masterful Stab"],"picked":"Infinite Blades","floor":12},{"not_picked":["Burst","Slice"],"picked":"Blade Dance","floor":14},{"not_picked":["Phantasmal Killer","Die Die Die"],"picked":"Burst","floor":16},{"not_picked":["Dodge and Roll","Dagger Throw"],"picked":"Blade Dance","floor":18},{"not_picked":["Dagger Spray","Backflip"],"picked":"Infinite Blades","floor":19},{"not_picked":["Bane","Dodge and Roll"],"picked":"Cloak And Dagger+1","floor":20},{"not_picked":["Riddle With Holes","Setup+1","Dagger Throw+1"],"picked":"SKIP","floor":22},{"not_picked":["Outmaneuver+1","Dash+1","Blade Dance"],"picked":"SKIP","floor":25},{"not_picked":["Deadly Poison","PiercingWail"],"picked":"Blur+1","floor":27},{"not_picked":["Setup","Backstab","Reflex"],"picked":"SKIP","floor":31},{"not_picked":["Storm of Steel","Unload"],"picked":"After Image","floor":33},{"not_picked":["Deadly Poison","Reflex+1","Acrobatics+1"],"picked":"SKIP","floor":35},{"not_picked":["Terror+1","Distraction+1","Blade Dance"],"picked":"SKIP","floor":37},{"not_picked":["Dodge and Roll","Flechettes+1","Cloak And Dagger"],"picked":"SKIP","floor":38},{"not_picked":["Slice","Flying Knee","Quick Slash+1"],"picked":"SKIP","floor":41},{"not_picked":["Quick Slash","Bouncing Flask+1"],"picked":"Accuracy","floor":45},{"not_picked":["Deflect","Underhanded Strike+1"],"picked":"Infinite Blades+1","floor":47},{"not_picked":["Skewer","Deadly Poison+1"],"picked":"Adrenaline","floor":47},{"not_picked":["Quick Slash+1","Finisher","Sucker Punch"],"picked":"SKIP","floor":48},{"not_picked":["Flying Knee","Slice","Crippling Poison"],"picked":"SKIP","floor":54}],"player_experience":191771,"relics_obtained":[{"floor":12,"key":"Whetstone"},{"floor":14,"key":"CaptainsWheel"},{"floor":20,"key":"Red Mask"},{"floor":26,"key":"Toy Ornithopter"},{"floor":43,"key":"Bottled Flame"},{"floor":44,"key":"Lizard Tail"},{"floor":54,"key":"Anchor"}],"event_choices":[{"damage_healed":0,"gold_gain":0,"player_choice":"Relic ","damage_taken":12,"max_hp_gain":0,"max_hp_loss":0,"event_name":"betterThird:BetterScrap","floor":5,"gold_loss":0,"cards_obtained":["Feed"]},{"damage_healed":0,"gold_gain":0,"player_choice":"Searched \u00271\u0027 times","damage_taken":0,"max_hp_gain":0,"max_hp_loss":0,"event_name":"Dead Adventurer","floor":12,"gold_loss":0},{"damage_healed":0,"gold_gain":0,"player_choice":"Fought Bandits","damage_taken":0,"max_hp_gain":0,"max_hp_loss":0,"event_name":"Masked Bandits","floor":20,"gold_loss":0},{"damage_healed":0,"gold_gain":222,"player_choice":"Wore Mask","damage_taken":0,"max_hp_gain":0,"max_hp_loss":0,"event_name":"Tomb of Lord Red Mask","floor":36,"gold_loss":0}],"is_beta":false,"boss_relics":[{"not_picked":["Philosopher\u0027s Stone","Pandora\u0027s Box","Empty Cage"]},{"not_picked":["Astrolabe","Calling Bell"],"picked":"Runic Pyramid"}],"items_purged_floors":[0,0,0,0,3,3,3,21,21,21,28,28,39,47,47],"is_endless":false,"potions_floor_spawned":[1,6,10,14,19,22,25,27,33,37,38,45,54],"ascension_level":0}}