{"host":"eny0bxnatoru6fum","time":1614011307,"event":{"mods":["100% Spire Juice","A Magickal Journey","AchievementEnabler","AlwaysNeverKeys","Aspiration","BaseMod","Beaked The Cultist","Better Note","BetterRewards","Colored Map","Colored Powertips","Conspire","Curses Come First","DeckTracker","Duelist Mod","Energized Spire","Glutton Mod","Halation","Hubris","Infinite Spire","Jedi Mod","Lobotomy","LobotomyExtend","Marisa????????","Minty Spire (QoL Compilation)","Permanent Neow","Relic Sorter","Replay The Spire","Shop Mod","Spicy Shops","Spikes Relics","StSLib","Synergy Search","The Alterego","The Animator","The Blue Laboratory","The Bug Knight","The Cursed","The Hierophant","The Jungle","The Problem Sleuth","The Runesmith","The Sage","The Servant 0.9.4","The Spell Scribe","Waifu the Spire"],"gold_per_floor":[110,123,123,123,22,22,50,70,70,99,99,127,138,172,172,272,152,170,183,338,348,348,348],"floor_reached":22,"language":"ENG","playtime":1781,"items_purged":[],"score":348,"play_id":"c7d007b0-5bbf-45ca-81c9-be08eb57abdc","local_time":"20210222102827","is_ascension_mode":true,"campfire_choices":[{"floor":6,"key":"REST"},{"floor":15,"key":"REST"}],"circlet_count":0,"master_deck":["Moonworks:Strike","Moonworks:Strike","Moonworks:Strike","Moonworks:Strike","Moonworks:Defend","Moonworks:Defend","Moonworks:Defend","Moonworks:Defend","Moonworks:Ambush","Moonworks:LongDistanceShot","Moonworks:EvilSpyWorkPreparation+1","Moonworks:RagingMadness","Moonworks:FinalSurgery","Moonworks:IndiscriminateFireSupport","Moonworks:LulusLuckyEgg","Moonworks:NicePresent","Moonworks:RagingMadness","Moonworks:IntelligenceOfficer","Moonworks:NicePresent","Moonworks:SakisCookie","Moonworks:IndiscriminateFireSupport","Moonworks:EvilSpyWorkPreparation","Moonworks:LulusLuckyEgg","Moonworks:Encore","Moonworks:DeployBits","Moonworks:NicePresent","Regret","Moonworks:ImmovableObject+1"],"relics":["Moonworks:BrokenBomb","jedi:matchstick","Moonworks:Homemark","Calipers","Moonworks:GoldenDie","halation:BottledHappiness","hubris:Towel","jedi:Pinwheel","Quantum Egg","SnailShell","Replay:Arrowhead","Tiny Chest","Replay:Grab Bag","aspiration:FutureDiary","beaked:SacredNecklace","SacredBark"],"acts_visited":["Exordium","TheCity"],"potions_floor_usage":[12,16,16],"damage_taken":[{"damage":0,"enemies":"2 Louse","floor":1,"turns":1},{"damage":6,"enemies":"Small Slimes","floor":2,"turns":3},{"damage":8,"enemies":"infinitespire:Voidling","floor":5,"turns":4},{"damage":1,"enemies":"HollowMod:MossKnight","floor":7,"turns":6},{"damage":8,"enemies":"3 Louse","floor":8,"turns":2},{"damage":10,"enemies":"3 Sentries","floor":10,"turns":3},{"damage":1,"enemies":"Lagavulin","floor":12,"turns":4},{"damage":0,"enemies":"Lots of Slimes","floor":13,"turns":1},{"damage":4,"enemies":"3 Sentries","floor":14,"turns":2},{"damage":8,"enemies":"Slime Boss","floor":16,"turns":6},{"damage":14,"enemies":"conspire:FuzzyDice","floor":18,"turns":3},{"damage":0,"enemies":"Spheric Guardian","floor":19,"turns":3},{"damage":35,"enemies":"Chosen and Byrds","floor":21,"turns":5},{"damage":36,"enemies":"Cultist and Chosen","floor":22,"turns":7}],"seed_played":"-5670820506435220625","potions_obtained":[{"floor":2,"key":"Weak Potion"},{"floor":5,"key":"SteroidPotion"},{"floor":13,"key":"blueLaboratory:Moonshine"},{"floor":14,"key":"LiquidMemories"},{"floor":18,"key":"SteroidPotion"},{"floor":21,"key":"blueLaboratory:TrueEctoplasm"}],"is_trial":false,"path_per_floor":["M","M","?","?","M","R","E","M","T","E","?","E","M","E","R","B",null,"M","M","?","M","M"],"character_chosen":"THE_STARBREAKER","items_purchased":["Calipers","Moonworks:GoldenDie","halation:BottledHappiness","Moonworks:EvilSpyWorkPreparation","Moonworks:RagingMadness","Moonworks:IndiscriminateFireSupport"],"campfire_rested":2,"item_purchase_floors":[0,0,0,0,0,0],"current_hp_per_floor":[42,36,36,29,21,39,38,30,30,20,20,19,19,15,33,27,60,48,48,48,13,0,0],"gold":348,"neow_bonus":"","is_daily":false,"chose_seed":false,"campfire_upgraded":0,"win_rate":0.0,"timestamp":1614011307,"path_taken":["M","M","?","?","M","R","E","M","T","E","?","E","M","E","R","BOSS","M","?","?","?","M"],"items_purchased_type":["Relic","Relic","Relic","Card","Card","Card"],"build_version":"2020-12-22","purchased_purges":0,"victory":false,"max_hp_per_floor":[60,60,60,60,60,60,60,60,60,60,60,60,60,60,60,60,60,60,60,60,60,60,60],"card_choices":[{"not_picked":["Moonworks:UnluckyCharm","Moonworks:IndiscriminateFireSupport"],"picked":"Moonworks:LulusLuckyEgg","floor":1},{"not_picked":["Moonworks:ImOnFire","Moonworks:SakisCookie"],"picked":"Moonworks:NicePresent","floor":2},{"not_picked":["Moonworks:Assault","Moonworks:CloudOfSeagulls"],"picked":"Moonworks:RagingMadness","floor":5},{"not_picked":["Moonworks:AngelHand","Moonworks:IndiscriminateFireSupport"],"picked":"Moonworks:IntelligenceOfficer","floor":7},{"not_picked":["Moonworks:CloudOfSeagulls","Moonworks:CookingTime"],"picked":"Moonworks:NicePresent","floor":8},{"not_picked":["Moonworks:FinalSurgery","Moonworks:ForcedRevival"],"picked":"Moonworks:SakisCookie","floor":10},{"not_picked":["Moonworks:BigMagnum","Moonworks:SakisCookie"],"picked":"Moonworks:IndiscriminateFireSupport","floor":12},{"not_picked":["Moonworks:JonathanRush","Moonworks:SakisCookie"],"picked":"Moonworks:EvilSpyWorkPreparation","floor":13},{"not_picked":["Moonworks:Assault","Moonworks:OutOfAmmo"],"picked":"Moonworks:LulusLuckyEgg","floor":14},{"not_picked":["Moonworks:SubspaceTunnel","Moonworks:ShieldCounter"],"picked":"Moonworks:Encore","floor":16},{"not_picked":["Moonworks:JonathanRush","Moonworks:IndiscriminateFireSupport"],"picked":"Moonworks:DeployBits","floor":18},{"not_picked":["Moonworks:ImOnFire+1","Moonworks:LulusLuckyEgg+1"],"picked":"Moonworks:NicePresent","floor":19},{"not_picked":["Moonworks:DeployBits+1","Moonworks:ImOnFire"],"picked":"Moonworks:ImmovableObject+1","floor":21}],"player_experience":636320,"relics_obtained":[{"floor":7,"key":"jedi:Pinwheel"},{"floor":9,"key":"Quantum Egg"},{"floor":10,"key":"SnailShell"},{"floor":12,"key":"Replay:Arrowhead"},{"floor":14,"key":"Tiny Chest"}],"event_choices":[{"damage_healed":0,"gold_gain":0,"player_choice":"Success","damage_taken":7,"relics_obtained":["jedi:matchstick"],"max_hp_gain":0,"max_hp_loss":0,"event_name":"Scrap Ooze","floor":4,"gold_loss":0},{"damage_healed":0,"gold_gain":0,"player_choice":"Forge","damage_taken":0,"max_hp_gain":0,"max_hp_loss":0,"event_name":"Accursed Blacksmith","floor":11,"gold_loss":0,"cards_upgraded":["Moonworks:EvilSpyWorkPreparation"]},{"damage_healed":0,"gold_gain":275,"player_choice":"Desecrate","damage_taken":0,"max_hp_gain":0,"max_hp_loss":0,"event_name":"Golden Shrine","floor":20,"gold_loss":0,"cards_obtained":["Regret"]}],"is_beta":false,"boss_relics":[{"not_picked":["Runic Pyramid","Replay:Bronze Core"],"picked":"Replay:Grab Bag"},{"not_picked":["jedi:hotpepper","Sozu"],"picked":"aspiration:FutureDiary"},{"not_picked":["halation:CatFaceCupcake","Runesmith:UraniumAnvil"],"picked":"beaked:SacredNecklace"},{"not_picked":["halation:Prosthetics","Astrolabe"],"picked":"SacredBark"}],"items_purged_floors":[],"is_endless":false,"potions_floor_spawned":[2,5,13,14,18,21],"killed_by":"Cultist and Chosen","ascension_level":2}}