{"host":"k653q14gphaoox56","time":1614021279,"event":{"mods":["BaseMod","Colored Map","Conspire","DeckTracker","Hubris","Infinite Spire","Minty Spire (QoL Compilation)","Replay The Spire","StSLib"],"gold_per_floor":[18,34,45,45,45,61,78,90,90,15,45,64,64,82,82,186,286,297,297,308,308,223,223,223,233,233,233,233],"floor_reached":27,"language":"ENG","playtime":1284,"items_purged":["Perfected Strike"],"score":257,"play_id":"a639134c-f533-4ea5-b094-f3be930c6607","local_time":"20210222141439","is_ascension_mode":false,"campfire_choices":[{"data":"Whirlwind","floor":15,"key":"SMITH"},{"floor":23,"key":"REST"}],"circlet_count":0,"master_deck":["conspire:GhostlyStrike","conspire:GhostlyStrike","conspire:GhostlyStrike","conspire:GhostlyStrike","conspire:GhostlyStrike","conspire:GhostlyDefend","conspire:GhostlyDefend","conspire:GhostlyDefend","conspire:GhostlyDefend","Flex","Whirlwind+1","Rampage","Warcry","Cleave","Double Tap","Flex","Evolve","Thunderclap"],"relics":["Black Blood","hubris:BundleOfHerbs","NlothsMask","Odd Mushroom","Replay:Grab Bag","Replay:Wanted Poster","Philosopher\u0027s Stone","hubris:AstralHammer","Gremlin Horn","PreservedInsect"],"acts_visited":["Exordium","TheCity"],"potions_floor_usage":[11,12,16,16,20,27],"damage_taken":[{"damage":7,"enemies":"Small Slimes","floor":1,"turns":5},{"damage":6,"enemies":"2 Louse","floor":2,"turns":2},{"damage":1,"enemies":"Cultist","floor":3,"turns":3},{"damage":18,"enemies":"Red Slaver","floor":6,"turns":4},{"damage":10,"enemies":"Looter","floor":7,"turns":3},{"damage":0,"enemies":"Large Slime","floor":8,"turns":3},{"damage":9,"enemies":"The Mushroom Lair","floor":11,"turns":3},{"damage":8,"enemies":"Exordium Wildlife","floor":12,"turns":3},{"damage":10,"enemies":"Looter","floor":14,"turns":3},{"damage":47,"enemies":"Fading Forest","floor":16,"turns":11},{"damage":30,"enemies":"Spheric Guardian","floor":18,"turns":4},{"damage":46,"enemies":"Shell Parasite","floor":20,"turns":5},{"damage":35,"enemies":"Chosen and Byrds","floor":25,"turns":5},{"damage":27,"enemies":"Slavers","floor":27,"turns":1}],"seed_played":"7453377526656026927","potions_obtained":[{"floor":1,"key":"GamblersBrew"},{"floor":3,"key":"SteroidPotion"},{"floor":7,"key":"BloodPotion"},{"floor":11,"key":"LiquidMemories"},{"floor":12,"key":"Reflective Coating"},{"floor":18,"key":"Energy Potion"},{"floor":20,"key":"Venom Potion"}],"is_trial":false,"path_per_floor":["M","M","M","?","?","M","M","M","T","$","?","M","?","M","R","B",null,"M","?","M","?","?","R","T","M","T","E"],"character_chosen":"IRONCLAD","items_purchased":[],"campfire_rested":1,"item_purchase_floors":[],"current_hp_per_floor":[79,79,80,80,80,68,64,70,70,70,67,65,65,61,61,46,80,62,47,13,13,13,38,38,15,15,0,0],"gold":233,"neow_bonus":"ONE_RARE_RELIC","is_daily":false,"chose_seed":false,"campfire_upgraded":1,"win_rate":0.0,"timestamp":1614021279,"path_taken":["M","M","M","?","?","M","?","M","T","?","?","M","?","M","R","BOSS","M","?","M","?","?","R","?","M","T","E"],"items_purchased_type":[],"build_version":"2020-12-22","purchased_purges":1,"victory":false,"max_hp_per_floor":[80,80,80,80,80,80,80,80,80,80,80,80,80,80,80,80,80,80,85,85,85,85,85,85,85,85,85,85],"card_choices":[{"not_picked":["Metallicize","Iron Wave"],"picked":"Flex","floor":1},{"not_picked":["Replay:Undeath\u0027s Touch","Thunderclap"],"picked":"Whirlwind","floor":2},{"not_picked":["True Grit","ReplayTheSpireMod:Limb From Limb","Pommel Strike"],"picked":"SKIP","floor":3},{"not_picked":["Flame Barrier","Warcry","Anger"],"picked":"SKIP","floor":6},{"not_picked":["Pommel Strike","Reckless Charge"],"picked":"Perfected Strike","floor":7},{"not_picked":["hubris:SharpeningStone","ReplayTheSpireMod:LeadingStrike"],"picked":"Rampage","floor":8},{"not_picked":["Twin Strike","True Grit"],"picked":"Warcry","floor":11},{"not_picked":["ReplayTheSpireMod:LeadingStrike","Clothesline","Clash"],"picked":"SKIP","floor":12},{"not_picked":["Armaments","Wild Strike"],"picked":"Cleave","floor":14},{"not_picked":["Bludgeon","Impervious"],"picked":"Double Tap","floor":16},{"not_picked":["Clothesline","Heavy Blade"],"picked":"Flex","floor":18},{"not_picked":["Pommel Strike+1","Clothesline+1"],"picked":"Evolve","floor":20},{"not_picked":["Armaments","Body Slam"],"picked":"Thunderclap","floor":25}],"player_experience":148755,"relics_obtained":[{"floor":11,"key":"Odd Mushroom"},{"floor":24,"key":"Gremlin Horn"},{"floor":26,"key":"PreservedInsect"}],"event_choices":[{"damage_healed":0,"gold_gain":0,"player_choice":"Leave","damage_taken":0,"max_hp_gain":0,"max_hp_loss":0,"event_name":"conspire:Investor","floor":4,"gold_loss":0},{"damage_healed":0,"gold_gain":0,"player_choice":"Trade","damage_taken":0,"relics_obtained":["NlothsMask"],"max_hp_gain":0,"max_hp_loss":0,"event_name":"FaceTrader","floor":5,"gold_loss":0},{"damage_healed":0,"gold_gain":0,"player_choice":"Fought Mushrooms","damage_taken":0,"max_hp_gain":0,"max_hp_loss":0,"event_name":"Mushrooms","floor":11,"gold_loss":0},{"damage_healed":0,"gold_gain":0,"player_choice":"Agree","damage_taken":0,"max_hp_gain":0,"max_hp_loss":0,"event_name":"conspire:LoneGhost","floor":13,"gold_loss":0},{"damage_healed":0,"gold_gain":0,"player_choice":"Shed Blood","damage_taken":20,"max_hp_gain":5,"max_hp_loss":0,"event_name":"Forgotten Altar","floor":19,"gold_loss":0},{"cards_removed":["Bash"],"damage_healed":0,"gold_gain":0,"player_choice":"Elegance","damage_taken":0,"max_hp_gain":0,"max_hp_loss":0,"event_name":"Back to Basics","floor":21,"gold_loss":0},{"damage_healed":0,"gold_gain":0,"player_choice":"Obtained Relic","damage_taken":0,"relics_obtained":["hubris:AstralHammer"],"max_hp_gain":0,"max_hp_loss":0,"event_name":"Addict","floor":22,"gold_loss":85}],"is_beta":false,"boss_relics":[{"not_picked":["infinitespire:Cupcake","hubris:RunicObelisk"],"picked":"Replay:Grab Bag"},{"not_picked":["Cursed Key","conspire:SeveredTorchhead"],"picked":"Replay:Wanted Poster"},{"not_picked":["ChewingGum","conspire:SlowCooker"],"picked":"Philosopher\u0027s Stone"},{"not_picked":["Calling Bell","Kintsugi"],"picked":"Black Blood"}],"items_purged_floors":[10],"is_endless":false,"potions_floor_spawned":[1,3,7,11,12,18,20],"killed_by":"Slavers","ascension_level":0}}