{"host":"5bsc0nab6whpyrbj","time":1614035983,"event":{"mods":["BaseMod","Highlight Path","Minty Spire (QoL Compilation)"],"gold_per_floor":[114,114,133,308,331,364,381,398,398,398,410,410,685,696,696,793,793,804,804,178,277,202,202,202,202,202,124,141,160,178,178,178],"floor_reached":31,"language":"ENG","playtime":511,"items_purged":[],"score":260,"play_id":"7a95aeb9-41b4-4de4-b5e3-edc047e1ad74","local_time":"20210222181943","is_ascension_mode":false,"campfire_choices":[{"floor":10.0,"key":"REST"},{"floor":12.0,"key":"REST"},{"data":"Static Discharge","floor":15.0,"key":"SMITH"},{"data":"Thunder Strike","floor":23.0,"key":"SMITH"}],"circlet_count":0,"master_deck":["Strike_B","Strike_B+1","Strike_B","Strike_B+1","Defend_B","Defend_B","Defend_B","Defend_B","Zap","Ball Lightning","Beam Cell","Doubt","Barrage","Lockon","Lockon","Static Discharge+1","Stack","Capacitor","Thunder Strike+1","Rip and Tear","Core Surge","Ball Lightning","Loop","Barrage"],"relics":["Cracked Core","NeowsBlessing","Bronze Scales","Prayer Wheel","Symbiotic Virus","Busted Crown","TungstenRod","Bird Faced Urn","Ornamental Fan"],"acts_visited":["Exordium","TheCity"],"potions_floor_usage":[],"damage_taken":[{"damage":0.0,"enemies":"Cultist","floor":1.0,"turns":1.0},{"damage":0.0,"enemies":"Small Slimes","floor":3.0,"turns":1.0},{"damage":0.0,"enemies":"Gremlin Nob","floor":6.0,"turns":1.0},{"damage":6.0,"enemies":"Jaw Worm","floor":7.0,"turns":2.0},{"damage":7.0,"enemies":"2 Fungi Beasts","floor":8.0,"turns":2.0},{"damage":16.0,"enemies":"Red Slaver","floor":11.0,"turns":2.0},{"damage":10.0,"enemies":"Blue Slaver","floor":14.0,"turns":2.0},{"damage":28.0,"enemies":"The Guardian","floor":16.0,"turns":5.0},{"damage":18.0,"enemies":"Shell Parasite","floor":18.0,"turns":3.0},{"damage":27.0,"enemies":"2 Thieves","floor":28.0,"turns":3.0},{"damage":0.0,"enemies":"Snake Plant","floor":29.0,"turns":3.0},{"damage":35.0,"enemies":"3 Cultists","floor":30.0,"turns":3.0},{"damage":10,"enemies":"Snecko","floor":31,"turns":2}],"seed_played":"6942971238420131438","potions_obtained":[{"floor":6.0,"key":"FearPotion"},{"floor":16.0,"key":"EssenceOfSteel"},{"floor":18.0,"key":"SneckoOil"},{"floor":28.0,"key":"SkillPotion"}],"is_trial":false,"path_per_floor":["M","?","M","?","T","E","M","M","T","R","M","R","?","M","R","B",null,"M","?","$","?","?","R","?","$","T","$","M","M","M","M"],"character_chosen":"DEFECT","items_purchased":["TungstenRod","Bird Faced Urn","Ball Lightning","Loop"],"campfire_rested":2,"item_purchase_floors":[20,20,20,27],"current_hp_per_floor":[75,60,60,60,60,60,54,47,47,69,53,75,75,65,65,37,75,57,57,57,57,57,57,57,57,57,57,32,36,5,0,0],"gold":178,"neow_bonus":"THREE_ENEMY_KILL","is_daily":false,"chose_seed":false,"campfire_upgraded":2,"win_rate":0.0,"timestamp":1614035983,"path_taken":["M","?","M","?","?","E","M","M","T","R","M","R","?","M","R","BOSS","M","?","$","?","?","R","?","$","T","$","M","?","M","M"],"items_purchased_type":["Relic","Relic","Card","Card"],"build_version":"2020-12-22","purchased_purges":0,"victory":false,"max_hp_per_floor":[75,75,75,75,75,75,75,75,75,75,75,75,75,75,75,75,75,75,75,75,75,75,75,75,75,75,75,75,75,75,75,75],"card_choices":[{"not_picked":["Sweeping Beam","Steam"],"picked":"Ball Lightning","floor":1.0},{"not_picked":["Compile Driver","Rip and Tear"],"picked":"Beam Cell","floor":3.0},{"not_picked":["Genetic Algorithm","Streamline","Skim"],"picked":"SKIP","floor":6.0},{"not_picked":["Redo","Self Repair"],"picked":"Barrage","floor":7.0},{"not_picked":["Sweeping Beam","Streamline"],"picked":"Lockon","floor":7.0},{"not_picked":["Meteor Strike","Beam Cell"],"picked":"Lockon","floor":8.0},{"not_picked":["Hologram","Gash"],"picked":"Static Discharge","floor":8.0},{"not_picked":["Gash","Self Repair"],"picked":"Biased Cognition","floor":11.0},{"not_picked":["Streamline","Sweeping Beam"],"picked":"Stack","floor":11.0},{"not_picked":["Coolheaded","Conserve Battery"],"picked":"Capacitor","floor":14.0},{"not_picked":["Leap","Stack","Turbo"],"picked":"SKIP","floor":14.0},{"not_picked":["Amplify","All For One"],"picked":"Thunder Strike","floor":16.0},{"not_picked":["Chaos"],"picked":"SKIP","floor":18.0},{"not_picked":["Sweeping Beam+1"],"picked":"SKIP","floor":18.0},{"not_picked":["Conserve Battery+1"],"picked":"SKIP","floor":28.0},{"not_picked":["Sweeping Beam+1"],"picked":"SKIP","floor":28.0},{"not_picked":["Turbo+1"],"picked":"SKIP","floor":29.0},{"not_picked":["Glacier"],"picked":"SKIP","floor":29.0},{"not_picked":[],"picked":"Barrage","floor":30.0},{"not_picked":["Gash+1"],"picked":"SKIP","floor":30.0}],"player_experience":105008,"relics_obtained":[{"floor":5.0,"key":"Bronze Scales"},{"floor":6.0,"key":"Prayer Wheel"},{"floor":9.0,"key":"Symbiotic Virus"},{"floor":26.0,"key":"Ornamental Fan"}],"event_choices":[{"damage_healed":0.0,"max_hp_gain":0.0,"max_hp_loss":0.0,"gold_gain":0.0,"event_name":"Shining Light","player_choice":"Entered Light","floor":2.0,"gold_loss":0.0,"damage_taken":15.0,"cards_upgraded":["Strike_B","Strike_B"]},{"damage_healed":0.0,"max_hp_gain":0.0,"max_hp_loss":0.0,"gold_gain":175.0,"event_name":"Liars Game","player_choice":"AGREE","floor":4.0,"gold_loss":0.0,"damage_taken":0.0,"cards_obtained":["Doubt"]},{"damage_healed":0.0,"max_hp_gain":0.0,"max_hp_loss":0.0,"gold_gain":275.0,"event_name":"Golden Shrine","player_choice":"Desecrate","floor":13.0,"gold_loss":0.0,"damage_taken":0.0,"cards_obtained":["Regret"]},{"damage_healed":0.0,"max_hp_gain":0.0,"max_hp_loss":0.0,"gold_gain":0.0,"cards_transformed":["Biased Cognition","Dualcast"],"event_name":"Drug Dealer","player_choice":"Became Test Subject","floor":19.0,"gold_loss":0.0,"damage_taken":0.0,"cards_obtained":["Rip and Tear","Core Surge"]},{"damage_healed":0.0,"max_hp_gain":0.0,"max_hp_loss":0.0,"gold_gain":99.0,"event_name":"Nest","player_choice":"Stole From Cult","floor":21.0,"gold_loss":0.0,"damage_taken":0.0},{"cards_removed":["Regret"],"damage_healed":0.0,"max_hp_gain":0.0,"max_hp_loss":0.0,"gold_gain":0.0,"event_name":"Beggar","player_choice":"Gave Gold","floor":22.0,"gold_loss":75.0,"damage_taken":0.0},{"damage_healed":0.0,"max_hp_gain":0.0,"max_hp_loss":0.0,"gold_gain":0.0,"event_name":"Vampires","player_choice":"Ignored","floor":24.0,"gold_loss":0.0,"damage_taken":0.0}],"is_beta":false,"boss_relics":[{"not_picked":["Philosopher\u0027s Stone","Snecko Eye"],"picked":"Busted Crown"}],"items_purged_floors":[],"is_endless":false,"potions_floor_spawned":[6,16,18,28],"killed_by":"Snecko","ascension_level":0}}