{"host":"zxd2l8an9de7z7b9","time":1614019644,"event":{"mods":["100% Spire Juice","2.2 Compatiblity","AchievementEnabler","BaseMod","CapriCore","Colored Map","Colored Powertips","Marisa£¨Ùöéë¡¡Øª×âÞÞ£©","Minty Spire (QoL Compilation)","Rare Cards Sparkle","StSLib","SuperFastMode","Td1madao Mod","everything is the same but u backflip on backflip"],"gold_per_floor":[111,125,145,220,145,145,180,180,252,252,352,371,383,393,393,496,496,512,512,512,158,158,158,33,33,33,52,67,85,85,115,115,220,220,240,252,252,102,102,102,42,58,82,96,107,121,138,188,188,188,188],"floor_reached":50,"language":"KOR","playtime":1122,"items_purged":["Defend_R","Strike_R","Defend_R","Entrench+1"],"score":464,"play_id":"484ee2c4-8df2-46fe-b076-e6a8bc0131c4","local_time":"20210223034724","is_ascension_mode":false,"campfire_choices":[{"data":"Clash","floor":6.0,"key":"SMITH"},{"data":"Bash","floor":8.0,"key":"SMITH"},{"data":"Strike_R","floor":15.0,"key":"SMITH"},{"data":"Defend_R","floor":23.0,"key":"SMITH"},{"floor":25.0,"key":"REST"},{"floor":30.0,"key":"REST"},{"floor":32,"key":"REST"},{"data":"Reaper","floor":40,"key":"SMITH"},{"floor":49,"key":"REST"}],"circlet_count":0,"master_deck":["Bash+1","Clash+1","Clothesline+1","Clash+1","Reaper+1","Dropkick+1","Double Tap+1"],"relics":["Burning Blood","Lantern","Toxic Egg 2","Astrolabe","Sundial","Oddly Smooth Stone","Pear","Ancient Tea Set","Pandora\u0027s Box","Centennial Puzzle","Ginger"],"acts_visited":["Exordium","TheCity","TheBeyond"],"potions_floor_usage":[31,31,50,50,50],"damage_taken":[{"damage":8.0,"enemies":"2 Louse","floor":1.0,"turns":3.0},{"damage":0.0,"enemies":"Small Slimes","floor":2.0,"turns":3.0},{"damage":0.0,"enemies":"Cultist","floor":3.0,"turns":3.0},{"damage":11.0,"enemies":"Gremlin Nob","floor":7.0,"turns":3.0},{"damage":0.0,"enemies":"Large Slime","floor":12.0,"turns":4.0},{"damage":5.0,"enemies":"3 Louse","floor":13.0,"turns":3.0},{"damage":20.0,"enemies":"Exordium Wildlife","floor":14.0,"turns":6.0},{"damage":40.0,"enemies":"Slime Boss","floor":16.0,"turns":12.0},{"damage":17.0,"enemies":"3 Byrds","floor":18.0,"turns":6.0},{"damage":0.0,"enemies":"Spheric Guardian","floor":27.0,"turns":2.0},{"damage":7.0,"enemies":"Cultist and Chosen","floor":28.0,"turns":4.0},{"damage":0.0,"enemies":"Centurion and Healer","floor":29.0,"turns":4.0},{"damage":21,"enemies":"Book of Stabbing","floor":31,"turns":3},{"damage":36,"enemies":"Champ","floor":33,"turns":8},{"damage":45,"enemies":"3 Shapes","floor":35,"turns":3},{"damage":48,"enemies":"3 Darklings","floor":36,"turns":7},{"damage":22,"enemies":"Spire Growth","floor":42,"turns":3},{"damage":0,"enemies":"Transient","floor":44,"turns":5},{"damage":38,"enemies":"Jaw Worm Horde","floor":45,"turns":3},{"damage":8,"enemies":"3 Darklings","floor":46,"turns":3},{"damage":22,"enemies":"Writhing Mass","floor":47,"turns":3},{"damage":36,"enemies":"Mind Bloom Boss Battle","floor":48,"turns":4},{"damage":100,"enemies":"Time Eater","floor":50,"turns":6}],"seed_played":"3684763085190083876","potions_obtained":[{"floor":2.0,"key":"SkillPotion"},{"floor":3.0,"key":"Swift Potion"},{"floor":7.0,"key":"Dexterity Potion"},{"floor":27.0,"key":"Dexterity Potion"},{"floor":28.0,"key":"Dexterity Potion"},{"floor":31,"key":"EssenceOfSteel"},{"floor":35,"key":"DuplicationPotion"},{"floor":42,"key":"BloodPotion"},{"floor":47,"key":"DistilledChaos"}],"is_trial":false,"path_per_floor":["M","M","M","?","$","R","E","R","T","?","?","M","M","M","R","B",null,"M","?","?","$","T","R","$","R","T","M","M","M","R","E","R","B",null,"M","M","?","$","?","R","?","M","T","M","M","M","M","?","R","B"],"character_chosen":"IRONCLAD","items_purchased":["Sundial"],"campfire_rested":4,"item_purchase_floors":[21],"current_hp_per_floor":[86,88,88,77,77,77,72,72,72,77,77,83,84,70,70,36,93,82,82,82,82,82,82,82,93,103,103,102,103,103,88,103,73,103,74,44,44,44,90,90,90,81,81,90,65,78,67,44,71,0,0],"gold":188,"neow_bonus":"TEN_PERCENT_HP_BONUS","is_daily":false,"chose_seed":false,"campfire_upgraded":5,"win_rate":0.0,"timestamp":1614019644,"path_taken":["M","M","M","?","$","R","E","R","T","?","?","M","M","?","R","BOSS","M","?","?","$","?","R","$","R","T","M","?","M","R","E","R","BOSS","M","M","?","$","?","R","?","?","T","M","M","?","M","?","R","BOSS"],"items_purchased_type":["Relic"],"build_version":"2020-12-22","purchased_purges":4,"victory":false,"max_hp_per_floor":[88,88,88,88,88,88,88,88,88,93,93,93,93,93,93,93,93,93,93,93,93,93,93,93,93,103,103,103,103,103,103,103,103,103,103,103,103,103,90,90,90,90,90,90,90,90,90,90,90,90,90],"card_choices":[{"not_picked":["Warcry","Perfected Strike","Anger"],"picked":"SKIP","floor":1.0},{"not_picked":["Dual Wield","Dark Embrace"],"picked":"Clash","floor":2.0},{"not_picked":["Sword Boomerang","Uppercut","Power Through"],"picked":"SKIP","floor":3.0},{"not_picked":["Clothesline","Combust","Armaments"],"picked":"SKIP","floor":7.0},{"not_picked":["Inflame","Warcry+1","Havoc+1"],"picked":"SKIP","floor":12.0},{"not_picked":["Flex+1","Intimidate+1","Wild Strike"],"picked":"SKIP","floor":13.0},{"not_picked":["Metallicize","Body Slam","Power Through+1"],"picked":"SKIP","floor":14.0},{"not_picked":["Uppercut","Cleave","Sword Boomerang+1"],"picked":"SKIP","floor":18.0},{"not_picked":["Battle Trance+1","Cleave","Havoc+1"],"picked":"SKIP","floor":27.0},{"not_picked":["Anger","Battle Trance+1","Clothesline"],"picked":"SKIP","floor":28.0},{"not_picked":["Anger+1","Pummel","Thunderclap+1"],"picked":"SKIP","floor":29.0},{"not_picked":["Warcry+1","Whirlwind","Blood for Blood+1"],"picked":"SKIP","floor":31},{"not_picked":["Iron Wave+1","Clash","Heavy Blade"],"picked":"SKIP","floor":35},{"not_picked":["Wild Strike","Iron Wave+1","Twin Strike+1"],"picked":"SKIP","floor":36},{"not_picked":["Uppercut+1","Feel No Pain"],"picked":"Dropkick+1","floor":42},{"not_picked":["Reckless Charge","Infernal Blade+1","Anger+1"],"picked":"SKIP","floor":44},{"not_picked":["Clothesline","Anger+1","Burning Pact+1"],"picked":"SKIP","floor":45},{"not_picked":["Armaments+1","Cleave+1","Reckless Charge+1"],"picked":"SKIP","floor":46},{"not_picked":["Havoc+1","Pommel Strike","Heavy Blade+1"],"picked":"SKIP","floor":47},{"not_picked":["Shrug It Off+1","Clash"],"picked":"Double Tap+1","floor":48}],"player_experience":445291,"relics_obtained":[{"floor":7.0,"key":"Lantern"},{"floor":9.0,"key":"Toxic Egg 2"},{"floor":22.0,"key":"Oddly Smooth Stone"},{"floor":26.0,"key":"Pear"},{"floor":31,"key":"Ancient Tea Set"},{"floor":43,"key":"Centennial Puzzle"},{"floor":48,"key":"Ginger"}],"event_choices":[{"damage_healed":0.0,"max_hp_gain":0.0,"max_hp_loss":0.0,"gold_gain":75.0,"event_name":"World of Goop","player_choice":"Gather Gold","floor":4.0,"gold_loss":0.0,"damage_taken":11.0},{"damage_healed":0.0,"max_hp_gain":5.0,"max_hp_loss":0.0,"gold_gain":0.0,"event_name":"Big Fish","player_choice":"Donut","floor":10.0,"gold_loss":0.0,"damage_taken":0.0},{"damage_healed":0.0,"max_hp_gain":0.0,"max_hp_loss":0.0,"gold_gain":100.0,"event_name":"Golden Shrine","player_choice":"Pray","floor":11.0,"gold_loss":0.0,"damage_taken":0.0},{"cards_removed":["Strike_R"],"damage_healed":0.0,"max_hp_gain":0.0,"max_hp_loss":0.0,"gold_gain":0.0,"event_name":"Back to Basics","player_choice":"Elegance","floor":19.0,"gold_loss":0.0,"damage_taken":0.0},{"damage_healed":0.0,"max_hp_gain":0.0,"max_hp_loss":0.0,"gold_gain":0.0,"event_name":"The Mausoleum","player_choice":"Ignored","floor":20.0,"gold_loss":0.0,"damage_taken":0.0},{"damage_healed":0,"gold_gain":0,"player_choice":"Ignored","damage_taken":0,"max_hp_gain":0,"max_hp_loss":0,"event_name":"Tomb of Lord Red Mask","floor":37,"gold_loss":0},{"damage_healed":90,"gold_gain":0,"player_choice":"Heal","damage_taken":0,"max_hp_gain":0,"max_hp_loss":13,"event_name":"The Moai Head","floor":39,"gold_loss":0},{"cards_removed":["Heavy Blade"],"damage_healed":0,"gold_gain":0,"player_choice":"Single Remove","damage_taken":0,"max_hp_gain":0,"max_hp_loss":0,"event_name":"Designer","floor":41,"gold_loss":60},{"damage_healed":0,"gold_gain":0,"player_choice":"Fight","damage_taken":0,"max_hp_gain":0,"max_hp_loss":0,"event_name":"MindBloom","floor":48,"gold_loss":0}],"is_beta":false,"boss_relics":[{"not_picked":["SlaversCollar","Runic Cube"],"picked":"Astrolabe"},{"not_picked":["Calling Bell","Velvet Choker"],"picked":"Pandora\u0027s Box"}],"items_purged_floors":[5,21,24,38],"is_endless":false,"potions_floor_spawned":[2,3,7,12,27,28,31,35,42,44,47],"killed_by":"Time Eater","ascension_level":0}}