{"host":"f5gffvlv6a66yqkd","time":1614027175,"event":{"mods":["2.2 Compatiblity","BaseMod","Colored Map","Custom Start","DeckTracker","Keyboard Shortcuts","Minty Spire (QoL Compilation)","Permanent Neow","Quick Restart","Relic Stats","StSLib","SuperFastMode"],"gold_per_floor":[114,131,131,281,109,109,128,128,128,146,181,181,207,226,226,226,226],"floor_reached":16,"language":"KOR","playtime":345,"items_purged":["Doubt"],"score":220,"play_id":"6567a94a-78da-499d-afcf-405ad1eb4ecf","local_time":"20210223055255","is_ascension_mode":true,"campfire_choices":[{"data":"Tactician","floor":6.0,"key":"SMITH"},{"floor":12.0,"key":"REST"},{"data":"Neutralize","floor":15,"key":"SMITH"}],"circlet_count":0,"master_deck":["AscendersBane","Strike_G","Strike_G","Strike_G","Strike_G","Strike_G","Defend_G","Defend_G+1","Defend_G","Defend_G+1","Defend_G","Survivor","Neutralize+1","Flying Knee","Dash","Reflex","Tactician+1","Underhanded Strike","After Image","Prepared","Prepared"],"relics":["Ring of the Snake","Blue Candle","Vajra","Centennial Puzzle"],"acts_visited":["Exordium"],"potions_floor_usage":[13,14,14],"damage_taken":[{"damage":1.0,"enemies":"Small Slimes","floor":1.0,"turns":4.0},{"damage":1.0,"enemies":"2 Louse","floor":2.0,"turns":3.0},{"damage":4.0,"enemies":"Jaw Worm","floor":7.0,"turns":4.0},{"damage":8.0,"enemies":"Blue Slaver","floor":10.0,"turns":4.0},{"damage":16.0,"enemies":"3 Sentries","floor":11.0,"turns":12.0},{"damage":26,"enemies":"Gremlin Nob","floor":13,"turns":4},{"damage":0,"enemies":"2 Fungi Beasts","floor":14,"turns":4},{"damage":4,"enemies":"Hexaghost","floor":16,"turns":7}],"seed_played":"-7441369021962360081","potions_obtained":[{"floor":2.0,"key":"SkillPotion"},{"floor":7.0,"key":"SkillPotion"},{"floor":10.0,"key":"PowerPotion"},{"floor":13,"key":"Energy Potion"}],"is_trial":false,"path_per_floor":["M","M","?","?","$","R","M","?","T","M","E","R","E","M","R","B"],"character_chosen":"THE_SILENT","items_purchased":["Tactician","Underhanded Strike"],"campfire_rested":1,"item_purchase_floors":[5,5],"current_hp_per_floor":[58,57,37,37,37,37,33,33,33,25,9,28,2,2,2,0,0],"gold":226,"neow_bonus":"THREE_CARDS","is_daily":false,"chose_seed":false,"campfire_upgraded":2,"win_rate":0.0,"timestamp":1614027175,"path_taken":["M","M","?","?","$","R","M","?","T","M","E","R","E","?","R","BOSS"],"items_purchased_type":["Card","Card"],"build_version":"2020-12-22","purchased_purges":1,"victory":false,"max_hp_per_floor":[66,66,66,66,66,66,66,66,66,66,66,66,66,66,66,66,66],"relic_stats":{"Centennial Puzzle":[0],"counters":[8,42],"Blue Candle":[0],"obtain_stats":[{"Centennial Puzzle":13,"Blue Candle":9,"Vajra":11,"Ring of the Snake":0},{"Centennial Puzzle":6,"Blue Candle":3,"Vajra":5,"Ring of the Snake":0},{"Centennial Puzzle":31,"Blue Candle":11,"Vajra":27,"Ring of the Snake":0}],"Ring of the Snake":[16]},"card_choices":[{"not_picked":["Acrobatics","Outmaneuver"],"picked":"Flying Knee","floor":0.0},{"not_picked":["Dagger Throw","Acrobatics"],"picked":"Dash","floor":1.0},{"not_picked":["Distraction","Heel Hook"],"picked":"Reflex","floor":2.0},{"not_picked":["Underhanded Strike","Dash","Catalyst"],"picked":"SKIP","floor":7.0},{"not_picked":["Bane","Setup","Outmaneuver"],"picked":"SKIP","floor":10.0},{"not_picked":["Deflect","Eviscerate"],"picked":"After Image","floor":11.0},{"not_picked":["Distraction","Cloak And Dagger"],"picked":"Prepared","floor":13},{"not_picked":["Quick Slash","Masterful Stab"],"picked":"Prepared","floor":14}],"player_experience":1555787,"relics_obtained":[{"floor":9.0,"key":"Blue Candle"},{"floor":11.0,"key":"Vajra"},{"floor":13,"key":"Centennial Puzzle"}],"event_choices":[{"damage_healed":0.0,"max_hp_gain":0.0,"max_hp_loss":0.0,"gold_gain":0.0,"event_name":"Shining Light","player_choice":"Entered Light","floor":3.0,"gold_loss":0.0,"damage_taken":20.0,"cards_upgraded":["Defend_G","Defend_G"]},{"damage_healed":0.0,"max_hp_gain":0.0,"max_hp_loss":0.0,"gold_gain":150.0,"event_name":"Liars Game","player_choice":"AGREE","floor":4.0,"gold_loss":0.0,"damage_taken":0.0,"cards_obtained":["Doubt"]},{"damage_healed":0.0,"max_hp_gain":0.0,"max_hp_loss":0.0,"gold_gain":0.0,"event_name":"Dead Adventurer","player_choice":"Searched \u00271\u0027 times","floor":8.0,"gold_loss":0.0,"damage_taken":0.0}],"is_beta":false,"boss_relics":[],"items_purged_floors":[5],"is_endless":false,"potions_floor_spawned":[2,7,10,13],"killed_by":"Hexaghost","ascension_level":20}}