{"host":"9brt9rggm379u2p7","time":1614008662,"event":{"mods":["AchievementEnabler","BaseMod","Highlight Path","Minty Spire (QoL Compilation)","Permanent Neow","Quick Restart","SuperFastMode"],"gold_per_floor":[114,125,137,212,229,229,264,264,264,293,293,218,250,266,266,364,364,374,474,494,504,404,435,435,435,515,525,557,557,589,601,601,601,601],"floor_reached":33,"language":"ENG","playtime":1587,"items_purged":["Strike_G","Strike_G"],"score":420,"play_id":"b4be0118-aa14-4694-a003-99c23290e529","local_time":"20210223004422","is_ascension_mode":true,"campfire_choices":[{"data":"Deadly Poison","floor":6.0,"key":"SMITH"},{"floor":15.0,"key":"REST"},{"data":"Burst","floor":24.0,"key":"SMITH"},{"floor":32.0,"key":"RECALL"}],"circlet_count":0,"master_deck":["Strike_G","Strike_G","Strike_G","Defend_G","Defend_G","Defend_G","Defend_G","Defend_G","Survivor+1","Neutralize","Corpse Explosion+1","Backflip","Deadly Poison+1","Backstab","Blur","Burst+1","Backstab","PiercingWail","Expertise","Adrenaline","Escape Plan+1","Backstab+1"],"relics":["Ring of the Snake","Bottled Flame","Lizard Tail","Turnip","Blue Candle","Mercury Hourglass","Busted Crown","White Beast Statue","Matryoshka","The Courier","HornCleat"],"acts_visited":["Exordium","TheCity"],"potions_floor_usage":[33,33,33],"damage_taken":[{"damage":0.0,"enemies":"2 Louse","floor":1.0,"turns":4.0},{"damage":5.0,"enemies":"Cultist","floor":2.0,"turns":5.0},{"damage":2.0,"enemies":"Jaw Worm","floor":3.0,"turns":4.0},{"damage":2.0,"enemies":"Exordium Wildlife","floor":5.0,"turns":3.0},{"damage":23.0,"enemies":"Lagavulin","floor":7.0,"turns":7.0},{"damage":0.0,"enemies":"Gremlin Nob","floor":10.0,"turns":3.0},{"damage":4.0,"enemies":"Lagavulin","floor":13.0,"turns":6.0},{"damage":3.0,"enemies":"Looter","floor":14.0,"turns":2.0},{"damage":7.0,"enemies":"The Guardian","floor":16.0,"turns":8.0},{"damage":0.0,"enemies":"Spheric Guardian","floor":18.0,"turns":4.0},{"damage":0.0,"enemies":"Shell Parasite","floor":20.0,"turns":4.0},{"damage":6.0,"enemies":"Snake Plant","floor":21.0,"turns":5.0},{"damage":24.0,"enemies":"Book of Stabbing","floor":23.0,"turns":6.0},{"damage":2.0,"enemies":"Snecko","floor":27.0,"turns":5.0},{"damage":12.0,"enemies":"Gremlin Leader","floor":28.0,"turns":5.0},{"damage":3.0,"enemies":"Slavers","floor":30.0,"turns":3.0},{"damage":4.0,"enemies":"Centurion and Healer","floor":31.0,"turns":4.0},{"damage":53,"enemies":"Champ","floor":33,"turns":15}],"seed_played":"-8538792934026219188","potions_obtained":[{"floor":3.0,"key":"Fire Potion"},{"floor":7.0,"key":"Fire Potion"},{"floor":10.0,"key":"SpeedPotion"},{"floor":14.0,"key":"PowerPotion"},{"floor":20.0,"key":"EntropicBrew"},{"floor":27.0,"key":"FearPotion"},{"floor":28.0,"key":"GhostInAJar"},{"floor":30.0,"key":"Swift Potion"},{"floor":31.0,"key":"Strength Potion"}],"is_trial":false,"path_per_floor":["M","M","M","?","M","R","E","?","T","E","T","$","E","M","R","B",null,"M","?","M","M","$","E","R","?","T","M","E","?","E","M","R","B"],"character_chosen":"THE_SILENT","items_purchased":[],"campfire_rested":1,"item_purchase_floors":[],"current_hp_per_floor":[63,58,56,50,48,48,25,12,12,12,12,12,8,5,23,16,63,63,63,63,57,57,33,33,33,33,31,19,19,16,12,12,0,0],"gold":601,"neow_bonus":"THREE_RARE_CARDS","is_daily":false,"chose_seed":false,"campfire_upgraded":2,"win_rate":0.0,"timestamp":1614008662,"path_taken":["M","M","M","?","?","R","E","?","T","E","?","?","E","M","R","BOSS","M","?","?","M","$","E","R","?","T","M","E","?","E","M","R","BOSS"],"items_purchased_type":[],"build_version":"2020-12-22","purchased_purges":2,"victory":false,"max_hp_per_floor":[63,63,63,63,63,63,63,63,63,63,63,63,63,63,63,63,63,63,63,63,63,63,63,63,63,63,63,63,63,63,63,63,63,63],"card_choices":[{"not_picked":["Night Terror","Glass Knife"],"picked":"Corpse Explosion","floor":0.0},{"not_picked":["Quick Slash","Noxious Fumes"],"picked":"Backflip","floor":1.0},{"not_picked":["Dash","Outmaneuver"],"picked":"Deadly Poison","floor":2.0},{"not_picked":["Backflip","Cloak And Dagger"],"picked":"Backstab","floor":3.0},{"not_picked":["Flying Knee","Bane"],"picked":"Blur","floor":5.0},{"not_picked":["Cloak And Dagger","Unload"],"picked":"Burst","floor":7.0},{"not_picked":["Caltrops","PiercingWail"],"picked":"Backstab","floor":10.0},{"not_picked":["Bane","Dagger Throw"],"picked":"PiercingWail","floor":13.0},{"not_picked":["Predator","Poisoned Stab"],"picked":"Expertise","floor":14.0},{"not_picked":["Grand Finale","A Thousand Cuts"],"picked":"Adrenaline","floor":16.0},{"not_picked":["Quick Slash"],"picked":"SKIP","floor":18.0},{"not_picked":["Slice"],"picked":"SKIP","floor":20.0},{"not_picked":["Deflect+1"],"picked":"SKIP","floor":21.0},{"not_picked":["Bane"],"picked":"SKIP","floor":23.0},{"not_picked":[],"picked":"Escape Plan+1","floor":27.0},{"not_picked":[],"picked":"Backstab+1","floor":28.0},{"not_picked":["Expertise"],"picked":"SKIP","floor":30.0},{"not_picked":["Slice+1"],"picked":"SKIP","floor":31.0}],"player_experience":425684,"relics_obtained":[{"floor":7.0,"key":"Bottled Flame"},{"floor":9.0,"key":"Lizard Tail"},{"floor":10.0,"key":"Turnip"},{"floor":11.0,"key":"Blue Candle"},{"floor":13.0,"key":"Mercury Hourglass"},{"floor":23.0,"key":"White Beast Statue"},{"floor":26.0,"key":"Matryoshka"},{"floor":28.0,"key":"The Courier"},{"floor":30.0,"key":"HornCleat"}],"event_choices":[{"damage_healed":0.0,"max_hp_gain":0.0,"max_hp_loss":0.0,"gold_gain":75.0,"event_name":"FaceTrader","player_choice":"Touch","floor":4.0,"gold_loss":0.0,"damage_taken":6.0},{"damage_healed":0.0,"max_hp_gain":0.0,"max_hp_loss":0.0,"gold_gain":0.0,"event_name":"Shining Light","player_choice":"Entered Light","floor":8.0,"gold_loss":0.0,"damage_taken":13.0,"cards_upgraded":["Corpse Explosion","Survivor"]},{"damage_healed":0.0,"max_hp_gain":0.0,"max_hp_loss":0.0,"gold_gain":100.0,"event_name":"Golden Shrine","player_choice":"Pray","floor":19.0,"gold_loss":0.0,"damage_taken":0.0},{"damage_healed":0.0,"max_hp_gain":0.0,"max_hp_loss":0.0,"gold_gain":0.0,"event_name":"Vampires","player_choice":"Ignored","floor":25.0,"gold_loss":0.0,"damage_taken":0.0},{"damage_healed":0.0,"max_hp_gain":0.0,"max_hp_loss":0.0,"gold_gain":0.0,"event_name":"Cursed Tome","player_choice":"Ignored","floor":29.0,"gold_loss":0.0,"damage_taken":0.0}],"is_beta":false,"boss_relics":[{"not_picked":["Fusion Hammer","Tiny House"],"picked":"Busted Crown"}],"items_purged_floors":[12,22],"is_endless":false,"potions_floor_spawned":[3,7,10,14,20,21,27,28,30,31],"killed_by":"Champ","ascension_level":4}}