{"host":"bx54wbx1b8s5cm4v","time":1614011285,"event":{"mods":["BaseMod","GifTheSpireLib","Hubris","Minty Spire (QoL Compilation)","StSLib"],"gold_per_floor":[117,128,138,138,49,76,76,107,107,107,122,140,169,185,185,288,338,350,369,369,379,393,393,393,419,446,117,117,217,217,251,251,347,347,358,358,10,24,41,41,70,70,94,112,132,163,183,202,202,202,202],"floor_reached":50,"language":"ENG","playtime":2369,"items_purged":["Defend_B","Strike_B"],"score":698,"play_id":"267ce5fc-1710-4657-89b9-6aefa092e0e6","local_time":"20210222132805","is_ascension_mode":true,"campfire_choices":[{"data":"Zap","floor":7,"key":"SMITH"},{"data":"Sunder","floor":10,"key":"SMITH"},{"floor":15,"key":"REST"},{"data":"Streamline","floor":23,"key":"SMITH"},{"floor":28,"key":"REST"},{"data":"Loop","floor":30,"key":"SMITH"},{"data":"Machine Learning","floor":32,"key":"SMITH"},{"data":"Creative AI","floor":40,"key":"SMITH"},{"floor":42,"key":"REST"},{"floor":49,"key":"REST"}],"circlet_count":0,"master_deck":["Strike_B","Strike_B","Strike_B+1","Defend_B","Defend_B+1","Defend_B+1","Zap+1","Dualcast+1","Double Energy+1","FTL","Rip and Tear","Flash of Steel","Compile Driver","Sunder+1","Redo+1","Conserve Battery","BootSequence","Scrape","Core Surge","Streamline+1","hubris:Ukulele+1","Sweeping Beam","Beam Cell","Ball Lightning+1","Rebound","Loop+1","FTL","Machine Learning+1","Steam Power","Creative AI+1","hubris:Ukulele+1","Reinforced Body+1","hubris:NaturalOne","Beam Cell+1","Electrodynamics","Auto Shields+1","Defragment","Leap+1","Steam Power+1"],"relics":["Cracked Core","Bronze Scales","hubris:GlazedTorus","Matryoshka","White Beast Statue","Tiny House","Strawberry","War Paint","Anchor","Toy Ornithopter","StoneCalendar","hubris:MysteriousPyramids","Ice Cream","hubris:VirtuousBlindfold","hubris:Icosahedron","hubris:RGBLights","PreservedInsect","Juzu Bracelet","Bag of Marbles","Pen Nib"],"acts_visited":["Exordium","TheCity","TheBeyond"],"potions_floor_usage":[6,8,25,29,29,29,46,50,50],"damage_taken":[{"damage":1,"enemies":"Small Slimes","floor":1,"turns":3},{"damage":3,"enemies":"2 Louse","floor":2,"turns":4},{"damage":2,"enemies":"Jaw Worm","floor":3,"turns":3},{"damage":20,"enemies":"Lagavulin","floor":6,"turns":5},{"damage":14,"enemies":"Gremlin Nob","floor":8,"turns":3},{"damage":0,"enemies":"3 Louse","floor":11,"turns":2},{"damage":6,"enemies":"Looter","floor":12,"turns":2},{"damage":19,"enemies":"Lagavulin","floor":13,"turns":4},{"damage":3,"enemies":"Blue Slaver","floor":14,"turns":2},{"damage":21,"enemies":"Hexaghost","floor":16,"turns":7},{"damage":4,"enemies":"Shell Parasite","floor":18,"turns":4},{"damage":0,"enemies":"Chosen","floor":19,"turns":3},{"damage":16,"enemies":"Shelled Parasite and Fungi","floor":21,"turns":3},{"damage":13,"enemies":"Cultist and Chosen","floor":22,"turns":5},{"damage":20,"enemies":"Slavers","floor":25,"turns":4},{"damage":13,"enemies":"Colosseum Slavers","floor":29,"turns":3},{"damage":0,"enemies":"Colosseum Nobs","floor":29,"turns":3},{"damage":0,"enemies":"Gremlin Leader","floor":31,"turns":5},{"damage":30,"enemies":"Automaton","floor":33,"turns":6},{"damage":0,"enemies":"Orb Walker","floor":35,"turns":2},{"damage":6,"enemies":"3 Shapes","floor":38,"turns":2},{"damage":27,"enemies":"Spire Growth","floor":39,"turns":4},{"damage":64,"enemies":"Nemesis","floor":41,"turns":7},{"damage":0,"enemies":"4 Shapes","floor":44,"turns":3},{"damage":16,"enemies":"Jaw Worm Horde","floor":45,"turns":3},{"damage":2,"enemies":"Reptomancer","floor":46,"turns":4},{"damage":0,"enemies":"Transient","floor":47,"turns":5},{"damage":1,"enemies":"4 Shapes","floor":48,"turns":5},{"damage":57,"enemies":"hubris:GrandSnecko","floor":50,"turns":6}],"seed_played":"-7347351678680581266","potions_obtained":[{"floor":3,"key":"Regen Potion"},{"floor":6,"key":"Swift Potion"},{"floor":8,"key":"BlessingOfTheForge"},{"floor":11,"key":"AttackPotion"},{"floor":12,"key":"Swift Potion"},{"floor":25,"key":"AttackPotion"},{"floor":29,"key":"LiquidMemories"},{"floor":31,"key":"SpeedPotion"},{"floor":33,"key":"BlessingOfTheForge"},{"floor":35,"key":"SteroidPotion"},{"floor":46,"key":"PowerPotion"}],"is_trial":false,"path_per_floor":["M","M","M","?","$","E","R","E","T","R","M","M","E","M","R","B",null,"M","M","?","M","M","R","?","E","T","$","R","?","R","E","R","B",null,"M","?","$","M","M","R","E","R","T","M","M","E","M","M","R","B"],"character_chosen":"DEFECT","items_purchased":["Flash of Steel","Loop","Toy Ornithopter","FTL","hubris:RGBLights"],"campfire_rested":4,"item_purchase_floors":[5,27,27,27,37],"current_hp_per_floor":[81,78,76,60,60,54,54,40,40,40,40,34,15,12,36,15,87,83,83,83,67,54,54,37,24,24,24,53,55,55,55,55,25,99,99,99,99,93,66,66,2,31,31,31,15,18,18,17,46,0,0],"gold":202,"neow_bonus":"TEN_PERCENT_HP_BONUS","is_daily":false,"chose_seed":false,"campfire_upgraded":6,"win_rate":0.0,"timestamp":1614011285,"path_taken":["M","M","M","?","$","E","R","E","T","R","M","M","E","M","R","BOSS","M","M","?","M","M","R","?","E","T","$","R","?","R","E","R","BOSS","M","?","$","M","M","R","E","R","T","M","M","E","M","M","R","BOSS"],"items_purchased_type":["Card","Card","Relic","Card","Relic"],"build_version":"2020-12-22","purchased_purges":2,"victory":false,"max_hp_per_floor":[82,82,82,82,82,82,82,82,82,82,82,82,82,82,82,82,87,87,87,87,87,87,87,92,99,99,99,99,99,99,99,99,99,99,99,99,99,99,99,99,99,99,99,99,99,99,99,99,99,99,99],"card_choices":[{"not_picked":["Go for the Eyes","Cold Snap"],"picked":"Double Energy","floor":1},{"not_picked":["Storm","Coolheaded"],"picked":"FTL","floor":2},{"not_picked":["Recycle","Self Repair"],"picked":"Rip and Tear","floor":3},{"not_picked":["Heatsinks","Chill"],"picked":"Compile Driver","floor":6},{"not_picked":["Beam Cell","Recycle"],"picked":"Sunder","floor":8},{"not_picked":["Tempest","Chaos"],"picked":"Redo","floor":11},{"not_picked":["Steam","Redo"],"picked":"Conserve Battery","floor":12},{"not_picked":["Sweeping Beam","Defragment"],"picked":"BootSequence","floor":13},{"not_picked":["Chill","Self Repair"],"picked":"Scrape","floor":14},{"not_picked":["Meteor Strike","Amplify"],"picked":"Core Surge","floor":16},{"not_picked":["Reinforced Body","Compile Driver"],"picked":"Streamline","floor":17},{"not_picked":["Go for the Eyes","Leap"],"picked":"hubris:Ukulele+1","floor":18},{"not_picked":["Reprogram+1","Coolheaded"],"picked":"Sweeping Beam","floor":19},{"not_picked":["BootSequence","Scrape"],"picked":"Beam Cell","floor":21},{"not_picked":["Coolheaded","Redo"],"picked":"Ball Lightning+1","floor":22},{"not_picked":["Hologram","Undo"],"picked":"Rebound","floor":25},{"not_picked":["Cold Snap+1","Turbo+1"],"picked":"Machine Learning","floor":29},{"not_picked":["Sunder","Fusion"],"picked":"Steam Power","floor":31},{"not_picked":["Buffer","hubris:DoWhile"],"picked":"Creative AI","floor":33},{"not_picked":["hubris:PowerSurge+1","Hologram+1"],"picked":"hubris:Ukulele+1","floor":35},{"not_picked":["Sweeping Beam+1","Compile Driver"],"picked":"Reinforced Body+1","floor":38},{"not_picked":["Turbo+1","Coolheaded+1"],"picked":"Beam Cell+1","floor":39},{"not_picked":["Hologram+1","Scrape+1"],"picked":"Electrodynamics","floor":41},{"not_picked":["Sweeping Beam","Consume"],"picked":"Auto Shields+1","floor":44},{"not_picked":["Go for the Eyes","Darkness+1"],"picked":"Defragment","floor":45},{"not_picked":["Meteor Strike","Steam","hubris:DoWhile"],"picked":"SKIP","floor":46},{"not_picked":["Stack","Static Discharge+1"],"picked":"Leap+1","floor":47},{"not_picked":["Leap","Stack"],"picked":"Steam Power+1","floor":48}],"player_experience":50028,"relics_obtained":[{"floor":6,"key":"Bronze Scales"},{"floor":8,"key":"hubris:GlazedTorus"},{"floor":9,"key":"Matryoshka"},{"floor":13,"key":"White Beast Statue"},{"floor":25,"key":"Strawberry"},{"floor":26,"key":"War Paint"},{"floor":26,"key":"Anchor"},{"floor":29,"key":"StoneCalendar"},{"floor":29,"key":"hubris:MysteriousPyramids"},{"floor":31,"key":"Ice Cream"},{"floor":41,"key":"PreservedInsect"},{"floor":43,"key":"Juzu Bracelet"},{"floor":43,"key":"Bag of Marbles"},{"floor":46,"key":"Pen Nib"}],"event_choices":[{"damage_healed":0,"gold_gain":0,"player_choice":"Entered Light","damage_taken":16,"max_hp_gain":0,"max_hp_loss":0,"event_name":"Shining Light","floor":4,"gold_loss":0,"cards_upgraded":["Dualcast","Double Energy"]},{"damage_healed":0,"gold_gain":0,"player_choice":"Shed Blood","damage_taken":22,"max_hp_gain":5,"max_hp_loss":0,"event_name":"Forgotten Altar","floor":24,"gold_loss":0},{"damage_healed":0,"gold_gain":0,"player_choice":"Fight","damage_taken":0,"max_hp_gain":0,"max_hp_loss":0,"event_name":"Colosseum","floor":29,"gold_loss":0},{"damage_healed":0,"gold_gain":0,"player_choice":"Fought Nobs","damage_taken":0,"max_hp_gain":0,"max_hp_loss":0,"event_name":"Colosseum","floor":29,"gold_loss":0}],"is_beta":false,"boss_relics":[{"not_picked":["hubris:RunicObelisk","SacredBark"],"picked":"Tiny House"},{"not_picked":["Pandora\u0027s Box","Snecko Eye"],"picked":"hubris:VirtuousBlindfold"}],"items_purged_floors":[27,37],"is_endless":false,"potions_floor_spawned":[3,6,8,11,12,13,14,16,18,19,21,22,25,29,29,31,33,35,38,39,41,44,45,46,47,48],"killed_by":"hubris:GrandSnecko","ascension_level":2}}