{"host":"fuacepq88b66f4v3","time":1614003232,"event":{"mods":["AchievementEnabler","BaseMod","Colored Map","DeckTracker","Minty Spire (QoL Compilation)","SuperFastMode"],"gold_per_floor":[113,288,92,92,109,109,109,109,132,158,158,175,195,215,215,317,317,337,349,85,102,120,120,120,120,120,136,51,51,69,86,86,86,86],"floor_reached":33,"language":"KOR","playtime":1082,"items_purged":["Doubt","Defend_R"],"score":249,"play_id":"f8902554-1a36-4ab7-b0ad-961d987e6017","local_time":"20210222231352","is_ascension_mode":false,"campfire_choices":[{"data":"Inflame","floor":6,"key":"SMITH"},{"data":"Cleave","floor":8,"key":"SMITH"},{"data":"Bash","floor":11,"key":"SMITH"},{"data":"Infernal Blade","floor":15,"key":"SMITH"},{"data":"Brutality","floor":23,"key":"SMITH"},{"floor":32,"key":"REST"}],"circlet_count":0,"master_deck":["Strike_R+1","Strike_R+1","Strike_R+1","Strike_R+1","Strike_R+1","Defend_R+1","Defend_R+1","Defend_R+1","Bash+1","Inflame+1","Cleave+1","Pommel Strike","Infernal Blade+1","Demon Form","Brutality+1","Infernal Blade+1","Regret","Heavy Blade"],"relics":["Burning Blood","War Paint","Blood Vial","MealTicket","Sozu","Incense Burner","Juzu Bracelet"],"acts_visited":["Exordium","TheCity"],"potions_floor_usage":[18,21,30],"damage_taken":[{"damage":3,"enemies":"Jaw Worm","floor":1,"turns":3},{"damage":0,"enemies":"Small Slimes","floor":5,"turns":2},{"damage":10,"enemies":"3 Sentries","floor":10,"turns":3},{"damage":0,"enemies":"Cultist","floor":12,"turns":2},{"damage":9,"enemies":"Gremlin Gang","floor":13,"turns":2},{"damage":10,"enemies":"Looter","floor":14,"turns":2},{"damage":21,"enemies":"Slime Boss","floor":16,"turns":7},{"damage":40,"enemies":"2 Thieves","floor":18,"turns":3},{"damage":10,"enemies":"Spheric Guardian","floor":19,"turns":4},{"damage":10,"enemies":"3 Cultists","floor":21,"turns":3},{"damage":20,"enemies":"Snake Plant","floor":22,"turns":4},{"damage":34,"enemies":"Chosen and Byrds","floor":27,"turns":6},{"damage":37,"enemies":"Shelled Parasite and Fungi","floor":30,"turns":4},{"damage":13,"enemies":"Cultist and Chosen","floor":31,"turns":3},{"damage":39,"enemies":"Automaton","floor":33,"turns":4}],"seed_played":"7996846010127735868","potions_obtained":[{"floor":5,"key":"BlessingOfTheForge"},{"floor":12,"key":"Dexterity Potion"},{"floor":13,"key":"EssenceOfSteel"}],"is_trial":false,"path_per_floor":["M","?","$","?","M","R","?","R","T","E","R","M","M","M","R","B",null,"M","M","$","M","M","R","?","?","T","M","?","?","M","M","R","B"],"character_chosen":"IRONCLAD","items_purchased":["Inflame","Cleave","Brutality"],"campfire_rested":1,"item_purchase_floors":[3,3,20],"current_hp_per_floor":[80,80,80,64,70,70,80,80,80,76,76,80,77,75,75,62,80,46,44,59,57,45,45,45,45,45,19,19,45,16,11,35,0,0],"gold":86,"neow_bonus":"RANDOM_COMMON_RELIC","is_daily":false,"chose_seed":false,"campfire_upgraded":5,"win_rate":0.0,"timestamp":1614003232,"path_taken":["M","?","$","?","M","R","?","R","T","E","R","?","M","M","R","BOSS","M","M","$","?","M","R","?","?","T","?","?","?","M","M","R","BOSS"],"items_purchased_type":["Card","Card","Card"],"build_version":"2020-12-22","purchased_purges":2,"victory":false,"max_hp_per_floor":[80,80,80,80,80,80,80,80,80,80,80,80,80,80,80,80,80,80,80,80,80,80,80,80,80,80,80,80,80,80,80,80,80,80],"card_choices":[{"not_picked":["Second Wind","Perfected Strike"],"picked":"Twin Strike","floor":1},{"not_picked":["Perfected Strike","Thunderclap","Rage"],"picked":"SKIP","floor":5},{"not_picked":["Warcry","Evolve","Body Slam"],"picked":"SKIP","floor":10},{"not_picked":["Sword Boomerang","Flex"],"picked":"Pommel Strike","floor":12},{"not_picked":["Iron Wave","True Grit"],"picked":"Infernal Blade","floor":13},{"not_picked":["Twin Strike","Bludgeon","Headbutt"],"picked":"SKIP","floor":14},{"not_picked":["Offering","Barricade"],"picked":"Demon Form","floor":16},{"not_picked":["Second Wind","Seeing Red","Headbutt+1"],"picked":"SKIP","floor":18},{"not_picked":["Warcry","Cleave","Iron Wave"],"picked":"SKIP","floor":19},{"not_picked":["Intimidate","Wild Strike","Havoc"],"picked":"SKIP","floor":21},{"not_picked":["Shrug It Off+1","Sever Soul"],"picked":"Infernal Blade+1","floor":22},{"not_picked":["Havoc+1","Combust+1"],"picked":"Heavy Blade","floor":27},{"not_picked":["Twin Strike","Warcry","Sword Boomerang"],"picked":"SKIP","floor":30},{"not_picked":["Sword Boomerang","Sever Soul+1","Fire Breathing"],"picked":"SKIP","floor":31}],"player_experience":59478,"relics_obtained":[{"floor":9,"key":"Blood Vial"},{"floor":10,"key":"MealTicket"},{"floor":26,"key":"Incense Burner"}],"event_choices":[{"damage_healed":0,"gold_gain":175,"player_choice":"AGREE","damage_taken":0,"max_hp_gain":0,"max_hp_loss":0,"event_name":"Liars Game","floor":2,"gold_loss":0,"cards_obtained":["Doubt"]},{"damage_healed":0,"gold_gain":0,"player_choice":"Entered Light","damage_taken":16,"max_hp_gain":0,"max_hp_loss":0,"event_name":"Shining Light","floor":4,"gold_loss":0,"cards_upgraded":["Defend_R","Strike_R"]},{"damage_healed":10,"gold_gain":0,"player_choice":"Full Heal","damage_taken":0,"max_hp_gain":0,"max_hp_loss":0,"event_name":"Wheel of Change","floor":7,"gold_loss":0},{"damage_healed":0,"gold_gain":0,"player_choice":"Simplicity","damage_taken":0,"max_hp_gain":0,"max_hp_loss":0,"event_name":"Back to Basics","floor":24,"gold_loss":0,"cards_upgraded":["Strike_R","Strike_R","Strike_R","Strike_R"]},{"cards_removed":["Twin Strike"],"damage_healed":0,"gold_gain":0,"player_choice":"Took Card","damage_taken":0,"max_hp_gain":0,"max_hp_loss":0,"event_name":"NoteForYourself","floor":25,"gold_loss":0,"cards_obtained":["Regret"]},{"damage_healed":0,"gold_gain":0,"player_choice":"Obtained Relic","damage_taken":0,"relics_obtained":["Juzu Bracelet"],"max_hp_gain":0,"max_hp_loss":0,"event_name":"Addict","floor":28,"gold_loss":85},{"damage_healed":26,"gold_gain":0,"player_choice":"Heal","damage_taken":0,"max_hp_gain":0,"max_hp_loss":0,"event_name":"The Library","floor":29,"gold_loss":0}],"is_beta":false,"boss_relics":[{"not_picked":["Empty Cage","SlaversCollar"],"picked":"Sozu"}],"items_purged_floors":[3,20],"is_endless":false,"potions_floor_spawned":[5,12,13,21,30,31],"killed_by":"Automaton","ascension_level":0}}