{"host":"4lhs9mfpcz34ad49","time":1614032560,"event":{"mods":["AchievementEnabler","BaseMod","Colored Powertips","Minty Spire (QoL Compilation)","Replay The Spire","StSLib"],"gold_per_floor":[114,134,134,238,253,297,297,335,358,358,290,309,309,324,324,444,444,462,462,130,115,140,140,140],"floor_reached":23,"language":"ENG","playtime":918,"items_purged":[],"score":201,"play_id":"83d63ad7-d5cb-48f7-9811-0c82a56eed68","local_time":"20210222192240","is_ascension_mode":false,"campfire_choices":[{"floor":7.0,"key":"REST"},{"floor":10.0,"key":"REST"},{"data":"Defragment","floor":15,"key":"SMITH"}],"circlet_count":0,"master_deck":["Strike_B","Strike_B","Strike_B","Strike_B","Defend_B+1","Defend_B","Defend_B","Defend_B+1","Zap","Dualcast","Self Repair","Gash","ReplayTheSpireMod:Splinters","Tempest","Cold Snap","Defragment+1","Melter","Self Repair","Go for the Eyes","All For One","Doom and Gloom","White Noise","Echo Form","Redo+1","White Noise","Go for the Eyes","Streamline+1","Cold Snap+1"],"relics":["Cracked Core","NeowsBlessing","Golden Idol","MealTicket","Simple Rune","Replay:Wax Seal","Inserter","Kunai"],"acts_visited":["Exordium","TheCity"],"potions_floor_usage":[16],"damage_taken":[{"damage":0.0,"enemies":"Cultist","floor":1.0,"turns":1.0},{"damage":0.0,"enemies":"2 Louse","floor":2.0,"turns":1.0},{"damage":0.0,"enemies":"Small Slimes","floor":5.0,"turns":1.0},{"damage":25.0,"enemies":"Gremlin Nob","floor":6.0,"turns":5.0},{"damage":43.0,"enemies":"3 Sentries","floor":8.0,"turns":8.0},{"damage":2.0,"enemies":"Looter","floor":12.0,"turns":3.0},{"damage":6,"enemies":"3 Louse","floor":14,"turns":4},{"damage":9,"enemies":"Slime Boss","floor":16,"turns":7},{"damage":0,"enemies":"Spheric Guardian","floor":18,"turns":2},{"damage":24,"enemies":"2 Thieves","floor":21,"turns":4},{"damage":23,"enemies":"Centurion and Healer","floor":22,"turns":7},{"damage":57,"enemies":"Slavers","floor":23,"turns":3}],"seed_played":"-4480126856137668289","potions_obtained":[{"floor":1.0,"key":"FearPotion"},{"floor":6.0,"key":"Flashbang"},{"floor":8.0,"key":"Reflective Coating"},{"floor":16,"key":"Strength Potion"},{"floor":21,"key":"FocusPotion"}],"is_trial":false,"path_per_floor":["M","M","?","?","M","E","R","E","T","R","$","M","?","M","R","B",null,"M","?","$","M","M","E"],"character_chosen":"DEFECT","items_purchased":["All For One","Kunai","White Noise","Go for the Eyes"],"campfire_rested":2,"item_purchase_floors":[11,20,20,20],"current_hp_per_floor":[75,75,57,57,57,39,61,32,32,54,69,74,74,75,75,73,75,75,68,75,51,49,0,0],"gold":140,"neow_bonus":"THREE_ENEMY_KILL","is_daily":false,"chose_seed":false,"campfire_upgraded":1,"win_rate":0.0,"timestamp":1614032560,"path_taken":["M","?","?","?","M","E","R","E","T","R","$","M","?","M","R","BOSS","M","?","$","M","M","E"],"items_purchased_type":["Card","Relic","Card","Card"],"build_version":"2020-12-22","purchased_purges":0,"victory":false,"max_hp_per_floor":[75,75,75,75,75,75,75,75,75,75,75,75,75,75,75,75,75,75,75,75,75,75,75,75],"card_choices":[{"not_picked":["Go for the Eyes","Barrage"],"picked":"Self Repair","floor":1.0},{"not_picked":["Compile Driver","ReplaySolidLightProjector"],"picked":"Gash","floor":2.0},{"not_picked":["Chill","BasicCrystalCard"],"picked":"Tempest","floor":4.0},{"not_picked":["Leap","Chaos"],"picked":"Cold Snap","floor":4.0},{"not_picked":["Time Bomb","Static Discharge"],"picked":"Defragment","floor":4.0},{"not_picked":["BasicCrystalCard","Lockon"],"picked":"Melter","floor":5.0},{"not_picked":["Force Field","Reprogram"],"picked":"Self Repair","floor":6.0},{"not_picked":["BasicCrystalCard","Skim"],"picked":"Go for the Eyes","floor":8.0},{"not_picked":["Time Bomb","Crystallizer"],"picked":"Doom and Gloom","floor":12.0},{"not_picked":["Panic Button","Aggregate"],"picked":"White Noise","floor":14},{"not_picked":["ReplayRNGCard","ReplayTheSpireMod:Omega Cannon"],"picked":"Echo Form","floor":16},{"not_picked":["Rebound","Force Field+1"],"picked":"Redo+1","floor":18},{"not_picked":["Scrape+1","Fusion"],"picked":"Streamline+1","floor":21},{"not_picked":["Lockon","Tempest"],"picked":"Cold Snap+1","floor":22}],"player_experience":438268,"relics_obtained":[{"floor":6.0,"key":"MealTicket"},{"floor":8.0,"key":"Simple Rune"},{"floor":9.0,"key":"Replay:Wax Seal"}],"event_choices":[{"damage_healed":0.0,"max_hp_gain":0.0,"max_hp_loss":0.0,"gold_gain":0.0,"event_name":"Golden Idol","player_choice":"Take Damage","floor":3.0,"gold_loss":0.0,"damage_taken":18.0,"relics_obtained":["Golden Idol"]},{"damage_healed":0,"gold_gain":0,"player_choice":"Damaged","damage_taken":7,"max_hp_gain":0,"max_hp_loss":0,"event_name":"Wheel of Change","floor":19,"gold_loss":0}],"is_beta":false,"boss_relics":[{"not_picked":["Honey Jar","Kintsugi"],"picked":"Inserter"}],"items_purged_floors":[],"is_endless":false,"potions_floor_spawned":[1,6,8,14,16,21],"killed_by":"Slavers","ascension_level":0}}