{"host":"zxd2l8an9de7z7b9","time":1614004110,"event":{"mods":["100% Spire Juice","2.2 Compatiblity","AchievementEnabler","BaseMod","CapriCore","Colored Map","Colored Powertips","Marisa£¨Ùöéë¡¡Øª×âÞÞ£©","Minty Spire (QoL Compilation)","Rare Cards Sparkle","StSLib","SuperFastMode","Td1madao Mod","everything is the same but u backflip on backflip"],"gold_per_floor":[111,129,4,4,20,20,31,31,111,111,123,123,23,36,36,132,132,147,167,178,15,33,64,64,64,64,13,13,13,46,46,46,142,142,158,172,172,172,189,189,39,39,85,97,126,126,126,126,126,126],"floor_reached":51,"language":"KOR","playtime":1105,"items_purged":["Strike_R","Strike_R","Strike_R","Wraith"],"score":803,"play_id":"412db38e-5807-4246-93e7-739b7330b392","local_time":"20210222232830","is_ascension_mode":false,"campfire_choices":[{"data":"Rampage","floor":6.0,"key":"SMITH"},{"data":"Bash","floor":8.0,"key":"SMITH"},{"data":"Flex","floor":10.0,"key":"SMITH"},{"data":"Double Tap","floor":12.0,"key":"SMITH"},{"data":"Headbutt","floor":15.0,"key":"SMITH"},{"data":"Battle Trance","floor":24.0,"key":"SMITH"},{"data":"Shrug It Off","floor":29.0,"key":"SMITH"},{"data":"Iron Wave","floor":32.0,"key":"SMITH"},{"data":"Inflame","floor":40,"key":"SMITH"},{"data":"Panacea","floor":42,"key":"SMITH"},{"data":"Reaper","floor":47,"key":"SMITH"},{"floor":49,"key":"RECALL"}],"circlet_count":0,"master_deck":["Defend_R+1","Defend_R+1","Bash+1","Rampage+1","Flex+1","Double Tap+1","Headbutt+1","Impervious+1","Seeing Red+1","Reckless Charge+1","Cleave+1","Pommel Strike+1","Whirlwind+1","Battle Trance+1","Shrug It Off+1","Iron Wave+1","Reaper+1","Inflame+1","Panacea+1","Spot Weakness+1"],"relics":["Burning Blood","PreservedInsect","Ornamental Fan","Astrolabe","Whetstone","Mango","Oddly Smooth Stone","Nilry\u0027s Codex","Coffee Dripper","Happy Flower","White Beast Statue","Mark of the Bloom"],"acts_visited":["Exordium","TheCity","TheBeyond"],"potions_floor_usage":[33,45,50,50,50,50,50],"damage_taken":[{"damage":6.0,"enemies":"Cultist","floor":1.0,"turns":3.0},{"damage":0.0,"enemies":"2 Louse","floor":2.0,"turns":3.0},{"damage":2.0,"enemies":"Small Slimes","floor":5.0,"turns":4.0},{"damage":3.0,"enemies":"Exordium Wildlife","floor":7.0,"turns":4.0},{"damage":3.0,"enemies":"Red Slaver","floor":11.0,"turns":4.0},{"damage":11.0,"enemies":"Large Slime","floor":14.0,"turns":5.0},{"damage":50.0,"enemies":"The Guardian","floor":16.0,"turns":7.0},{"damage":6.0,"enemies":"Spheric Guardian","floor":18.0,"turns":3.0},{"damage":11.0,"enemies":"Shell Parasite","floor":19.0,"turns":4.0},{"damage":21.0,"enemies":"3 Cultists","floor":20.0,"turns":5.0},{"damage":14.0,"enemies":"Shelled Parasite and Fungi","floor":22.0,"turns":3.0},{"damage":22.0,"enemies":"Book of Stabbing","floor":23.0,"turns":3.0},{"damage":13.0,"enemies":"Slavers","floor":30.0,"turns":3.0},{"damage":47,"enemies":"Automaton","floor":33,"turns":10},{"damage":0,"enemies":"Orb Walker","floor":35,"turns":3},{"damage":0,"enemies":"3 Darklings","floor":36,"turns":1},{"damage":36,"enemies":"4 Shapes","floor":39,"turns":7},{"damage":2,"enemies":"Transient","floor":44,"turns":5},{"damage":12,"enemies":"Nemesis","floor":45,"turns":3},{"damage":47,"enemies":"Donu and Deca","floor":50,"turns":4}],"seed_played":"-6394507371518203121","potions_obtained":[{"floor":5.0,"key":"Energy Potion"},{"floor":11.0,"key":"LiquidMemories"},{"floor":20.0,"key":"Block Potion"},{"floor":33,"key":"Strength Potion"},{"floor":35,"key":"AttackPotion"},{"floor":44,"key":"EntropicBrew"}],"is_trial":false,"path_per_floor":["M","M","$","$","M","R","M","R","T","R","M","R","$","M","R","B",null,"M","M","M","$","M","E","R","?","T","$","?","R","E","?","R","B",null,"M","M","?","?","M","R","$","R","T","M","E","$","R","?","R","B",null],"character_chosen":"IRONCLAD","items_purchased":["Flex","Whirlwind","Shrug It Off"],"campfire_rested":0,"item_purchase_floors":[3,21,27],"current_hp_per_floor":[80,80,80,80,80,80,80,80,80,80,80,80,80,75,75,31,80,80,75,60,60,52,36,36,80,94,94,94,94,87,71,71,30,94,94,94,94,94,64,64,64,64,64,75,82,82,82,82,82,35],"gold":126,"neow_bonus":"RANDOM_COMMON_RELIC","is_daily":false,"chose_seed":false,"campfire_upgraded":11,"win_rate":0.0,"timestamp":1614004110,"path_taken":["M","M","?","$","M","R","M","R","T","R","M","R","$","?","R","BOSS","M","M","M","$","M","E","R","?","T","?","?","R","E","?","R","BOSS","M","M","?","?","M","R","$","R","T","?","E","?","R","?","R","BOSS"],"items_purchased_type":["Card","Card","Card"],"build_version":"2020-12-22","purchased_purges":4,"victory":true,"max_hp_per_floor":[80,80,80,80,80,80,80,80,80,80,80,80,80,80,80,80,80,80,80,80,80,80,80,80,80,94,94,94,94,94,94,94,94,94,94,94,94,94,94,94,94,94,94,94,94,94,94,94,94,94],"card_choices":[{"not_picked":["Armaments","Anger"],"picked":"Rampage","floor":1.0},{"not_picked":["Pummel","Armaments","Dual Wield"],"picked":"SKIP","floor":2.0},{"not_picked":["Hemokinesis","Armaments","Perfected Strike"],"picked":"SKIP","floor":5.0},{"not_picked":["Thunderclap","Anger","Twin Strike"],"picked":"SKIP","floor":7.0},{"not_picked":["Perfected Strike","Shrug It Off"],"picked":"Double Tap","floor":11.0},{"not_picked":["Rampage","Fire Breathing"],"picked":"Headbutt","floor":14.0},{"not_picked":["Feed","Fiend Fire"],"picked":"Impervious","floor":16.0},{"not_picked":["Sword Boomerang","Dark Embrace"],"picked":"Pommel Strike","floor":18.0},{"not_picked":["Evolve","Second Wind","Body Slam"],"picked":"SKIP","floor":19.0},{"not_picked":["Pommel Strike","Armaments","Perfected Strike"],"picked":"SKIP","floor":20.0},{"not_picked":["Evolve","Warcry","Hemokinesis"],"picked":"SKIP","floor":22.0},{"not_picked":["True Grit+1","Havoc"],"picked":"Battle Trance","floor":23.0},{"not_picked":["Havoc","Reckless Charge"],"picked":"Iron Wave","floor":30.0},{"not_picked":["Juggernaut","Limit Break"],"picked":"Reaper","floor":33},{"not_picked":["Reckless Charge","Sword Boomerang+1","Clash+1"],"picked":"SKIP","floor":35},{"not_picked":["Warcry+1","Sever Soul"],"picked":"Inflame","floor":36},{"not_picked":["HandOfGreed","Finesse"],"picked":"Panacea","floor":38},{"not_picked":["Anger","Shrug It Off+1"],"picked":"Spot Weakness+1","floor":39},{"not_picked":["Ghostly Armor+1","Warcry+1","Dropkick"],"picked":"SKIP","floor":44},{"not_picked":["Thunderclap+1","Warcry","Flex"],"picked":"SKIP","floor":45}],"player_experience":438357,"relics_obtained":[{"floor":9.0,"key":"Ornamental Fan"},{"floor":23.0,"key":"Whetstone"},{"floor":26.0,"key":"Mango"},{"floor":30.0,"key":"Oddly Smooth Stone"},{"floor":31.0,"key":"Nilry\u0027s Codex"},{"floor":43,"key":"Happy Flower"},{"floor":45,"key":"White Beast Statue"}],"event_choices":[{"damage_healed":44.0,"max_hp_gain":0.0,"max_hp_loss":0.0,"gold_gain":0.0,"event_name":"Wheel of Change","player_choice":"Full Heal","floor":25.0,"gold_loss":0.0,"damage_taken":0.0},{"cards_removed":["Defend_R"],"damage_healed":0.0,"max_hp_gain":0.0,"max_hp_loss":0.0,"gold_gain":0.0,"event_name":"Back to Basics","player_choice":"Elegance","floor":28.0,"gold_loss":0.0,"damage_taken":0.0},{"damage_healed":0.0,"max_hp_gain":0.0,"max_hp_loss":0.0,"gold_gain":0.0,"event_name":"Cursed Tome","player_choice":"Obtained Book","floor":31.0,"gold_loss":0.0,"damage_taken":16.0},{"damage_healed":0,"gold_gain":0,"player_choice":"Ignored","damage_taken":0,"max_hp_gain":0,"max_hp_loss":0,"event_name":"OrinTheCat","floor":37,"gold_loss":0},{"damage_healed":0,"gold_gain":0,"player_choice":"Memory 1","damage_taken":0,"max_hp_gain":0,"max_hp_loss":0,"event_name":"SensoryStone","floor":38,"gold_loss":0},{"damage_healed":0,"gold_gain":0,"player_choice":"Upgrade","damage_taken":0,"relics_obtained":["Mark of the Bloom"],"max_hp_gain":0,"max_hp_loss":0,"event_name":"MindBloom","floor":48,"gold_loss":0,"cards_upgraded":["Defend_R","Defend_R","Impervious"]}],"is_beta":false,"boss_relics":[{"not_picked":["Ectoplasm","Sozu"],"picked":"Astrolabe"},{"not_picked":["Cursed Key","Philosopher\u0027s Stone"],"picked":"Coffee Dripper"}],"items_purged_floors":[3,13,21,41],"is_endless":false,"potions_floor_spawned":[5,11,20,33,35,39,44],"ascension_level":0}}