{"host":"j5j96s76v36ug78u","time":1614013711,"event":{"mods":["Astrologer","BaseMod","Better Third Choice","Downfall","Hermit","Highlight Path","Minty Spire (QoL Compilation)","Reliquary","StSLib","The Animator","The Hayseed","The Servant 0.9.4"],"gold_per_floor":[99,109,120,135,161,311,336,371,391,419,419,594,625,644,662,777,827,627,654,654,654,675,694,694,694,698,698],"floor_reached":26,"language":"ENG","playtime":1921,"items_purged":[],"score":366,"play_id":"b8fa9ae9-6cfa-4987-b0a6-60b65870631e","local_time":"20210222140831","is_ascension_mode":true,"campfire_choices":[{"floor":1.0,"key":"RECALL"},{"data":"animator:Ainz","floor":18,"key":"SMITH"}],"circlet_count":0,"master_deck":["animator:Strike_TenSura","animator:Defend_TenSura","animator:Strike","animator:Strike","animator:Strike","animator:Defend","animator:Defend","animator:Defend","animator:Benimaru","animator:Shuna","animator:Megumin+9","animator:Nanami+1","animator:Chris","downfall:Icky","animator:Aqua","animator:Eris","Regret","Doubt","animator:YunYun","animator:Ainz+1","Pride","animator:Aqua","animator:MaesHughes+1","animator:HinaKagiyama","animator:Curse_Dizziness"],"relics":["animator:LivingPicture","animator:TheMissingPiece","animator:PurgingStone","PreservedInsect","MealTicket","The Courier","Bottled Flame","Tiny House","downfall:HeartBlessingGreen","downfall:HeartBlessingRed","Nilry\u0027s Codex","Art of War"],"acts_visited":["Exordium","TheCity"],"potions_floor_usage":[19,23],"damage_taken":[{"damage":0.0,"enemies":"Jaw Worm","floor":2.0,"turns":4.0},{"damage":0.0,"enemies":"2 Louse","floor":3.0,"turns":3.0},{"damage":2.0,"enemies":"Small Slimes","floor":4.0,"turns":4.0},{"damage":7.0,"enemies":"Exordium Wildlife","floor":5.0,"turns":5.0},{"damage":14.0,"enemies":"3 Sentries","floor":8.0,"turns":6.0},{"damage":3.0,"enemies":"Red Slaver","floor":9.0,"turns":5.0},{"damage":1.0,"enemies":"downfall:LooterAlt","floor":10.0,"turns":4.0},{"damage":7.0,"enemies":"Gremlin Nob","floor":13.0,"turns":3.0},{"damage":15.0,"enemies":"3 Louse","floor":14.0,"turns":4.0},{"damage":2.0,"enemies":"2 Fungi Beasts","floor":15.0,"turns":3.0},{"damage":33.0,"enemies":"SI_SHIV_ARCHETYPE","floor":16.0,"turns":8.0},{"damage":19,"enemies":"downfall:LooterAlt2","floor":19,"turns":6},{"damage":14,"enemies":"Spheric Guardian","floor":22,"turns":6},{"damage":3,"enemies":"Snecko","floor":23,"turns":7},{"damage":54,"enemies":"Book of Stabbing","floor":26,"turns":4}],"seed_played":"-7524845863658334954","potions_obtained":[{"floor":2.0,"key":"sneckomod:MuddlingPotion"},{"floor":4.0,"key":"Energy Potion"},{"floor":8.0,"key":"SteroidPotion"},{"floor":10.0,"key":"hexamod:SoulburnPotion"},{"floor":13.0,"key":"animator:GrowthPotion"},{"floor":15.0,"key":"DistilledChaos"},{"floor":17,"key":"DuplicationPotion"},{"floor":22,"key":"champ:CounterPotion"}],"is_trial":false,"path_per_floor":["R","M","M","M","M","?","T","E","M","M","?","?","E","M","M","B",null,"R","M","?","?","M","M","T","?","E"],"character_chosen":"THE_ANIMATOR","items_purchased":[],"campfire_rested":0,"item_purchase_floors":[],"current_hp_per_floor":[72,72,72,70,63,63,63,49,48,52,52,52,45,35,38,10,77,77,63,47,47,38,42,42,42,0,0],"gold":698,"neow_bonus":"TEN_PERCENT_HP_BONUS","is_daily":false,"chose_seed":false,"campfire_upgraded":1,"win_rate":0.0,"timestamp":1614013711,"path_taken":["R","M","M","M","M","?","T","E","M","M","?","?","E","M","M","BOSS","R","M","?","?","?","M","T","?","E"],"items_purchased_type":[],"build_version":"2020-12-22","purchased_purges":0,"victory":false,"max_hp_per_floor":[72,72,72,72,72,72,72,72,72,72,72,72,72,72,72,72,77,77,77,77,77,77,77,77,77,77,77],"card_choices":[{"not_picked":["animator:Vanir","animator:WinryRockbell"],"picked":"animator:Megumin","floor":2.0},{"not_picked":["animator:DolaRiku","animator:WinryRockbell"],"picked":"animator:Nanami","floor":3.0},{"not_picked":["animator:Tatsumaki","animator:Bozes"],"picked":"animator:Chris","floor":4.0},{"not_picked":["animator:Kazuma","animator:Aqua"],"picked":"animator:Megumin","floor":5.0},{"not_picked":["animator:Shion","animator:RinTohsaka"],"picked":"animator:Aqua","floor":8.0},{"not_picked":["animator:ShinjiMatou","animator:Azekura"],"picked":"animator:Eris","floor":9.0},{"not_picked":["animator:Jibril","animator:Hitei","animator:Souei"],"picked":"SKIP","floor":10.0},{"not_picked":["animator:Verdia","animator:Vanir"],"picked":"animator:YunYun","floor":13.0},{"not_picked":["animator:Pride","animator:Gluttony","animator:YaoHaDucy"],"picked":"SKIP","floor":14.0},{"not_picked":["animator:Kuribayashi","animator:Demiurge","animator:Azekura"],"picked":"SKIP","floor":15.0},{"not_picked":["animator:Hans","animator:Gilgamesh"],"picked":"animator:Ainz","floor":16.0},{"not_picked":["animator:DolaRiku","animator:Kuribayashi+1","animator:UneriGinkaku"],"picked":"SKIP","floor":19},{"not_picked":["animator:Kazuma","animator:Vanir"],"picked":"animator:Aqua","floor":22},{"not_picked":["animator:Sloth+1","animator:Arpeggio"],"picked":"animator:MaesHughes+1","floor":23}],"player_experience":297733,"relics_obtained":[{"floor":7.0,"key":"PreservedInsect"},{"floor":8.0,"key":"MealTicket"},{"floor":13.0,"key":"Bottled Flame"},{"floor":20,"key":"Nilry\u0027s Codex"}],"event_choices":[{"damage_healed":0.0,"max_hp_gain":0.0,"max_hp_loss":0.0,"gold_gain":0.0,"event_name":"Big Fish","player_choice":"Box","floor":11.0,"gold_loss":0.0,"damage_taken":0.0,"relics_obtained":["The Courier"],"cards_obtained":["Regret"]},{"damage_healed":0,"gold_gain":0,"player_choice":"Stole Relic","damage_taken":0,"relics_obtained":["Art of War"],"max_hp_gain":0,"max_hp_loss":0,"event_name":"Addict","floor":21,"gold_loss":0,"cards_obtained":["Pride"]}],"is_beta":false,"boss_relics":[{"not_picked":["reliquary:KinkedSpring","reliquary:RedCape"],"picked":"Tiny House"}],"items_purged_floors":[],"is_endless":false,"potions_floor_spawned":[2,4,8,10,13,15,22],"killed_by":"Book of Stabbing","ascension_level":4}}