{"host":"sav7uxregyirlf69","time":1614007016,"event":{"mods":["AchievementEnabler","BaseMod","Colored Map","DeckTracker","Keyboard Shortcuts","Minty Spire (QoL Compilation)","READ ME - Guardian Mod","StSLib","SuperFastMode"],"gold_per_floor":[117,117,127,52,63,90,90,103,103,115,115,115,159,177,177,271,271,289,22,22,22,22],"floor_reached":21,"language":"KOR","playtime":453,"items_purged":["Pain"],"score":378,"play_id":"1ac9ddd3-0d46-4468-9bb3-624fe9b4539d","local_time":"20210223001656","is_ascension_mode":true,"campfire_choices":[{"floor":7,"key":"REST"},{"data":"Deadly Poison","floor":11,"key":"SMITH"},{"data":"Bouncing Flask","floor":15,"key":"SMITH"}],"circlet_count":0,"master_deck":["AscendersBane","Strike_G","Strike_G","Strike_G","Strike_G","Strike_G","Defend_G","Defend_G","Defend_G","Defend_G","Defend_G","Survivor","Neutralize","Dagger Throw","Skewer","Reflex","Leg Sweep","Blur","Deadly Poison+1","Bouncing Flask+1","CurseOfTheBell","Well Laid Plans","Ghostly","Ghostly","Ghostly"],"relics":["Ring of the Snake","NeowsBlessing","WarpedTongs","The Specimen","Golden Idol","Turnip","Calling Bell","Omamori","White Beast Statue","Pocketwatch","Meat on the Bone"],"acts_visited":["Exordium","TheCity"],"potions_floor_usage":[13,16,21],"damage_taken":[{"damage":0,"enemies":"Cultist","floor":1,"turns":1},{"damage":2,"enemies":"2 Louse","floor":3,"turns":1},{"damage":0,"enemies":"Jaw Worm","floor":5,"turns":1},{"damage":31,"enemies":"Lagavulin","floor":6,"turns":11},{"damage":1,"enemies":"2 Fungi Beasts","floor":8,"turns":4},{"damage":0,"enemies":"Exordium Wildlife","floor":10,"turns":6},{"damage":11,"enemies":"3 Sentries","floor":13,"turns":13},{"damage":1,"enemies":"Looter","floor":14,"turns":3},{"damage":31,"enemies":"The Guardian","floor":16,"turns":10},{"damage":24,"enemies":"2 Thieves","floor":18,"turns":5},{"damage":31,"enemies":"3 Byrds","floor":21,"turns":6}],"seed_played":"6546446620993612715","potions_obtained":[{"floor":6,"key":"FearPotion"},{"floor":8,"key":"SkillPotion"},{"floor":18,"key":"Weak Potion"}],"is_trial":false,"path_per_floor":["M","?","M","$","M","E","R","M","T","M","R","?","E","M","R","B",null,"M","$","?","M"],"character_chosen":"THE_SILENT","items_purchased":["Meat on the Bone"],"campfire_rested":1,"item_purchase_floors":[19],"current_hp_per_floor":[59,59,57,57,57,26,45,44,44,44,44,44,33,32,32,1,45,21,21,21,0,0],"gold":22,"neow_bonus":"THREE_ENEMY_KILL","is_daily":false,"chose_seed":false,"campfire_upgraded":2,"win_rate":0.0,"timestamp":1614007016,"path_taken":["M","?","M","?","M","E","R","M","T","M","R","?","E","M","R","BOSS","M","$","?","M"],"items_purchased_type":["Relic"],"build_version":"2020-12-22","purchased_purges":1,"victory":false,"max_hp_per_floor":[66,66,66,66,66,66,66,66,66,66,66,60,60,60,60,60,60,60,60,30,30,30],"card_choices":[{"not_picked":["Bane","Terror"],"picked":"Dagger Throw","floor":1},{"not_picked":["Flechettes","Underhanded Strike"],"picked":"Skewer","floor":3},{"not_picked":["Sucker Punch","PiercingWail"],"picked":"Reflex","floor":5},{"not_picked":["Underhanded Strike","Envenom"],"picked":"Leg Sweep","floor":6},{"not_picked":["Flying Knee","Cloak And Dagger"],"picked":"Blur","floor":8},{"not_picked":["Leg Sweep","Deflect"],"picked":"Deadly Poison","floor":10},{"not_picked":["Tools of the Trade","Infinite Blades","Acrobatics"],"picked":"SKIP","floor":13},{"not_picked":["Slice","Masterful Stab"],"picked":"Bouncing Flask","floor":14},{"not_picked":["Blur","All Out Attack"],"picked":"Well Laid Plans","floor":18}],"player_experience":1650962,"relics_obtained":[{"floor":6,"key":"The Specimen"},{"floor":13,"key":"Turnip"},{"floor":17,"key":"Omamori"},{"floor":17,"key":"White Beast Statue"},{"floor":17,"key":"Pocketwatch"}],"event_choices":[{"damage_healed":0,"gold_gain":0,"player_choice":"Rummage","damage_taken":0,"relics_obtained":["WarpedTongs"],"max_hp_gain":0,"max_hp_loss":0,"event_name":"Accursed Blacksmith","floor":2,"gold_loss":0,"cards_obtained":["Pain"]},{"damage_healed":0,"gold_gain":0,"player_choice":"Lose Max HP","damage_taken":0,"relics_obtained":["Golden Idol"],"max_hp_gain":0,"max_hp_loss":6,"event_name":"Golden Idol","floor":12,"gold_loss":0},{"damage_healed":0,"gold_gain":0,"player_choice":"Became a Ghost","damage_taken":0,"max_hp_gain":0,"max_hp_loss":30,"event_name":"Ghosts","floor":20,"gold_loss":0,"cards_obtained":["Ghostly","Ghostly","Ghostly"]}],"is_beta":false,"boss_relics":[{"not_picked":["SacredBark","Tiny House"],"picked":"Calling Bell"}],"items_purged_floors":[4],"is_endless":false,"potions_floor_spawned":[6,8,18],"killed_by":"3 Byrds","ascension_level":20}}