{"host":"gbop6m4qugddaz18","time":1614024445,"event":{"mods":["2.2 Compatiblity","BaseMod","Better Third Choice","Block Reminder","Downfall","GifTheSpireLib","Highlight Path","Minty Spire (QoL Compilation)","Replay The Spire","StSLib"],"gold_per_floor":[99,112,126,144,157,157,181,194,644,679,679,696,730,746,766,766,766,766],"floor_reached":16,"language":"ENG","playtime":1356,"items_purged":[],"score":116,"play_id":"970d33f2-7f3b-4c4d-9c2e-53783922a773","local_time":"20210222150725","is_ascension_mode":false,"campfire_choices":[{"data":"bronze:Replicate","floor":1,"key":"SMITH"},{"data":"bronze:Repulsor","floor":6,"key":"SMITH"}],"circlet_count":0,"master_deck":["bronze:Strike","bronze:Strike","bronze:Strike","bronze:Strike","bronze:Defend","bronze:Defend","bronze:Defend","bronze:Defend","bronze:OilSpill","bronze:AlphaBuild","bronze:Overheat","bronze:Repulsor+1","bronze:CutThrough","downfall:Icky","downfall:Icky","downfall:Icky","bronze:FollowUp","m_BronzeAgony+1","m_BronzeSurvivor","bronze:BronzeOrb","bronze:Iterate","bronze:Verify","bronze:ChosenStrike"],"relics":["bronze:BronzeCore","Replay:Baseball","Bronze Scales","Bottled Tornado"],"acts_visited":["Exordium"],"potions_floor_usage":[15,15,16,16],"damage_taken":[{"damage":0,"enemies":"Small Slimes","floor":2,"turns":3},{"damage":7,"enemies":"2 Louse","floor":3,"turns":3},{"damage":11,"enemies":"Jaw Worm","floor":4,"turns":2},{"damage":7,"enemies":"Blue Slaver","floor":5,"turns":2},{"damage":5,"enemies":"Exordium Thugs","floor":8,"turns":3},{"damage":20,"enemies":"Replay:BlueRogue","floor":10,"turns":4},{"damage":13,"enemies":"Lots of Slimes","floor":12,"turns":4},{"damage":8,"enemies":"Gremlin Nob","floor":13,"turns":3},{"damage":5,"enemies":"Exordium Wildlife","floor":14,"turns":5},{"damage":0,"enemies":"Blue Slaver","floor":15,"turns":3},{"damage":1,"enemies":"DF_ARCHETYPE_STREAMLINE","floor":16,"turns":4}],"seed_played":"2570253337879336970","potions_obtained":[{"floor":5,"key":"Weak Potion"},{"floor":12,"key":"Explosive Potion"},{"floor":13,"key":"GamblersBrew"},{"floor":14,"key":"Energy Potion"},{"floor":15,"key":"Adrenaline Potion"}],"is_trial":false,"path_per_floor":["R","M","M","M","M","R","T","M","?","E","?","M","E","M","M","B"],"character_chosen":"THE_AUTOMATON","items_purchased":[],"campfire_rested":0,"item_purchase_floors":[],"current_hp_per_floor":[77,77,70,59,52,52,52,47,47,27,27,14,6,1,1,0,0,0],"gold":766,"neow_bonus":"TEN_PERCENT_HP_BONUS","is_daily":false,"chose_seed":false,"campfire_upgraded":2,"win_rate":0.0,"timestamp":1614024445,"path_taken":["R","M","M","M","M","R","T","M","?","E","?","M","E","M","M","BOSS"],"items_purchased_type":[],"build_version":"2020-12-22","purchased_purges":0,"victory":false,"max_hp_per_floor":[77,77,77,77,77,77,77,77,77,77,77,77,77,77,77,77,77,77],"card_choices":[{"not_picked":["bronze:Turbo","bronze:Invalidate"],"picked":"bronze:OilSpill","floor":2},{"not_picked":["bronze:ForceShield","bronze:NullPointer"],"picked":"bronze:AlphaBuild","floor":3},{"not_picked":["bronze:Boost","bronze:OilSpill"],"picked":"bronze:Overheat","floor":4},{"not_picked":["bronze:BitShift","bronze:FineTuning"],"picked":"bronze:Repulsor","floor":5},{"not_picked":["bronze:BuggyMess","bronze:BitShift"],"picked":"bronze:CutThrough","floor":8},{"not_picked":["bronze:DarkDash","bronze:Deprecate"],"picked":"bronze:FollowUp","floor":10},{"not_picked":["bronze:WildBeam","bronze:Turbo"],"picked":"bronze:BronzeOrb","floor":12},{"not_picked":["bronze:Philosophize","bronze:FineTuning"],"picked":"bronze:Iterate","floor":13},{"not_picked":["bronze:Overheat","bronze:BronzeArmor"],"picked":"bronze:Verify","floor":14},{"not_picked":["bronze:BitShift","bronze:Branch"],"picked":"bronze:ChosenStrike","floor":15}],"player_experience":613258,"relics_obtained":[{"floor":7,"key":"Replay:Baseball"},{"floor":10,"key":"Bronze Scales"},{"floor":13,"key":"Bottled Tornado"}],"event_choices":[],"is_beta":false,"boss_relics":[],"items_purged_floors":[],"is_endless":false,"potions_floor_spawned":[5,12,13,14,15],"killed_by":"DF_ARCHETYPE_STREAMLINE","ascension_level":0}}