{"host":"i45hfqkcke4zequp","time":1614008462,"event":{"mods":["AchievementEnabler","BaseMod","BetterRewards","Minty Spire (QoL Compilation)","Permanent Neow","Shop Mod","SuperFastMode"],"gold_per_floor":[114,127,127,138,103,103,136,156,156,175,185,185,360,360,360],"floor_reached":14,"language":"KOR","playtime":540,"items_purged":[],"score":152,"play_id":"72c5960d-eba8-48b3-884f-e0ffc917db60","local_time":"20210223004102","is_ascension_mode":true,"campfire_choices":[{"floor":6.0,"key":"REST"},{"floor":12.0,"key":"REST"}],"circlet_count":0,"master_deck":["Strike_P","Strike_P","Strike_P","Strike_P","Defend_P","Defend_P","Defend_P","Defend_P","Eruption","Vigilance","FlurryOfBlows","BattleHymn","Jack Of All Trades","Chrysalis","Consecrate","ThirdEye","Crescendo","Fasting2","FollowUp","Conclude","ThirdEye","Doubt"],"relics":["PureWater","Calipers","Lantern","ClockworkSouvenir","Pocketwatch","Turnip","Matryoshka"],"acts_visited":["Exordium"],"potions_floor_usage":[],"damage_taken":[{"damage":7.0,"enemies":"Small Slimes","floor":1.0,"turns":2.0},{"damage":0.0,"enemies":"Cultist","floor":2.0,"turns":2.0},{"damage":0.0,"enemies":"2 Louse","floor":4.0,"turns":2.0},{"damage":0.0,"enemies":"Lagavulin","floor":7.0,"turns":2.0},{"damage":0.0,"enemies":"Large Slime","floor":8.0,"turns":3.0},{"damage":17.0,"enemies":"Exordium Thugs","floor":10.0,"turns":3.0},{"damage":9.0,"enemies":"Looter","floor":11.0,"turns":2.0},{"damage":61,"enemies":"Gremlin Nob","floor":14,"turns":4}],"seed_played":"7426485896120974579","potions_obtained":[{"floor":3.0,"key":"SkillPotion"},{"floor":3.0,"key":"Explosive Potion"},{"floor":3.0,"key":"AttackPotion"},{"floor":7.0,"key":"Fire Potion"},{"floor":8.0,"key":"Weak Potion"}],"is_trial":false,"path_per_floor":["M","M","?","M","?","R","E","M","T","M","M","R","?","E"],"character_chosen":"WATCHER","items_purchased":["Lantern","ClockworkSouvenir","FlurryOfBlows","BattleHymn","Jack Of All Trades"],"campfire_rested":2,"item_purchase_floors":[0,0,0,0,0],"current_hp_per_floor":[20,20,20,20,38,59,59,59,59,42,33,54,54,0,0],"gold":360,"neow_bonus":"","is_daily":false,"chose_seed":false,"campfire_upgraded":0,"win_rate":0.0,"timestamp":1614008462,"path_taken":["M","M","?","?","?","R","E","M","T","M","M","R","?","E"],"items_purchased_type":["Relic","Relic","Card","Card","Card"],"build_version":"2020-12-22","purchased_purges":0,"victory":false,"max_hp_per_floor":[72,72,72,72,72,72,72,72,72,72,72,72,72,72,72],"card_choices":[{"not_picked":["PathToVictory","SandsOfTime"],"picked":"Consecrate","floor":1.0},{"not_picked":["Collect","Protect"],"picked":"ThirdEye","floor":2.0},{"not_picked":["Protect","BowlingBash"],"picked":"Crescendo","floor":4.0},{"not_picked":["WaveOfTheHand","Study"],"picked":"Fasting2","floor":7.0},{"not_picked":["JustLucky","Crescendo"],"picked":"FollowUp","floor":8.0},{"not_picked":["Study","ClearTheMind"],"picked":"Conclude","floor":10.0},{"not_picked":["Meditate","CutThroughFate"],"picked":"ThirdEye","floor":11.0}],"player_experience":590969,"relics_obtained":[{"floor":7.0,"key":"Turnip"},{"floor":9.0,"key":"Matryoshka"}],"event_choices":[{"damage_healed":0.0,"max_hp_gain":0.0,"max_hp_loss":0.0,"gold_gain":0.0,"event_name":"Lab","player_choice":"Got Potions","floor":3.0,"gold_loss":0.0,"damage_taken":0.0},{"damage_healed":18.0,"max_hp_gain":0.0,"max_hp_loss":0.0,"gold_gain":0.0,"event_name":"The Cleric","player_choice":"Healed","floor":5.0,"gold_loss":35.0,"damage_taken":0.0},{"damage_healed":0.0,"max_hp_gain":0.0,"max_hp_loss":0.0,"gold_gain":175.0,"event_name":"Liars Game","player_choice":"AGREE","floor":13.0,"gold_loss":0.0,"damage_taken":0.0,"cards_obtained":["Doubt"]}],"is_beta":false,"boss_relics":[],"items_purged_floors":[],"is_endless":false,"potions_floor_spawned":[7,8],"killed_by":"Gremlin Nob","ascension_level":6}}