{"host":"lnfs5t5iydkm2lft","time":1614019448,"event":{"mods":["AchievementEnabler","Aspiration","BaseMod","Better Third Choice","BetterRewards","Colored Powertips","Downfall","Hermit","Hubris","Infinite Spire","Marisa????????","Minty Spire (QoL Compilation)","Quick Restart","Reliquary","Replay The Spire","StSLib","The Runesmith","TheBandit","everything is the same but u backflip on backflip"],"gold_per_floor":[111,11,11,21,35,70,70,35,113,125,143,161,171,220,220,322,322,338,353,353,353,353],"floor_reached":21,"language":"ENG","playtime":840,"items_purged":["PropBag+1","Strike_R"],"score":379,"play_id":"fb0d73cf-be5d-49d2-9153-c6986b9e5110","local_time":"20210222124408","is_ascension_mode":true,"campfire_choices":[{"floor":7,"key":"DIG"},{"floor":15,"key":"DIG"}],"circlet_count":0,"master_deck":["PropBag+1","Defend_R","Defend_R","Defend_R","Defend_R","Bash","Cleave","Inflame","Cleave","Rampage","Shrug It Off","Demonic Infusion","Spot Weakness","Exhume","Heavy Blade","Double Tap","Bite","Bite","Bite","Bite","Bite"],"relics":["Burning Blood","Shovel","reliquary:BoilingFlask","hubris:ToyBattleship","hubris:SlimyHat","Runesmith:AutoHammer","Mark of Pain","Ornamental Fan","Gremlin Horn"],"acts_visited":["Exordium","TheCity"],"potions_floor_usage":[5,6,16,18],"damage_taken":[{"damage":1,"enemies":"Cultist","floor":1,"turns":4},{"damage":3,"enemies":"2 Louse","floor":4,"turns":2},{"damage":7,"enemies":"Jaw Worm","floor":5,"turns":4},{"damage":32,"enemies":"Gremlin Nob","floor":6,"turns":4},{"damage":19,"enemies":"Exordium Wildlife","floor":10,"turns":3},{"damage":10,"enemies":"3 Louse","floor":11,"turns":2},{"damage":21,"enemies":"Large Slime","floor":12,"turns":5},{"damage":5,"enemies":"Red Slaver","floor":13,"turns":4},{"damage":34,"enemies":"Hexaghost","floor":16,"turns":8},{"damage":18,"enemies":"Chosen","floor":18,"turns":6},{"damage":28,"enemies":"Spheric Guardian","floor":19,"turns":6},{"damage":19,"enemies":"Chosen and Byrds","floor":21,"turns":6}],"seed_played":"-6906679130758424275","potions_obtained":[{"floor":1,"key":"Toxic Potion"},{"floor":5,"key":"DuplicationPotion"},{"floor":12,"key":"Block Potion"},{"floor":16,"key":"DuplicationPotion"}],"is_trial":false,"path_per_floor":["M","$","?","M","M","E","R","?","T","M","M","M","M","T","R","B",null,"M","M","?","M"],"character_chosen":"IRONCLAD","items_purchased":["Cleave"],"campfire_rested":0,"item_purchase_floors":[0],"current_hp_per_floor":[80,80,80,80,79,53,53,73,73,60,56,41,54,54,54,26,67,55,33,33,24,24],"gold":353,"neow_bonus":"","is_daily":false,"chose_seed":false,"campfire_upgraded":0,"win_rate":0.0,"timestamp":1614019448,"path_taken":["M","$","?","M","?","E","R","?","T","M","M","M","M","?","R","BOSS","M","M","?","M"],"items_purchased_type":["Card"],"build_version":"2020-12-22","purchased_purges":2,"victory":false,"max_hp_per_floor":[80,80,80,80,80,80,80,80,80,80,80,80,80,80,80,80,80,80,80,56,56,56],"card_choices":[{"not_picked":["Wild Strike","Armaments","Rage"],"picked":"SKIP","floor":1},{"not_picked":["Armaments","ReplayTheSpireMod:Stacked"],"picked":"Cleave","floor":4},{"not_picked":["Sword Boomerang","Massacre","Bloodletting"],"picked":"SKIP","floor":5},{"not_picked":["Flex","Headbutt"],"picked":"Rampage","floor":6},{"not_picked":["hubris:ReadiedAction","Run Through"],"picked":"Shrug It Off","floor":10},{"not_picked":["True Grit","Second Wind","Sword Boomerang"],"picked":"SKIP","floor":11},{"not_picked":["Battle Trance","Pommel Strike"],"picked":"Demonic Infusion","floor":12},{"not_picked":["Fire Breathing","Anger"],"picked":"Spot Weakness","floor":13},{"not_picked":["Eclipse","Bludgeon"],"picked":"Exhume","floor":16},{"not_picked":["Headbutt","Pommel Strike"],"picked":"Heavy Blade","floor":18},{"not_picked":["Anger+1","Twin Strike"],"picked":"Double Tap","floor":19}],"player_experience":429149,"relics_obtained":[{"floor":6,"key":"reliquary:BoilingFlask"},{"floor":7,"key":"hubris:ToyBattleship"},{"floor":14,"key":"hubris:SlimyHat"},{"floor":15,"key":"Runesmith:AutoHammer"}],"event_choices":[{"damage_healed":0,"gold_gain":0,"cards_transformed":["Strike_R"],"player_choice":"Transformed","damage_taken":0,"max_hp_gain":0,"max_hp_loss":0,"event_name":"Transmorgrifier","floor":3,"gold_loss":0,"cards_obtained":["Inflame"]},{"damage_healed":20,"gold_gain":0,"player_choice":"Healed","damage_taken":0,"max_hp_gain":0,"max_hp_loss":0,"event_name":"The Cleric","floor":8,"gold_loss":35},{"damage_healed":0,"gold_gain":0,"player_choice":"Became a vampire","damage_taken":0,"max_hp_gain":0,"max_hp_loss":24,"event_name":"Vampires","floor":20,"gold_loss":0,"cards_obtained":["Bite","Bite","Bite","Bite","Bite"]}],"is_beta":false,"boss_relics":[{"not_picked":["Coffee Dripper","Velvet Choker"],"picked":"Mark of Pain"}],"items_purged_floors":[0,2],"is_endless":false,"potions_floor_spawned":[1,5,12,16],"killed_by":"Chosen and Byrds","ascension_level":5}}