{"host":"en4narc5947t7k9n","time":1614001769,"event":{"mods":["AchievementEnabler","BaseMod","Colored Map","Minty Spire (QoL Compilation)","SuperFastMode"],"gold_per_floor":[118,118,136,153,153,153,183,183,183,14,33,33,72,0,0,0,0],"floor_reached":16,"language":"KOR","playtime":533,"items_purged":[],"score":98,"play_id":"d4ab3627-45e5-41b1-9654-97b1dd73e57c","local_time":"20210222224929","is_ascension_mode":false,"campfire_choices":[{"data":"Deadly Poison","floor":6,"key":"SMITH"},{"floor":15,"key":"RECALL"}],"circlet_count":0,"master_deck":["Strike_G","Strike_G","Strike_G","Strike_G+1","Strike_G","Defend_G","Defend_G","Defend_G","Defend_G","Defend_G","Survivor","Neutralize","Poisoned Stab+1","Backflip","Deadly Poison+1","Unload+1","Jack Of All Trades","Deflect","Acrobatics","Quick Slash"],"relics":["Ring of the Snake","NeowsBlessing","Golden Idol","Membership Card","Meat on the Bone","Whetstone"],"acts_visited":["Exordium"],"potions_floor_usage":[16,16,16],"damage_taken":[{"damage":0,"enemies":"2 Louse","floor":1,"turns":1},{"damage":0,"enemies":"Cultist","floor":3,"turns":1},{"damage":0,"enemies":"Small Slimes","floor":4,"turns":1},{"damage":2,"enemies":"2 Fungi Beasts","floor":11,"turns":2},{"damage":20,"enemies":"Lagavulin","floor":13,"turns":6},{"damage":31,"enemies":"Slime Boss","floor":16,"turns":8}],"seed_played":"-8020673643016586964","potions_obtained":[{"floor":4,"key":"Energy Potion"},{"floor":11,"key":"PowerPotion"},{"floor":13,"key":"GhostInAJar"}],"is_trial":false,"path_per_floor":["M","?","M","M","?","R","?","?","T","$","M","$","E","$","R","B"],"character_chosen":"THE_SILENT","items_purchased":["Membership Card","Deflect","Whetstone"],"campfire_rested":0,"item_purchase_floors":[10,10,14],"current_hp_per_floor":[70,70,70,70,53,53,53,53,53,53,51,51,31,31,31,0,0],"gold":0,"neow_bonus":"THREE_ENEMY_KILL","is_daily":false,"chose_seed":false,"campfire_upgraded":1,"win_rate":0.0,"timestamp":1614001769,"path_taken":["M","?","?","M","?","R","?","?","T","$","?","$","E","$","R","BOSS"],"items_purchased_type":["Relic","Card","Relic"],"build_version":"2020-12-22","purchased_purges":0,"victory":false,"max_hp_per_floor":[70,70,70,70,70,70,70,70,70,70,70,70,70,70,70,70,70],"card_choices":[{"not_picked":["Flying Knee","Deflect"],"picked":"Poisoned Stab","floor":1},{"not_picked":["Quick Slash","Dagger Spray"],"picked":"Backflip","floor":3},{"not_picked":["Prepared","Underhanded Strike"],"picked":"Deadly Poison","floor":4},{"not_picked":["Dagger Throw","Deadly Poison"],"picked":"Acrobatics","floor":11},{"not_picked":["Sucker Punch","Accuracy"],"picked":"Quick Slash","floor":13}],"player_experience":160254,"relics_obtained":[{"floor":13,"key":"Meat on the Bone"}],"event_choices":[{"damage_healed":0,"gold_gain":0,"player_choice":"Upgraded","damage_taken":0,"max_hp_gain":0,"max_hp_loss":0,"event_name":"Upgrade Shrine","floor":2,"gold_loss":0,"cards_upgraded":["Poisoned Stab"]},{"damage_healed":0,"gold_gain":0,"player_choice":"Take Damage","damage_taken":17,"relics_obtained":["Golden Idol"],"max_hp_gain":0,"max_hp_loss":0,"event_name":"Golden Idol","floor":5,"gold_loss":0},{"damage_healed":0,"gold_gain":30,"player_choice":"Searched \u00271\u0027 times","damage_taken":0,"max_hp_gain":0,"max_hp_loss":0,"event_name":"Dead Adventurer","floor":7,"gold_loss":0},{"damage_healed":0,"gold_gain":0,"player_choice":"2 cards matched","damage_taken":0,"max_hp_gain":0,"max_hp_loss":0,"event_name":"Match and Keep!","floor":8,"gold_loss":0,"cards_obtained":["Unload","Jack Of All Trades"]}],"is_beta":false,"boss_relics":[],"items_purged_floors":[],"is_endless":false,"potions_floor_spawned":[4,11,13],"killed_by":"Slime Boss","ascension_level":0}}