{"host":"oz4ht6ec7xzo36kd","time":1614018943,"event":{"mods":["Act Like it!","BaseMod","Friendly Minions","Marisa¡]Ãú«B¡@Å]²z¨F¡^","Minty Spire (QoL Compilation)","Remilia¡]Á¢¦Ì²ú?¡^","StSLib","The Marked","The Servant 0.9.4","WarShipGirlsR/??¤Ö¤kR mod","Youmu¡]»î¾z§¯?¡^"],"gold_per_floor":[109,128,146,215,215,240,6,35,35,0,16,35,35,52,52,129,129,141,141,152,171,191,242,242,253,280,205,205,205,205,224,224,296,296,315,332,257,282,337,367,367,0,0,24,36,68,97,137,149,161,173,185,26,55,55],"floor_reached":56,"language":"ZHT","playtime":2636,"items_purged":["Injury"],"score":2259,"play_id":"7f097c27-98ef-4b73-aa61-c5df420d02b0","local_time":"20210223023543","is_ascension_mode":true,"campfire_choices":[{"floor":13,"key":"RECALL"},{"floor":15,"key":"REST"},{"floor":24,"key":"REST"},{"floor":30,"key":"REST"},{"data":"ScarletSymphony","floor":32,"key":"SMITH"},{"floor":49,"key":"REST"},{"floor":52,"key":"REST"}],"circlet_count":0,"master_deck":["AscendersBane","Strike_RM","Strike_RM","Strike_RM","Defend_RM","Defend_RM","RedMoon+1","ScarletShoot","Ultimatum","ScarletSymphony+1","Stigmanizer","EternalNight+1","ScarletDevil+1","LeisurelyOfLord","BloodRain","VampirishNight","ScarletMeister","MastersStateliness+1","Maim","NightDance","ReincarnationDial","DiffusionOfMisfortune+1","ScarletImprint+1","RedRainbow"],"relics":["ScarletHat","Singing Bowl","War Paint","Dream Catcher","Mummified Hand","Busted Crown","Ginger","Fusion Hammer","Ice Cream","Thread and Needle","White Beast Statue","Red Mask","MawBank","StrikeDummy","Pocketwatch","Toolbox","Lizard Tail"],"acts_visited":["Exordium","TheCity","TheBeyond","TheEnding"],"potions_floor_usage":[6,6,16,20,20,22,23,23,25,33,38,44,47,47,50,50,55],"damage_taken":[{"damage":0,"enemies":"Cultist","floor":1,"turns":3},{"damage":0,"enemies":"Small Slimes","floor":2,"turns":2},{"damage":9,"enemies":"Jaw Worm","floor":3,"turns":2},{"damage":11,"enemies":"3 Sentries","floor":6,"turns":6},{"damage":18,"enemies":"Lagavulin","floor":8,"turns":5},{"damage":4,"enemies":"3 Louse","floor":11,"turns":2},{"damage":5,"enemies":"Red Slaver","floor":12,"turns":5},{"damage":76,"enemies":"Exordium Wildlife","floor":14,"turns":7},{"damage":21,"enemies":"Hexaghost","floor":16,"turns":9},{"damage":20,"enemies":"2 Thieves","floor":18,"turns":3},{"damage":8,"enemies":"Chosen","floor":20,"turns":2},{"damage":46,"enemies":"Shelled Parasite and Fungi","floor":21,"turns":4},{"damage":20,"enemies":"Snake Plant","floor":22,"turns":3},{"damage":22,"enemies":"Book of Stabbing","floor":23,"turns":3},{"damage":22,"enemies":"Chosen and Byrds","floor":25,"turns":4},{"damage":10,"enemies":"Centurion and Healer","floor":31,"turns":2},{"damage":16,"enemies":"Champ","floor":33,"turns":7},{"damage":6,"enemies":"3 Darklings","floor":35,"turns":2},{"damage":16,"enemies":"Orb Walker","floor":36,"turns":3},{"damage":13,"enemies":"Mind Bloom Boss Battle","floor":38,"turns":5},{"damage":21,"enemies":"2 Orb Walkers","floor":39,"turns":3},{"damage":107,"enemies":"Nemesis","floor":40,"turns":7},{"damage":7,"enemies":"Jaw Worm Horde","floor":44,"turns":3},{"damage":7,"enemies":"Spire Growth","floor":46,"turns":3},{"damage":0,"enemies":"Sphere and 2 Shapes","floor":47,"turns":2},{"damage":9,"enemies":"Giant Head","floor":48,"turns":4},{"damage":45,"enemies":"Awakened One","floor":50,"turns":6},{"damage":48,"enemies":"Shield and Spear","floor":54,"turns":3},{"damage":212,"enemies":"The Heart","floor":55,"turns":10}],"seed_played":"8569662663782524994","potions_obtained":[{"floor":1,"key":"Regen Potion"},{"floor":3,"key":"AttackPotion"},{"floor":11,"key":"SpeedPotion"},{"floor":12,"key":"Block Potion"},{"floor":19,"key":"Ancient Potion"},{"floor":19,"key":"EntropicBrew"},{"floor":22,"key":"Fire Potion"},{"floor":23,"key":"GamblersBrew"},{"floor":25,"key":"EntropicBrew"},{"floor":35,"key":"LiquidBronze"},{"floor":44,"key":"Explosive Potion"},{"floor":46,"key":"GamblersBrew"},{"floor":47,"key":"Strength Potion"},{"floor":48,"key":"BlessingOfTheForge"},{"floor":54,"key":"Ancient Potion"}],"is_trial":false,"path_per_floor":["M","M","M","T","?","E","$","E","T","?","M","M","R","M","R","B",null,"M","?","M","M","M","E","R","M","T","?","?","?","R","M","R","B",null,"M","M","$","?","?","E","?","?","T","M","T","M","M","E","R","B",null,"R","$","E","B",null],"character_chosen":"REMILIA","items_purchased":["LeisurelyOfLord","BloodRain","Toolbox"],"campfire_rested":5,"item_purchase_floors":[7,7,53],"current_hp_per_floor":[63,63,57,57,22,31,31,15,15,31,29,29,29,6,29,26,61,53,53,58,26,18,6,33,23,23,23,23,23,51,52,52,54,85,92,84,84,96,93,58,58,58,58,66,66,76,81,105,105,89,101,107,107,83,10],"gold":55,"neow_bonus":"TRANSFORM_TWO_CARDS","is_daily":false,"chose_seed":false,"campfire_upgraded":1,"win_rate":0.0,"timestamp":1614018943,"path_taken":["M","M","M","?","?","E","$","E","T","?","?","M","R","M","R","BOSS","M","?","M","?","M","E","R","M","T","?","?","?","R","M","R","BOSS","M","?","$","?","?","E","?","?","T","M","?","M","?","E","R","BOSS","R","$","E","BOSS"],"items_purchased_type":["Card","Card","Relic"],"build_version":"2020-12-22","purchased_purges":1,"victory":true,"max_hp_per_floor":[63,63,63,63,63,65,65,67,67,67,69,71,71,71,73,73,73,75,75,77,79,83,85,87,89,89,89,89,89,91,93,93,95,95,97,97,97,99,99,101,101,101,101,103,103,103,105,105,105,105,105,107,107,109,109],"card_choices":[{"not_picked":["LeisurelyOfLord","SuperhumanBloodyKnife"],"picked":"ScarletSymphony","floor":1},{"not_picked":["DiffusionOfMisfortune","ChainGang"],"picked":"Stigmanizer","floor":1},{"not_picked":["BloodyMagicSquare","ScarletImprint"],"picked":"EternalNight","floor":2},{"not_picked":["ScarletImprint","EternalNight"],"picked":"ScarletDevil","floor":3},{"not_picked":["ScarletDevil","UnstableMagic","ScarletGensokyo"],"picked":"Singing Bowl","floor":6},{"not_picked":["CurseOfVladTepes","EquivalentExchange","UnderTheZenith"],"picked":"Singing Bowl","floor":8},{"not_picked":["DiffusionOfMisfortune","RedRainbow","EndlessAdversity"],"picked":"Singing Bowl","floor":11},{"not_picked":["NightDance","UnstableMagic","DevilSight"],"picked":"Singing Bowl","floor":12},{"not_picked":["VampireClaw","Stigmanizer"],"picked":"VampirishNight","floor":14},{"not_picked":["RedRainbow","DiffusionOfMisfortune","BlasphemousPunishment"],"picked":"Singing Bowl","floor":15},{"not_picked":["ScarletCoffin","CurseOfVladTepes"],"picked":"ScarletMeister","floor":16},{"not_picked":["ScarletGensokyo"],"picked":"Singing Bowl","floor":18},{"not_picked":["RedMagic"],"picked":"Singing Bowl","floor":20},{"not_picked":["ForbiddenFruit"],"picked":"Singing Bowl","floor":21},{"not_picked":["Stigmanizer"],"picked":"Singing Bowl","floor":22},{"not_picked":["Ultimatum"],"picked":"Singing Bowl","floor":22},{"not_picked":[],"picked":"MastersStateliness+1","floor":23},{"not_picked":["EternalNight"],"picked":"Singing Bowl","floor":23},{"not_picked":["NightDance"],"picked":"Singing Bowl","floor":24},{"not_picked":["DiffusionOfMisfortune"],"picked":"Singing Bowl","floor":25},{"not_picked":["DiffusionOfMisfortune"],"picked":"Singing Bowl","floor":30},{"not_picked":["EndlessAdversity"],"picked":"Singing Bowl","floor":31},{"not_picked":["HellCatastrophe"],"picked":"Singing Bowl","floor":33},{"not_picked":["MillenniumVampire"],"picked":"Singing Bowl","floor":35},{"not_picked":[],"picked":"Maim","floor":36},{"not_picked":[],"picked":"NightDance","floor":36},{"not_picked":["Maim"],"picked":"Singing Bowl","floor":38},{"not_picked":[],"picked":"ReincarnationDial","floor":39},{"not_picked":["ScarletDevilSign"],"picked":"Singing Bowl","floor":40},{"not_picked":["VampireClaw"],"picked":"Singing Bowl","floor":44},{"not_picked":[],"picked":"DiffusionOfMisfortune+1","floor":46},{"not_picked":["BadLadyScramble"],"picked":"Singing Bowl","floor":47},{"not_picked":[],"picked":"ScarletImprint+1","floor":48},{"not_picked":[],"picked":"RedRainbow","floor":49},{"not_picked":["ScarletImprint"],"picked":"Singing Bowl","floor":52},{"not_picked":["Ultimatum"],"picked":"Singing Bowl","floor":54}],"player_experience":432040,"relics_obtained":[{"floor":4,"key":"Singing Bowl"},{"floor":6,"key":"Dream Catcher"},{"floor":9,"key":"Mummified Hand"},{"floor":23,"key":"Ginger"},{"floor":38,"key":"Ice Cream"},{"floor":39,"key":"Thread and Needle"},{"floor":40,"key":"White Beast Statue"},{"floor":43,"key":"MawBank"},{"floor":45,"key":"StrikeDummy"},{"floor":48,"key":"Pocketwatch"},{"floor":54,"key":"Lizard Tail"}],"event_choices":[{"damage_healed":0,"gold_gain":0,"player_choice":"Success","damage_taken":35,"relics_obtained":["War Paint"],"max_hp_gain":0,"max_hp_loss":0,"event_name":"Scrap Ooze","floor":5,"gold_loss":0},{"damage_healed":16,"gold_gain":0,"player_choice":"Healed","damage_taken":0,"max_hp_gain":0,"max_hp_loss":0,"event_name":"The Cleric","floor":10,"gold_loss":35},{"damage_healed":0,"gold_gain":0,"player_choice":"Got Potions","damage_taken":0,"max_hp_gain":0,"max_hp_loss":0,"event_name":"Lab","floor":19,"gold_loss":0},{"cards_removed":["ScarletDevilSign"],"damage_healed":0,"gold_gain":0,"player_choice":"Gave Gold","damage_taken":0,"max_hp_gain":0,"max_hp_loss":0,"event_name":"Beggar","floor":27,"gold_loss":75},{"damage_healed":0,"gold_gain":0,"player_choice":"Smashed Altar","damage_taken":0,"max_hp_gain":0,"max_hp_loss":0,"event_name":"Forgotten Altar","floor":28,"gold_loss":0,"cards_obtained":["Decay"]},{"damage_healed":0,"gold_gain":0,"cards_transformed":["Decay"],"player_choice":"Transformed","damage_taken":0,"max_hp_gain":0,"max_hp_loss":0,"event_name":"Transmorgrifier","floor":29,"gold_loss":0,"cards_obtained":["Injury"]},{"damage_healed":0,"gold_gain":0,"player_choice":"Fight","damage_taken":0,"max_hp_gain":0,"max_hp_loss":0,"event_name":"MindBloom","floor":38,"gold_loss":0},{"damage_healed":0,"gold_gain":0,"player_choice":"Fight","damage_taken":0,"max_hp_gain":0,"max_hp_loss":0,"event_name":"Mysterious Sphere","floor":39,"gold_loss":0},{"cards_removed":["Strike_RM"],"damage_healed":0,"gold_gain":0,"player_choice":"Removed Attack","damage_taken":0,"max_hp_gain":0,"max_hp_loss":0,"event_name":"Falling","floor":41,"gold_loss":0},{"damage_healed":0,"gold_gain":0,"player_choice":"Paid","damage_taken":0,"relics_obtained":["Red Mask"],"max_hp_gain":0,"max_hp_loss":0,"event_name":"Tomb of Lord Red Mask","floor":42,"gold_loss":367}],"is_beta":false,"boss_relics":[{"not_picked":["Runic Dome","Velvet Choker"],"picked":"Busted Crown"},{"not_picked":["Sozu","Astrolabe"],"picked":"Fusion Hammer"}],"items_purged_floors":[37],"is_endless":false,"potions_floor_spawned":[1,3,11,12,21,22,25,35,44,46,47,48,54],"ascension_level":18}}