{"host":"kzfpatocel9exp3u","time":1614004840,"event":{"mods":["BaseMod","Googly Eyes","Minty Spire (QoL Compilation)","Reliquary","StSLib","TestMod","[IsaacMod]以撒尖塔"],"gold_per_floor":[113,113,113,127,145,170,190,190,236,266,29,61,80,98,98,170,170,189,202,222,257,106,106,136,150,150,166,266,266,281,307,307,385,385,399,799,1021,1021,1021,1053,1066,1078,1156,1167,696,711,727,743,743,743,743,743,57,89,89],"floor_reached":56,"language":"ZHS","playtime":2577,"items_purged":["Strike_G","Strike_G","Strike_G","Defend_G"],"score":2311,"play_id":"0a5c0d27-dacf-4018-b7b0-3863577bfd3c","local_time":"20210222224040","is_ascension_mode":true,"campfire_choices":[{"data":"Neutralize","floor":8.0,"key":"SMITH"},{"data":"Dagger Spray","floor":15.0,"key":"SMITH"},{"data":"Catalyst","floor":23.0,"key":"SMITH"},{"data":"Prepared","floor":29.0,"key":"SMITH"},{"floor":32.0,"key":"REST"},{"floor":49.0,"key":"RECALL"},{"data":"Well Laid Plans","floor":52.0,"key":"SMITH"}],"circlet_count":0,"master_deck":["AscendersBane","Strike_G+1","Strike_G+1","Defend_G","Defend_G","Defend_G","Defend_G","Survivor","Neutralize+1","Acrobatics","Dagger Spray+1","Catalyst+1","Grand Finale","Underhanded Strike+1","Backflip","Bane","Prepared+1","Night Terror","Calculated Gamble","Flash of Steel","testmod-Reflect","Backflip+1","Well Laid Plans+1","Flash of Steel","testmod-BloodBlade"],"relics":["Ring of the Snake","HushsDoor","GuppysHead","testmod-HarvestTotem","NeowsBlessing","testmod-InfectionSource","TheBean","Bronze Scales","Omamori","reliquary:HotPoker","Sozu","GuppysCollar","BelialBook","Red Mask","Centennial Puzzle","testmod-CasingShield","reliquary:NewFriend","SharpPlug","testmod-Fanaticism","Bottled Flame","testmod-Charity","TwistedFunnel","Tough Bandages","testmod-Fortitude"],"acts_visited":["Exordium","TheCity","TheBeyond","TheEnding"],"potions_floor_usage":[],"damage_taken":[{"damage":0.0,"enemies":"2 Louse","floor":1.0,"turns":1.0},{"damage":0.0,"enemies":"Small Slimes","floor":4.0,"turns":1.0},{"damage":0.0,"enemies":"Cultist","floor":5.0,"turns":1.0},{"damage":6.0,"enemies":"Gremlin Nob","floor":6.0,"turns":3.0},{"damage":6.0,"enemies":"Looter","floor":7.0,"turns":3.0},{"damage":10.0,"enemies":"3 Sentries","floor":10.0,"turns":5.0},{"damage":6.0,"enemies":"Gremlin Nob","floor":12.0,"turns":3.0},{"damage":0.0,"enemies":"2 Fungi Beasts","floor":13.0,"turns":2.0},{"damage":6.0,"enemies":"Lots of Slimes","floor":14.0,"turns":2.0},{"damage":0.0,"enemies":"Hexaghost","floor":16.0,"turns":8.0},{"damage":7.0,"enemies":"2 Thieves","floor":18.0,"turns":4.0},{"damage":2.0,"enemies":"Shell Parasite","floor":19.0,"turns":2.0},{"damage":5.0,"enemies":"3 Cultists","floor":20.0,"turns":3.0},{"damage":16.0,"enemies":"Masked Bandits","floor":21.0,"turns":3.0},{"damage":15.0,"enemies":"Slavers","floor":24.0,"turns":3.0},{"damage":0.0,"enemies":"Chosen and Byrds","floor":25.0,"turns":3.0},{"damage":6.0,"enemies":"Centurion and Healer","floor":27.0,"turns":2.0},{"damage":14.0,"enemies":"Colosseum Slavers","floor":28.0,"turns":2.0},{"damage":0.0,"enemies":"Colosseum Nobs","floor":28.0,"turns":3.0},{"damage":0.0,"enemies":"3 Cultists","floor":30.0,"turns":3.0},{"damage":10.0,"enemies":"Book of Stabbing","floor":31.0,"turns":3.0},{"damage":17.0,"enemies":"Automaton","floor":33.0,"turns":5.0},{"damage":3.0,"enemies":"Orb Walker","floor":35.0,"turns":2.0},{"damage":27.0,"enemies":"Nemesis","floor":40.0,"turns":4.0},{"damage":22.0,"enemies":"3 Shapes","floor":41.0,"turns":4.0},{"damage":40.0,"enemies":"Jaw Worm Horde","floor":42.0,"turns":2.0},{"damage":0.0,"enemies":"Spire Growth","floor":44.0,"turns":2.0},{"damage":0.0,"enemies":"Maw","floor":46.0,"turns":2.0},{"damage":46.0,"enemies":"4 Shapes","floor":47.0,"turns":4.0},{"damage":0.0,"enemies":"Transient","floor":48.0,"turns":4.0},{"damage":127.0,"enemies":"Awakened One","floor":50.0,"turns":6.0},{"damage":119.0,"enemies":"Shield and Spear","floor":54.0,"turns":4.0},{"damage":193,"enemies":"LittleHush","floor":55,"turns":9}],"seed_played":"122615401336070838","potions_obtained":[{"floor":4.0,"key":"EssenceOfSteel"},{"floor":5.0,"key":"SneckoOil"},{"floor":12.0,"key":"LiquidMemories"},{"floor":16.0,"key":"DistilledChaos"}],"is_trial":false,"path_per_floor":["M","?","?","M","M","E","M","R","T","E","$","E","M","M","R","B",null,"M","M","M","?","$","R","E","M","T","M","?","R","M","E","R","B",null,"M","?","?","?","?","E","M","M","T","M","$","M","M","M","R","B",null,"R","$","E","B",null],"character_chosen":"THE_SILENT","items_purchased":["Omamori","GuppysCollar","Catalyst","Grand Finale","BelialBook","Backflip","testmod-Charity","Well Laid Plans","Flash of Steel","TwistedFunnel","testmod-BloodBlade","Tough Bandages"],"campfire_rested":1,"item_purchase_floors":[11,17,17,17,17,22,45,45,45,53,53,53],"current_hp_per_floor":[125,85,70,70,70,64,58,58,58,48,48,42,42,36,36,36,97,90,88,83,67,67,67,52,52,52,46,32,32,32,22,80,63,97,97,97,97,87,87,64,97,97,97,97,97,99,101,103,103,103,103,103,103,105,105],"gold":89,"neow_bonus":"THREE_ENEMY_KILL","is_daily":false,"chose_seed":false,"campfire_upgraded":5,"win_rate":0.0,"timestamp":1614004840,"path_taken":["M","?","?","M","?","E","M","R","T","E","$","E","M","M","R","BOSS","M","M","?","?","?","R","E","M","T","M","?","R","M","E","R","BOSS","M","?","?","?","?","E","M","M","T","M","$","M","?","M","R","BOSS","R","$","E","BOSS"],"items_purchased_type":["Relic","Relic","Card","Card","Relic","Card","Relic","Card","Card","Relic","Card","Relic"],"build_version":"2020-12-22","purchased_purges":4,"victory":true,"max_hp_per_floor":[132,132,132,132,132,132,132,132,132,132,132,132,132,132,132,132,97,97,97,97,97,97,97,97,97,97,97,97,97,97,97,97,97,97,97,97,97,97,97,97,97,97,97,97,97,99,101,103,103,103,103,103,103,105,105],"card_choices":[{"not_picked":["Backflip","PiercingWail","Deadly Poison"],"picked":"SKIP","floor":1.0},{"not_picked":["Outmaneuver","Accuracy"],"picked":"Bomb","floor":4.0},{"not_picked":["PiercingWail","Deflect"],"picked":"Acrobatics","floor":5.0},{"not_picked":["PiercingWail","Blur","Sucker Punch"],"picked":"SKIP","floor":6.0},{"not_picked":["Flying Knee","Quick Slash"],"picked":"Dagger Spray","floor":7.0},{"not_picked":["Quick Slash","Escape Plan"],"picked":"Bomb","floor":10.0},{"not_picked":["Bouncing Flask","Riddle With Holes","Poisoned Stab"],"picked":"SKIP","floor":12.0},{"not_picked":["Flying Knee","Bouncing Flask","Well Laid Plans"],"picked":"SKIP","floor":13.0},{"not_picked":["Deflect","Cloak And Dagger","Terror"],"picked":"SKIP","floor":14.0},{"not_picked":["Riddle With Holes","Quick Slash","Dodge and Roll"],"picked":"SKIP","floor":18.0},{"not_picked":["Skewer","Poisoned Stab"],"picked":"Underhanded Strike+1","floor":19.0},{"not_picked":["Setup","Noxious Fumes+1","Dagger Spray"],"picked":"SKIP","floor":20.0},{"not_picked":["Dodge and Roll","PiercingWail","Predator"],"picked":"SKIP","floor":24.0},{"not_picked":["Bane","Dagger Spray","Poisoned Stab"],"picked":"SKIP","floor":25.0},{"not_picked":["Dagger Spray","Poisoned Stab"],"picked":"Bane","floor":25.0},{"not_picked":["Cloak And Dagger","Deadly Poison","Die Die Die"],"picked":"SKIP","floor":27.0},{"not_picked":["Bane","Eviscerate+1"],"picked":"Prepared","floor":28.0},{"not_picked":["Quick Slash","Leg Sweep","Dash"],"picked":"SKIP","floor":30.0},{"not_picked":["Dagger Spray","Dash","Deflect"],"picked":"SKIP","floor":31.0},{"not_picked":["Glass Knife","After Image"],"picked":"Night Terror","floor":33.0},{"not_picked":["Acrobatics","Sucker Punch+1"],"picked":"Calculated Gamble","floor":35.0},{"not_picked":["testmod-Librarian","Panacea"],"picked":"Flash of Steel","floor":38.0},{"not_picked":["Secret Technique","Bandage Up"],"picked":"testmod-Reflect","floor":38.0},{"not_picked":["Crippling Poison","Prepared","PiercingWail+1"],"picked":"SKIP","floor":40.0},{"not_picked":["Acrobatics","Blade Dance"],"picked":"Backflip+1","floor":41.0},{"not_picked":["Sucker Punch","Prepared","Quick Slash+1"],"picked":"SKIP","floor":42.0},{"not_picked":["Sucker Punch","Acrobatics","Backflip+1"],"picked":"SKIP","floor":44.0},{"not_picked":["Eviscerate","PiercingWail","Heel Hook"],"picked":"SKIP","floor":46.0},{"not_picked":["Acrobatics","Setup","PiercingWail+1"],"picked":"SKIP","floor":47.0},{"not_picked":["Backflip+1","Dagger Throw","Endless Agony"],"picked":"SKIP","floor":48.0},{"not_picked":["Deflect+1","Night Terror","Eviscerate+1"],"picked":"SKIP","floor":54.0}],"player_experience":1319278,"relics_obtained":[{"floor":6.0,"key":"testmod-InfectionSource"},{"floor":9.0,"key":"TheBean"},{"floor":10.0,"key":"Bronze Scales"},{"floor":12.0,"key":"reliquary:HotPoker"},{"floor":21.0,"key":"Red Mask"},{"floor":26.0,"key":"Centennial Puzzle"},{"floor":28.0,"key":"testmod-CasingShield"},{"floor":28.0,"key":"reliquary:NewFriend"},{"floor":31.0,"key":"SharpPlug"},{"floor":40.0,"key":"Bottled Flame"},{"floor":54.0,"key":"testmod-Fortitude"}],"event_choices":[{"damage_healed":0.0,"max_hp_gain":0.0,"max_hp_loss":0.0,"gold_gain":0.0,"event_name":"Shining Light","player_choice":"Entered Light","floor":2.0,"gold_loss":0.0,"damage_taken":40.0,"cards_upgraded":["Strike_G","Strike_G"]},{"damage_healed":0.0,"max_hp_gain":0.0,"max_hp_loss":0.0,"gold_gain":0.0,"event_name":"Masked Bandits","player_choice":"Fought Bandits","floor":21.0,"gold_loss":0.0,"damage_taken":0.0},{"damage_healed":0.0,"max_hp_gain":0.0,"max_hp_loss":0.0,"gold_gain":0.0,"event_name":"Colosseum","player_choice":"Fight","floor":28.0,"gold_loss":0.0,"damage_taken":0.0},{"damage_healed":0.0,"max_hp_gain":0.0,"max_hp_loss":0.0,"gold_gain":0.0,"event_name":"Colosseum","player_choice":"Fought Nobs","floor":28.0,"gold_loss":0.0,"damage_taken":0.0},{"damage_healed":0.0,"max_hp_gain":0.0,"max_hp_loss":0.0,"gold_gain":400.0,"event_name":"恩洛斯的盘子","player_choice":"Sell","floor":36.0,"relics_lost":["testmod-TestBox"],"gold_loss":0.0,"damage_taken":0.0},{"damage_healed":0.0,"max_hp_gain":0.0,"max_hp_loss":0.0,"gold_gain":222.0,"event_name":"Tomb of Lord Red Mask","player_choice":"Wore Mask","floor":37.0,"gold_loss":0.0,"damage_taken":0.0},{"damage_healed":0.0,"max_hp_gain":0.0,"max_hp_loss":0.0,"gold_gain":0.0,"event_name":"SensoryStone","player_choice":"Memory 3","floor":38.0,"gold_loss":0.0,"damage_taken":10.0},{"damage_healed":0.0,"max_hp_gain":0.0,"max_hp_loss":0.0,"gold_gain":0.0,"event_name":"给自己的盒子","player_choice":"Swap Relic","floor":39.0,"relics_lost":["testmod-TestBox"],"gold_loss":0.0,"damage_taken":0.0,"relics_obtained":["testmod-TestBox"]}],"is_beta":false,"boss_relics":[{"not_picked":["Tiny House","HoveringKite"],"picked":"Sozu"},{"not_picked":[]},{"not_picked":["Ring of the Serpent","testmod-Recursion"],"picked":"testmod-Fanaticism"},{"not_picked":[]}],"items_purged_floors":[11,17,22,45],"is_endless":false,"potions_floor_spawned":[4,5,12,16,19,21,27,28,30,33,40,41,44,48],"ascension_level":19}}