{"host":"8is2j71l4wmybkoi","time":1614006612,"event":{"mods":["AchievementEnabler","BaseMod","Colored Map","DeckTracker","Minty Spire (QoL Compilation)","Rare Cards Sparkle","Relic Stats","StSLib","SuperFastMode"],"gold_per_floor":[115,92,92,92,12,39,39,69,69,24,49,60,79,134,134,210,210,229,247,247,247,259,259,291,291,315,315,315],"floor_reached":27,"language":"KOR","playtime":781,"items_purged":[],"score":607,"play_id":"314a267a-32ed-404e-aa71-c867ec3abbcd","local_time":"20210223001012","is_ascension_mode":true,"campfire_choices":[{"data":"Creative AI","floor":15,"key":"SMITH"},{"data":"Heatsinks","floor":23,"key":"SMITH"},{"floor":25,"key":"REST"}],"circlet_count":0,"master_deck":["AscendersBane","Strike_B","Strike_B","Defend_B","Defend_B","Defend_B","Zap","Dualcast","Genetic Algorithm","Beam Cell","Rip and Tear","Electrodynamics","Ball Lightning","Creative AI+1","Conserve Battery","Undo","Turbo","Core Surge","Heatsinks+1","Compile Driver","Rip and Tear","Leap","Defragment"],"relics":["Cracked Core","NeowsBlessing","Turnip","MealTicket","Mercury Hourglass","Vajra","Oddly Smooth Stone","Nuclear Battery","Bottled Tornado","DataDisk"],"acts_visited":["Exordium","TheCity"],"potions_floor_usage":[11,11,16,18,27,27,27,27],"damage_taken":[{"damage":0,"enemies":"Cultist","floor":1,"turns":1},{"damage":0,"enemies":"Gremlin Nob","floor":6,"turns":1},{"damage":0,"enemies":"3 Sentries","floor":8,"turns":1},{"damage":18,"enemies":"Lagavulin","floor":11,"turns":6},{"damage":7,"enemies":"Jaw Worm","floor":12,"turns":2},{"damage":0,"enemies":"Small Slimes","floor":13,"turns":2},{"damage":10,"enemies":"3 Sentries","floor":14,"turns":3},{"damage":0,"enemies":"Slime Boss","floor":16,"turns":6},{"damage":2,"enemies":"Shell Parasite","floor":18,"turns":4},{"damage":5,"enemies":"Spheric Guardian","floor":19,"turns":3},{"damage":4,"enemies":"Centurion and Healer","floor":22,"turns":5},{"damage":30,"enemies":"Gremlin Leader","floor":24,"turns":5},{"damage":48,"enemies":"Slavers","floor":27,"turns":2}],"seed_played":"6054239773171773711","potions_obtained":[{"floor":1,"key":"CultistPotion"},{"floor":6,"key":"Block Potion"},{"floor":11,"key":"PowerPotion"},{"floor":14,"key":"Energy Potion"},{"floor":16,"key":"Swift Potion"},{"floor":19,"key":"EntropicBrew"}],"is_trial":false,"path_per_floor":["M","$","?","?","$","E","?","E","T","$","E","M","M","?","R","B",null,"M","M","?","?","M","R","E","R","T","E"],"character_chosen":"DEFECT","items_purchased":["Beam Cell","Rip and Tear","Ball Lightning"],"campfire_rested":1,"item_purchase_floors":[2,5,10],"current_hp_per_floor":[64,64,64,69,69,69,69,69,69,76,58,51,51,41,41,41,67,65,60,60,60,56,56,26,48,48,0,0],"gold":315,"neow_bonus":"THREE_ENEMY_KILL","is_daily":false,"chose_seed":false,"campfire_upgraded":2,"win_rate":0.0,"timestamp":1614006612,"path_taken":["M","$","?","?","$","E","?","E","T","?","E","M","M","?","R","BOSS","M","M","?","?","M","R","E","R","T","E"],"items_purchased_type":["Card","Card","Card"],"build_version":"2020-12-22","purchased_purges":0,"victory":false,"max_hp_per_floor":[71,71,71,76,76,76,76,76,76,76,76,76,76,76,76,76,76,76,76,76,76,76,76,76,76,76,76,76],"relic_stats":{"counters":[13,40],"MealTicket":7,"Turnip":[8],"obtain_stats":[{"DataDisk":26,"NeowsBlessing":0,"Vajra":11,"Oddly Smooth Stone":14,"MealTicket":8,"Turnip":6,"Bottled Tornado":24,"Cracked Core":0,"Mercury Hourglass":9,"Nuclear Battery":17},{"DataDisk":12,"NeowsBlessing":0,"Vajra":4,"Oddly Smooth Stone":7,"MealTicket":3,"Turnip":2,"Bottled Tornado":12,"Cracked Core":0,"Mercury Hourglass":3,"Nuclear Battery":8},{"DataDisk":38,"NeowsBlessing":0,"Vajra":9,"Oddly Smooth Stone":16,"MealTicket":3,"Turnip":2,"Bottled Tornado":38,"Cracked Core":0,"Mercury Hourglass":3,"Nuclear Battery":22}],"Mercury Hourglass":[145]},"card_choices":[{"not_picked":["Compile Driver","Barrage"],"picked":"Genetic Algorithm","floor":1},{"not_picked":["Streamline","Steam"],"picked":"Electrodynamics","floor":6},{"not_picked":["Chill","Hologram"],"picked":"Creative AI","floor":11},{"not_picked":["Consume","Hologram"],"picked":"Conserve Battery","floor":12},{"not_picked":["Barrage","Rip and Tear"],"picked":"Undo","floor":13},{"not_picked":["Tempest","Beam Cell"],"picked":"Turbo","floor":14},{"not_picked":["Creative AI","Fission"],"picked":"Core Surge","floor":16},{"not_picked":["Gash","Go for the Eyes"],"picked":"Heatsinks","floor":18},{"not_picked":["Sweeping Beam","Turbo"],"picked":"Compile Driver","floor":19},{"not_picked":["Cold Snap","Gash+1","Redo"],"picked":"SKIP","floor":22},{"not_picked":["Redo","Gash"],"picked":"Defragment","floor":24}],"player_experience":1296798,"relics_obtained":[{"floor":6,"key":"Turnip"},{"floor":8,"key":"MealTicket"},{"floor":9,"key":"Mercury Hourglass"},{"floor":11,"key":"Vajra"},{"floor":14,"key":"Oddly Smooth Stone"},{"floor":24,"key":"Bottled Tornado"},{"floor":26,"key":"DataDisk"}],"event_choices":[{"cards_removed":["Defend_B"],"damage_healed":0,"gold_gain":0,"player_choice":"Forget","damage_taken":0,"max_hp_gain":0,"max_hp_loss":0,"event_name":"Living Wall","floor":3,"gold_loss":0},{"damage_healed":0,"gold_gain":0,"player_choice":"Donut","damage_taken":0,"max_hp_gain":5,"max_hp_loss":0,"event_name":"Big Fish","floor":4,"gold_loss":0},{"damage_healed":0,"gold_gain":0,"player_choice":"Ignored","damage_taken":0,"max_hp_gain":0,"max_hp_loss":0,"event_name":"Liars Game","floor":7,"gold_loss":0},{"damage_healed":0,"gold_gain":0,"player_choice":"Searched \u00271\u0027 times","damage_taken":0,"max_hp_gain":0,"max_hp_loss":0,"event_name":"Dead Adventurer","floor":14,"gold_loss":0},{"damage_healed":0,"gold_gain":0,"cards_transformed":["Strike_B","Strike_B"],"player_choice":"Became Test Subject","damage_taken":0,"max_hp_gain":0,"max_hp_loss":0,"event_name":"Drug Dealer","floor":20,"gold_loss":0,"cards_obtained":["Rip and Tear","Leap"]},{"damage_healed":0,"gold_gain":0,"player_choice":"Ignored","damage_taken":0,"max_hp_gain":0,"max_hp_loss":0,"event_name":"The Mausoleum","floor":21,"gold_loss":0}],"is_beta":false,"boss_relics":[{"not_picked":["Philosopher\u0027s Stone","Calling Bell"],"picked":"Nuclear Battery"}],"items_purged_floors":[],"is_endless":false,"potions_floor_spawned":[1,6,11,14,16,19,22],"killed_by":"Slavers","ascension_level":15}}