{"host":"67g331d0qdac7k8o","time":1614013011,"event":{"mods":["BaseMod","BetterRewards","Colored Map","Colored Powertips","Friendly Minions","Lobotomy","Minty Spire (QoL Compilation)","Replay The Spire","Shop Mod","StSLib","SuperFastMode","The Animator","UnlockEverythingMod"],"gold_per_floor":[110,125,150,183,208,208,227,227,227,227,227,227],"floor_reached":11,"language":"ZHS","playtime":1684,"items_purged":[],"score":65,"play_id":"bea16d0e-9cc9-4829-8949-2466bf39cc63","local_time":"20210223005651","is_ascension_mode":false,"campfire_choices":[{"floor":6,"key":"RECALL"},{"data":"animator:Demiurge","floor":10,"key":"SMITH"}],"circlet_count":0,"master_deck":["animator:Strike_Overlord","animator:Defend_Overlord","animator:Strike","animator:Strike","animator:Strike","animator:Defend","animator:Defend","animator:Defend","animator:Cocytus","animator:Demiurge+1","animator:Konayuki","MeatLantern","animator:UneriGinkaku","CherryBlossoms","animator:YaoHaDucy","animator:HigakiRinne","GalaxyChild","animator:Entoma+1","LittleHelper","animator:Alexander"],"relics":["animator:LivingPicture","animator:TheMissingPiece","CogitoBucket","FossilizedHelix","ReplayFunnel"],"acts_visited":["Exordium"],"potions_floor_usage":[7],"damage_taken":[{"damage":3.0,"enemies":"Cultist","floor":1.0,"turns":5.0},{"damage":0,"enemies":"Jaw Worm","floor":2,"turns":3},{"damage":0,"enemies":"2 Louse","floor":3,"turns":3},{"damage":0,"enemies":"Exordium Wildlife","floor":5,"turns":5},{"damage":0,"enemies":"Lots of Slimes","floor":7,"turns":3},{"damage":67,"enemies":"Gremlin Nob","floor":11,"turns":4}],"seed_played":"8070874658194555026","potions_obtained":[{"floor":5,"key":"Explosive Potion"},{"floor":7,"key":"SpeedPotion"}],"is_trial":false,"path_per_floor":["M","M","M","?","M","R","M","?","T","R","E"],"character_chosen":"THE_ANIMATOR","items_purchased":[],"campfire_rested":0,"item_purchase_floors":[],"current_hp_per_floor":[63,63,63,37,37,37,39,61,61,61,0,0],"gold":227,"neow_bonus":"","is_daily":false,"chose_seed":false,"campfire_upgraded":1,"win_rate":0.0,"timestamp":1614013011,"path_taken":["M","M","M","?","?","R","M","?","T","R","E"],"items_purchased_type":[],"build_version":"2020-12-22","purchased_purges":0,"victory":false,"max_hp_per_floor":[66,66,66,66,66,66,68,68,68,68,68,68],"card_choices":[{"not_picked":["animator:Illya","animator:SakuraMatou"],"picked":"animator:Konayuki","floor":1},{"not_picked":["ShyLook","UniverseFragment"],"picked":"MeatLantern","floor":2},{"not_picked":["animator:Alexander","animator:Assassin"],"picked":"animator:UneriGinkaku","floor":2},{"not_picked":["UniverseFragment","Scorched"],"picked":"CherryBlossoms","floor":3},{"not_picked":["animator:Vesta","animator:Benimaru"],"picked":"animator:YaoHaDucy","floor":3},{"not_picked":["animator:DolaSchwi","animator:TukaLunaMarceau"],"picked":"animator:HigakiRinne","floor":4},{"not_picked":["ShyLook","Laetitia","Porccubus"],"picked":"Singing Bowl","floor":5},{"not_picked":["CrumblingArmor","VoidDream"],"picked":"GalaxyChild","floor":5},{"not_picked":["animator:PandorasActor","animator:NarberalGamma"],"picked":"animator:Entoma","floor":5},{"not_picked":["Murderer","Mercenary"],"picked":"LittleHelper","floor":7},{"not_picked":["animator:Shichika","animator:Benimaru"],"picked":"animator:Alexander","floor":7}],"player_experience":137323,"relics_obtained":[{"floor":4,"key":"FossilizedHelix"},{"floor":9,"key":"ReplayFunnel"}],"event_choices":[{"damage_healed":22,"gold_gain":0,"player_choice":"Banana","damage_taken":0,"max_hp_gain":0,"max_hp_loss":0,"event_name":"Big Fish","floor":8,"gold_loss":0}],"is_beta":false,"boss_relics":[],"items_purged_floors":[],"is_endless":false,"potions_floor_spawned":[5,7],"killed_by":"Gremlin Nob","ascension_level":0}}