{"host":"9poy283te0bas84o","time":1614024775,"event":{"mods":["BaseMod","Downfall","GifTheSpireLib","HexUI Lib","Hubris","Infinite Spire","Minty Spire (QoL Compilation)","Replay The Spire","StSLib","The Disciple"],"gold_per_floor":[114,114,129,0,0,0,30,30,30,58,58,58,78,88,160,260,260,277,289,307,19,19,19,19],"floor_reached":23,"language":"ENG","playtime":1072,"items_purged":["Strike_B"],"score":280,"play_id":"4338fe3e-ff93-4179-87f4-ec16c64b91b8","local_time":"20210222151255","is_ascension_mode":true,"campfire_choices":[{"data":"Go for the Eyes","floor":6,"key":"SMITH"},{"floor":12,"key":"REST"}],"circlet_count":0,"master_deck":["Strike_B+1","Strike_B+1","Defend_B+1","Defend_B+1","Zap","Dualcast","Go for the Eyes+1","Ball Lightning","Core Surge+1","BootSequence","Conserve Battery","FTL","ReplayRNGCard","ReplayTheSpireMod:Faulty Equipment","hubris:Despair","Storm","Auto Shields","Ball Lightning+1"],"relics":["Cracked Core","NeowsBlessing","War Paint","infinitespire:PuzzleCube","Turnip","Vajra","Kintsugi","MealTicket","TheAbacus","Replay:Baseball"],"acts_visited":["Exordium","TheCity"],"potions_floor_usage":[16,19,20,23],"damage_taken":[{"damage":0,"enemies":"Cultist","floor":1,"turns":1},{"damage":0,"enemies":"Jaw Worm","floor":3,"turns":1},{"damage":0,"enemies":"Lagavulin","floor":7,"turns":1},{"damage":18,"enemies":"Gremlin Nob","floor":10,"turns":3},{"damage":0,"enemies":"Small Slimes","floor":13,"turns":2},{"damage":0,"enemies":"Blue Slaver","floor":14,"turns":2},{"damage":24,"enemies":"Slime Boss","floor":16,"turns":9},{"damage":24,"enemies":"2 Thieves","floor":18,"turns":4},{"damage":18,"enemies":"3 Byrds","floor":19,"turns":5},{"damage":14,"enemies":"Shelled Parasite and Fungi","floor":20,"turns":6},{"damage":22,"enemies":"Slavers","floor":23,"turns":1}],"seed_played":"723187917119579147","potions_obtained":[{"floor":3,"key":"sneckomod:MuddlingPotion"},{"floor":7,"key":"ColorlessPotion"},{"floor":10,"key":"bronze:BurnAndBuffPotion"},{"floor":16,"key":"Languid Potion"},{"floor":20,"key":"Fire Potion"}],"is_trial":false,"path_per_floor":["M","T","M","$","?","R","E","?","T","E","?","R","M","M","R","B",null,"M","M","M","$","?","E"],"character_chosen":"DEFECT","items_purchased":["Recycle","MealTicket","TheAbacus"],"campfire_rested":1,"item_purchase_floors":[4,21,21],"current_hp_per_floor":[75,75,75,75,72,72,72,57,57,39,39,61,61,61,61,37,66,42,24,10,10,10,0,0],"gold":19,"neow_bonus":"THREE_ENEMY_KILL","is_daily":false,"chose_seed":false,"campfire_upgraded":1,"win_rate":0.0,"timestamp":1614024775,"path_taken":["M","?","M","$","?","R","E","?","T","E","?","R","?","M","R","BOSS","M","M","M","$","?","E"],"items_purchased_type":["Card","Relic","Relic"],"build_version":"2020-12-22","purchased_purges":1,"victory":false,"max_hp_per_floor":[75,75,75,75,75,75,75,75,75,75,75,75,75,75,75,75,75,75,75,75,75,75,75,75],"card_choices":[{"not_picked":["Stack","Time Bomb"],"picked":"Go for the Eyes","floor":1},{"not_picked":["ReplayTheSpireMod:GoodbyeWorld","Redo"],"picked":"Ball Lightning","floor":3},{"not_picked":["Streamline","Compile Driver"],"picked":"Core Surge","floor":7},{"not_picked":["ReplayTheSpireMod:GoodbyeWorld","Ball Lightning"],"picked":"BootSequence","floor":10},{"not_picked":["Doom and Gloom","Self Repair"],"picked":"Conserve Battery","floor":13},{"not_picked":["Streamline","Coolheaded"],"picked":"FTL","floor":14},{"not_picked":["Machine Learning","Rainbow"],"picked":"ReplayRNGCard","floor":16},{"not_picked":["Redo","Steam Power"],"picked":"Storm","floor":18},{"not_picked":["Darkness","Scrape+1"],"picked":"Auto Shields","floor":19},{"not_picked":["Darkness","Conserve Battery"],"picked":"Ball Lightning+1","floor":20}],"player_experience":879290,"relics_obtained":[{"floor":7,"key":"infinitespire:PuzzleCube"},{"floor":9,"key":"Turnip"},{"floor":10,"key":"Vajra"}],"event_choices":[{"damage_healed":0,"gold_gain":0,"player_choice":"Success","damage_taken":3,"relics_obtained":["War Paint"],"max_hp_gain":0,"max_hp_loss":0,"event_name":"Scrap Ooze","floor":5,"gold_loss":0},{"damage_healed":0,"gold_gain":0,"player_choice":"Entered Light","damage_taken":15,"max_hp_gain":0,"max_hp_loss":0,"event_name":"Shining Light","floor":8,"gold_loss":0,"cards_upgraded":["Strike_B","Strike_B"]},{"damage_healed":0,"gold_gain":0,"player_choice":"Opened","damage_taken":0,"relics_obtained":["Replay:Baseball"],"max_hp_gain":0,"max_hp_loss":0,"event_name":"The Mausoleum","floor":22,"gold_loss":0}],"is_beta":false,"boss_relics":[{"not_picked":["hubris:CrackedHourglass","Black Star"],"picked":"Kintsugi"}],"items_purged_floors":[4],"is_endless":false,"potions_floor_spawned":[3,7,10,16,20],"killed_by":"Slavers","ascension_level":5}}