{"host":"qx22gp6oc7p3276t","time":1614010584,"event":{"mods":["AchievementEnabler","BaseMod","Colored Map","Colored Powertips","Minty Spire (QoL Compilation)","Relic Sorter","StSLib","UnlockEverythingMod"],"gold_per_floor":[117,117,131,16,31,62,62,62,62,94,94,113,113,138,138,138,138],"floor_reached":16,"language":"ENG","playtime":772,"items_purged":["Strike_B"],"score":124,"play_id":"2ac438fa-3a86-4ffe-a70d-7a24954c5b33","local_time":"20210222171624","is_ascension_mode":true,"campfire_choices":[{"data":"Beam Cell","floor":7,"key":"SMITH"},{"data":"Reprogram","floor":11,"key":"SMITH"},{"floor":13,"key":"REST"},{"floor":15,"key":"REST"}],"circlet_count":0,"master_deck":["Strike_B","Strike_B","Defend_B","Defend_B","Defend_B","Defend_B","Zap","Dualcast","Streamline","Beam Cell+1","FTL","Chaos","Coolheaded","Reprogram+1","Leap"],"relics":["Cracked Core","CaptainsWheel","WingedGreaves","Torii","Frozen Egg 2"],"acts_visited":["Exordium"],"potions_floor_usage":[10],"damage_taken":[{"damage":5,"enemies":"Small Slimes","floor":1,"turns":3},{"damage":6,"enemies":"2 Louse","floor":3,"turns":2},{"damage":0,"enemies":"Cultist","floor":5,"turns":3},{"damage":32,"enemies":"Lagavulin","floor":6,"turns":6},{"damage":23,"enemies":"3 Sentries","floor":10,"turns":8},{"damage":1,"enemies":"2 Fungi Beasts","floor":12,"turns":3},{"damage":11,"enemies":"Gremlin Nob","floor":14,"turns":4},{"damage":7,"enemies":"Slime Boss","floor":16,"turns":6}],"seed_played":"119128788421880302","potions_obtained":[{"floor":5,"key":"GamblersBrew"},{"floor":6,"key":"BlessingOfTheForge"},{"floor":10,"key":"ColorlessPotion"},{"floor":12,"key":"EssenceOfSteel"}],"is_trial":false,"path_per_floor":["M","?","M","$","M","E","R","?","T","E","R","M","R","E","R","B"],"character_chosen":"DEFECT","items_purchased":["FTL"],"campfire_rested":2,"item_purchase_floors":[4],"current_hp_per_floor":[77,82,76,76,76,44,44,37,37,14,14,13,39,28,54,47,47],"gold":138,"neow_bonus":"TEN_PERCENT_HP_BONUS","is_daily":false,"chose_seed":false,"campfire_upgraded":2,"win_rate":0.0,"timestamp":1614010584,"path_taken":["M","?","M","$","M","E","R","?","T","E","R","M","R","E","R","BOSS"],"items_purchased_type":["Card"],"build_version":"2020-12-22","purchased_purges":1,"victory":false,"max_hp_per_floor":[82,87,87,87,87,87,87,87,87,87,87,87,87,87,87,87,87],"card_choices":[{"not_picked":["Barrage","Rebound"],"picked":"Streamline","floor":1},{"not_picked":["Hologram","Scrape"],"picked":"Beam Cell","floor":3},{"not_picked":["Reinforced Body","Rebound"],"picked":"Chaos","floor":5},{"not_picked":["Beam Cell","Genetic Algorithm"],"picked":"Coolheaded","floor":6},{"not_picked":["Rebound","Coolheaded"],"picked":"Reprogram","floor":10},{"not_picked":["Force Field","Steam","Recycle"],"picked":"SKIP","floor":12},{"not_picked":["Hologram","Steam Power"],"picked":"Leap","floor":14}],"player_experience":411880,"relics_obtained":[{"floor":6,"key":"CaptainsWheel"},{"floor":9,"key":"WingedGreaves"},{"floor":10,"key":"Torii"},{"floor":14,"key":"Frozen Egg 2"}],"event_choices":[{"damage_healed":0,"gold_gain":0,"player_choice":"Donut","damage_taken":0,"max_hp_gain":5,"max_hp_loss":0,"event_name":"Big Fish","floor":2,"gold_loss":0},{"cards_removed":["Strike_B"],"damage_healed":0,"gold_gain":0,"player_choice":"Card Removal","damage_taken":7,"max_hp_gain":0,"max_hp_loss":0,"event_name":"Golden Wing","floor":8,"gold_loss":0}],"is_beta":false,"boss_relics":[],"items_purged_floors":[4],"is_endless":false,"potions_floor_spawned":[5,6,10,12],"killed_by":"Slime Boss","ascension_level":1}}