{"host":"sc0o2qwpf9j16a4i","time":1614001312,"event":{"mods":["AchievementEnabler","BaseMod","BetterRewards","Block Reminder","Colored Map","Colored Powertips","Custom Start","Highlight Path","Minty Spire (QoL Compilation)","Relic Stats"],"gold_per_floor":[115,190,190,211,17,17,33,72,164,176,222,268,298,335,347,487,499,531,543,555,588,643,694,706,706],"floor_reached":24,"language":"ENG","playtime":968,"items_purged":[],"score":404,"play_id":"ab740973-ef12-4e61-86f2-09f299e5de74","local_time":"20210222154152","daily_mods":["Allstar","Time Dilation","DeadlyEvents"],"is_ascension_mode":false,"campfire_choices":[{"data":"Apotheosis","floor":6,"key":"SMITH"},{"data":"Metallicize","floor":15,"key":"SMITH"}],"circlet_count":0,"master_deck":["Strike_R+1","Strike_R+1","Strike_R+1","Strike_R+1","Strike_R+1","Defend_R+1","Defend_R+1","Defend_R+1","Defend_R+1","Bash","Master of Strategy","Enlightenment","Apotheosis+1","Deep Breath","Panache","Battle Trance","Injury","Metallicize+1","Shrug It Off","Offering","Disarm","Necronomicurse","Burning Pact","Exhume"],"relics":["Burning Blood","Golden Idol","Potion Belt","MawBank","White Beast Statue","Matryoshka","PreservedInsect","Peace Pipe","Fusion Hammer","Necronomicon","Singing Bowl","Pen Nib"],"acts_visited":["Exordium","TheCity"],"potions_floor_usage":[12,12,14,16,23],"damage_taken":[{"damage":0,"enemies":"Cultist","floor":1,"turns":3},{"damage":0,"enemies":"2 Louse","floor":4,"turns":2},{"damage":3,"enemies":"Jaw Worm","floor":7,"turns":2},{"damage":24,"enemies":"Gremlin Nob","floor":8,"turns":4},{"damage":0,"enemies":"Lagavulin","floor":11,"turns":6},{"damage":0,"enemies":"3 Sentries","floor":12,"turns":4},{"damage":0,"enemies":"Looter","floor":13,"turns":3},{"damage":5,"enemies":"3 Louse","floor":14,"turns":3},{"damage":0,"enemies":"The Guardian","floor":16,"turns":7},{"damage":7,"enemies":"Shell Parasite","floor":18,"turns":2},{"damage":6,"enemies":"3 Byrds","floor":21,"turns":3},{"damage":6,"enemies":"Slavers","floor":22,"turns":4},{"damage":6,"enemies":"Gremlin Leader","floor":23,"turns":4},{"damage":0,"enemies":"Snake Plant","floor":24,"turns":1}],"seed_played":"1152988738929512954","potions_obtained":[{"floor":1,"key":"Block Potion"},{"floor":7,"key":"Explosive Potion"},{"floor":8,"key":"GamblersBrew"},{"floor":11,"key":"SteroidPotion"},{"floor":12,"key":"FearPotion"},{"floor":13,"key":"BloodPotion"},{"floor":14,"key":"AttackPotion"},{"floor":16,"key":"BlessingOfTheForge"},{"floor":18,"key":"HeartOfIron"},{"floor":23,"key":"CultistPotion"}],"is_trial":true,"path_per_floor":["M","?","?","M","$","R","M","E","T","T","E","E","M","M","R","B",null,"M","?","?","M","E","E","M"],"character_chosen":"IRONCLAD","items_purchased":["Potion Belt","SkillPotion"],"campfire_rested":0,"item_purchase_floors":[5,5],"current_hp_per_floor":[80,69,69,75,75,75,78,60,60,60,66,72,78,79,79,80,80,79,79,63,63,65,65,65,65],"gold":706,"neow_bonus":"","is_daily":false,"chose_seed":false,"campfire_upgraded":2,"win_rate":0.0,"timestamp":1614001312,"path_taken":["M","?","?","M","$","R","?","E","T","?","E","?","M","M","R","BOSS","M","?","?","M","?","E","M"],"items_purchased_type":["Relic","Potion"],"build_version":"2020-12-22","purchased_purges":0,"victory":false,"max_hp_per_floor":[80,80,80,80,80,80,80,80,80,80,80,80,80,80,80,80,80,80,80,80,80,82,82,82,82],"relic_stats":{"Peace Pipe":0,"Singing Bowl":2,"counters":[14,48],"Golden Idol":89,"PreservedInsect":88,"Pen Nib":[0],"Necronomicon":[4],"MawBank":192,"obtain_stats":[{"Potion Belt":5,"Peace Pipe":12,"Matryoshka":10,"Singing Bowl":22,"Golden Idol":3,"PreservedInsect":11,"Fusion Hammer":17,"Pen Nib":23,"Necronomicon":20,"MawBank":8,"Burning Blood":0,"White Beast Statue":9},{"Potion Belt":2,"Peace Pipe":6,"Matryoshka":4,"Singing Bowl":12,"Golden Idol":1,"PreservedInsect":5,"Fusion Hammer":9,"Pen Nib":13,"Necronomicon":10,"MawBank":4,"Burning Blood":0,"White Beast Statue":4},{"Potion Belt":5,"Peace Pipe":21,"Matryoshka":11,"Singing Bowl":43,"Golden Idol":3,"PreservedInsect":17,"Fusion Hammer":34,"Pen Nib":47,"Necronomicon":36,"MawBank":11,"Burning Blood":0,"White Beast Statue":11}],"Burning Blood":67},"card_choices":[{"not_picked":["Flex","Evolve"],"picked":"Battle Trance","floor":1},{"not_picked":["Perfected Strike","Body Slam"],"picked":"Metallicize","floor":4},{"not_picked":["Anger","Armaments","Havoc"],"picked":"SKIP","floor":7},{"not_picked":["Dual Wield","Carnage","Wild Strike"],"picked":"SKIP","floor":8},{"not_picked":["True Grit","Headbutt","Reckless Charge"],"picked":"SKIP","floor":11},{"not_picked":["Uppercut","Armaments"],"picked":"Shrug It Off","floor":12},{"not_picked":["Intimidate","Iron Wave","Clothesline"],"picked":"SKIP","floor":13},{"not_picked":["Battle Trance","Iron Wave","Dual Wield"],"picked":"SKIP","floor":14},{"not_picked":["Corruption","Berserk"],"picked":"Offering","floor":16},{"not_picked":["Iron Wave","Perfected Strike"],"picked":"Disarm","floor":18},{"not_picked":["Perfected Strike+1","Dropkick"],"picked":"Burning Pact","floor":21},{"not_picked":["Havoc","Blood for Blood","Ghostly Armor+1"],"picked":"Singing Bowl","floor":22},{"not_picked":["Body Slam","True Grit"],"picked":"Exhume","floor":23}],"player_experience":1527790,"relics_obtained":[{"floor":8,"key":"MawBank"},{"floor":9,"key":"White Beast Statue"},{"floor":10,"key":"Matryoshka"},{"floor":11,"key":"PreservedInsect"},{"floor":12,"key":"Peace Pipe"},{"floor":20,"key":"Necronomicon"},{"floor":22,"key":"Singing Bowl"},{"floor":23,"key":"Pen Nib"}],"event_choices":[{"damage_healed":0,"gold_gain":75,"player_choice":"Gather Gold","damage_taken":11,"max_hp_gain":0,"max_hp_loss":0,"event_name":"World of Goop","floor":2,"gold_loss":0},{"damage_healed":0,"gold_gain":0,"player_choice":"Take Wound","damage_taken":0,"relics_obtained":["Golden Idol"],"max_hp_gain":0,"max_hp_loss":0,"event_name":"Golden Idol","floor":3,"gold_loss":0,"cards_obtained":["Injury"]},{"damage_healed":0,"gold_gain":0,"player_choice":"Simplicity","damage_taken":0,"max_hp_gain":0,"max_hp_loss":0,"event_name":"Back to Basics","floor":19,"gold_loss":0,"cards_upgraded":["Strike_R","Strike_R","Strike_R","Strike_R","Strike_R","Defend_R","Defend_R","Defend_R","Defend_R"]},{"damage_healed":0,"gold_gain":0,"player_choice":"Obtained Book","damage_taken":16,"max_hp_gain":0,"max_hp_loss":0,"event_name":"Cursed Tome","floor":20,"gold_loss":0}],"is_beta":false,"boss_relics":[{"not_picked":["SacredBark","Coffee Dripper"],"picked":"Fusion Hammer"}],"items_purged_floors":[],"is_endless":false,"potions_floor_spawned":[1,7,8,11,12,13,14,16,18,21,22,23],"killed_by":"Snake Plant","ascension_level":0}}