{"host":"x3tdtn2vw0frar62","time":1614036314,"event":{"mods":["100% Spire Juice","Aspiration","BaseMod","Better Note","Better Sensory Stone","Better Third Choice","BetterRewards","CatGirl Mod","Hermit","Hubris","LagranYue(???·?)","Marisa????????","Minty Spire (QoL Compilation)","Morshu Shopkeeper","Morshu Shopkeeper - ENHANCED","Practice Mode","Railgun Mod","Relic Stats","Reliquary","Remilia??????","Replay The Spire","Robot Space Explorer","Shade Mod","Shop Mod","Spicy Shops","Spire Arcade","StSLib","The Cursed","The Dragon Tamer","The Marked","The Runesmith","The Sage","The Senshi","The Servant 0.9.4"],"gold_per_floor":[114,114,127,127,54,81,81,6,81,96,127,145,145,175,175,273,273,283,283,283,296,38,63,9,9,32,32,32,149,149,168,168,271,271,283,43,57,74,84,84,84,84],"floor_reached":41,"language":"ENG","playtime":2387,"items_purged":["Normality","Shame"],"score":477,"play_id":"2f83c0d1-3630-497c-ac04-5acb345af2f3","local_time":"20210222182514","is_ascension_mode":true,"campfire_choices":[{"data":"Infinite Blades","floor":7.0,"key":"SMITH"},{"data":"Cloak And Dagger","floor":13.0,"key":"SMITH"},{"data":"Cloak And Dagger","floor":15.0,"key":"SMITH"},{"floor":28.0,"key":"REST"},{"data":"A Thousand Cuts","floor":30.0,"key":"SMITH"},{"floor":40.0,"key":"REST"}],"circlet_count":0,"master_deck":["Strike_G","Strike_G","Strike_G","Strike_G","Strike_G","Defend_G","Defend_G","Defend_G","Defend_G+1","Defend_G","Survivor","Neutralize+1","Infinite Blades+1","ReplayTheSpireMod:Speed Training","ReplayTheSpireMod:Shiv Toss","Cloak And Dagger+1","Cloak And Dagger+1","Tools of the Trade","Underhanded Strike+1","Accuracy","Blade Dance","A Thousand Cuts+1","Flash of Steel","Decay","Burst","AbeCurse","Panache","Hidden Blade"],"relics":["Ring of the Snake","NeowsBlessing","Counterbalance","Bag of Marbles","hubris:DeckOfHolding","Nunchaku","HornCleat","Sozu","Gremlin Food","hubris:Icosahedron","Abe\u0027s Treasure"],"acts_visited":["Exordium","TheCity","TheBeyond"],"potions_floor_usage":[],"damage_taken":[{"damage":0.0,"enemies":"Jaw Worm","floor":1.0,"turns":1.0},{"damage":0.0,"enemies":"2 Louse","floor":3.0,"turns":1.0},{"damage":0.0,"enemies":"Lagavulin","floor":6.0,"turns":1.0},{"damage":0.0,"enemies":"Cultist","floor":10.0,"turns":3.0},{"damage":9.0,"enemies":"3 Sentries","floor":11.0,"turns":10.0},{"damage":0.0,"enemies":"Blue Slaver","floor":12.0,"turns":5.0},{"damage":16.0,"enemies":"Gremlin Nob","floor":14.0,"turns":4.0},{"damage":13.0,"enemies":"Slime Boss","floor":16.0,"turns":8.0},{"damage":0.0,"enemies":"Chosen","floor":18.0,"turns":5.0},{"damage":9.0,"enemies":"Shell Parasite","floor":21.0,"turns":7.0},{"damage":19.0,"enemies":"Book of Stabbing","floor":23.0,"turns":5.0},{"damage":3.0,"enemies":"Centurion and Healer","floor":29.0,"turns":4.0},{"damage":2.0,"enemies":"Snecko","floor":31.0,"turns":4.0},{"damage":50.0,"enemies":"Collector","floor":33.0,"turns":6.0},{"damage":17.0,"enemies":"3 Darklings","floor":35.0,"turns":4.0},{"damage":21.0,"enemies":"Orb Walker","floor":37.0,"turns":4.0},{"damage":1.0,"enemies":"Spire Growth","floor":38.0,"turns":3.0},{"damage":44.0,"enemies":"Jaw Worm Horde","floor":39.0,"turns":4.0},{"damage":29,"enemies":"Giant Head","floor":41,"turns":5}],"seed_played":"2172508582081465619","potions_obtained":[{"floor":3.0,"key":"EntropicBrew"},{"floor":11.0,"key":"Adrenaline Potion"},{"floor":16.0,"key":"Elixir"}],"is_trial":false,"path_per_floor":["M","?","M","T","$","E","R","$","T","M","E","M","R","E","R","B",null,"M","$","?","M","$","E","$","?","T","?","R","M","R","M","R","B",null,"M","$","M","M","M","R","E"],"character_chosen":"THE_SILENT","items_purchased":["ReplayTheSpireMod:Shiv Toss","Accuracy","Blade Dance","Panache","Hidden Blade"],"campfire_rested":2,"item_purchase_floors":[5,22,24,36,36],"current_hp_per_floor":[70,70,70,70,70,70,70,70,70,70,61,61,61,45,45,32,70,70,70,70,61,61,42,42,42,42,42,63,60,60,58,58,8,70,53,53,49,48,4,25,0,0],"gold":84,"neow_bonus":"THREE_ENEMY_KILL","is_daily":false,"chose_seed":false,"campfire_upgraded":4,"win_rate":0.0,"timestamp":1614036314,"path_taken":["M","?","M","?","?","E","R","?","T","?","E","M","R","E","R","BOSS","M","$","?","M","$","E","?","?","T","?","R","M","R","M","R","BOSS","M","$","M","?","M","R","E"],"items_purchased_type":["Card","Card","Card","Card","Card"],"build_version":"2020-12-22","purchased_purges":2,"victory":false,"max_hp_per_floor":[70,70,70,70,70,70,70,70,70,70,70,70,70,70,70,70,70,70,70,70,70,70,70,70,70,70,70,70,70,70,70,70,70,70,70,70,70,70,70,70,70,70],"relic_stats":{"Sozu":6,"Nunchaku":[23],"counters":[19,84],"obtain_stats":[{"Sozu":17,"Gremlin Food":23,"Nunchaku":11,"HornCleat":14,"hubris:Icosahedron":25,"NeowsBlessing":0,"Counterbalance":4,"hubris:DeckOfHolding":9,"Bag of Marbles":6,"Abe\u0027s Treasure":34,"Ring of the Snake":0},{"Sozu":8,"Gremlin Food":11,"Nunchaku":5,"HornCleat":7,"hubris:Icosahedron":11,"NeowsBlessing":0,"Counterbalance":2,"hubris:DeckOfHolding":3,"Bag of Marbles":3,"Abe\u0027s Treasure":14,"Ring of the Snake":0},{"Sozu":33,"Gremlin Food":50,"Nunchaku":16,"HornCleat":25,"hubris:Icosahedron":50,"NeowsBlessing":0,"Counterbalance":2,"hubris:DeckOfHolding":3,"Bag of Marbles":3,"Abe\u0027s Treasure":64,"Ring of the Snake":0}],"Ring of the Snake":[38]},"card_choices":[{"not_picked":["Bane","Cloak And Dagger"],"picked":"Infinite Blades","floor":1.0},{"not_picked":["Crippling Poison","Masterful Stab"],"picked":"ReplayTheSpireMod:Speed Training","floor":3.0},{"not_picked":["Backflip","ReplayTheSpireMod:Tripwire","Bane"],"picked":"SKIP","floor":6.0},{"not_picked":["Endless Agony","Dagger Throw"],"picked":"Cloak And Dagger","floor":10.0},{"not_picked":["Dagger Spray","Phantasmal Killer"],"picked":"Cloak And Dagger","floor":11.0},{"not_picked":["Backflip","Poisoned Stab","Bane"],"picked":"SKIP","floor":12.0},{"not_picked":["Skewer","Deflect","Expertise"],"picked":"SKIP","floor":14.0},{"not_picked":["Corpse Explosion","Venomology"],"picked":"Tools of the Trade","floor":16.0},{"not_picked":["PiercingWail+1","Dodge and Roll"],"picked":"Underhanded Strike+1","floor":18.0},{"not_picked":["Slice+1","Poisoned Stab","Heel Hook"],"picked":"SKIP","floor":21.0},{"not_picked":["Poison Darts","Backflip","Poisoned Stab+1"],"picked":"SKIP","floor":23.0},{"not_picked":["Flying Knee","Backstab+1","Outmaneuver"],"picked":"SKIP","floor":29.0},{"not_picked":["Bane","Quick Slash+1","Acrobatics"],"picked":"SKIP","floor":31.0},{"not_picked":["Malaise","Phantasmal Killer"],"picked":"Burst","floor":33.0},{"not_picked":["Crippling Poison+1","Acrobatics","Escape Plan"],"picked":"SKIP","floor":35.0},{"not_picked":["ReplayTheSpireMod:Shiv Toss+1","Slice","ReplayTheSpireMod:Tripwire"],"picked":"SKIP","floor":37.0},{"not_picked":["Blur+1","Dodge and Roll+1","Blade Dance+1"],"picked":"SKIP","floor":38.0},{"not_picked":["ReplayTheSpireMod:The Works","Hidden Blade","Flying Knee"],"picked":"SKIP","floor":39.0}],"player_experience":212625,"relics_obtained":[{"floor":4.0,"key":"Counterbalance"},{"floor":6.0,"key":"Bag of Marbles"},{"floor":9.0,"key":"hubris:DeckOfHolding"},{"floor":11.0,"key":"Nunchaku"},{"floor":14.0,"key":"HornCleat"},{"floor":23.0,"key":"Gremlin Food"}],"event_choices":[{"damage_healed":0.0,"max_hp_gain":0.0,"max_hp_loss":0.0,"gold_gain":0.0,"event_name":"Match and Keep!","player_choice":"2 cards matched","floor":27.0,"gold_loss":0.0,"damage_taken":0.0,"cards_obtained":["A Thousand Cuts","Flash of Steel"]},{"damage_healed":0.0,"max_hp_gain":0.0,"max_hp_loss":0.0,"gold_gain":0.0,"event_name":"Wheel of Change","player_choice":"Cursed","floor":32.0,"gold_loss":0.0,"damage_taken":0.0,"cards_obtained":["Decay"]}],"is_beta":false,"boss_relics":[{"not_picked":["aspiration:RitualDagger","Pandora\u0027s Box"],"picked":"Sozu"},{"not_picked":["ReplayTheSpireMod:DimensionalGlitch","reliquary:RustamsPendant"],"picked":"Abe\u0027s Treasure"}],"items_purged_floors":[8,22],"is_endless":false,"potions_floor_spawned":[3,11,16,21,31,33,37,39],"killed_by":"Giant Head","ascension_level":1}}