{"host":"a6m4v7p1efmaozv7","time":1614008667,"event":{"mods":["BaseMod","Colored Map","Colored Powertips","DeckTracker","Keyboard Shortcuts","Minty Spire (QoL Compilation)","Permanent Neow","Relic Stats","StSLib","SuperFastMode"],"gold_per_floor":[16,16,16,30,30,30,54,79,79,94,94,94,94,119,119,119,119],"floor_reached":16,"language":"ENG","playtime":255,"items_purged":[],"score":184,"play_id":"cddca750-8735-4f71-b434-b906b393ef92","local_time":"20210223004427","is_ascension_mode":true,"campfire_choices":[{"data":"Deadly Poison","floor":6.0,"key":"SMITH"},{"data":"Tactician","floor":11.0,"key":"SMITH"},{"floor":13.0,"key":"REST"},{"data":"Survivor","floor":15.0,"key":"SMITH"}],"circlet_count":0,"master_deck":["AscendersBane","Strike_G","Strike_G","Strike_G","Defend_G","Defend_G","Defend_G","Defend_G","Survivor+1","Neutralize","Deadly Poison+1","Choke","Tactician+1"],"relics":["Ring of the Snake","Golden Idol","Kunai","Toxic Egg 2"],"acts_visited":["Exordium"],"potions_floor_usage":[16],"damage_taken":[{"damage":6.0,"enemies":"Small Slimes","floor":1.0,"turns":4.0},{"damage":0.0,"enemies":"Jaw Worm","floor":4.0,"turns":4.0},{"damage":2.0,"enemies":"Cultist","floor":7.0,"turns":5.0},{"damage":18.0,"enemies":"Gremlin Gang","floor":8.0,"turns":5.0},{"damage":10.0,"enemies":"3 Louse","floor":10.0,"turns":3.0},{"damage":5.0,"enemies":"2 Fungi Beasts","floor":14.0,"turns":3.0},{"damage":19,"enemies":"The Guardian","floor":16,"turns":4}],"seed_played":"-3755861129507053922","potions_obtained":[{"floor":1.0,"key":"Weak Potion"},{"floor":8.0,"key":"SpeedPotion"}],"is_trial":false,"path_per_floor":["M","?","?","M","$","R","M","M","T","M","R","?","R","M","R","B"],"character_chosen":"THE_SILENT","items_purchased":[],"campfire_rested":1,"item_purchase_floors":[],"current_hp_per_floor":[53,53,46,46,46,46,44,26,26,16,16,5,23,18,18,0,0],"gold":119,"neow_bonus":"REMOVE_TWO","is_daily":false,"chose_seed":false,"campfire_upgraded":3,"win_rate":0.0,"timestamp":1614008667,"path_taken":["M","?","?","M","?","R","?","M","T","M","R","?","R","M","R","BOSS"],"items_purchased_type":[],"build_version":"2020-12-22","purchased_purges":0,"victory":false,"max_hp_per_floor":[66,60,60,60,60,60,60,60,60,60,60,60,60,60,60,60,60],"relic_stats":{"counters":[7,28],"Golden Idol":21,"Kunai":[3],"obtain_stats":[{"Golden Idol":2,"Kunai":9,"Toxic Egg 2":12,"Ring of the Snake":0},{"Golden Idol":1,"Kunai":4,"Toxic Egg 2":5,"Ring of the Snake":0},{"Golden Idol":4,"Kunai":18,"Toxic Egg 2":21,"Ring of the Snake":0}],"Ring of the Snake":[14]},"card_choices":[{"not_picked":["Leg Sweep","Dagger Spray"],"picked":"Deadly Poison","floor":1.0},{"not_picked":["Caltrops","Dagger Spray","Blur"],"picked":"SKIP","floor":4.0},{"not_picked":["Bane","Finisher"],"picked":"Choke","floor":7.0},{"not_picked":["Dash","Crippling Poison"],"picked":"Tactician","floor":8.0},{"not_picked":["Caltrops","Riddle With Holes","Bouncing Flask"],"picked":"SKIP","floor":10.0},{"not_picked":["Caltrops","Riddle With Holes","Bouncing Flask"],"picked":"SKIP","floor":10.0},{"not_picked":["Dagger Throw","Dodge and Roll+1","Quick Slash"],"picked":"SKIP","floor":14.0}],"player_experience":2016996,"relics_obtained":[{"floor":9.0,"key":"Kunai"}],"event_choices":[{"damage_healed":0.0,"max_hp_gain":0.0,"max_hp_loss":6.0,"gold_gain":0.0,"event_name":"Golden Idol","player_choice":"Lose Max HP","floor":2.0,"gold_loss":0.0,"damage_taken":0.0,"relics_obtained":["Golden Idol"]},{"cards_removed":["Strike_G"],"damage_healed":0.0,"max_hp_gain":0.0,"max_hp_loss":0.0,"gold_gain":0.0,"event_name":"Golden Wing","player_choice":"Card Removal","floor":3.0,"gold_loss":0.0,"damage_taken":7.0},{"damage_healed":0.0,"max_hp_gain":0.0,"max_hp_loss":0.0,"gold_gain":0.0,"event_name":"Scrap Ooze","player_choice":"Success","floor":12.0,"gold_loss":0.0,"damage_taken":11.0,"relics_obtained":["Toxic Egg 2"]}],"is_beta":false,"boss_relics":[],"items_purged_floors":[],"is_endless":false,"potions_floor_spawned":[1,8,10],"killed_by":"The Guardian","ascension_level":20}}