{"host":"e4udrxcgdvpx3wcj","time":1614032469,"event":{"mods":["Act Like it!","Aspiration","Astrologer","BaseMod","Gensokyo","Highlight Path","Infinite Spire","Koishi","Marisa????????","Minty Spire (QoL Compilation)","Replay The Spire","StSLib","SuperFastMode","The Bug Knight","The Construct","The Jungle","The Runesmith","The Servant 0.9.4","TheBandit"],"gold_per_floor":[113,263,263,263,20,53,53,67,67,67,78,78,112,125,125,202,202,231,282,70,17,48,99,99,152,152,152,182,182],"floor_reached":28,"language":"ENG","playtime":972,"items_purged":[],"score":578,"play_id":"130db1fe-d150-4ae7-8993-ccb6a6983ff2","local_time":"20210222172109","is_ascension_mode":true,"campfire_choices":[{"data":"Infinite Blades","floor":7.0,"key":"SMITH"},{"data":"Acrobatics","floor":10.0,"key":"SMITH"},{"data":"Blur","floor":12.0,"key":"SMITH"},{"data":"Bouncing Flask","floor":15.0,"key":"SMITH"},{"floor":24.0,"key":"REST"},{"floor":27.0,"key":"REST"}],"circlet_count":0,"master_deck":["AscendersBane","Strike_G","Strike_G","Strike_G","Strike_G","Strike_G","Defend_G","Defend_G","Defend_G","Defend_G","Defend_G","Survivor","Neutralize","Dagger Spray+1","Infinite Blades+1","Grand Finale","Acrobatics+1","Blur+1","Bouncing Flask+1","Bane","infinitespire:Neurotoxin","CurseOfTheBell","Bane+1","Dagger Throw","Dagger Throw","Terror","Footwork","Slice","Doppelganger","Expertise+1"],"relics":["Ring of the Snake","NeowsBlessing","TwistedFunnel","ReplayTheSpireMod:TigerMarble","Ornamental Fan","Strawberry","Calling Bell","Replay:Bandana","Divine Protection","StoneCalendar","Iron Hammer","infinitespire:PuzzleCube","Matryoshka"],"acts_visited":["Exordium","TheCity"],"potions_floor_usage":[],"damage_taken":[{"damage":0.0,"enemies":"Small Slimes","floor":1.0,"turns":1.0},{"damage":0.0,"enemies":"Gremlin Nob","floor":6.0,"turns":1.0},{"damage":0.0,"enemies":"Jaw Worm","floor":8.0,"turns":1.0},{"damage":0.0,"enemies":"Cultist","floor":11.0,"turns":3.0},{"damage":13.0,"enemies":"Lagavulin","floor":13.0,"turns":4.0},{"damage":10.0,"enemies":"Lots of Slimes","floor":14.0,"turns":3.0},{"damage":28.0,"enemies":"The Guardian","floor":16.0,"turns":10.0},{"damage":16.0,"enemies":"Spheric Guardian","floor":18.0,"turns":5.0},{"damage":3.0,"enemies":"3 Byrds","floor":19.0,"turns":5.0},{"damage":0.0,"enemies":"Snecko","floor":22.0,"turns":4.0},{"damage":32.0,"enemies":"Slavers","floor":23.0,"turns":5.0},{"damage":26.0,"enemies":"Gremlin Leader","floor":25.0,"turns":6.0},{"damage":22,"enemies":"Slavers","floor":28,"turns":3}],"seed_played":"-1185537436189280537","potions_obtained":[{"floor":1.0,"key":"Block Potion"},{"floor":8.0,"key":"Strength Potion"},{"floor":14.0,"key":"LiquidMemories"},{"floor":19.0,"key":"Cursed Concoction"},{"floor":23.0,"key":"Swift Potion"}],"is_trial":false,"path_per_floor":["M","?","?","?","$","E","R","M","T","R","M","R","E","M","R","B",null,"M","M","$","$","M","E","R","E","T","R","E"],"character_chosen":"THE_SILENT","items_purchased":["TwistedFunnel","Infinite Blades","Dagger Throw","Terror","Footwork","Slice"],"campfire_rested":2,"item_purchase_floors":[5,5,20,20,20,21],"current_hp_per_floor":[59,59,52,52,52,52,52,52,52,52,52,52,46,36,36,8,57,41,38,38,38,38,6,27,1,1,22,0,0],"gold":182,"neow_bonus":"THREE_ENEMY_KILL","is_daily":false,"chose_seed":false,"campfire_upgraded":4,"win_rate":0.0,"timestamp":1614032469,"path_taken":["M","?","?","?","$","E","R","M","T","R","M","R","E","?","R","BOSS","M","M","?","$","?","E","R","E","T","R","E"],"items_purchased_type":["Relic","Card","Card","Card","Card","Card"],"build_version":"2020-12-22","purchased_purges":0,"victory":false,"max_hp_per_floor":[66,66,66,66,66,66,66,66,66,66,66,66,73,73,73,73,73,73,73,73,73,73,73,73,73,73,73,73,73],"card_choices":[{"not_picked":["Deadly Poison","Underhanded Strike"],"picked":"Dagger Spray","floor":1.0},{"not_picked":["Deadly Poison","Tactician"],"picked":"Grand Finale","floor":6.0},{"not_picked":["Bane","All Out Attack"],"picked":"Acrobatics","floor":8.0},{"not_picked":["Dagger Spray","Underhanded Strike"],"picked":"Blur","floor":11.0},{"not_picked":["Escape Plan","Riddle With Holes"],"picked":"Bouncing Flask","floor":13.0},{"not_picked":["Well Laid Plans","Eviscerate"],"picked":"Bane","floor":14.0},{"not_picked":["Unload","Die Die Die"],"picked":"infinitespire:Neurotoxin","floor":16.0},{"not_picked":["Expertise","Cloak And Dagger"],"picked":"Bane+1","floor":18.0},{"not_picked":["Dagger Spray","Backflip","Predator+1"],"picked":"SKIP","floor":19.0},{"not_picked":["Setup","Blade Dance","Hidden Blade"],"picked":"SKIP","floor":22.0},{"not_picked":["Blur","Replay:Poison Smokescreen"],"picked":"Doppelganger","floor":23.0},{"not_picked":["Reflex","Outmaneuver"],"picked":"Expertise+1","floor":25.0}],"player_experience":2438915,"relics_obtained":[{"floor":6.0,"key":"ReplayTheSpireMod:TigerMarble"},{"floor":9.0,"key":"Ornamental Fan"},{"floor":13.0,"key":"Strawberry"},{"floor":17.0,"key":"Replay:Bandana"},{"floor":17.0,"key":"Divine Protection"},{"floor":17.0,"key":"StoneCalendar"},{"floor":23.0,"key":"Iron Hammer"},{"floor":25.0,"key":"infinitespire:PuzzleCube"},{"floor":26.0,"key":"Matryoshka"}],"event_choices":[{"damage_healed":0.0,"max_hp_gain":0.0,"max_hp_loss":0.0,"gold_gain":150.0,"event_name":"Liars Game","player_choice":"AGREE","floor":2.0,"gold_loss":0.0,"damage_taken":0.0,"cards_obtained":["Doubt"]},{"cards_removed":["Doubt"],"damage_healed":0.0,"max_hp_gain":0.0,"max_hp_loss":0.0,"gold_gain":0.0,"event_name":"Golden Wing","player_choice":"Card Removal","floor":3.0,"gold_loss":0.0,"damage_taken":7.0},{"damage_healed":0.0,"max_hp_gain":0.0,"max_hp_loss":0.0,"gold_gain":0.0,"event_name":"Accursed Blacksmith","player_choice":"Forge","floor":4.0,"gold_loss":0.0,"damage_taken":0.0,"cards_upgraded":["Dagger Spray"]}],"is_beta":false,"boss_relics":[{"not_picked":["Kintsugi","Ectoplasm"],"picked":"Calling Bell"}],"items_purged_floors":[],"is_endless":false,"potions_floor_spawned":[1,8,14,19,23],"killed_by":"Slavers","ascension_level":20}}