{"host":"q6l9o5ad25lrm2yj","time":1614001731,"event":{"mods":["BaseMod","BetterRewards","Colored Powertips","Lobotomy","Minty Spire (QoL Compilation)","Replay The Spire","StSLib","[IsaacMod]ÒÔÈö¼âËþ"],"gold_per_floor":[112,131,146,162,175,175,192,38,38,58,78,91,91,125,125,220,220,231,146,163,176,0,0,0,0,0,0,14,14,29,39,39,39,39],"floor_reached":33,"language":"ZHS","playtime":1650,"items_purged":[],"score":330,"play_id":"7cd268ed-3958-4af8-b892-fc37bfd14b49","local_time":"20210222214851","is_ascension_mode":false,"campfire_choices":[{"floor":6,"key":"REST"},{"data":"Spot Weakness","floor":13,"key":"SMITH"},{"floor":15,"key":"DIG"},{"floor":23,"key":"REST"},{"floor":25,"key":"REST"},{"data":"Limit Break","floor":27,"key":"SMITH"},{"floor":29,"key":"REST"},{"floor":32,"key":"REST"}],"circlet_count":0,"master_deck":["Strike_R","Strike_R","Strike_R","Strike_R","Strike_R","Defend_R","Defend_R","Defend_R","Defend_R","Bash","EpicFetus","Power Through","Shrug It Off","Carnage","Reckless Charge","Dual Wield","Fire Breathing","Feel No Pain","Spot Weakness+1","Limit Break+1","Juggernaut","Thunderclap","Thunderclap","Iron Wave","J.A.X.","Inflame","Rupture","Warcry"],"relics":["Burning Blood","HushsDoor","PillsDrop","Medical Kit","Garlic","TheBean","Void","Blood Vial"],"acts_visited":["Exordium","TheCity"],"potions_floor_usage":[16,31,31,33,33],"damage_taken":[{"damage":6,"enemies":"Cultist","floor":1,"turns":3},{"damage":1,"enemies":"Small Slimes","floor":2,"turns":4},{"damage":13,"enemies":"2 Louse","floor":3,"turns":3},{"damage":8,"enemies":"Large Slime","floor":4,"turns":5},{"damage":11,"enemies":"Gremlin Gang","floor":5,"turns":7},{"damage":4,"enemies":"3 Louse","floor":7,"turns":4},{"damage":8,"enemies":"Exordium Wildlife","floor":10,"turns":4},{"damage":8,"enemies":"Looter","floor":11,"turns":3},{"damage":6,"enemies":"3 Louse","floor":12,"turns":3},{"damage":0,"enemies":"3 Sentries","floor":14,"turns":2},{"damage":0,"enemies":"Slime Boss","floor":16,"turns":6},{"damage":16,"enemies":"Chosen","floor":18,"turns":5},{"damage":34,"enemies":"Shell Parasite","floor":20,"turns":6},{"damage":42,"enemies":"Cultist and Chosen","floor":21,"turns":7},{"damage":12,"enemies":"Snecko","floor":28,"turns":4},{"damage":5,"enemies":"Chosen and Byrds","floor":30,"turns":5},{"damage":27,"enemies":"Shelled Parasite and Fungi","floor":31,"turns":6},{"damage":87,"enemies":"Automaton","floor":33,"turns":6}],"seed_played":"-3581296693754364066","potions_obtained":[{"floor":3,"key":"ElixirPotion"},{"floor":5,"key":"LifebloodPotion"},{"floor":7,"key":"Swift Potion"},{"floor":12,"key":"PowerPotion"},{"floor":14,"key":"Block Potion"},{"floor":18,"key":"EssenceOfSteel"},{"floor":31,"key":"Fire Potion"}],"is_trial":false,"path_per_floor":["M","M","M","M","M","R","M","$","T","M","M","M","R","E","R","B",null,"M","?","M","M","?","R","?","R","T","R","M","R","M","M","R","B"],"character_chosen":"IRONCLAD","items_purchased":["Medical Kit","CultistPotion"],"campfire_rested":5,"item_purchase_floors":[8,17],"current_hp_per_floor":[80,83,76,74,69,83,83,83,83,84,82,82,82,89,89,89,85,75,75,47,11,11,35,35,59,59,59,55,79,80,59,80,0,0],"gold":39,"neow_bonus":"","is_daily":false,"chose_seed":false,"campfire_upgraded":2,"win_rate":0.0,"timestamp":1614001731,"path_taken":["M","M","?","M","M","R","M","$","T","M","M","M","R","E","R","BOSS","M","?","M","M","?","R","?","R","T","R","?","R","M","M","R","BOSS"],"items_purchased_type":["Relic","Potion"],"build_version":"2020-12-22","purchased_purges":0,"victory":false,"max_hp_per_floor":[80,83,83,83,83,83,83,83,83,86,86,86,86,89,89,89,85,85,85,80,80,80,80,80,80,80,80,80,80,80,80,80,80,80],"card_choices":[{"not_picked":[],"picked":"EpicFetus","floor":0},{"not_picked":["Cleave","Clothesline"],"picked":"Power Through","floor":1},{"not_picked":["Cleave","Body Slam"],"picked":"Shrug It Off","floor":2},{"not_picked":["Cleave","Clothesline"],"picked":"Carnage","floor":3},{"not_picked":["ReplayTheSpireMod:Limb From Limb","Clash"],"picked":"Bomb","floor":4},{"not_picked":["Sword Boomerang","ReplayTheSpireMod:Strike From Hell"],"picked":"Reckless Charge","floor":5},{"not_picked":["Inflame","ReplayTheSpireMod:LeadingStrike"],"picked":"Dual Wield","floor":7},{"not_picked":["Twin Strike","ReplayTheSpireMod:Stacked"],"picked":"Fire Breathing","floor":10},{"not_picked":["Heavy Blade","Sword Boomerang"],"picked":"Feel No Pain","floor":11},{"not_picked":["Reckless Charge","Dark Embrace"],"picked":"Spot Weakness","floor":12},{"not_picked":["Defy Death","Sever Soul"],"picked":"Limit Break","floor":14},{"not_picked":["Brutality","Hemogenesis"],"picked":"Juggernaut","floor":16},{"not_picked":["Perfected Strike","ReplayReversal"],"picked":"Thunderclap","floor":18},{"not_picked":["Intimidate","Dropkick"],"picked":"Thunderclap","floor":20},{"not_picked":["Pummel","Clothesline"],"picked":"Iron Wave","floor":21},{"not_picked":["Second Wind","Armaments+1"],"picked":"Inflame","floor":28},{"not_picked":["Combust","Thunderclap"],"picked":"Rupture","floor":30},{"not_picked":["Clash","Replay:Many Hands"],"picked":"Warcry","floor":31}],"player_experience":23593,"relics_obtained":[{"floor":9,"key":"Garlic"},{"floor":14,"key":"TheBean"},{"floor":15,"key":"GnawedLeaf"},{"floor":26,"key":"Blood Vial"}],"event_choices":[{"damage_healed":0,"gold_gain":0,"player_choice":"Obtained Relic","damage_taken":0,"relics_obtained":["Void"],"max_hp_gain":0,"max_hp_loss":0,"event_name":"Addict","floor":19,"gold_loss":85},{"damage_healed":0,"gold_gain":0,"player_choice":"Paid Fearfully","damage_taken":0,"max_hp_gain":0,"max_hp_loss":0,"event_name":"Masked Bandits","floor":22,"gold_loss":176},{"damage_healed":0,"gold_gain":0,"player_choice":"Obtain J.A.X.","damage_taken":0,"max_hp_gain":0,"max_hp_loss":0,"event_name":"Drug Dealer","floor":24,"gold_loss":0,"cards_obtained":["J.A.X."]}],"is_beta":false,"boss_relics":[{"not_picked":["Tiny House","Ectoplasm"],"picked":"Replay:Ancient Bell"},{"not_picked":[]}],"items_purged_floors":[],"is_endless":false,"potions_floor_spawned":[3,5,7,12,14,18,20,31],"killed_by":"Automaton","ascension_level":0}}