{"host":"czen9m7c7ttmirt2","time":1614018564,"event":{"mods":["AchievementEnabler","Aspiration","BaseMod","Better Third Choice","Colored Map","Colored Powertips","Conspire","Hubris","Minty Spire (QoL Compilation)","Replay The Spire","StSLib"],"gold_per_floor":[115,127,144,319,335,354,389,389,458,470,470,490,502,517,517,622,622,639,639,656,670,670,670,685,685,708,721,738,738,755,335,335,447,447,476,502,508,508],"floor_reached":37,"language":"ENG","playtime":2104,"items_purged":["Doubt"],"score":457,"play_id":"212d6327-30a7-406e-a0cf-6d9363225637","local_time":"20210222122924","is_ascension_mode":true,"campfire_choices":[{"floor":8.0,"key":"REST"},{"floor":11.0,"key":"REST"},{"floor":15.0,"key":"REST"},{"floor":23.0,"key":"REST"},{"floor":25.0,"key":"REST"},{"floor":29.0,"key":"REST"},{"floor":32.0,"key":"REST"}],"circlet_count":0,"master_deck":["Strike_B","Strike_B","Strike_B","Strike_B","Defend_B","Defend_B","Defend_B","Defend_B","Zap","Dualcast","Ball Lightning","Crystallizer","Doom and Gloom","Hologram","ReplayTheSpireMod:System Scan","Streamline","Rebound","Coolheaded","Ball Lightning","Static Discharge","Echo Form","Conserve Battery","Defragment","Reinforced Body+1","BasicCrystalCard+1","Rebound+1","FIFO Queue","ReplayTheSpireMod:Brewmster","Turbo","Leap+1","Compile Driver+1","BasicCrystalCard+1","Coolheaded"],"relics":["Cracked Core","aspiration:Nostalgia","Ring of the Snake","aspiration:HummingbirdHeart","SlaversCollar","conspire:InfiniteJournal","hubris:SlimyHat","Membership Card","Replay:Bandana","Snecko Eye","Prayer Wheel"],"acts_visited":["Exordium","TheCity","TheBeyond"],"potions_floor_usage":[33,33,33],"damage_taken":[{"damage":0.0,"enemies":"Cultist","floor":1.0,"turns":4.0},{"damage":0.0,"enemies":"Small Slimes","floor":2.0,"turns":2.0},{"damage":2.0,"enemies":"Jaw Worm","floor":3.0,"turns":3.0},{"damage":7.0,"enemies":"Looter","floor":5.0,"turns":3.0},{"damage":12.0,"enemies":"Lots of Slimes","floor":6.0,"turns":2.0},{"damage":47.0,"enemies":"Replay:BlueRogue","floor":7.0,"turns":5.0},{"damage":4.0,"enemies":"2 Fungi Beasts","floor":10.0,"turns":3.0},{"damage":8.0,"enemies":"Large Slime","floor":12.0,"turns":4.0},{"damage":5.0,"enemies":"Lots of Slimes","floor":13.0,"turns":3.0},{"damage":0.0,"enemies":"conspire:2 RoseBushes","floor":14.0,"turns":5.0},{"damage":17.0,"enemies":"Hexaghost","floor":16.0,"turns":11.0},{"damage":19.0,"enemies":"Chosen","floor":18.0,"turns":4.0},{"damage":24.0,"enemies":"2 Thieves","floor":20.0,"turns":4.0},{"damage":18.0,"enemies":"Chosen and Byrds","floor":21.0,"turns":4.0},{"damage":35.0,"enemies":"Centurion and Healer","floor":24.0,"turns":10.0},{"damage":32.0,"enemies":"Cultist and Chosen","floor":27.0,"turns":6.0},{"damage":2.0,"enemies":"Snecko","floor":28.0,"turns":4.0},{"damage":19.0,"enemies":"Centurion and Healer","floor":30.0,"turns":9.0},{"damage":3,"enemies":"Champ","floor":33,"turns":11},{"damage":22,"enemies":"3 Shapes","floor":35,"turns":7},{"damage":9,"enemies":"3 Darklings","floor":36,"turns":5},{"damage":52,"enemies":"Spire Growth","floor":37,"turns":4}],"seed_played":"-6914076341965009428","potions_obtained":[{"floor":2.0,"key":"Venom Potion"},{"floor":7.0,"key":"FearPotion"},{"floor":12.0,"key":"Dexterity Potion"},{"floor":13.0,"key":"conspire:TimeTravelPotion"},{"floor":14.0,"key":"Explosive Potion"},{"floor":16.0,"key":"EntropicBrew"},{"floor":24.0,"key":"SkillPotion"},{"floor":30.0,"key":"Venom Potion"}],"is_trial":false,"path_per_floor":["M","M","M","?","M","M","E","R","T","M","R","M","M","M","R","B",null,"M","?","M","M","?","R","M","R","T","M","M","R","M","$","R","B",null,"M","M","M"],"character_chosen":"DEFECT","items_purchased":["Membership Card","Replay:Bandana","ReplayTheSpireMod:Brewmster","Turbo","FocusPotion"],"campfire_rested":7,"item_purchase_floors":[31,31,31,31,31],"current_hp_per_floor":[75,75,73,73,66,54,7,29,29,25,47,39,34,34,56,39,75,56,56,32,26,26,48,13,35,35,3,1,23,4,4,26,23,75,53,44,0,0],"gold":508,"neow_bonus":"NOSTALGIA","is_daily":false,"chose_seed":false,"campfire_upgraded":0,"win_rate":0.0,"timestamp":1614018564,"path_taken":["M","?","M","?","M","M","E","R","T","M","R","M","M","M","R","BOSS","M","?","M","M","?","R","M","R","T","M","?","R","M","$","R","BOSS","M","M","M"],"items_purchased_type":["Relic","Relic","Card","Card","Potion"],"build_version":"2020-12-22","purchased_purges":1,"victory":false,"max_hp_per_floor":[75,75,75,75,75,75,75,75,75,75,75,75,75,75,75,75,75,75,75,75,75,75,75,75,75,75,75,75,75,75,75,75,75,75,75,75,75,75],"card_choices":[{"not_picked":["Turbo","Coolheaded"],"picked":"Ball Lightning","floor":1.0},{"not_picked":["Panic Button","Rebound"],"picked":"Crystallizer","floor":2.0},{"not_picked":["Redo","Gash"],"picked":"Doom and Gloom","floor":3.0},{"not_picked":["Redo","ReplayGash"],"picked":"Hologram","floor":5.0},{"not_picked":["Cold Snap","Sunder"],"picked":"ReplayTheSpireMod:System Scan","floor":6.0},{"not_picked":["Force Field","Barrage"],"picked":"Streamline","floor":7.0},{"not_picked":["Go for the Eyes","ReplayTheSpireMod:GoodbyeWorld"],"picked":"Rebound","floor":10.0},{"not_picked":["ReplayTheSpireMod:System Scan","All For One"],"picked":"Coolheaded","floor":12.0},{"not_picked":["ReplaySort","BootSequence"],"picked":"Ball Lightning","floor":13.0},{"not_picked":["Streamline","Panic Button"],"picked":"Static Discharge","floor":14.0},{"not_picked":["Biased Cognition","ReplayRNGCard"],"picked":"Echo Form","floor":16.0},{"not_picked":["BootSequence","Aggregate"],"picked":"Conserve Battery","floor":18.0},{"not_picked":["Panic Button","Compile Driver+1"],"picked":"Reinforced Body+1","floor":20.0},{"not_picked":["Doom and Gloom","Steam+1","Streamline"],"picked":"SKIP","floor":21.0},{"not_picked":["Aggregate+1","Leap"],"picked":"BasicCrystalCard+1","floor":24.0},{"not_picked":["Leap","Force Field","conspire:SharedLibrary"],"picked":"SKIP","floor":27.0},{"not_picked":["Coolheaded","Seek"],"picked":"Rebound+1","floor":28.0},{"not_picked":["Chaos","Stack"],"picked":"FIFO Queue","floor":30.0},{"not_picked":["Machine Learning","Hyperbeam"],"picked":"ReplayTheSpireMod:Fabricate Wheel","floor":33},{"not_picked":["Go for the Eyes","Hologram"],"picked":"Leap+1","floor":35},{"not_picked":["Steam Power+1","Coolheaded"],"picked":"Compile Driver+1","floor":35},{"not_picked":["Chaos","conspire:Rain"],"picked":"BasicCrystalCard+1","floor":36},{"not_picked":["Beam Cell","Barrage+1"],"picked":"Coolheaded","floor":36}],"player_experience":222597,"relics_obtained":[{"floor":7.0,"key":"aspiration:HummingbirdHeart"},{"floor":22.0,"key":"conspire:InfiniteJournal"},{"floor":26.0,"key":"hubris:SlimyHat"}],"event_choices":[{"damage_healed":0.0,"max_hp_gain":0.0,"max_hp_loss":0.0,"gold_gain":175.0,"event_name":"betterThird:BetterSerpent","player_choice":"AGREE","floor":4.0,"gold_loss":0.0,"damage_taken":144.0},{"damage_healed":0.0,"max_hp_gain":0.0,"max_hp_loss":0.0,"gold_gain":0.0,"event_name":"The Library","player_choice":"Read","floor":19.0,"gold_loss":0.0,"damage_taken":0.0,"cards_obtained":["Defragment"]},{"damage_healed":0.0,"max_hp_gain":0.0,"max_hp_loss":0.0,"gold_gain":0.0,"event_name":"Wheel of Change","player_choice":"Relic","floor":22.0,"gold_loss":0.0,"damage_taken":0.0}],"is_beta":false,"boss_relics":[{"not_picked":["Sozu","Ectoplasm"],"picked":"SlaversCollar"},{"not_picked":["ReplayTheSpireMod:DimensionalGlitch","Black Star"],"picked":"Snecko Eye"}],"items_purged_floors":[31],"is_endless":false,"potions_floor_spawned":[2,7,12,13,14,16,20,24,30],"killed_by":"Spire Growth","ascension_level":4}}