{"host":"a6m4v7p1efmaozv7","time":1614012524,"event":{"mods":["BaseMod","Colored Map","Colored Powertips","DeckTracker","Keyboard Shortcuts","Minty Spire (QoL Compilation)","Permanent Neow","Relic Stats","StSLib","SuperFastMode"],"gold_per_floor":[112,122,122,122,135,135,146,171,248,248,248,248,248,248],"floor_reached":13,"language":"ENG","playtime":226,"items_purged":[],"score":146,"play_id":"a4aa87d8-e943-4f1f-84da-ba01d0aa31c8","local_time":"20210223014844","is_ascension_mode":true,"campfire_choices":[{"data":"Dagger Spray","floor":6.0,"key":"SMITH"},{"floor":10,"key":"REST"},{"floor":12,"key":"REST"}],"circlet_count":0,"master_deck":["AscendersBane","Strike_G","Strike_G","Defend_G","Defend_G","Defend_G","Defend_G","Survivor","Neutralize","Reflex","Dagger Spray+1","Escape Plan"],"relics":["Ring of the Snake","Odd Mushroom","Matryoshka"],"acts_visited":["Exordium"],"potions_floor_usage":[8,13,13],"damage_taken":[{"damage":12.0,"enemies":"Jaw Worm","floor":1.0,"turns":6.0},{"damage":0.0,"enemies":"2 Louse","floor":2.0,"turns":3.0},{"damage":20.0,"enemies":"Cultist","floor":5.0,"turns":7.0},{"damage":1.0,"enemies":"Looter","floor":7.0,"turns":4.0},{"damage":9,"enemies":"The Mushroom Lair","floor":8,"turns":4},{"damage":19,"enemies":"Lagavulin","floor":13,"turns":7}],"seed_played":"-3477619633252843571","potions_obtained":[{"floor":1.0,"key":"SneckoOil"},{"floor":2.0,"key":"Ancient Potion"},{"floor":5.0,"key":"Swift Potion"},{"floor":8,"key":"PowerPotion"}],"is_trial":false,"path_per_floor":["M","M","?","?","M","R","M","?","T","R","?","R","E"],"character_chosen":"THE_SILENT","items_purchased":[],"campfire_rested":2,"item_purchase_floors":[],"current_hp_per_floor":[32,32,32,32,12,12,11,2,2,21,14,33,14,14],"gold":248,"neow_bonus":"REMOVE_TWO","is_daily":false,"chose_seed":false,"campfire_upgraded":1,"win_rate":0.0,"timestamp":1614012524,"path_taken":["M","M","?","?","?","R","M","?","T","R","?","R","E"],"items_purchased_type":[],"build_version":"2020-12-22","purchased_purges":0,"victory":false,"max_hp_per_floor":[66,66,66,66,66,66,66,66,66,66,66,66,66,66],"relic_stats":{"counters":[6,31],"obtain_stats":[{"Matryoshka":9,"Odd Mushroom":8,"Ring of the Snake":0},{"Matryoshka":5,"Odd Mushroom":5,"Ring of the Snake":0},{"Matryoshka":24,"Odd Mushroom":24,"Ring of the Snake":0}],"Ring of the Snake":[12]},"card_choices":[{"not_picked":["Crippling Poison","Dodge and Roll","Slice"],"picked":"SKIP","floor":1.0},{"not_picked":["Poisoned Stab","Endless Agony"],"picked":"Reflex","floor":2.0},{"not_picked":["Setup","Bane"],"picked":"Dagger Spray","floor":5.0},{"not_picked":["Blade Dance","Deflect"],"picked":"Escape Plan","floor":7.0}],"player_experience":2020410,"relics_obtained":[{"floor":8,"key":"Odd Mushroom"},{"floor":9,"key":"Matryoshka"}],"event_choices":[{"damage_healed":0.0,"max_hp_gain":0.0,"max_hp_loss":0.0,"gold_gain":0.0,"event_name":"Liars Game","player_choice":"Ignored","floor":3.0,"gold_loss":0.0,"damage_taken":0.0},{"cards_removed":["Strike_G"],"damage_healed":0.0,"max_hp_gain":0.0,"max_hp_loss":0.0,"gold_gain":0.0,"event_name":"Purifier","player_choice":"Purged","floor":4.0,"gold_loss":0.0,"damage_taken":0.0},{"damage_healed":0,"gold_gain":0,"player_choice":"Fought Mushrooms","damage_taken":0,"max_hp_gain":0,"max_hp_loss":0,"event_name":"Mushrooms","floor":8,"gold_loss":0},{"cards_removed":["Strike_G"],"damage_healed":0,"gold_gain":0,"player_choice":"Card Removal","damage_taken":7,"max_hp_gain":0,"max_hp_loss":0,"event_name":"Golden Wing","floor":11,"gold_loss":0}],"is_beta":false,"boss_relics":[],"items_purged_floors":[],"is_endless":false,"potions_floor_spawned":[1,2,5,8],"killed_by":"Lagavulin","ascension_level":20}}