{"host":"dkr0dog13pegamnp","time":1614000641,"event":{"mods":["AchievementEnabler","BaseMod","Minty Spire (QoL Compilation)","Rare Cards Sparkle","StSLib","SuperFastMode","everything is the same but u backflip on backflip"],"gold_per_floor":[117,117,136,136,156,156,186,219,245,245,245,259,294,312,312,312,312],"floor_reached":16,"language":"KOR","playtime":297,"items_purged":[],"score":216,"play_id":"786c1d65-4e01-49ae-8710-5d81e6c70ad4","local_time":"20210222223041","is_ascension_mode":true,"campfire_choices":[{"data":"Bouncing Flask","floor":6,"key":"SMITH"},{"data":"Backflip","floor":10,"key":"SMITH"},{"data":"Blur","floor":15,"key":"SMITH"}],"circlet_count":0,"master_deck":["AscendersBane","Strike_G","Strike_G","Strike_G","Strike_G","Strike_G+1","Defend_G","Defend_G","Defend_G","Defend_G","Defend_G","Survivor+1","Neutralize+1","Backflip+1","Bouncing Flask+1","PiercingWail","Blur+1"],"relics":["Ring of the Snake","NeowsBlessing","Art of War","Toy Ornithopter","HornCleat"],"acts_visited":["Exordium"],"potions_floor_usage":[8,8,13],"damage_taken":[{"damage":0,"enemies":"2 Louse","floor":1,"turns":1},{"damage":0,"enemies":"Cultist","floor":3,"turns":1},{"damage":0,"enemies":"Small Slimes","floor":5,"turns":1},{"damage":0,"enemies":"Lagavulin","floor":8,"turns":5},{"damage":0,"enemies":"Looter","floor":12,"turns":4},{"damage":2,"enemies":"Gremlin Nob","floor":13,"turns":4},{"damage":23,"enemies":"Gremlin Gang","floor":14,"turns":7},{"damage":36,"enemies":"Slime Boss","floor":16,"turns":10}],"seed_played":"6991317262824001692","potions_obtained":[{"floor":3,"key":"Strength Potion"},{"floor":5,"key":"ColorlessPotion"},{"floor":12,"key":"Poison Potion"}],"is_trial":false,"path_per_floor":["M","?","M","?","M","R","?","E","T","R","?","M","E","M","R","B"],"character_chosen":"THE_SILENT","items_purchased":[],"campfire_rested":0,"item_purchase_floors":[],"current_hp_per_floor":[63,63,63,49,49,49,49,49,49,49,54,54,57,34,34,0,0],"gold":312,"neow_bonus":"THREE_ENEMY_KILL","is_daily":false,"chose_seed":false,"campfire_upgraded":3,"win_rate":0.0,"timestamp":1614000641,"path_taken":["M","?","?","?","M","R","?","E","T","R","?","M","E","M","R","BOSS"],"items_purchased_type":[],"build_version":"2020-12-22","purchased_purges":0,"victory":false,"max_hp_per_floor":[70,70,70,70,70,70,70,70,70,70,75,75,75,75,75,75,75],"card_choices":[{"not_picked":["PiercingWail","Setup","Riddle With Holes"],"picked":"SKIP","floor":1},{"not_picked":["Quick Slash","Dagger Throw"],"picked":"Backflip","floor":3},{"not_picked":["Blade Dance","Outmaneuver"],"picked":"Bouncing Flask","floor":5},{"not_picked":["Blade Dance","Infinite Blades"],"picked":"PiercingWail","floor":8},{"not_picked":["Endless Agony","Catalyst"],"picked":"Blur","floor":12},{"not_picked":["Underhanded Strike","Bane","Dagger Spray"],"picked":"SKIP","floor":13},{"not_picked":["Slice","Blade Dance","Dodge and Roll"],"picked":"SKIP","floor":14}],"player_experience":89043,"relics_obtained":[{"floor":8,"key":"Art of War"},{"floor":9,"key":"Toy Ornithopter"},{"floor":13,"key":"HornCleat"}],"event_choices":[{"damage_healed":0,"gold_gain":0,"player_choice":"Upgraded","damage_taken":0,"max_hp_gain":0,"max_hp_loss":0,"event_name":"Upgrade Shrine","floor":2,"gold_loss":0,"cards_upgraded":["Neutralize"]},{"damage_healed":0,"gold_gain":0,"player_choice":"Entered Light","damage_taken":14,"max_hp_gain":0,"max_hp_loss":0,"event_name":"Shining Light","floor":4,"gold_loss":0,"cards_upgraded":["Strike_G","Survivor"]},{"damage_healed":0,"gold_gain":30,"player_choice":"Searched \u00272\u0027 times","damage_taken":0,"max_hp_gain":0,"max_hp_loss":0,"event_name":"Dead Adventurer","floor":7,"gold_loss":0},{"damage_healed":0,"gold_gain":0,"player_choice":"Donut","damage_taken":0,"max_hp_gain":5,"max_hp_loss":0,"event_name":"Big Fish","floor":11,"gold_loss":0}],"is_beta":false,"boss_relics":[],"items_purged_floors":[],"is_endless":false,"potions_floor_spawned":[3,5,12],"killed_by":"Slime Boss","ascension_level":12}}