{"host":"xsuxkwaivmtd234a","time":1614035742,"event":{"mods":["BaseMod","Bestiary","Colored Map","Minty Spire (QoL Compilation)","Relic Stats","StSLib"],"gold_per_floor":[115,128,139,139,159,198,198,238,319,340,340,382,406,483,483,483,483],"floor_reached":16,"language":"ENG","playtime":535,"items_purged":[],"score":183,"play_id":"c20213ca-15e7-4f6c-baee-10d4a710cb8a","local_time":"20210222181542","is_ascension_mode":true,"campfire_choices":[{"floor":7.0,"key":"REST"},{"data":"Flex","floor":15,"key":"SMITH"}],"circlet_count":0,"master_deck":["AscendersBane","Strike_R","Strike_R","Strike_R","Strike_R","Strike_R","Defend_R","Defend_R","Defend_R","Defend_R","Bash","Power Through","Sword Boomerang","Fire Breathing","True Grit","Battle Trance","Immolate","Flex+1","Bludgeon","Flame Barrier"],"relics":["Burning Blood","NeowsBlessing","CeramicFish","Champion Belt","Smiling Mask","White Beast Statue","Calipers"],"acts_visited":["Exordium"],"potions_floor_usage":[12,13,16,16],"damage_taken":[{"damage":0.0,"enemies":"Jaw Worm","floor":1.0,"turns":1.0},{"damage":0.0,"enemies":"2 Louse","floor":2.0,"turns":1.0},{"damage":0.0,"enemies":"Small Slimes","floor":3.0,"turns":1.0},{"damage":16.0,"enemies":"Blue Slaver","floor":5.0,"turns":4.0},{"damage":29.0,"enemies":"Lagavulin","floor":6.0,"turns":8.0},{"damage":53.0,"enemies":"Gremlin Nob","floor":8.0,"turns":6.0},{"damage":0,"enemies":"Gremlin Gang","floor":10,"turns":3},{"damage":20,"enemies":"Lagavulin","floor":12,"turns":7},{"damage":6,"enemies":"Looter","floor":13,"turns":2},{"damage":39,"enemies":"Hexaghost","floor":16,"turns":11}],"seed_played":"-992010428977384796","potions_obtained":[{"floor":1.0,"key":"SpeedPotion"},{"floor":3.0,"key":"DistilledChaos"},{"floor":5.0,"key":"Regen Potion"},{"floor":10,"key":"Weak Potion"},{"floor":12,"key":"AttackPotion"},{"floor":13,"key":"SteroidPotion"}],"is_trial":false,"path_per_floor":["M","M","M","?","M","E","R","E","T","M","?","E","M","?","R","B"],"character_chosen":"IRONCLAD","items_purchased":[],"campfire_rested":1,"item_purchase_floors":[],"current_hp_per_floor":[78,80,80,55,45,37,61,14,14,20,46,32,32,32,32,0,0],"gold":483,"neow_bonus":"THREE_ENEMY_KILL","is_daily":false,"chose_seed":false,"campfire_upgraded":1,"win_rate":0.0,"timestamp":1614035742,"path_taken":["M","M","M","?","M","E","R","E","T","M","?","E","M","?","R","BOSS"],"items_purchased_type":[],"build_version":"2020-12-22","purchased_purges":0,"victory":false,"max_hp_per_floor":[80,80,80,80,80,80,80,80,80,80,80,80,80,80,80,80,80],"relic_stats":{"counters":[10,44],"CeramicFish":54,"Champion Belt":[6],"Smiling Mask":0,"obtain_stats":[{"Calipers":12,"NeowsBlessing":0,"CeramicFish":4,"Champion Belt":6,"Smiling Mask":8,"Burning Blood":0,"White Beast Statue":9},{"Calipers":8,"NeowsBlessing":0,"CeramicFish":3,"Champion Belt":5,"Smiling Mask":6,"Burning Blood":0,"White Beast Statue":6},{"Calipers":31,"NeowsBlessing":0,"CeramicFish":3,"Champion Belt":15,"Smiling Mask":21,"Burning Blood":0,"White Beast Statue":21}],"Burning Blood":44},"card_choices":[{"not_picked":["Second Wind","Pommel Strike"],"picked":"Power Through","floor":1.0},{"not_picked":["Heavy Blade","Entrench"],"picked":"Sword Boomerang","floor":2.0},{"not_picked":["Headbutt","Spot Weakness"],"picked":"Fire Breathing","floor":3.0},{"not_picked":["Body Slam","Combust"],"picked":"True Grit","floor":5.0},{"not_picked":["Heavy Blade","Armaments"],"picked":"Battle Trance","floor":6.0},{"not_picked":["Blood for Blood","Shrug It Off"],"picked":"Immolate","floor":8.0},{"not_picked":["Pommel Strike","Twin Strike"],"picked":"Flex","floor":10},{"not_picked":["Clothesline","True Grit"],"picked":"Bludgeon","floor":12},{"not_picked":["Second Wind","Inflame"],"picked":"Flame Barrier","floor":13}],"player_experience":1348463,"relics_obtained":[{"floor":6.0,"key":"Champion Belt"},{"floor":8.0,"key":"Smiling Mask"},{"floor":9.0,"key":"White Beast Statue"},{"floor":12,"key":"Calipers"}],"event_choices":[{"damage_healed":0.0,"max_hp_gain":0.0,"max_hp_loss":0.0,"gold_gain":0.0,"event_name":"Scrap Ooze","player_choice":"Success","floor":4.0,"gold_loss":0.0,"damage_taken":25.0,"relics_obtained":["CeramicFish"]},{"damage_healed":26,"gold_gain":0,"player_choice":"Banana","damage_taken":0,"max_hp_gain":0,"max_hp_loss":0,"event_name":"Big Fish","floor":11,"gold_loss":0},{"damage_healed":0,"gold_gain":77,"player_choice":"Gained Gold","damage_taken":0,"max_hp_gain":0,"max_hp_loss":0,"event_name":"Golden Wing","floor":14,"gold_loss":0}],"is_beta":false,"boss_relics":[],"items_purged_floors":[],"is_endless":false,"potions_floor_spawned":[1,3,5,10,12,13],"killed_by":"Hexaghost","ascension_level":10}}