{"host":"pmmuxs046gii331m","time":1614015888,"event":{"mods":["AchievementEnabler","BaseMod","Colored Powertips","Downfall","Gold Saver","Infinite Spire","Minty Spire (QoL Compilation)","Permanent Neow","Quick Restart","StSLib"],"gold_per_floor":[1161,1161,1111,1111,437,527,572,617,617,662,662,752,752,797,797,1097,1097,1142,1187,1187,1232,1232,1334,1346,1403,1415,863,661,751,751,796,796,1096,1096,1141,1186,1234,1214,1259,1259,1259,1304,1304,1304,1304,1349,1394,1394,1394,1694,1694,1735,1735,1768,1802,1833,1786,1786],"floor_reached":57,"language":"ENG","playtime":4546,"items_purged":["Strike_B","White Noise","Strike_B+1"],"score":835,"play_id":"98e089ee-bc5b-4de6-964a-2b66647e5313","local_time":"20210222124448","daily_mods":["Cursed Run","Red Cards","Midas"],"is_ascension_mode":false,"campfire_choices":[{"floor":13.0,"key":"REST"},{"floor":15.0,"key":"REST"},{"floor":32.0,"key":"REST"},{"floor":40.0,"key":"REST"},{"floor":41.0,"key":"REST"},{"floor":44.0,"key":"REST"},{"floor":49.0,"key":"REST"}],"circlet_count":0,"master_deck":["Defend_B+1","Defend_B+1","Defend_B+1","Zap","Dualcast+1","Sword Boomerang","Twin Strike","Dual Wield","Seeing Red","Normality","Feed","Pain","Loop","Doubt","Creative AI","Pommel Strike","Melter+1","Shame","Consume+1","Fire Breathing","Shame","Juggernaut","Shrug It Off","Steam","Dark Embrace","Turbo","Cleave","Redo+1","Feel No Pain","Heatsinks","Decay","Streamline+1","Wild Strike+1","downfall:Haunted","Steam+1","Clumsy"],"relics":["Cursed Key","Darkstone Periapt","Du-Vu Doll","Symbiotic Virus","Lee\u0027s Waffle","MealTicket","infinitespire:SolderingIron","Blue Candle","WarpedTongs","Akabeko","Nuclear Battery","MawBank","Nunchaku","WingedGreaves","infinitespire:FocusingShard","Medical Kit","Slimebound:StickyStick","Orrery","bronze:MakeshiftBattery","Turnip","infinitespire:Cupcake"],"acts_visited":["Exordium","TheCity","TheBeyond","Exordium"],"potions_floor_usage":[57,57,57],"damage_taken":[{"damage":1.0,"enemies":"2 Louse","floor":1.0,"turns":2.0},{"damage":31.0,"enemies":"Gremlin Nob","floor":6.0,"turns":4.0},{"damage":3.0,"enemies":"Small Slimes","floor":7.0,"turns":2.0},{"damage":6.0,"enemies":"Jaw Worm","floor":8.0,"turns":2.0},{"damage":1.0,"enemies":"2 Fungi Beasts","floor":10.0,"turns":3.0},{"damage":15.0,"enemies":"Lagavulin","floor":12.0,"turns":4.0},{"damage":2.0,"enemies":"Gremlin Gang","floor":14.0,"turns":2.0},{"damage":3.0,"enemies":"Slime Boss","floor":16.0,"turns":3.0},{"damage":11.0,"enemies":"2 Thieves","floor":18.0,"turns":2.0},{"damage":1.0,"enemies":"Spheric Guardian","floor":19.0,"turns":1.0},{"damage":18.0,"enemies":"Centurion and Healer","floor":21.0,"turns":3.0},{"damage":6.0,"enemies":"Nightmare","floor":23.0,"turns":3.0},{"damage":19.0,"enemies":"Chosen and Byrds","floor":25.0,"turns":5.0},{"damage":54.0,"enemies":"Slavers","floor":29.0,"turns":5.0},{"damage":1.0,"enemies":"Snake Plant","floor":31.0,"turns":2.0},{"damage":0.0,"enemies":"Automaton","floor":33.0,"turns":1.0},{"damage":30.0,"enemies":"3 Darklings","floor":35.0,"turns":6.0},{"damage":19.0,"enemies":"3 Shapes","floor":36.0,"turns":3.0},{"damage":32.0,"enemies":"2 Orb Walkers","floor":37.0,"turns":3.0},{"damage":18.0,"enemies":"Transient","floor":39.0,"turns":5.0},{"damage":32.0,"enemies":"Sphere and 2 Shapes","floor":42.0,"turns":4.0},{"damage":13.0,"enemies":"3 Darklings","floor":46.0,"turns":3.0},{"damage":21.0,"enemies":"Jaw Worm Horde","floor":47.0,"turns":3.0},{"damage":99,"enemies":"Time Eater","floor":50,"turns":6},{"damage":0,"enemies":"Jaw Worm","floor":52,"turns":1},{"damage":2,"enemies":"Cultist","floor":54,"turns":3},{"damage":24,"enemies":"Small Slimes","floor":55,"turns":3},{"damage":23,"enemies":"2 Fungi Beasts","floor":56,"turns":3},{"damage":116,"enemies":"Nightmare","floor":57,"turns":5}],"seed_played":"-9004314451342404475","potions_obtained":[{"floor":6.0,"key":"hexamod:SoulburnPotion"},{"floor":8.0,"key":"Block Potion"},{"floor":10.0,"key":"Swift Potion"},{"floor":12.0,"key":"FearPotion"},{"floor":14.0,"key":"hexamod:SoulburnPotion"},{"floor":19.0,"key":"Strength Potion"},{"floor":29.0,"key":"bronze:BurnAndBuffPotion"},{"floor":38.0,"key":"GamblersBrew"},{"floor":47.0,"key":"LiquidMemories"},{"floor":50,"key":"SkillPotion"},{"floor":52,"key":"bronze:BurnAndBuffPotion"}],"is_trial":false,"path_per_floor":["M","?","?","?","$","E","M","M","T","M","?","E","R","M","R","B",null,"M","M","?","M","?","NM","?","M","T","$","$","E","AVR","M","R","B",null,"M","M","?","?","M","R","R","M","T","R","?","M","M","?","R","B",null,"M","?","M","M","M","NM"],"character_chosen":"DEFECT","items_purchased":["Symbiotic Virus","Lee\u0027s Waffle","MealTicket","Twin Strike","infinitespire:FocusingShard","Juggernaut","Shrug It Off","Dexterity Potion","hexamod:SoulburnPotion","Medical Kit","Steam"],"campfire_rested":7,"item_purchase_floors":[5,5,5,5,27,27,27,27,27,28,28],"current_hp_per_floor":[74,59,59,59,82,51,48,42,48,47,53,38,66,68,97,100,104,96,98,98,83,89,83,83,64,70,85,100,46,46,45,82,88,131,101,82,50,50,32,71,110,82,88,130,130,117,96,96,138,45,147,147,147,145,121,101,0,0],"gold":1786,"neow_bonus":"","is_daily":true,"chose_seed":false,"campfire_upgraded":0,"win_rate":0.0,"timestamp":1614015888,"path_taken":["M","?","?","?","$","E","M","?","T","M","?","E","R","?","R","BOSS","M","M","?","M","?","NM","?","M","T","$","$","E","AVR","?","R","BOSS","M","M","?","?","?","R","R","M","T","R","?","M","?","?","R","BOSS","M","?","M","M","M","NM"],"items_purchased_type":["Relic","Relic","Relic","Card","Relic","Card","Card","Potion","Potion","Relic","Card"],"build_version":"2020-12-22","purchased_purges":3,"victory":false,"max_hp_per_floor":[75,75,75,75,82,82,82,82,88,88,94,94,94,98,98,104,104,107,110,110,113,119,119,119,119,125,125,125,125,125,125,125,131,131,131,131,131,131,131,131,131,135,141,141,141,141,141,141,141,147,147,147,147,147,147,150,150,150],"card_choices":[{"not_picked":["BootSequence","Dropkick"],"picked":"Sword Boomerang","floor":1.0},{"not_picked":["Clothesline","Tempest"],"picked":"Dual Wield","floor":6.0},{"not_picked":["Coolheaded","Anger"],"picked":"Seeing Red","floor":7.0},{"not_picked":["Anger","Hologram","Ball Lightning"],"picked":"SKIP","floor":8.0},{"not_picked":["Blood for Blood","Storm"],"picked":"Feed","floor":10.0},{"not_picked":["Reinforced Body","Ball Lightning"],"picked":"White Noise","floor":12.0},{"not_picked":["Clothesline","Beam Cell"],"picked":"Loop","floor":14.0},{"not_picked":["Reboot","Buffer"],"picked":"Creative AI","floor":16.0},{"not_picked":["Aggregate","infinitespire:OneForAll"],"picked":"Pommel Strike","floor":18.0},{"not_picked":["Barrage","True Grit"],"picked":"Melter+1","floor":19.0},{"not_picked":["Wild Strike","True Grit","Compile Driver"],"picked":"SKIP","floor":21.0},{"not_picked":["Rage+1","Wild Strike"],"picked":"Consume+1","floor":23.0},{"not_picked":["Ball Lightning","Recycle"],"picked":"Fire Breathing","floor":25.0},{"not_picked":["Ghostly Armor","Clothesline+1"],"picked":"Dark Embrace","floor":29.0},{"not_picked":["Rebound","Scrape"],"picked":"Turbo","floor":30.0},{"not_picked":["Seeing Red+1","Rampage"],"picked":"Cleave","floor":30.0},{"not_picked":["Bloodletting","Blizzard"],"picked":"Redo+1","floor":30.0},{"not_picked":["Cleave","Clash+1"],"picked":"Feel No Pain","floor":30.0},{"not_picked":["Wild Strike+1","Havoc"],"picked":"Heatsinks","floor":31.0},{"not_picked":["Redo","Combust+1"],"picked":"Streamline+1","floor":35.0},{"not_picked":["Warcry","Cold Snap+1","Headbutt"],"picked":"SKIP","floor":36.0},{"not_picked":["Hologram+1","Dropkick"],"picked":"Wild Strike+1","floor":37.0},{"not_picked":["Stack","Infernal Blade","Beam Cell+1"],"picked":"SKIP","floor":39.0},{"not_picked":["Combust+1","Barrage+1","Go for the Eyes"],"picked":"SKIP","floor":42.0},{"not_picked":["Twin Strike+1","Conserve Battery","Perfected Strike+1"],"picked":"SKIP","floor":46.0},{"not_picked":["Heavy Blade","Headbutt"],"picked":"Steam+1","floor":47.0},{"not_picked":["Sunder","FTL","Dropkick"],"picked":"SKIP","floor":52},{"not_picked":["Flame Barrier","Cold Snap","Anger"],"picked":"SKIP","floor":54},{"not_picked":["Armaments","True Grit","Melter"],"picked":"SKIP","floor":55},{"not_picked":["Havoc","Iron Wave","Sword Boomerang"],"picked":"SKIP","floor":56}],"player_experience":580988,"relics_obtained":[{"floor":6.0,"key":"infinitespire:SolderingIron"},{"floor":9.0,"key":"Blue Candle"},{"floor":12.0,"key":"Akabeko"},{"floor":23.0,"key":"Nunchaku"},{"floor":26.0,"key":"WingedGreaves"},{"floor":29.0,"key":"Slimebound:StickyStick"},{"floor":37.0,"key":"Turnip"}],"event_choices":[{"damage_healed":0.0,"max_hp_gain":0.0,"max_hp_loss":0.0,"gold_gain":0.0,"event_name":"Shining Light","player_choice":"Entered Light","floor":2.0,"gold_loss":0.0,"damage_taken":15.0,"cards_upgraded":["Dualcast","Defend_B"]},{"cards_removed":["Strike_B"],"damage_healed":0.0,"max_hp_gain":0.0,"max_hp_loss":0.0,"gold_gain":0.0,"event_name":"The Cleric","player_choice":"Card Removal","floor":3.0,"gold_loss":50.0,"damage_taken":0.0},{"damage_healed":0.0,"max_hp_gain":0.0,"max_hp_loss":0.0,"gold_gain":0.0,"event_name":"Accursed Blacksmith","player_choice":"Rummage","floor":11.0,"gold_loss":0.0,"damage_taken":0.0,"relics_obtained":["WarpedTongs"],"cards_obtained":["Pain"]},{"damage_healed":0.0,"max_hp_gain":0.0,"max_hp_loss":0.0,"gold_gain":0.0,"event_name":"Back to Basics","player_choice":"Simplicity","floor":20.0,"gold_loss":0.0,"damage_taken":0.0,"cards_upgraded":["Strike_B","Strike_B","Defend_B","Defend_B","Defend_B"]},{"damage_healed":0.0,"max_hp_gain":0.0,"max_hp_loss":0.0,"gold_gain":0.0,"event_name":"Addict","player_choice":"Stole Relic","floor":22.0,"gold_loss":0.0,"damage_taken":0.0,"relics_obtained":["MawBank"],"cards_obtained":["Shame"]},{"cards_removed":["Defend_B"],"damage_healed":0.0,"max_hp_gain":0.0,"max_hp_loss":0.0,"gold_gain":0.0,"event_name":"Bonfire Elementals","player_choice":"Offered Basic","floor":24.0,"gold_loss":0.0,"damage_taken":0.0},{"damage_healed":0.0,"max_hp_gain":0.0,"max_hp_loss":0.0,"gold_gain":0.0,"event_name":"Mysterious Sphere","player_choice":"Fight","floor":37.0,"gold_loss":0.0,"damage_taken":0.0},{"damage_healed":0.0,"max_hp_gain":0.0,"max_hp_loss":0.0,"gold_gain":0.0,"event_name":"The Woman in Blue","player_choice":"Bought 1 Potion","floor":38.0,"gold_loss":0.0,"damage_taken":0.0},{"damage_healed":0.0,"max_hp_gain":0.0,"max_hp_loss":0.0,"gold_gain":0.0,"event_name":"Duplicator","player_choice":"Ignored","floor":45.0,"gold_loss":0.0,"damage_taken":0.0},{"cards_removed":["Strike_B"],"damage_healed":0.0,"max_hp_gain":0.0,"max_hp_loss":0.0,"gold_gain":0.0,"event_name":"Purifier","player_choice":"Purged","floor":48.0,"gold_loss":0.0,"damage_taken":0.0},{"damage_healed":0,"gold_gain":0,"player_choice":"Ignored","damage_taken":0,"max_hp_gain":0,"max_hp_loss":0,"event_name":"Fountain of Cleansing","floor":53,"gold_loss":0}],"is_beta":false,"boss_relics":[{"not_picked":["Runic Pyramid","Astrolabe"],"picked":"Nuclear Battery"},{"not_picked":["Sozu","Busted Crown"],"picked":"bronze:MakeshiftBattery"},{"not_picked":["Velvet Choker","Snecko Eye"],"picked":"infinitespire:Cupcake"}],"items_purged_floors":[5,27,30],"is_endless":true,"potions_floor_spawned":[6,8,10,12,14,19,29,31,33,36,47,50,52],"killed_by":"Nightmare","ascension_level":0}}