{"host":"5bsc0nab6whpyrbj","time":1614033850,"event":{"mods":["BaseMod","Highlight Path","Minty Spire (QoL Compilation)"],"gold_per_floor":[112,112,187,187,206,232,251,278,301,330,345,345,385,403,403,529,529,553,468,558,581,781,781,799,799,799],"floor_reached":25,"language":"ENG","playtime":502,"items_purged":[],"score":211,"play_id":"96511856-3021-47c2-8daf-263e0cb0d91b","local_time":"20210222174410","is_ascension_mode":false,"campfire_choices":[{"floor":15.0,"key":"REST"},{"floor":23.0,"key":"REST"}],"circlet_count":0,"master_deck":["Zap","Hello World","Ball Lightning","Barrage","Gash","Injury","Barrage","Multi-Cast","Ball Lightning","Steam Power","Skim","Biased Cognition","All For One","Capacitor","Steam","Blizzard","Scrape"],"relics":["Cracked Core","DataDisk","Lizard Tail","Oddly Smooth Stone","Potion Belt","Boot","Smiling Mask","Golden Idol","Toy Ornithopter","Pandora\u0027s Box","Vajra"],"acts_visited":["Exordium","TheCity"],"potions_floor_usage":[25],"damage_taken":[{"damage":0.0,"enemies":"Small Slimes","floor":1.0,"turns":2.0},{"damage":7.0,"enemies":"2 Louse","floor":5.0,"turns":2.0},{"damage":0.0,"enemies":"Cultist","floor":7.0,"turns":2.0},{"damage":33.0,"enemies":"3 Sentries","floor":10.0,"turns":5.0},{"damage":0.0,"enemies":"2 Fungi Beasts","floor":11.0,"turns":2.0},{"damage":14.0,"enemies":"Gremlin Nob","floor":13.0,"turns":4.0},{"damage":20.0,"enemies":"Looter","floor":14.0,"turns":3.0},{"damage":25.0,"enemies":"The Guardian","floor":16.0,"turns":7.0},{"damage":16.0,"enemies":"Chosen","floor":18.0,"turns":4.0},{"damage":33.0,"enemies":"2 Thieves","floor":21.0,"turns":3.0},{"damage":35.0,"enemies":"Sentry and Sphere","floor":24.0,"turns":4.0},{"damage":14,"enemies":"Snake Plant","floor":25,"turns":1}],"seed_played":"7477462760549802045","potions_obtained":[{"floor":7.0,"key":"SteroidPotion"},{"floor":11.0,"key":"FocusPotion"},{"floor":13.0,"key":"Energy Potion"},{"floor":14.0,"key":"LiquidMemories"},{"floor":21.0,"key":"Fire Potion"},{"floor":24.0,"key":"PowerPotion"}],"is_trial":false,"path_per_floor":["M","?","?","?","M","T","M","T","T","E","M","?","E","M","R","B",null,"M","?","?","M","?","R","M","M"],"character_chosen":"DEFECT","items_purchased":[],"campfire_rested":2,"item_purchase_floors":[],"current_hp_per_floor":[75,68,57,45,38,38,38,38,38,5,5,5,35,15,37,22,75,64,64,52,19,19,41,6,0,0],"gold":799,"neow_bonus":"RANDOM_COMMON_RELIC","is_daily":false,"chose_seed":false,"campfire_upgraded":0,"win_rate":0.0,"timestamp":1614033850,"path_taken":["M","?","?","?","M","?","M","?","T","E","?","?","E","M","R","BOSS","M","?","?","?","?","R","?","M"],"items_purchased_type":[],"build_version":"2020-12-22","purchased_purges":0,"victory":false,"max_hp_per_floor":[75,75,75,75,75,75,75,75,75,75,75,75,75,75,75,75,75,75,75,75,75,75,75,75,75,75],"card_choices":[{"not_picked":["Coolheaded","Melter"],"picked":"Hello World","floor":1.0},{"not_picked":["Blizzard","Undo"],"picked":"Ball Lightning","floor":5.0},{"not_picked":["Leap","Beam Cell","Undo"],"picked":"SKIP","floor":7.0},{"not_picked":["Hello World","Rebound"],"picked":"Barrage","floor":10.0},{"not_picked":["Compile Driver","Rebound"],"picked":"Gash","floor":11.0},{"not_picked":["Gash","Steam"],"picked":"Barrage","floor":13.0},{"not_picked":["Chaos","Stack","Turbo"],"picked":"SKIP","floor":14.0},{"not_picked":["Echo Form","Hyperbeam"],"picked":"Multi-Cast","floor":16.0},{"not_picked":["Sweeping Beam","Hologram","Streamline"],"picked":"SKIP","floor":18.0},{"not_picked":["Skim","Leap"],"picked":"Scrape","floor":21.0},{"not_picked":["Auto Shields+1","Rebound","Conserve Battery"],"picked":"SKIP","floor":24.0}],"player_experience":103051,"relics_obtained":[{"floor":6.0,"key":"Oddly Smooth Stone"},{"floor":8.0,"key":"Potion Belt"},{"floor":9.0,"key":"Boot"},{"floor":10.0,"key":"Smiling Mask"},{"floor":13.0,"key":"Toy Ornithopter"}],"event_choices":[{"cards_removed":["Dualcast"],"damage_healed":0.0,"max_hp_gain":0.0,"max_hp_loss":0.0,"gold_gain":0.0,"event_name":"Golden Wing","player_choice":"Card Removal","floor":2.0,"gold_loss":0.0,"damage_taken":7.0},{"damage_healed":0.0,"max_hp_gain":0.0,"max_hp_loss":0.0,"gold_gain":75.0,"event_name":"World of Goop","player_choice":"Gather Gold","floor":3.0,"gold_loss":0.0,"damage_taken":11.0},{"damage_healed":0.0,"max_hp_gain":0.0,"max_hp_loss":0.0,"gold_gain":0.0,"event_name":"Scrap Ooze","player_choice":"Success","floor":4.0,"gold_loss":0.0,"damage_taken":12.0,"relics_obtained":["Lizard Tail"]},{"damage_healed":0.0,"max_hp_gain":0.0,"max_hp_loss":0.0,"gold_gain":0.0,"event_name":"Golden Idol","player_choice":"Take Wound","floor":12.0,"gold_loss":0.0,"damage_taken":0.0,"relics_obtained":["Golden Idol"],"cards_obtained":["Injury"]},{"damage_healed":0.0,"max_hp_gain":0.0,"max_hp_loss":0.0,"gold_gain":0.0,"event_name":"Addict","player_choice":"Obtained Relic","floor":19.0,"gold_loss":85.0,"damage_taken":0.0,"relics_obtained":["Vajra"]},{"damage_healed":0.0,"max_hp_gain":0.0,"max_hp_loss":0.0,"gold_gain":90.0,"event_name":"Knowing Skull","player_choice":"GOLD ","floor":20.0,"potions_obtained":[],"gold_loss":0.0,"damage_taken":12.0,"cards_obtained":[]},{"damage_healed":0.0,"max_hp_gain":0.0,"max_hp_loss":0.0,"gold_gain":200.0,"event_name":"Wheel of Change","player_choice":"Gold","floor":22.0,"gold_loss":0.0,"damage_taken":0.0}],"is_beta":false,"boss_relics":[{"not_picked":["Runic Pyramid","Empty Cage"],"picked":"Pandora\u0027s Box"}],"items_purged_floors":[],"is_endless":false,"potions_floor_spawned":[7,11,13,14,21,24],"killed_by":"Snake Plant","ascension_level":0}}