{"host":"p5axfb00mxhraew6","time":1614003477,"event":{"mods":["100% Spire Juice","Abigail Mod","Act Like it!","BaseMod","CapriCore","Friendly Minions","GifTheSpireLib","Jedi Mod","KomeijiMod","Marisa（霧雨　魔理沙）","Minty Spire (QoL Compilation)","Prisma Mod","Reimu（博??梦）","Remilia（蕾米莉?）","SOS（斯巴?之子）","StSLib","Td1madao Mod","The Alterego","The Immortal","The Problem Sleuth","Yakumo Yukari mod"],"gold_per_floor":[231,306,319,25,41,41,41],"floor_reached":6,"language":"ENG","playtime":244,"items_purged":[],"score":72,"play_id":"2a9bc4f3-c7fb-41c5-8de2-c3cb6732fb39","local_time":"20210222231757","is_ascension_mode":true,"campfire_choices":[],"circlet_count":0,"master_deck":["AscendersBane","AT_purpleEX","AT_purpleEX","AT_purpleEX","AT_purpleEX","Defend_purpleEX","Defend_purpleEX","Defend_purpleEX","Defend_purpleEX","Observe_purple_1","Observe_purple_2","RuptureOfTimeAndSpace_purple","OmniscientAndOmnipotent_Monster_purple","CommonSense_AntiCommonSense_purple","Fancifulhole_purple","Mirror_WaveAndshot_purple","OpenedBox_purple"],"relics":["Boundary_crack","Memoryfragments_purpleEX"],"acts_visited":["Exordium"],"potions_floor_usage":[6],"damage_taken":[{"damage":10,"enemies":"Jaw Worm","floor":1,"turns":5},{"damage":11,"enemies":"Small Slimes","floor":3,"turns":5},{"damage":2,"enemies":"Cultist","floor":5,"turns":4},{"damage":27,"enemies":"3 Sentries","floor":6,"turns":6}],"seed_played":"3562812430462146876","potions_obtained":[{"floor":1,"key":"jedi:tentaclejuice"},{"floor":3,"key":"Ancient Potion"}],"is_trial":false,"path_per_floor":["M","?","M","$","M","E"],"character_chosen":"Youkari","items_purchased":["CommonSense_AntiCommonSense_purple","Fancifulhole_purple","Mirror_WaveAndshot_purple"],"campfire_rested":0,"item_purchase_floors":[4,4,4],"current_hp_per_floor":[52,41,31,31,31,4,4],"gold":41,"neow_bonus":"HUNDRED_GOLD","is_daily":false,"chose_seed":false,"campfire_upgraded":0,"win_rate":0.0,"timestamp":1614003477,"path_taken":["M","?","M","$","M","E"],"items_purchased_type":["Card","Card","Card"],"build_version":"2020-12-22","purchased_purges":0,"victory":false,"max_hp_per_floor":[65,65,65,65,65,65,65],"card_choices":[{"not_picked":["PositiveMatter_Antimatter_Universe_purple","Boundary_of_Extermination_purpleEX"],"picked":"RuptureOfTimeAndSpace_purple","floor":1},{"not_picked":["StateDuplicate_purple","ExternalForce_HighSpeedFlying_purple"],"picked":"OmniscientAndOmnipotent_Monster_purple","floor":3},{"not_picked":["Line_surface_state_purple","ExistenceContinue_purple"],"picked":"OpenedBox_purple","floor":5}],"player_experience":1254970,"relics_obtained":[],"event_choices":[{"damage_healed":0,"gold_gain":75,"player_choice":"Gather Gold","damage_taken":11,"max_hp_gain":0,"max_hp_loss":0,"event_name":"World of Goop","floor":2,"gold_loss":0}],"is_beta":false,"boss_relics":[],"items_purged_floors":[],"is_endless":false,"potions_floor_spawned":[1,3,5],"killed_by":"3 Sentries","ascension_level":20}}