{"host":"r4aerl4ckfvw1dw3","time":1614035839,"event":{"mods":["BaseMod","BetterRewards","Minty Spire (QoL Compilation)","Quick Restart","StSLib"],"gold_per_floor":[114,127,139,41,41,41,72,72,72,72,105,105,105,105,105,205,205,221,12,45,45,45,45,45],"floor_reached":23,"language":"ENG","playtime":1029,"items_purged":["Strike_G"],"score":299,"play_id":"c77c2393-495d-46b7-9b06-bb4b8ab523fd","local_time":"20210222151719","is_ascension_mode":true,"campfire_choices":[{"data":"Bouncing Flask","floor":6.0,"key":"SMITH"},{"floor":8.0,"key":"REST"},{"floor":10.0,"key":"REST"},{"data":"Catalyst","floor":13,"key":"SMITH"},{"data":"Neutralize","floor":15,"key":"SMITH"}],"circlet_count":0,"master_deck":["AscendersBane","Strike_G","Strike_G","Strike_G","Defend_G","Defend_G","Defend_G","Defend_G","Defend_G","Survivor","Neutralize+1","Dagger Throw","Underhanded Strike","Bouncing Flask+1","PiercingWail","Catalyst+1","Deflect+1","Wraith Form v2","CurseOfTheBell","Bane","Prepared","Catalyst"],"relics":["Ring of the Snake","Lantern","TungstenRod","Blue Candle","Prayer Wheel","Anchor","Calling Bell","Bag of Marbles","Question Card","Du-Vu Doll","Medical Kit","Red Mask"],"acts_visited":["Exordium","TheCity"],"potions_floor_usage":[16,18,20,20],"damage_taken":[{"damage":0.0,"enemies":"2 Louse","floor":1.0,"turns":4.0},{"damage":0.0,"enemies":"Jaw Worm","floor":2.0,"turns":5.0},{"damage":0.0,"enemies":"Cultist","floor":3.0,"turns":4.0},{"damage":47.0,"enemies":"Gremlin Nob","floor":7.0,"turns":6.0},{"damage":14,"enemies":"Lagavulin","floor":11,"turns":6},{"damage":5,"enemies":"Hexaghost","floor":16,"turns":7},{"damage":31,"enemies":"3 Byrds","floor":18,"turns":11},{"damage":18,"enemies":"Masked Bandits","floor":20,"turns":5},{"damage":17,"enemies":"Book of Stabbing","floor":23,"turns":3}],"seed_played":"8824097730153913911","potions_obtained":[{"floor":1.0,"key":"LiquidMemories"},{"floor":2.0,"key":"CultistPotion"},{"floor":16,"key":"GhostInAJar"},{"floor":18,"key":"FearPotion"}],"is_trial":false,"path_per_floor":["M","M","M","$","?","R","E","R","T","R","E","?","R","?","R","B",null,"M","$","?","?","$","E"],"character_chosen":"THE_SILENT","items_purchased":["PiercingWail","Medical Kit","Block Potion"],"campfire_rested":2,"item_purchase_floors":[4,19,19],"current_hp_per_floor":[63,63,63,63,56,56,9,30,30,51,37,37,37,37,37,32,61,30,30,12,12,12,0,0],"gold":45,"neow_bonus":"RANDOM_COMMON_RELIC","is_daily":false,"chose_seed":false,"campfire_upgraded":3,"win_rate":0.0,"timestamp":1614035839,"path_taken":["M","M","M","$","?","R","E","R","T","R","E","?","R","?","R","BOSS","M","$","?","?","?","E"],"items_purchased_type":["Card","Relic","Potion"],"build_version":"2020-12-22","purchased_purges":1,"victory":false,"max_hp_per_floor":[70,70,70,70,70,70,70,70,70,70,70,70,70,70,70,70,70,70,70,70,70,70,70,70],"card_choices":[{"not_picked":["Concentrate","Dodge and Roll"],"picked":"Dagger Throw","floor":1.0},{"not_picked":["Riddle With Holes","Bane"],"picked":"Underhanded Strike","floor":2.0},{"not_picked":["Catalyst","Setup"],"picked":"Bouncing Flask","floor":3.0},{"not_picked":["Underhanded Strike","Distraction"],"picked":"Catalyst","floor":7.0},{"not_picked":["Distraction","Underhanded Strike"],"picked":"Deflect","floor":11},{"not_picked":["Phantasmal Killer","Unload"],"picked":"Wraith Form v2","floor":16},{"not_picked":["Distraction","Bouncing Flask","Expertise"],"picked":"Bane","floor":18},{"not_picked":["Sucker Punch","Dagger Throw","Infinite Blades"],"picked":"Prepared","floor":18},{"not_picked":["Underhanded Strike","Prepared","Bouncing Flask"],"picked":"Catalyst","floor":20}],"player_experience":667640,"relics_obtained":[{"floor":7.0,"key":"Blue Candle"},{"floor":9.0,"key":"Prayer Wheel"},{"floor":11,"key":"Anchor"},{"floor":17,"key":"Bag of Marbles"},{"floor":17,"key":"Question Card"},{"floor":17,"key":"Du-Vu Doll"},{"floor":20,"key":"Red Mask"}],"event_choices":[{"damage_healed":0.0,"max_hp_gain":0.0,"max_hp_loss":0.0,"gold_gain":0.0,"event_name":"Scrap Ooze","player_choice":"Success","floor":5.0,"gold_loss":0.0,"damage_taken":7.0,"relics_obtained":["TungstenRod"]},{"cards_removed":["Strike_G"],"damage_healed":0,"gold_gain":0,"player_choice":"Forget","damage_taken":0,"max_hp_gain":0,"max_hp_loss":0,"event_name":"Living Wall","floor":12,"gold_loss":0},{"damage_healed":0,"gold_gain":0,"player_choice":"Forge","damage_taken":0,"max_hp_gain":0,"max_hp_loss":0,"event_name":"Accursed Blacksmith","floor":14,"gold_loss":0,"cards_upgraded":["Deflect"]},{"damage_healed":0,"gold_gain":0,"player_choice":"Fought Bandits","damage_taken":0,"max_hp_gain":0,"max_hp_loss":0,"event_name":"Masked Bandits","floor":20,"gold_loss":0},{"damage_healed":0,"gold_gain":0,"player_choice":"Ignored","damage_taken":0,"max_hp_gain":0,"max_hp_loss":0,"event_name":"The Mausoleum","floor":21,"gold_loss":0}],"is_beta":false,"boss_relics":[{"not_picked":["Runic Dome","Sozu"],"picked":"Calling Bell"}],"items_purged_floors":[4],"is_endless":false,"potions_floor_spawned":[1,2,16,18],"killed_by":"Book of Stabbing","ascension_level":11}}