{"host":"0r455zfix56tawas","time":1614016894,"event":{"mods":["AlwaysNeverKeys","BaseMod","Colored Powertips","Downfall","Highlight Path","Minty Spire (QoL Compilation)","StSLib","The Necromancer","The Servant 0.9.4"],"gold_per_floor":[99,112,126,139,139,139,139,158,168,179,179,179,192,226,244,340,340,340,353,363,380,394,394,394,69,79,29,29,48,48,68,85,85,85,85],"floor_reached":33,"language":"ENG","playtime":2206,"items_purged":["downfall:Haunted"],"score":257,"play_id":"e5d0f5e3-9785-4686-ab37-82f4e432d61a","local_time":"20210222190134","is_ascension_mode":false,"campfire_choices":[{"data":"Slimebound:Split","floor":1,"key":"SMITH"},{"data":"Slimebound:LevelUp","floor":6,"key":"SMITH"},{"data":"Slimebound:GrowthPunch","floor":12,"key":"SMITH"},{"data":"Slimebound:LevelUp","floor":18,"key":"SMITH"},{"floor":23,"key":"REST"},{"data":"Slimebound:LevelUp","floor":30,"key":"SMITH"}],"circlet_count":0,"master_deck":["Slimebound:Strike_Slimebound","Slimebound:Strike_Slimebound","Slimebound:Tackle","Slimebound:Defend_Slimebound","Slimebound:Defend_Slimebound","Slimebound:Defend_Slimebound","Slimebound:Defend_Slimebound","Slimebound:Split+1","Slimebound:CorrosiveSpit","Slimebound:ItLooksTasty","Slimebound:LevelUp+1","Slimebound:ItLooksTasty","Slimebound:GrowthPunch+1","Slimebound:Repurpose+1","Slimebound:SlimeSpikes","Slimebound:LevelUp+1","Slimebound:RallyTheTroops","Slimebound:LivingWall","Slimebound:SplitAcid","Slimebound:SplitBruiser","expansioncontent:DashGenerateEvil","Slimebound:LevelUp+1","Slimebound:ItLooksTasty","expansioncontent:DashGenerateEvil","Slimebound:MassFeed","Slimebound:LivingWall+1","Slimebound:RejuvenatingLick"],"relics":["Slimebound:AbsorbEndCombat","Nunchaku","Darkstone Periapt","Cursed Key","Bottled Flame"],"acts_visited":["Exordium","TheCity"],"potions_floor_usage":[14,21,33],"damage_taken":[{"damage":2,"enemies":"2 Louse","floor":2,"turns":3},{"damage":1,"enemies":"Cultist","floor":3,"turns":3},{"damage":6,"enemies":"Jaw Worm","floor":4,"turns":4},{"damage":3,"enemies":"Red Slaver","floor":8,"turns":4},{"damage":7,"enemies":"3 Louse","floor":9,"turns":4},{"damage":11,"enemies":"Large Slime","floor":10,"turns":5},{"damage":9,"enemies":"Blue Slaver","floor":13,"turns":4},{"damage":19,"enemies":"3 Sentries","floor":14,"turns":5},{"damage":1,"enemies":"Red Slaver","floor":15,"turns":4},{"damage":42,"enemies":"DF_ARCHETYPE_STREAMLINE","floor":16,"turns":9},{"damage":0,"enemies":"Chosen","floor":19,"turns":4},{"damage":17,"enemies":"downfall:LooterAlt2","floor":20,"turns":5},{"damage":24,"enemies":"Centurion and Healer","floor":21,"turns":6},{"damage":21,"enemies":"Cultist and Chosen","floor":22,"turns":6},{"damage":3,"enemies":"downfall:FleeingMerchant","floor":25,"turns":4},{"damage":31,"enemies":"Snake Plant","floor":26,"turns":5},{"damage":4,"enemies":"3 Cultists","floor":29,"turns":4},{"damage":16,"enemies":"Centurion and Healer","floor":31,"turns":7},{"damage":17,"enemies":"Snake Plant","floor":32,"turns":3},{"damage":58,"enemies":"SI_MIRROR_ARCHETYPE","floor":33,"turns":8}],"seed_played":"-1086419982620365222","potions_obtained":[{"floor":4,"key":"champ:CounterPotion"},{"floor":10,"key":"hexamod:SoulburnPotion"},{"floor":15,"key":"FearPotion"},{"floor":20,"key":"BlessingOfTheForge"},{"floor":26,"key":"Explosive Potion"},{"floor":31,"key":"BlessingOfTheForge"}],"is_trial":false,"path_per_floor":["R","M","M","M","?","R","T","M","M","M","?","R","M","E","M","B",null,"R","M","M","M","M","R","T","$","M","?","?","M","R","M","M","B"],"character_chosen":"SLIMEBOUND","items_purchased":["expansioncontent:DashGenerateEvil","Slimebound:LevelUp"],"campfire_rested":1,"item_purchase_floors":[25,25],"current_hp_per_floor":[71,71,71,67,67,67,67,71,66,63,63,63,58,41,44,10,71,71,71,62,46,33,54,60,65,42,71,71,73,73,63,50,0,0,0],"gold":85,"neow_bonus":"TEN_PERCENT_HP_BONUS","is_daily":false,"chose_seed":false,"campfire_upgraded":5,"win_rate":0.0,"timestamp":1614016894,"path_taken":["R","M","M","M","?","R","T","M","M","?","?","R","M","E","M","BOSS","R","M","M","M","M","R","T","$","M","?","?","M","R","M","M","BOSS"],"items_purchased_type":["Card","Card"],"build_version":"2020-12-22","purchased_purges":1,"victory":false,"max_hp_per_floor":[71,71,71,71,71,71,71,71,71,71,71,71,71,71,71,71,71,71,71,71,71,71,71,77,77,77,77,77,77,77,77,77,77,77,77],"card_choices":[{"not_picked":["Slimebound:Equalize","Slimebound:HauntingLick"],"picked":"Slimebound:ItLooksTasty","floor":2},{"not_picked":["Slimebound:HauntingLick","Slimebound:LeechEnergy"],"picked":"Slimebound:LevelUp","floor":3},{"not_picked":["Slimebound:SlimeBarrage","Slimebound:BestDefense","Slimebound:ViciousTackle"],"picked":"SKIP","floor":4},{"not_picked":["Slimebound:GoopTackle","Slimebound:RollThrough"],"picked":"Slimebound:ItLooksTasty","floor":8},{"not_picked":["Slimebound:ItLooksTasty","Slimebound:FormOfPuddle"],"picked":"Slimebound:GrowthPunch","floor":9},{"not_picked":["Slimebound:FinishingTackle","Slimebound:ItLooksTasty"],"picked":"Slimebound:Repurpose","floor":10},{"not_picked":["Slimebound:FormOfPuddle","Slimebound:GoopTackle","Slimebound:RollThrough"],"picked":"SKIP","floor":13},{"not_picked":["Slimebound:ComboTackle","Slimebound:Equalize"],"picked":"Slimebound:SlimeSpikes","floor":14},{"not_picked":["Slimebound:WasteNot","Slimebound:BestDefense"],"picked":"Slimebound:LevelUp","floor":15},{"not_picked":["Slimebound:PrepareCrush","Slimebound:SelfFormingGoo"],"picked":"Slimebound:RallyTheTroops","floor":16},{"not_picked":["Slimebound:HauntingLick","Slimebound:Replication"],"picked":"Slimebound:LivingWall","floor":19},{"not_picked":["Slimebound:FinishingTackle","Slimebound:FlameTackle"],"picked":"Slimebound:SplitAcid","floor":20},{"not_picked":["Slimebound:ComboTackle+1","Slimebound:ProtectTheBoss","Slimebound:LeechEnergy"],"picked":"SKIP","floor":21},{"not_picked":["Slimebound:ComboTackle","Slimebound:SamplingLick"],"picked":"Slimebound:SplitBruiser","floor":22},{"not_picked":["Slimebound:DisruptingSlam","Slimebound:FormOfPuddle+1","Slimebound:TongueLash"],"picked":"SKIP","floor":25},{"not_picked":["Slimebound:SlimeBrawl","Slimebound:LeechingTouch+1"],"picked":"Slimebound:ItLooksTasty","floor":26},{"not_picked":["Slimebound:Gluttony","Slimebound:SpikyOuterGoop"],"picked":"Slimebound:MassFeed","floor":29},{"not_picked":["Slimebound:ComboTackle","Slimebound:Prepare"],"picked":"Slimebound:LivingWall+1","floor":31},{"not_picked":["Slimebound:LeechEnergy","Slimebound:HauntingLick"],"picked":"Slimebound:RejuvenatingLick","floor":32}],"player_experience":991460,"relics_obtained":[{"floor":7,"key":"Nunchaku"},{"floor":14,"key":"Darkstone Periapt"},{"floor":24,"key":"Bottled Flame"}],"event_choices":[{"damage_healed":0,"gold_gain":0,"player_choice":"Forge","damage_taken":0,"max_hp_gain":0,"max_hp_loss":0,"event_name":"Accursed Blacksmith","floor":11,"gold_loss":0,"cards_upgraded":["Slimebound:Repurpose"]}],"is_beta":false,"boss_relics":[{"not_picked":["Runic Pyramid","Astrolabe"],"picked":"Cursed Key"}],"items_purged_floors":[25],"is_endless":false,"potions_floor_spawned":[4,10,15,20,26,31],"killed_by":"SI_MIRROR_ARCHETYPE","ascension_level":0}}