{"host":"gn4zoccfnie4id9c","time":1614026120,"event":{"mods":["AchievementEnabler","BaseMod","Colored Map","Minty Spire (QoL Compilation)"],"gold_per_floor":[211,119,119,119,119,119,132,132,132,21,39,56,71,71,71,201,201,216,216,216,9,9,9,9],"floor_reached":23,"language":"ENG","playtime":1485,"items_purged":["Decay"],"score":177,"play_id":"23aa870d-a4db-4ba5-8f75-d5c3a98fe7b7","local_time":"20210222153520","is_ascension_mode":false,"campfire_choices":[{"floor":6,"key":"REST"},{"floor":15,"key":"REST"}],"circlet_count":0,"master_deck":["Strike_P+1","Strike_P","Strike_P","Strike_P","Defend_P","Defend_P+1","Defend_P","Defend_P","Eruption+1","Vigilance","LikeWater","EmptyBody","Indignation","MentalFortress","ReachHeaven","BattleHymn","ForeignInfluence","CutThroughFate","Injury","Judgement","CurseOfTheBell","BowlingBash","Crescendo","Eruption+1"],"relics":["PureWater","TungstenRod","InkBottle","Bloody Idol","Calling Bell","Centennial Puzzle","Pantograph","Unceasing Top","MutagenicStrength","Bag of Marbles"],"acts_visited":["Exordium","TheCity"],"potions_floor_usage":[16,16],"damage_taken":[{"damage":14,"enemies":"Small Slimes","floor":1,"turns":3},{"damage":0,"enemies":"2 Louse","floor":7,"turns":2},{"damage":3,"enemies":"Cultist","floor":11,"turns":4},{"damage":3,"enemies":"2 Fungi Beasts","floor":12,"turns":2},{"damage":4,"enemies":"3 Louse","floor":13,"turns":4},{"damage":43,"enemies":"The Guardian","floor":16,"turns":13},{"damage":0,"enemies":"Chosen","floor":18,"turns":4},{"damage":80,"enemies":"Slavers","floor":23,"turns":4}],"seed_played":"-5584553717444703683","potions_obtained":[{"floor":1,"key":"SteroidPotion"},{"floor":12,"key":"SpeedPotion"}],"is_trial":false,"path_per_floor":["M","$","?","?","?","R","M","?","T","$","M","M","M","?","R","B",null,"M","?","?","$","?","E"],"character_chosen":"WATCHER","items_purchased":["EmptyBody","Indignation","ReachHeaven","Bag of Marbles","Crescendo"],"campfire_rested":2,"item_purchase_floors":[2,2,10,21,21],"current_hp_per_floor":[58,58,46,46,33,54,54,54,54,54,51,48,44,44,65,22,72,72,72,72,72,72,0,0],"gold":9,"neow_bonus":"HUNDRED_GOLD","is_daily":false,"chose_seed":false,"campfire_upgraded":0,"win_rate":0.0,"timestamp":1614026120,"path_taken":["M","$","?","?","?","R","M","?","T","$","M","M","?","?","R","BOSS","M","?","?","$","?","E"],"items_purchased_type":["Card","Card","Card","Relic","Card"],"build_version":"2020-12-22","purchased_purges":1,"victory":false,"max_hp_per_floor":[72,72,72,72,72,72,72,72,72,72,72,72,72,72,72,72,72,72,72,72,72,72,72,72],"card_choices":[{"not_picked":["Evaluate","CrushJoints"],"picked":"LikeWater","floor":1},{"not_picked":["Crescendo","Consecrate"],"picked":"MentalFortress","floor":7},{"not_picked":["WheelKick","Nirvana"],"picked":"BattleHymn","floor":11},{"not_picked":["WheelKick","EmptyMind"],"picked":"ForeignInfluence","floor":12},{"not_picked":["WheelKick","JustLucky"],"picked":"CutThroughFate","floor":13},{"not_picked":["Devotion","Blasphemy"],"picked":"Judgement","floor":16},{"not_picked":["CrushJoints","ForeignInfluence+1"],"picked":"BowlingBash","floor":18}],"player_experience":113688,"relics_obtained":[{"floor":9,"key":"InkBottle"},{"floor":17,"key":"Centennial Puzzle"},{"floor":17,"key":"Pantograph"},{"floor":17,"key":"Unceasing Top"}],"event_choices":[{"damage_healed":0,"gold_gain":0,"player_choice":"Success","damage_taken":12,"relics_obtained":["TungstenRod"],"max_hp_gain":0,"max_hp_loss":0,"event_name":"Scrap Ooze","floor":3,"gold_loss":0},{"damage_healed":0,"gold_gain":0,"player_choice":"Grow","damage_taken":0,"max_hp_gain":0,"max_hp_loss":0,"event_name":"Living Wall","floor":4,"gold_loss":0,"cards_upgraded":["Eruption"]},{"damage_healed":0,"gold_gain":0,"player_choice":"Entered Light","damage_taken":14,"max_hp_gain":0,"max_hp_loss":0,"event_name":"Shining Light","floor":5,"gold_loss":0,"cards_upgraded":["Defend_P","Strike_P"]},{"damage_healed":0,"gold_gain":0,"player_choice":"Cursed","damage_taken":0,"max_hp_gain":0,"max_hp_loss":0,"event_name":"Wheel of Change","floor":8,"gold_loss":0,"cards_obtained":["Decay"]},{"damage_healed":0,"gold_gain":0,"player_choice":"Take Wound","damage_taken":0,"relics_obtained":["Golden Idol"],"max_hp_gain":0,"max_hp_loss":0,"event_name":"Golden Idol","floor":14,"gold_loss":0,"cards_obtained":["Injury"]},{"damage_healed":0,"gold_gain":0,"player_choice":"Inject Mutagens","damage_taken":0,"relics_obtained":["MutagenicStrength"],"max_hp_gain":0,"max_hp_loss":0,"event_name":"Drug Dealer","floor":19,"gold_loss":0},{"damage_healed":0,"gold_gain":0,"player_choice":"Gave Idol","damage_taken":0,"relics_obtained":["Bloody Idol"],"max_hp_gain":0,"max_hp_loss":0,"event_name":"Forgotten Altar","floor":20,"relics_lost":["Golden Idol"],"gold_loss":0},{"damage_healed":0,"gold_gain":0,"player_choice":"Copied","damage_taken":0,"max_hp_gain":0,"max_hp_loss":0,"event_name":"Duplicator","floor":22,"gold_loss":0,"cards_obtained":["Eruption"]}],"is_beta":false,"boss_relics":[{"not_picked":["SacredBark","Empty Cage"],"picked":"Calling Bell"}],"items_purged_floors":[10],"is_endless":false,"potions_floor_spawned":[1,12],"killed_by":"Slavers","ascension_level":0}}