{"host":"bpkhhmvsfrvlto2l","time":1614014684,"event":{"mods":["2.2 Compatiblity","AchievementEnabler","Act Like it!","AlwaysNeverKeys","Aspiration","BaseMod","Better Silent Start","Challenge The Spire","Colored Map","Colored Powertips","Custom Start","Downfall","Energized Spire","Friendly Minions","GifTheSpireLib","Halation","Hubris","Infinite Spire","Ironclad Rager","Mimic Mod","Minty Spire (QoL Compilation)","Permanent Neow","Quick Restart","Random Character Button","Relic Sorter","Replay The Spire","Spikes Relics","StSLib","Stuff the Spire","Swap Starting Deck Mod","Trackpad"],"gold_per_floor":[114,114,124,124,134,134,168,168,192,192,220,220,233,244,244,344,344,361,361,379,86,105,105,140,65,65,75,89,89,48,77,77,182,182,198,198,217,117,117,117,150,164,164,164,216,235,235,235,235,235],"floor_reached":51,"language":"ENG","playtime":2089,"items_purged":["Entrench","Entrench+1"],"score":1119,"play_id":"d04edcb3-0a45-46f3-ad45-f5f75c035850","local_time":"20210222122444","is_ascension_mode":true,"campfire_choices":[{"data":"Barricade","floor":6,"key":"SMITH"},{"data":"Entrench","floor":8,"key":"SMITH"},{"data":"Entrench","floor":15,"key":"SMITH"},{"data":"Entrench","floor":23,"key":"SMITH"},{"data":"Iron Wave","floor":29,"key":"SMITH"},{"data":"Iron Wave","floor":32,"key":"SMITH"},{"data":"Iron Wave","floor":40,"key":"SMITH"},{"data":"Iron Wave","floor":44,"key":"SMITH"},{"data":"Iron Wave","floor":49,"key":"SMITH"}],"circlet_count":0,"master_deck":["Iron Wave+1","Iron Wave+1","Iron Wave+1","Iron Wave+1","Entrench+1","Barricade+1","Iron Wave+1","Iron Wave+1","infinitespire:OneForAll+1","Juggernaut+1"],"relics":["Burning Blood","hubris:Icosahedron","MealTicket","Replay:Rubber Ducky","infinitespire:Joker Card","Sandwich","Omamori","Happy Flower","King of Hearts","Golden Egg","Centennial Puzzle","hubris:Backtick","trackpad:BottledShadow","trackpad:AdjectivePendant","hubris:Towel","Question Card","Letter Opener","trackpad:IceCube"],"acts_visited":["Exordium","TheCity","TheBeyond"],"potions_floor_usage":[3,35,50],"damage_taken":[{"damage":8,"enemies":"Cultist","floor":1,"turns":6},{"damage":0,"enemies":"Jaw Worm","floor":3,"turns":3},{"damage":3,"enemies":"2 Louse","floor":5,"turns":3},{"damage":25,"enemies":"3 Sentries","floor":7,"turns":16},{"damage":19,"enemies":"Gremlin Nob","floor":11,"turns":7},{"damage":6,"enemies":"Lots of Slimes","floor":13,"turns":7},{"damage":0,"enemies":"2 Fungi Beasts","floor":14,"turns":5},{"damage":12,"enemies":"Slime Boss","floor":16,"turns":26},{"damage":0,"enemies":"3 Byrds","floor":18,"turns":6},{"damage":0,"enemies":"Shell Parasite","floor":20,"turns":4},{"damage":9,"enemies":"Centurion and Healer","floor":22,"turns":8},{"damage":5,"enemies":"Book of Stabbing","floor":24,"turns":8},{"damage":3,"enemies":"3 Cultists","floor":27,"turns":6},{"damage":0,"enemies":"Snecko","floor":28,"turns":6},{"damage":2,"enemies":"Gremlin Leader","floor":31,"turns":12},{"damage":0,"enemies":"Automaton","floor":33,"turns":13},{"damage":19,"enemies":"3 Darklings","floor":35,"turns":3},{"damage":0,"enemies":"Orb Walker","floor":37,"turns":2},{"damage":0,"enemies":"Nemesis","floor":41,"turns":3},{"damage":0,"enemies":"Sphere and 2 Shapes","floor":42,"turns":3},{"damage":6,"enemies":"Spire Growth","floor":46,"turns":3},{"damage":24,"enemies":"infinitespire:MassOfShapes","floor":50,"turns":12}],"seed_played":"7295541049892397898","potions_obtained":[{"floor":1,"key":"infinitespire:BlackPotion"},{"floor":11,"key":"SpeedPotion"},{"floor":19,"key":"ElixirPotion"},{"floor":19,"key":"Milkshake"},{"floor":27,"key":"Weak Potion"},{"floor":33,"key":"hexamod:SoulburnPotion"},{"floor":35,"key":"SteroidPotion"}],"is_trial":false,"path_per_floor":["M","$","M","?","M","R","E","R","T","?","E","?","M","M","R","B",null,"M","?","M","$","M","R","E","$","T","M","M","R","$","E","R","B",null,"M","?","M","$","?","R","E","M","T","R","T","M","?","?","R","B",null],"character_chosen":"IRONCLAD","items_purchased":["Omamori","Happy Flower","infinitespire:OneForAll"],"campfire_rested":0,"item_purchase_floors":[21,21,30],"current_hp_per_floor":[34,34,40,48,51,51,32,32,32,32,19,24,24,30,30,24,66,72,72,78,80,77,77,78,80,80,80,80,80,80,80,80,80,80,67,67,73,80,80,80,80,80,80,80,80,80,60,60,60,42],"gold":235,"neow_bonus":"","is_daily":false,"chose_seed":false,"campfire_upgraded":9,"win_rate":0.0,"timestamp":1614014684,"path_taken":["M","$","M","?","?","R","E","R","T","?","E","?","?","M","R","BOSS","M","?","M","$","M","R","E","?","T","M","M","R","?","E","R","BOSS","M","?","?","$","?","R","E","M","T","R","?","M","?","?","R","BOSS"],"items_purchased_type":["Relic","Relic","Card"],"build_version":"2020-12-22","purchased_purges":2,"victory":true,"max_hp_per_floor":[80,80,80,80,80,80,80,80,80,80,80,80,80,80,80,80,80,80,80,80,80,80,80,80,80,80,80,80,80,80,80,80,80,80,80,80,80,80,80,80,80,80,80,80,80,80,80,80,80,80],"card_choices":[{"not_picked":["Thunderclap","Twin Strike"],"picked":"Iron Wave","floor":13},{"not_picked":["Reckless Charge","Infernal Blade","Headbutt"],"picked":"SKIP","floor":14},{"not_picked":["Thunderclap","infinitespire:OneForAll","Entrench+1"],"picked":"SKIP","floor":27},{"not_picked":["Entrench+1","Flex"],"picked":"Iron Wave+1","floor":28},{"not_picked":["Berserk","Brutality"],"picked":"Juggernaut","floor":33}],"player_experience":144805,"relics_obtained":[{"floor":7,"key":"MealTicket"},{"floor":9,"key":"Replay:Rubber Ducky"},{"floor":11,"key":"infinitespire:Joker Card"},{"floor":24,"key":"King of Hearts"},{"floor":26,"key":"Golden Egg"},{"floor":31,"key":"Centennial Puzzle"},{"floor":36,"key":"trackpad:AdjectivePendant"},{"floor":41,"key":"Question Card"},{"floor":43,"key":"Letter Opener"},{"floor":45,"key":"trackpad:IceCube"}],"event_choices":[{"cards_removed":["Iron Wave"],"damage_healed":5,"gold_gain":0,"player_choice":"Offered Common","damage_taken":0,"max_hp_gain":0,"max_hp_loss":0,"event_name":"Bonfire Elementals","floor":12,"gold_loss":0},{"cards_removed":["Iron Wave"],"damage_healed":5,"gold_gain":0,"player_choice":"Offered Special","damage_taken":0,"max_hp_gain":0,"max_hp_loss":0,"event_name":"Bonfire Elementals","floor":12,"gold_loss":0},{"damage_healed":0,"gold_gain":0,"player_choice":"Got Potions","damage_taken":0,"max_hp_gain":0,"max_hp_loss":0,"event_name":"Lab","floor":19,"gold_loss":0},{"damage_healed":0,"gold_gain":0,"player_choice":"Relic","damage_taken":0,"max_hp_gain":0,"max_hp_loss":0,"event_name":"Wheel of Change","floor":36,"gold_loss":0},{"cards_removed":["Entrench"],"damage_healed":0,"gold_gain":0,"player_choice":"Removed Skill","damage_taken":0,"max_hp_gain":0,"max_hp_loss":0,"event_name":"Falling","floor":48,"gold_loss":0}],"is_beta":false,"boss_relics":[{"not_picked":["ReplayTheSpireMod:SealedPack","Mark of Pain"],"picked":"Sandwich"},{"not_picked":["trackpad:StolenKidneys","energizedSpire:RedRose"],"picked":"hubris:Backtick"}],"items_purged_floors":[25,38],"is_endless":false,"potions_floor_spawned":[1,11,20,24,27,33,35],"ascension_level":7}}