{"host":"agga6lej02o7kt08","time":1614005332,"event":{"mods":["Act Like it!","Arknights","Aspiration","BaseMod","Better Third Choice","BetterRewards","Colored Map","Colored Powertips","Hubris","Minty Spire (QoL Compilation)","Reliquary","Spicy Shops","StSLib","¡¼?Úª?ø«¡½REMEMod"],"gold_per_floor":[115,128,58,71,88,88,116,116,116,144,144,69,69,98,98,152,152,171,9,84,101,112,143,143,168,168,179,213,213,213,213],"floor_reached":30,"language":"KOR","playtime":1047,"items_purged":["Strike_R"],"score":503,"play_id":"e968d2d4-3bb8-4c2d-8d26-f22b6acd0241","local_time":"20210222234852","is_ascension_mode":true,"campfire_choices":[{"data":"Feed","floor":6,"key":"SMITH"},{"floor":13,"key":"RECALL"},{"data":"Rage","floor":15,"key":"SMITH"}],"circlet_count":0,"master_deck":["Strike_R","Strike_R","Strike_R","Strike_R","Defend_R","Defend_R","Defend_R","Defend_R","Bash","Evolve+1","REME_Cut+1","Feed+1","REME_Cut+1","Combust+1","Rage+1","Brutality+1","REME_Cut+1","Inflame+1","Inflame+1"],"relics":["Burning Blood","REME_ComplimentaryCards","Calipers","Frozen Egg 2","Blood Vial","Prayer Wheel","hubris:CuriousFeather","Pocketwatch","Lee\u0027s Waffle","Question Card","hubris:Icosahedron","reliquary:TridentHead","Nunchaku","Runic Dome","Happy Flower","aspiration:RitualStick","Juzu Bracelet","Singing Bowl","Strawberry"],"acts_visited":["Exordium","TheCity"],"potions_floor_usage":[10,16,23,27],"damage_taken":[{"damage":5,"enemies":"Cultist","floor":1,"turns":4},{"damage":0,"enemies":"Small Slimes","floor":2,"turns":3},{"damage":6,"enemies":"Jaw Worm","floor":4,"turns":3},{"damage":22,"enemies":"Exordium Thugs","floor":5,"turns":4},{"damage":21,"enemies":"3 Sentries","floor":7,"turns":5},{"damage":16,"enemies":"Gremlin Nob","floor":10,"turns":3},{"damage":15,"enemies":"3 Sentries","floor":14,"turns":5},{"damage":25,"enemies":"Hexaghost","floor":16,"turns":6},{"damage":29,"enemies":"2 Thieves","floor":18,"turns":3},{"damage":4,"enemies":"Spheric Guardian","floor":21,"turns":3},{"damage":7,"enemies":"Snecko","floor":22,"turns":4},{"damage":53,"enemies":"Gremlin Leader","floor":23,"turns":4},{"damage":33,"enemies":"Slavers","floor":25,"turns":2},{"damage":17,"enemies":"Shelled Parasite and Fungi","floor":27,"turns":3},{"damage":22,"enemies":"Gremlin Leader","floor":28,"turns":3},{"damage":0,"enemies":"Snake Plant","floor":30,"turns":1}],"seed_played":"-910363381929176978","potions_obtained":[{"floor":2,"key":"LiquidBronze"},{"floor":4,"key":"Dexterity Potion"},{"floor":7,"key":"FearPotion"},{"floor":10,"key":"Energy Potion"},{"floor":21,"key":"BloodPotion"},{"floor":25,"key":"Regen Potion"},{"floor":28,"key":"Fire Potion"}],"is_trial":false,"path_per_floor":["M","M","$","M","M","R","E","?","T","E","?","$","R","E","R","B",null,"M","$","?","M","M","E","?","E","T","M","E","?","M"],"character_chosen":"IRONCLAD","items_purchased":["Frozen Egg 2","Blood Vial","hubris:CuriousFeather","Lee\u0027s Waffle","REME_Cut+1","Inflame+1"],"campfire_rested":0,"item_purchase_floors":[0,0,0,0,3,19],"current_hp_per_floor":[87,87,87,87,74,74,65,65,65,57,48,48,48,45,45,32,102,83,83,73,81,86,67,43,18,18,26,25,25,27,27],"gold":213,"neow_bonus":"","is_daily":false,"chose_seed":false,"campfire_upgraded":2,"win_rate":0.0,"timestamp":1614005332,"path_taken":["M","?","$","M","M","R","E","?","T","E","?","$","R","E","R","BOSS","M","$","?","M","?","E","?","E","T","M","E","?","M"],"items_purchased_type":["Relic","Relic","Relic","Relic","Card","Card"],"build_version":"2020-12-22","purchased_purges":1,"victory":false,"max_hp_per_floor":[87,87,87,87,90,90,94,94,94,94,94,94,94,98,98,102,102,106,106,106,110,114,118,118,118,118,126,139,139,139,139],"card_choices":[{"not_picked":["Metallicize+1","Iron Wave"],"picked":"Evolve+1","floor":1},{"not_picked":["True Grit","Searing Blow","Body Slam"],"picked":"SKIP","floor":1},{"not_picked":["Iron Wave","Thunderclap","Sentinel"],"picked":"SKIP","floor":2},{"not_picked":["Whirlwind","Spot Weakness","Twin Strike"],"picked":"SKIP","floor":2},{"not_picked":["Twin Strike","Headbutt"],"picked":"Feed","floor":4},{"not_picked":["Armaments","Infernal Blade"],"picked":"REME_Cut+1","floor":4},{"not_picked":["Headbutt","Carnage"],"picked":"Combust+1","floor":5},{"not_picked":["Anger","Power Through","Pommel Strike"],"picked":"SKIP","floor":5},{"not_picked":["Spot Weakness","Carnage","Warcry"],"picked":"SKIP","floor":7},{"not_picked":["Perfected Strike","Havoc","Wild Strike","Carnage"],"picked":"SKIP","floor":10},{"not_picked":["Battle Trance","Warcry","Flex"],"picked":"Rage","floor":14},{"not_picked":["Reaper","Juggernaut+1","REME_Fury"],"picked":"Brutality+1","floor":16},{"not_picked":["Carnage","Twin Strike","Body Slam+1"],"picked":"REME_Cut+1","floor":18},{"not_picked":["Wild Strike","Armaments","Heavy Blade","hubris:ReadiedAction"],"picked":"SKIP","floor":18},{"not_picked":["Perfected Strike+1","True Grit+1","Headbutt+1","Anger"],"picked":"SKIP","floor":21},{"not_picked":["Iron Wave","Impervious","Carnage","Heavy Blade+1"],"picked":"SKIP","floor":21},{"not_picked":["Perfected Strike+1","True Grit+1","Headbutt+1","Anger"],"picked":"SKIP","floor":21},{"not_picked":["Iron Wave","Impervious","Carnage","Heavy Blade+1"],"picked":"SKIP","floor":21},{"not_picked":["Clothesline","Clash","Sentinel+1","Ghostly Armor"],"picked":"SKIP","floor":22},{"not_picked":["Body Slam+1","Pommel Strike","Metallicize+1","Warcry"],"picked":"SKIP","floor":22},{"not_picked":["hubris:SharpeningStone","Ghostly Armor","Hemokinesis"],"picked":"Inflame+1","floor":23},{"not_picked":["Flex","Perfected Strike","REME_FearOfPain+1","Cleave"],"picked":"SKIP","floor":25},{"not_picked":["Juggernaut+1","True Grit","Dark Embrace+1","hubris:ReadiedAction"],"picked":"Singing Bowl","floor":27},{"not_picked":["True Grit","REME_Cut+1","Exhume","Second Wind"],"picked":"Singing Bowl","floor":27},{"not_picked":["Flex","Rage","Shrug It Off+1","Cleave+1"],"picked":"Singing Bowl","floor":28}],"player_experience":889227,"relics_obtained":[{"floor":7,"key":"Question Card"},{"floor":10,"key":"reliquary:TridentHead"},{"floor":14,"key":"Nunchaku"},{"floor":23,"key":"Happy Flower"},{"floor":25,"key":"Juzu Bracelet"},{"floor":26,"key":"Singing Bowl"},{"floor":28,"key":"Strawberry"}],"event_choices":[{"damage_healed":0,"gold_gain":0,"player_choice":"Damaged","damage_taken":9,"max_hp_gain":0,"max_hp_loss":0,"event_name":"Wheel of Change","floor":11,"gold_loss":0},{"damage_healed":0,"gold_gain":75,"player_choice":"Touch","damage_taken":10,"max_hp_gain":0,"max_hp_loss":0,"event_name":"FaceTrader","floor":20,"gold_loss":0}],"is_beta":false,"boss_relics":[{"not_picked":["aspiration:RunicSpoon","Runic Cube"],"picked":"Runic Dome"}],"items_purged_floors":[12],"is_endless":false,"potions_floor_spawned":[2,4,7,10,21,25,28],"killed_by":"Snake Plant","ascension_level":1}}