{"host":"xwl7b08i4vco8s3a","time":1614024097,"event":{"mods":["BaseMod","Colored Powertips","Downfall","Hermit","Minty Spire (QoL Compilation)","Replay The Spire","StSLib","Wandering Minibosses"],"gold_per_floor":[99,99,99,22,22,56,56,56,231,131,195,230,62,72,95,95,95,95],"floor_reached":16,"language":"ENG","playtime":949,"items_purged":[],"score":104,"play_id":"57090941-e917-44d6-9bfd-aab6601b1cc0","local_time":"20210222210137","is_ascension_mode":false,"campfire_choices":[{"floor":1,"key":"RECALL"},{"data":"Guardian:PiercingHide","floor":8,"key":"SMITH"},{"data":"Guardian:TwinSlam","floor":10,"key":"SMITH"}],"circlet_count":0,"master_deck":["Guardian:Strike_Guardian","Guardian:Strike_Guardian","Guardian:Strike_Guardian","Guardian:Defend_Guardian","Guardian:Defend_Guardian","Guardian:Defend_Guardian","Guardian:Defend_Guardian","Guardian:CurlUp","Guardian:TwinSlam+1","Guardian:PiercingHide+1","Doubt","Guardian:PrimingBeam","Guardian:ArmoredProtocol","Guardian:FierceBash","Guardian:Gem_Fragmented","Guardian:VentSteam"],"relics":["Guardian:ModeShifter","downfall:HeartsMalice","Replay:Wax Seal","Ornamental Fan","downfall:HeartBlessingRed","Potion Belt","Ancient Tea Set","Blue Doll"],"acts_visited":["Exordium"],"potions_floor_usage":[12,16,16,16],"damage_taken":[{"damage":0,"enemies":"2 Louse","floor":2,"turns":1},{"damage":0,"enemies":"Jaw Worm","floor":3,"turns":1},{"damage":0,"enemies":"downfall:FleeingMerchant","floor":4,"turns":1},{"damage":27,"enemies":"Replay:BlueRogue","floor":6,"turns":13},{"damage":30,"enemies":"Lagavulin Event","floor":11,"turns":9},{"damage":2,"enemies":"Gremlin Nob","floor":12,"turns":5},{"damage":0,"enemies":"downfall:FleeingMerchant","floor":13,"turns":4},{"damage":0,"enemies":"Small Slimes","floor":14,"turns":3},{"damage":1,"enemies":"Exordium Wildlife","floor":15,"turns":6},{"damage":22,"enemies":"IC_STATUS_ARCHETYPE","floor":16,"turns":8}],"seed_played":"2938585676986266616","potions_obtained":[{"floor":6,"key":"Elixir"},{"floor":11,"key":"champ:CounterPotion"},{"floor":12,"key":"Block Potion"},{"floor":14,"key":"hexamod:SoulburnPotion"}],"is_trial":false,"path_per_floor":["R","M","M","$","?","E","T","R","?","R","?","E","$","M","M","B"],"character_chosen":"GUARDIAN","items_purchased":["Replay:Wax Seal","Blue Doll"],"campfire_rested":0,"item_purchase_floors":[4,13],"current_hp_per_floor":[80,80,80,80,80,53,53,53,53,53,23,21,21,21,20,0,0,0],"gold":95,"neow_bonus":"THREE_ENEMY_KILL","is_daily":false,"chose_seed":false,"campfire_upgraded":2,"win_rate":0.0,"timestamp":1614024097,"path_taken":["R","M","M","$","?","E","T","R","?","R","?","E","$","M","M","BOSS"],"items_purchased_type":["Relic","Relic"],"build_version":"2020-12-22","purchased_purges":0,"victory":false,"max_hp_per_floor":[80,80,80,80,80,80,80,80,80,80,80,80,80,80,80,80,80,80],"card_choices":[{"not_picked":["Guardian:Incinerate","Guardian:WalkerClaw","Guardian:PolyBeam"],"picked":"SKIP","floor":2},{"not_picked":["Guardian:Reroute","Guardian:CrystalBeam"],"picked":"Guardian:Gem_Lightblue","floor":3},{"not_picked":["Guardian:BodySlam","Guardian:DonusPower"],"picked":"Guardian:PiercingHide","floor":4},{"not_picked":["Guardian:Gem_Yellow","Guardian:TimeBomb"],"picked":"Guardian:Gem_Fragmented","floor":6},{"not_picked":["Guardian:DonusPower","Guardian:Gem_Lightblue"],"picked":"Guardian:PrimingBeam","floor":11},{"not_picked":["Guardian:RefractedBeam","Guardian:RollAttack"],"picked":"Guardian:ArmoredProtocol","floor":12},{"not_picked":["Guardian:TemporalStrike","Guardian:ShieldCharger"],"picked":"Guardian:FierceBash","floor":13},{"not_picked":["Guardian:Reroute","Guardian:WalkerClaw"],"picked":"Guardian:Gem_Fragmented","floor":14},{"not_picked":["Guardian:TemporalStrike","Guardian:TimeCapacitor"],"picked":"Guardian:VentSteam","floor":15}],"player_experience":436120,"relics_obtained":[{"floor":6,"key":"Ornamental Fan"},{"floor":11,"key":"Potion Belt"},{"floor":12,"key":"Ancient Tea Set"}],"event_choices":[],"is_beta":false,"boss_relics":[],"items_purged_floors":[],"is_endless":false,"potions_floor_spawned":[6,11,12,14],"killed_by":"IC_STATUS_ARCHETYPE","ascension_level":0}}