{"host":"hnflc3t7qut4yf6t","time":1614019086,"event":{"mods":["BaseMod","Minty Spire (QoL Compilation)","Random Character Button","Relic Stats","Slay-I"],"gold_per_floor":[117,137,150,163,179,199,199,213,213,232,232,232,249,266,266,266,266],"floor_reached":16,"language":"ENG","playtime":784,"items_purged":[],"score":100,"play_id":"9a413524-98b1-46ce-b8fe-af014c514154","local_time":"20210222193806","is_ascension_mode":false,"campfire_choices":[{"data":"Ghostly Armor","floor":7,"key":"SMITH"},{"data":"Armaments","floor":11,"key":"SMITH"},{"data":"True Grit","floor":15,"key":"SMITH"}],"circlet_count":0,"master_deck":["Strike_R","Strike_R","Strike_R","Strike_R","Defend_R","Defend_R","Defend_R","Defend_R","Bash","Seeing Red","Ghostly Armor+1","True Grit","Armaments+1","Brutality","Twin Strike","True Grit+1","Searing Blow","Twin Strike","Dark Embrace"],"relics":["Burning Blood","NeowsBlessing","Mango"],"acts_visited":["Exordium"],"potions_floor_usage":[13,16,16],"damage_taken":[{"damage":0,"enemies":"Cultist","floor":1,"turns":1},{"damage":0,"enemies":"Jaw Worm","floor":2,"turns":1},{"damage":0,"enemies":"2 Louse","floor":3,"turns":1},{"damage":12,"enemies":"Large Slime","floor":4,"turns":8},{"damage":9,"enemies":"Blue Slaver","floor":5,"turns":4},{"damage":18,"enemies":"Exordium Thugs","floor":6,"turns":6},{"damage":7,"enemies":"3 Louse","floor":8,"turns":5},{"damage":6,"enemies":"Exordium Wildlife","floor":10,"turns":5},{"damage":18,"enemies":"Gremlin Gang","floor":13,"turns":6},{"damage":6,"enemies":"Large Slime","floor":14,"turns":7},{"damage":95,"enemies":"Hexaghost","floor":16,"turns":16}],"seed_played":"926350074809236079","potions_obtained":[{"floor":2,"key":"FairyPotion"},{"floor":4,"key":"ColorlessPotion"},{"floor":6,"key":"SkillPotion"},{"floor":13,"key":"Regen Potion"}],"is_trial":false,"path_per_floor":["M","M","M","M","M","M","R","M","T","M","R","?","M","M","R","B"],"character_chosen":"IRONCLAD","items_purchased":[],"campfire_rested":0,"item_purchase_floors":[],"current_hp_per_floor":[80,80,80,74,71,59,59,58,72,72,72,72,60,60,60,0,0],"gold":266,"neow_bonus":"THREE_ENEMY_KILL","is_daily":false,"chose_seed":false,"campfire_upgraded":3,"win_rate":0.0,"timestamp":1614019086,"path_taken":["M","M","M","?","M","M","R","M","T","M","R","?","?","M","R","BOSS"],"items_purchased_type":[],"build_version":"2020-12-22","purchased_purges":0,"victory":false,"max_hp_per_floor":[80,80,80,80,80,80,80,80,94,94,94,94,94,94,94,94,94],"relic_stats":{"counters":[11,60],"obtain_stats":[{"NeowsBlessing":0,"Mango":9,"Burning Blood":0},{"NeowsBlessing":0,"Mango":7,"Burning Blood":0},{"NeowsBlessing":0,"Mango":26,"Burning Blood":0}],"Burning Blood":42},"card_choices":[{"not_picked":["Anger","Thunderclap"],"picked":"Seeing Red","floor":1},{"not_picked":["Twin Strike","Perfected Strike"],"picked":"Ghostly Armor","floor":2},{"not_picked":["Warcry","Armaments"],"picked":"True Grit","floor":3},{"not_picked":["Uppercut","Clothesline"],"picked":"Armaments","floor":4},{"not_picked":["Metallicize","Sever Soul"],"picked":"Brutality","floor":5},{"not_picked":["Cleave","Metallicize"],"picked":"Twin Strike","floor":6},{"not_picked":["Entrench","Perfected Strike"],"picked":"True Grit","floor":8},{"not_picked":["Flex","True Grit"],"picked":"Searing Blow","floor":10},{"not_picked":["Anger","Shrug It Off"],"picked":"Twin Strike","floor":13},{"not_picked":["True Grit","Iron Wave"],"picked":"Dark Embrace","floor":14}],"player_experience":13017,"relics_obtained":[{"floor":9,"key":"Mango"}],"event_choices":[{"cards_removed":["Strike_R"],"damage_healed":0,"gold_gain":0,"player_choice":"Purged","damage_taken":0,"max_hp_gain":0,"max_hp_loss":0,"event_name":"Purifier","floor":12,"gold_loss":0}],"is_beta":false,"boss_relics":[],"items_purged_floors":[],"is_endless":false,"potions_floor_spawned":[2,4,6,13,14],"killed_by":"Hexaghost","ascension_level":0}}