{"host":"poixavpewvabi3b6","time":1614005562,"event":{"mods":["BaseMod","DeckTracker","GungeonMod","Minty Spire (QoL Compilation)","StSLib"],"gold_per_floor":[119,119,139,152,26,59,59,83,83,130,144,157,157,157,157,256,256,271,291,216,116,116,116,160,160,160,160,85,102,102,27,27,162,162,174,193,23,23,35,35,47,47,47,72,122,122,138,138,138,138,138,138,138,138,138],"floor_reached":54,"language":"KOR","playtime":2620,"items_purged":["DemoMod:Strike_Huntress","DemoMod:Defend_Huntress","DemoMod:Strike_Huntress"],"score":736,"play_id":"bed0d8b7-2435-4018-87fd-6f7059f91036","local_time":"20210222235242","is_ascension_mode":false,"campfire_choices":[{"data":"DemoMod:Defend_Huntress","floor":7,"key":"PURGE"},{"floor":15,"key":"REST"},{"floor":23,"key":"RECALL"},{"floor":25,"key":"REST"},{"floor":32,"key":"REST"},{"floor":40,"key":"REST"},{"floor":46,"key":"REST"},{"data":"DemoMod:Strike_Huntress","floor":49,"key":"PURGE"},{"data":"DemoMod:GunslingerForm","floor":52,"key":"SMITH"}],"circlet_count":0,"master_deck":["DemoMod:Defend_Huntress","DemoMod:Roll","DemoMod:ManualReload","DemoMod:RustySidearm","DemoMod:CrossBow","DemoMod:TeaPot","DemoMod:GunstockTap","DemoMod:LifeOrb","DemoMod:TeaPot","DemoMod:HungryBullets","DemoMod:HardPowerCard","DemoMod:PotionOfGunFriendShip","DemoMod:BlankBullets","DemoMod:HuntsMan+1","DemoMod:Evolver","DemoMod:SpreadAmmo","DemoMod:EasyReloadBullets","DemoMod:SpreadAmmo+1","DemoMod:GunslingerForm+1","DemoMod:TeaPot+1","DemoMod:LifeOrb","DemoMod:TeaPot","DemoMod:PracticeMakesPerfect+1","Panache"],"relics":["DemoMod:Dog","NeowsBlessing","Peace Pipe","Odd Mushroom","DemoMod:MonsterBlood","Shuriken","Darkstone Periapt","DemoMod:BlueGuonStone","DemoMod:Test1","DemoMod:Ammonomicon","WingedGreaves","DemoMod:Wolf","Juzu Bracelet","DemoMod:OrangeGuonStone","Oddly Smooth Stone","Ginger","Question Card"],"acts_visited":["Exordium","TheCity","TheBeyond","TheEnding"],"potions_floor_usage":[10,10,10,16,33,39,41,45,45,47],"damage_taken":[{"damage":0,"enemies":"2 Louse","floor":1,"turns":1},{"damage":0,"enemies":"Cultist","floor":3,"turns":1},{"damage":0,"enemies":"Small Slimes","floor":4,"turns":2},{"damage":31,"enemies":"Gremlin Nob","floor":6,"turns":4},{"damage":15,"enemies":"The Mushroom Lair","floor":8,"turns":4},{"damage":19,"enemies":"3 Sentries","floor":10,"turns":5},{"damage":7,"enemies":"Blue Slaver","floor":11,"turns":3},{"damage":4,"enemies":"2 Fungi Beasts","floor":12,"turns":3},{"damage":27,"enemies":"Hexaghost","floor":16,"turns":7},{"damage":17,"enemies":"2 Thieves","floor":18,"turns":5},{"damage":7,"enemies":"Spheric Guardian","floor":19,"turns":5},{"damage":15,"enemies":"Slavers","floor":24,"turns":6},{"damage":36,"enemies":"Snake Plant","floor":29,"turns":4},{"damage":30,"enemies":"Collector","floor":33,"turns":8},{"damage":7,"enemies":"3 Shapes","floor":35,"turns":4},{"damage":24,"enemies":"3 Darklings","floor":36,"turns":4},{"damage":13,"enemies":"Writhing Mass","floor":39,"turns":6},{"damage":24,"enemies":"Transient","floor":41,"turns":5},{"damage":13,"enemies":"Mind Bloom Boss Battle","floor":45,"turns":4},{"damage":0,"enemies":"Maw","floor":47,"turns":4},{"damage":16,"enemies":"Time Eater","floor":50,"turns":7},{"damage":89,"enemies":"Shield and Spear","floor":54,"turns":5}],"seed_played":"2242456631912473815","potions_obtained":[{"floor":1,"key":"Block Potion"},{"floor":2,"key":"CultistPotion"},{"floor":2,"key":"Regen Potion"},{"floor":2,"key":"Fruit Juice"},{"floor":10,"key":"LiquidBronze"},{"floor":16,"key":"ColorlessPotion"},{"floor":19,"key":"Block Potion"},{"floor":24,"key":"LiquidMemories"},{"floor":33,"key":"Dexterity Potion"},{"floor":39,"key":"SkillPotion"},{"floor":41,"key":"BlessingOfTheForge"}],"is_trial":false,"path_per_floor":["M","?","M","M","$","E","R","?","T","E","M","M","T","?","R","B",null,"M","M","?","$","?","R","E","R","T","?","$","M","?","?","R","B",null,"M","M","$","?","M","R","M","?","T","T","?","R","M","?","R","B",null,"R","$","E"],"character_chosen":"HUNTRESS","items_purchased":["DemoMod:TeaPot","DemoMod:EasyReloadBullets","DemoMod:TeaPot"],"campfire_rested":5,"item_purchase_floors":[5,28,37],"current_hp_per_floor":[70,70,70,70,70,39,39,24,31,31,24,20,20,27,53,26,89,72,65,65,65,65,65,50,76,76,76,76,40,40,40,66,36,89,82,58,58,58,45,70,46,46,46,46,33,58,58,58,58,42,85,85,85,0,0],"gold":138,"neow_bonus":"THREE_ENEMY_KILL","is_daily":false,"chose_seed":false,"campfire_upgraded":1,"win_rate":0.0,"timestamp":1614005562,"path_taken":["M","?","M","?","$","E","R","?","T","E","M","M","?","?","R","BOSS","M","M","?","$","?","R","E","R","T","?","$","?","?","?","R","BOSS","M","M","$","?","M","R","M","?","T","?","?","R","M","?","R","BOSS","R","$","E"],"items_purchased_type":["Card","Card","Card"],"build_version":"2020-12-22","purchased_purges":3,"victory":false,"max_hp_per_floor":[70,70,70,70,70,70,70,70,77,82,82,82,82,89,89,89,89,89,89,89,89,89,89,89,89,89,89,89,89,89,89,89,89,89,89,89,89,85,85,85,85,85,85,85,85,85,85,85,85,85,85,85,85,85,85],"card_choices":[{"not_picked":["DemoMod:CombinedRifle","DemoMod:JK47"],"picked":"DemoMod:TeaPot","floor":1},{"not_picked":["DemoMod:GunShield","DemoMod:BoxingGlove"],"picked":"DemoMod:GunstockTap","floor":3},{"not_picked":["DemoMod:FeignSurrender","DemoMod:StickyCrossBow"],"picked":"DemoMod:LifeOrb","floor":4},{"not_picked":["DemoMod:HardPowerCard","DemoMod:Unmoved","DemoMod:BalloonGun"],"picked":"SKIP","floor":6},{"not_picked":["DemoMod:FastSwitch","DemoMod:GunstockTap"],"picked":"DemoMod:HungryBullets","floor":10},{"not_picked":["DemoMod:ConditionalReflex","DemoMod:GunstockTap"],"picked":"DemoMod:HardPowerCard","floor":11},{"not_picked":["DemoMod:HardPowerCard","DemoMod:CombinedRifle"],"picked":"DemoMod:PotionOfGunFriendShip","floor":12},{"not_picked":["DemoMod:Desperate","DemoMod:BlackHoleGun"],"picked":"DemoMod:BlankBullets","floor":16},{"not_picked":["DemoMod:DirectionalPad","DemoMod:HardPowerCard"],"picked":"DemoMod:HuntsMan+1","floor":18},{"not_picked":["DemoMod:HuntsMan","DemoMod:Rummage+1"],"picked":"DemoMod:Evolver","floor":19},{"not_picked":["DemoMod:HuntsMan+1","DemoMod:BoxingGlove"],"picked":"DemoMod:SpreadAmmo","floor":24},{"not_picked":["DemoMod:Elimentaler","DemoMod:HighKaliber+1"],"picked":"DemoMod:SpreadAmmo+1","floor":29},{"not_picked":["DemoMod:Eureka","DemoMod:Slinger"],"picked":"DemoMod:GunslingerForm","floor":33},{"not_picked":["DemoMod:TripleGun","DemoMod:JK47"],"picked":"DemoMod:TeaPot+1","floor":35},{"not_picked":["DemoMod:Rummage+1","DemoMod:Evolver"],"picked":"DemoMod:LifeOrb","floor":36},{"not_picked":["DemoMod:ConditionalReflex","DemoMod:JK47","DemoMod:FastSwitch"],"picked":"SKIP","floor":39},{"not_picked":["DemoMod:GunstockTap","DemoMod:RadGun","DemoMod:AC15"],"picked":"SKIP","floor":41},{"not_picked":["DemoMod:AbyssalTentacle","DemoMod:BoxingGlove"],"picked":"DemoMod:PracticeMakesPerfect+1","floor":45},{"not_picked":["DemoMod:GunstockTap","DemoMod:EasyReloadBullets","DemoMod:RadGun"],"picked":"SKIP","floor":47},{"not_picked":["Dark Shackles","Transmutation","Trip"],"picked":"Panache","floor":48}],"player_experience":156601,"relics_obtained":[{"floor":6,"key":"Peace Pipe"},{"floor":8,"key":"Odd Mushroom"},{"floor":9,"key":"DemoMod:MonsterBlood"},{"floor":10,"key":"Shuriken"},{"floor":11,"key":"Darkstone Periapt"},{"floor":13,"key":"DemoMod:BlueGuonStone"},{"floor":24,"key":"WingedGreaves"},{"floor":39,"key":"Juzu Bracelet"},{"floor":43,"key":"DemoMod:OrangeGuonStone"},{"floor":44,"key":"Oddly Smooth Stone"},{"floor":45,"key":"Ginger"},{"floor":47,"key":"Question Card"}],"event_choices":[{"damage_healed":0,"gold_gain":0,"player_choice":"Got Potions","damage_taken":0,"max_hp_gain":0,"max_hp_loss":0,"event_name":"Lab","floor":2,"gold_loss":0},{"damage_healed":0,"gold_gain":0,"player_choice":"Fought Mushrooms","damage_taken":0,"max_hp_gain":0,"max_hp_loss":0,"event_name":"Mushrooms","floor":8,"gold_loss":0},{"cards_removed":["DemoMod:Defend_Huntress"],"damage_healed":0,"gold_gain":0,"player_choice":"Gave Gold","damage_taken":0,"max_hp_gain":0,"max_hp_loss":0,"event_name":"Beggar","floor":20,"gold_loss":75},{"damage_healed":0,"gold_gain":0,"player_choice":"Ignored","damage_taken":0,"max_hp_gain":0,"max_hp_loss":0,"event_name":"Cursed Tome","floor":27,"gold_loss":0},{"damage_healed":0,"gold_gain":0,"player_choice":"Ignored","damage_taken":0,"max_hp_gain":0,"max_hp_loss":0,"event_name":"Ghosts","floor":30,"gold_loss":0},{"damage_healed":0,"gold_gain":0,"player_choice":"Max HP","damage_taken":0,"max_hp_gain":0,"max_hp_loss":4,"event_name":"Winding Halls","floor":38,"gold_loss":0},{"damage_healed":0,"gold_gain":0,"player_choice":"Ignored","damage_taken":0,"max_hp_gain":0,"max_hp_loss":0,"event_name":"Mysterious Sphere","floor":42,"gold_loss":0},{"damage_healed":0,"gold_gain":0,"player_choice":"Fight","damage_taken":0,"max_hp_gain":0,"max_hp_loss":0,"event_name":"MindBloom","floor":45,"gold_loss":0},{"damage_healed":0,"gold_gain":0,"player_choice":"Memory 1","damage_taken":0,"max_hp_gain":0,"max_hp_loss":0,"event_name":"SensoryStone","floor":48,"gold_loss":0}],"is_beta":false,"boss_relics":[{"not_picked":["Runic Pyramid","DemoMod:ElasticCartridgeClip"],"picked":"DemoMod:Test1"},{"not_picked":["Sozu","Busted Crown"],"picked":"DemoMod:Wolf"}],"items_purged_floors":[5,21,37],"is_endless":false,"potions_floor_spawned":[1,3,10,16,19,24,33,39,41],"killed_by":"Shield and Spear","ascension_level":0}}