{"host":"xp5rvh2jwe2ejyfm","time":1614006792,"event":{"mods":["2.2 Compatiblity","Aspiration","Bard","BaseMod","Beaked The Cultist","Better Altar","Better Match","Better Note","Better Sensory Stone","Better Skull","BetterRewards","Colored Powertips","Conspire","Downfall","GifTheSpireLib","Gremlin Mod","GungeonMod","Hermit","Hubris","Jorbs\u0027s Wanderer Trilogy","Mad Scientist","Minty Spire (QoL Compilation)","Potionbrewer","Quick Restart","Replay The Spire","Robot Space Explorer","Shade Mod","Somnambulant","StSLib","The Bug Knight","The Clintock","The Construct","The Cursed","The Disciple","The Forsaken","The Hierophant","The Marked","The Mystic","The Necromancer","The Runesmith","The Servant 0.9.4","The Valiant","The Witch","TheFirefly","TheVacant","thorton"],"gold_per_floor":[113,3,19,30,42,42,60,60,60,60,60,74,174,97,97,198,198,217,232,160,160,89,89,105,121,121,221,221],"floor_reached":27,"language":"ENG","playtime":1269,"items_purged":[],"score":205,"play_id":"909b7976-db5c-4716-a2c3-bc3f0f56acba","local_time":"20210222101312","is_ascension_mode":false,"campfire_choices":[{"floor":6,"key":"REST"},{"floor":8,"key":"REST"},{"floor":11,"key":"RECALL"},{"floor":15,"key":"REST"},{"floor":23,"key":"REST"}],"circlet_count":0,"master_deck":["MadScienceMod:Strike_MadScience","MadScienceMod:Strike_MadScience","MadScienceMod:Strike_MadScience","MadScienceMod:Strike_MadScience","MadScienceMod:Defend_MadScience","MadScienceMod:Defend_MadScience","MadScienceMod:Defend_MadScience","MadScienceMod:PoweredStrike","MadScienceMod:HideBehindJunk","MadScienceMod:AssemblyLine","MadScienceMod:GattlingGun","Panache","MadScienceMod:FumeBlast","MadScienceMod:Bombardment","MadScienceMod:PowerArmor","MadScienceMod:AntimatterBomb+1","MadScienceMod:ParticleBeam","MadScienceMod:RadioactiveSword","MadScienceMod:EnergyBarrier","MadScienceMod:FragmentationGrenade","MadScienceMod:ExtractOil","MadScienceMod:PowerArmor","MadScienceMod:Booster","MadScienceMod:OilDrum","MadScienceMod:Automate","MadScienceMod:BandageBot","MadScienceMod:RadioactiveSword","MadScienceMod:AssemblyLine","MadScienceMod:Sprocket","MadScienceMod:SoftenUp+1"],"relics":["MadScienceMod:FuelTank","Vajra","Calipers","aspiration:HummingbirdHeart","hubris:Icosahedron","conspire:SpecialSausage"],"acts_visited":["Exordium","TheCity"],"potions_floor_usage":[5,16,25],"damage_taken":[{"damage":13,"enemies":"Small Slimes","floor":1,"turns":4},{"damage":0,"enemies":"2 Louse","floor":3,"turns":3},{"damage":0,"enemies":"Cultist","floor":4,"turns":4},{"damage":11,"enemies":"3 Louse","floor":5,"turns":4},{"damage":15,"enemies":"2 Fungi Beasts","floor":7,"turns":4},{"damage":9,"enemies":"Large Slime","floor":12,"turns":6},{"damage":69,"enemies":"Fading Forest","floor":16,"turns":11},{"damage":24,"enemies":"Spheric Guardian","floor":18,"turns":6},{"damage":27,"enemies":"3 Byrds","floor":19,"turns":7},{"damage":24,"enemies":"Shelled Parasite and Fungi","floor":24,"turns":7},{"damage":0,"enemies":"Snake Plant","floor":25,"turns":6},{"damage":35,"enemies":"Snecko","floor":27,"turns":6}],"seed_played":"8425086432934473652","potions_obtained":[{"floor":1,"key":"potionbrewer:MidasPotion"},{"floor":3,"key":"Energy Potion"},{"floor":7,"key":"potionbrewer:DiscountPotion"},{"floor":16,"key":"DemoMod:LeadSkinPotion"}],"is_trial":false,"path_per_floor":["M","$","M","M","M","R","M","R","T","?","R","M","?","$","R","B",null,"M","M","$","?","$","R","M","M","T","M"],"character_chosen":"MAD_SCIENTIST","items_purchased":["Vajra","MadScienceMod:AssemblyLine","MadScienceMod:GattlingGun","Panache","MadScienceMod:FumeBlast","MadScienceMod:PowerArmor","MadScienceMod:AntimatterBomb+1","MadScienceMod:PowerArmor","MadScienceMod:BandageBot","MadScienceMod:AssemblyLine"],"campfire_rested":4,"item_purchase_floors":[0,0,0,0,0,2,2,14,20,22],"current_hp_per_floor":[38,38,38,38,27,49,34,56,56,56,56,47,47,47,69,20,75,51,24,24,24,24,46,22,22,22,0,0],"gold":221,"neow_bonus":"","is_daily":false,"chose_seed":false,"campfire_upgraded":0,"win_rate":0.0,"timestamp":1614006792,"path_taken":["M","$","M","M","M","R","M","R","T","?","R","M","?","$","R","BOSS","M","M","?","?","$","R","M","M","T","M"],"items_purchased_type":["Relic","Card","Card","Card","Card","Card","Card","Card","Card","Card"],"build_version":"2020-12-22","purchased_purges":0,"victory":false,"max_hp_per_floor":[75,75,75,75,75,75,75,75,75,75,75,75,75,75,75,75,75,75,75,75,75,75,75,75,75,75,75,75],"card_choices":[{"not_picked":["MadScienceMod:JunkLaser","MadScienceMod:Lightbulb"],"picked":"MadScienceMod:Bombardment","floor":1},{"not_picked":["MadScienceMod:EnergyBarrier","MadScienceMod:TimeDilationField"],"picked":"MadScienceMod:ParticleBeam","floor":3},{"not_picked":["MadScienceMod:Retarget","MadScienceMod:Sprocket"],"picked":"MadScienceMod:RadioactiveSword","floor":4},{"not_picked":["MadScienceMod:FumeBlast","MadScienceMod:NowOrNever"],"picked":"MadScienceMod:EnergyBarrier","floor":5},{"not_picked":["MadScienceMod:LightOnFire","MadScienceMod:Probe"],"picked":"MadScienceMod:FragmentationGrenade","floor":7},{"not_picked":["MadScienceMod:Lightbulb","MadScienceMod:NowOrNever"],"picked":"MadScienceMod:ExtractOil","floor":12},{"not_picked":["MadScienceMod:Reconstitute","MadScienceMod:Automate"],"picked":"MadScienceMod:Booster","floor":16},{"not_picked":["MadScienceMod:Detonate+1","MadScienceMod:Refuel"],"picked":"MadScienceMod:OilDrum","floor":18},{"not_picked":["MadScienceMod:AntimatterBomb","MadScienceMod:Browse+1"],"picked":"MadScienceMod:Automate","floor":19},{"not_picked":["MadScienceMod:Strafe","MadScienceMod:FlameCannon"],"picked":"MadScienceMod:Sprocket","floor":24},{"not_picked":["MadScienceMod:AutoStrike","MadScienceMod:Refuel"],"picked":"MadScienceMod:SoftenUp+1","floor":25}],"player_experience":563315,"relics_obtained":[{"floor":9,"key":"aspiration:HummingbirdHeart"}],"event_choices":[{"damage_healed":0,"gold_gain":100,"player_choice":"Pray","damage_taken":0,"max_hp_gain":0,"max_hp_loss":0,"event_name":"Golden Shrine","floor":13,"gold_loss":0},{"damage_healed":0,"gold_gain":0,"cards_transformed":["MadScienceMod:Defend_MadScience"],"player_choice":"Transformed","damage_taken":0,"max_hp_gain":0,"max_hp_loss":0,"event_name":"Transmorgrifier","floor":21,"gold_loss":0,"cards_obtained":["MadScienceMod:RadioactiveSword"]}],"is_beta":false,"boss_relics":[{"not_picked":["Ring of Chaos","hubris:BlackHole"],"picked":"conspire:SpecialSausage"}],"items_purged_floors":[],"is_endless":false,"potions_floor_spawned":[1,3,7,16],"killed_by":"Snecko","ascension_level":0}}