{"host":"eglukmwb6rueyn6u","time":1614001805,"event":{"mods":["AchievementEnabler","BaseMod","Colored Powertips","Highlight Path","Minty Spire (QoL Compilation)"],"gold_per_floor":[112,131,142,92,106,139,139,165,165,179,179,191,191,93,93,193,193,209,228,246,17,17,17,46,46,46,66,84,84,84,98,98,198,198,213,226,246,49,49,75,75,88,88,119,119,136,171,225,225,225,225],"floor_reached":50,"language":"ENG","playtime":7288,"items_purged":["Defend_P"],"score":739,"play_id":"7383178d-0499-4c10-bc16-cb4dd6add0a4","local_time":"20210222155005","is_ascension_mode":false,"campfire_choices":[{"data":"Eruption","floor":7.0,"key":"SMITH"},{"floor":13.0,"key":"REST"},{"data":"Judgement","floor":15.0,"key":"SMITH"},{"data":"Devotion","floor":23.0,"key":"SMITH"},{"data":"Scrawl","floor":29.0,"key":"SMITH"},{"data":"ThirdEye","floor":32.0,"key":"SMITH"},{"data":"ThirdEye","floor":41.0,"key":"SMITH"},{"floor":45.0,"key":"REST"},{"floor":49.0,"key":"RECALL"}],"circlet_count":0,"master_deck":["Strike_P","Strike_P","Strike_P","Defend_P","Defend_P","Eruption+1","Vigilance","JustLucky+1","Consecrate","BowlingBash+1","Prostrate","EmptyMind","Judgement+1","CutThroughFate","Meditate","Weave","Halt","Scrawl+1","FollowUp+1","EmptyBody","Devotion+1","Perseverance","Protect","ThirdEye+1","ThirdEye+1","Wallop","InnerPeace+1","ThirdEye","Devotion","Vengeance+1","CutThroughFate","JustLucky+1","Crescendo","JustLucky","Protect","SashWhip+1","Nirvana","ReachHeaven+1","CutThroughFate+1"],"relics":["HolyWater","Omamori","Mercury Hourglass","Happy Flower","MealTicket","Black Star","Anchor","Blue Candle","Art of War","Centennial Puzzle","Damaru","Molten Egg 2","PreservedInsect","Bag of Preparation","InkBottle","Dream Catcher","Du-Vu Doll"],"acts_visited":["Exordium","TheCity","TheBeyond"],"potions_floor_usage":[],"damage_taken":[{"damage":7.0,"enemies":"2 Louse","floor":1.0,"turns":4.0},{"damage":1.0,"enemies":"Jaw Worm","floor":2.0,"turns":4.0},{"damage":5.0,"enemies":"Cultist","floor":3.0,"turns":5.0},{"damage":5.0,"enemies":"2 Fungi Beasts","floor":5.0,"turns":4.0},{"damage":18.0,"enemies":"3 Sentries","floor":6.0,"turns":11.0},{"damage":0.0,"enemies":"Gremlin Nob","floor":8.0,"turns":2.0},{"damage":4.0,"enemies":"3 Louse","floor":10.0,"turns":2.0},{"damage":0.0,"enemies":"Red Slaver","floor":12.0,"turns":2.0},{"damage":0.0,"enemies":"Slime Boss","floor":16.0,"turns":5.0},{"damage":1.0,"enemies":"Chosen","floor":18.0,"turns":2.0},{"damage":10.0,"enemies":"2 Thieves","floor":19.0,"turns":3.0},{"damage":13.0,"enemies":"Centurion and Healer","floor":20.0,"turns":5.0},{"damage":0.0,"enemies":"Gremlin Leader","floor":24.0,"turns":6.0},{"damage":6.0,"enemies":"Snake Plant","floor":27.0,"turns":3.0},{"damage":0.0,"enemies":"Cultist and Chosen","floor":28.0,"turns":4.0},{"damage":0.0,"enemies":"Sentry and Sphere","floor":31.0,"turns":2.0},{"damage":48.0,"enemies":"Champ","floor":33.0,"turns":11.0},{"damage":0.0,"enemies":"3 Shapes","floor":35.0,"turns":3.0},{"damage":0.0,"enemies":"Orb Walker","floor":36.0,"turns":2.0},{"damage":5.0,"enemies":"Sphere and 2 Shapes","floor":37.0,"turns":4.0},{"damage":26.0,"enemies":"Giant Head","floor":40.0,"turns":8.0},{"damage":31.0,"enemies":"Transient","floor":42.0,"turns":5.0},{"damage":0.0,"enemies":"Nemesis","floor":44.0,"turns":5.0},{"damage":0.0,"enemies":"Jaw Worm Horde","floor":46.0,"turns":3.0},{"damage":3.0,"enemies":"Reptomancer","floor":47.0,"turns":5.0},{"damage":2.0,"enemies":"2 Orb Walkers","floor":48.0,"turns":3.0},{"damage":44,"enemies":"Awakened One","floor":50,"turns":7}],"seed_played":"-4496898702973142275","potions_obtained":[{"floor":2.0,"key":"Strength Potion"},{"floor":5.0,"key":"ColorlessPotion"},{"floor":10.0,"key":"Dexterity Potion"},{"floor":12.0,"key":"LiquidBronze"},{"floor":19.0,"key":"Fruit Juice"},{"floor":20.0,"key":"BlessingOfTheForge"},{"floor":28.0,"key":"Ambrosia"}],"is_trial":false,"path_per_floor":["M","M","M","?","M","E","R","E","T","M","?","M","R","$","R","B",null,"M","M","M","$","?","R","E","?","T","M","M","R","?","M","R","B",null,"M","M","M","$","?","E","R","M","T","E","R","M","E","?","R","B"],"character_chosen":"WATCHER","items_purchased":["Weave","Halt","Anchor","Perseverance","Protect","Crescendo","JustLucky","Protect"],"campfire_rested":2,"item_purchase_floors":[14,14,21,21,21,38,38,38],"current_hp_per_floor":[65,64,59,59,54,36,36,36,36,32,18,18,39,54,54,54,72,71,61,53,68,68,68,68,68,68,62,62,62,62,62,62,14,77,77,77,72,77,77,51,51,20,20,20,43,43,40,38,38,0,0],"gold":225,"neow_bonus":"RANDOM_COMMON_RELIC","is_daily":false,"chose_seed":false,"campfire_upgraded":6,"win_rate":0.0,"timestamp":1614001805,"path_taken":["M","M","M","?","M","E","R","E","T","M","?","M","R","$","R","BOSS","M","M","M","$","?","R","E","?","T","?","M","R","?","M","R","BOSS","M","M","M","$","?","E","R","?","T","E","R","M","E","?","R","BOSS"],"items_purchased_type":["Card","Card","Relic","Card","Card","Card","Card","Card"],"build_version":"2020-12-22","purchased_purges":1,"victory":false,"max_hp_per_floor":[72,72,72,72,72,72,72,72,72,72,72,72,72,72,72,72,72,72,72,77,77,77,77,77,77,77,77,77,77,77,77,77,77,77,77,77,77,77,77,77,77,77,77,77,77,77,77,77,77,77,77],"card_choices":[{"not_picked":["Evaluate","ThirdEye"],"picked":"JustLucky","floor":1.0},{"not_picked":["Crescendo","ClearTheMind"],"picked":"Consecrate","floor":2.0},{"not_picked":["EmptyFist","Consecrate"],"picked":"BowlingBash","floor":3.0},{"not_picked":["WheelKick","SashWhip"],"picked":"Prostrate","floor":5.0},{"not_picked":["BattleHymn","ConjureBlade"],"picked":"EmptyMind","floor":6.0},{"not_picked":["PathToVictory","FlyingSleeves"],"picked":"Judgement","floor":8.0},{"not_picked":["ClearTheMind","ThirdEye"],"picked":"CutThroughFate","floor":10.0},{"not_picked":["Prostrate","FlyingSleeves"],"picked":"Meditate","floor":12.0},{"not_picked":["Establishment","MasterReality"],"picked":"Scrawl","floor":16.0},{"not_picked":["DeceiveReality","Wallop"],"picked":"FollowUp+1","floor":18.0},{"not_picked":["ClearTheMind","FearNoEvil"],"picked":"EmptyBody","floor":19.0},{"not_picked":["CutThroughFate","FlurryOfBlows+1"],"picked":"Devotion","floor":20.0},{"not_picked":["FlyingSleeves","EmptyBody"],"picked":"ThirdEye","floor":24.0},{"not_picked":["Halt","SashWhip"],"picked":"Wallop","floor":27.0},{"not_picked":["Ragnarok","WreathOfFlame"],"picked":"InnerPeace+1","floor":28.0},{"not_picked":["EmptyBody","BowlingBash"],"picked":"ThirdEye","floor":31.0},{"not_picked":["Judgement","Blasphemy"],"picked":"Devotion","floor":33.0},{"not_picked":["BowlingBash+1","SashWhip"],"picked":"Vengeance+1","floor":35.0},{"not_picked":["ForeignInfluence","ClearTheMind"],"picked":"CutThroughFate","floor":36.0},{"not_picked":["EmptyBody+1","EmptyFist+1"],"picked":"JustLucky+1","floor":37.0},{"not_picked":["PathToVictory+1","Evaluate"],"picked":"SashWhip+1","floor":40.0},{"not_picked":["Vault","FollowUp+1","PathToVictory+1"],"picked":"SKIP","floor":42.0},{"not_picked":["Alpha","BowlingBash+1"],"picked":"Nirvana","floor":44.0},{"not_picked":["EmptyMind","EmptyBody+1","CrushJoints+1"],"picked":"SKIP","floor":46.0},{"not_picked":["SashWhip+1","LikeWater"],"picked":"ReachHeaven+1","floor":47.0},{"not_picked":["CrushJoints+1","ClearTheMind"],"picked":"CutThroughFate+1","floor":48.0}],"player_experience":145413,"relics_obtained":[{"floor":6.0,"key":"Mercury Hourglass"},{"floor":8.0,"key":"Happy Flower"},{"floor":9.0,"key":"MealTicket"},{"floor":24.0,"key":"Blue Candle"},{"floor":24.0,"key":"Art of War"},{"floor":26.0,"key":"Centennial Puzzle"},{"floor":40.0,"key":"Damaru"},{"floor":40.0,"key":"Molten Egg 2"},{"floor":44.0,"key":"PreservedInsect"},{"floor":44.0,"key":"Bag of Preparation"},{"floor":47.0,"key":"InkBottle"},{"floor":47.0,"key":"Dream Catcher"},{"floor":48.0,"key":"Du-Vu Doll"}],"event_choices":[{"cards_removed":["Strike_P"],"damage_healed":0.0,"max_hp_gain":0.0,"max_hp_loss":0.0,"gold_gain":0.0,"event_name":"The Cleric","player_choice":"Card Removal","floor":4.0,"gold_loss":50.0,"damage_taken":0.0},{"damage_healed":0.0,"max_hp_gain":0.0,"max_hp_loss":0.0,"gold_gain":0.0,"event_name":"Shining Light","player_choice":"Entered Light","floor":11.0,"gold_loss":0.0,"damage_taken":14.0,"cards_upgraded":["BowlingBash","JustLucky"]},{"damage_healed":0.0,"max_hp_gain":0.0,"max_hp_loss":0.0,"gold_gain":0.0,"event_name":"The Library","player_choice":"Read","floor":22.0,"gold_loss":0.0,"damage_taken":0.0,"cards_obtained":["ThirdEye"]},{"cards_removed":["Defend_P"],"damage_healed":0.0,"max_hp_gain":0.0,"max_hp_loss":0.0,"gold_gain":0.0,"event_name":"Purifier","player_choice":"Purged","floor":25.0,"gold_loss":0.0,"damage_taken":0.0},{"damage_healed":0.0,"max_hp_gain":0.0,"max_hp_loss":0.0,"gold_gain":0.0,"event_name":"Ghosts","player_choice":"Ignored","floor":30.0,"gold_loss":0.0,"damage_taken":0.0},{"damage_healed":0.0,"max_hp_gain":0.0,"max_hp_loss":0.0,"gold_gain":0.0,"event_name":"NoteForYourself","player_choice":"Ignored","floor":39.0,"gold_loss":0.0,"damage_taken":0.0},{"damage_healed":0.0,"max_hp_gain":0.0,"max_hp_loss":0.0,"gold_gain":0.0,"event_name":"Mysterious Sphere","player_choice":"Fight","floor":48.0,"gold_loss":0.0,"damage_taken":0.0}],"is_beta":false,"boss_relics":[{"not_picked":["SacredBark","SlaversCollar"],"picked":"Black Star"},{"not_picked":["Tiny House","Coffee Dripper"],"picked":"HolyWater"}],"items_purged_floors":[38],"is_endless":false,"potions_floor_spawned":[2,5,10,12,16,19,20,28,35,36,37],"killed_by":"Awakened One","ascension_level":0}}