{"host":"6fvsmq01sdgzycy0","time":1614008490,"event":{"mods":["ATMod(°¢èªMod)","Act Like it!","Arknights","BaseMod","Challenge The Spire","Energized Spire","Friendly Minions","Gensokyo","GifTheSpireLib","Luminous","Minty Spire (QoL Compilation)","StSLib","Td1madao Mod","UnlockEverythingMod","Yuyuko"],"gold_per_floor":[116,133,133,23,35,35,35],"floor_reached":6,"language":"ZHS","playtime":327,"items_purged":["ats:Strike S"],"score":36,"play_id":"a3b4ebcb-1d6e-417b-9101-832baf06b235","local_time":"20210222234130","is_ascension_mode":false,"campfire_choices":[],"circlet_count":0,"master_deck":["ats:Strike C","ats:Strike G","ats:Strike V","ats:Armor Crushing Shot","ats:Defend","ats:Defend","ats:Defend","ats:Emotion Absorption","AT_DarkMatter","ats:Apocalypse","ats:Absolute Focus","ats:Red Shift","ats:Absolute Focus"],"relics":["ats:Sanity","AT_ATBox","NeowsBlessing"],"acts_visited":["Exordium"],"potions_floor_usage":[],"damage_taken":[{"damage":0,"enemies":"Jaw Worm","floor":1,"turns":1},{"damage":0,"enemies":"Cultist","floor":2,"turns":1},{"damage":0,"enemies":"Small Slimes","floor":5,"turns":1},{"damage":58,"enemies":"Lagavulin","floor":6,"turns":8}],"seed_played":"-4661800119618985456","potions_obtained":[{"floor":2,"key":"Energy Potion"}],"is_trial":false,"path_per_floor":["M","M","?","$","M","E"],"character_chosen":"DOCTOR_CLASS","items_purchased":["ats:Red Shift"],"campfire_rested":0,"item_purchase_floors":[4],"current_hp_per_floor":[72,72,72,72,72,26,26],"gold":35,"neow_bonus":"THREE_ENEMY_KILL","is_daily":false,"chose_seed":false,"campfire_upgraded":0,"win_rate":0.0,"timestamp":1614008490,"path_taken":["M","M","?","$","?","E"],"items_purchased_type":["Card"],"build_version":"2020-12-22","purchased_purges":1,"victory":false,"max_hp_per_floor":[72,72,72,72,72,72,72],"card_choices":[{"not_picked":["ats:Closed Bolt Burst Fire","ats:Thorns"],"picked":"ats:Apocalypse","floor":1},{"not_picked":["ats:Magnetic Hammer","ats:Defend Order"],"picked":"ats:Absolute Focus","floor":2},{"not_picked":["ats:Assault Order","ats:Guard Mode"],"picked":"ats:Absolute Focus","floor":5}],"player_experience":47860,"relics_obtained":[],"event_choices":[{"cards_removed":["ats:Defend"],"damage_healed":0,"gold_gain":0,"player_choice":"Purged","damage_taken":0,"max_hp_gain":0,"max_hp_loss":0,"event_name":"Purifier","floor":3,"gold_loss":0}],"is_beta":false,"boss_relics":[],"items_purged_floors":[4],"is_endless":false,"potions_floor_spawned":[2],"killed_by":"Lagavulin","ascension_level":0}}