{"host":"eulzxnrdu6fkr5bd","time":1614023276,"event":{"mods":["AchievementEnabler","Act Like it!","BaseMod","Beaked The Cultist","Colored Map","Colored Powertips","Downfall","Highlight Path","Infinite Spire","Jorbs\u0027s Wanderer Trilogy","Minty Spire (QoL Compilation)","Quick Restart","Replay The Spire","StSLib","The Construct","The Jungle"],"gold_per_floor":[112,112,215,228,254,254,284,298,298,298,308,308,383,395,395,395,395],"floor_reached":16,"language":"ENG","playtime":727,"items_purged":[],"score":165,"play_id":"488f5135-88a5-47de-8d17-3dc6429f5eef","local_time":"20210222134756","is_ascension_mode":true,"campfire_choices":[{"data":"Leg Sweep","floor":6,"key":"SMITH"},{"floor":10,"key":"REST"},{"data":"Backstab","floor":12,"key":"SMITH"},{"floor":15,"key":"REST"}],"circlet_count":0,"master_deck":["AscendersBane","Strike_G","Strike_G","Strike_G","Strike_G","Strike_G","Defend_G","Defend_G","Defend_G","Defend_G","Defend_G","Survivor","Neutralize","Dodge and Roll+1","Cloak And Dagger","Leg Sweep+1","Backstab+1","Backflip"],"relics":["Ring of the Snake","Bronze Scales","Ancient Tea Set","infinitespire:FocusingShard","Ninja Scroll"],"acts_visited":["Exordium"],"potions_floor_usage":[7,7,16],"damage_taken":[{"damage":1,"enemies":"Small Slimes","floor":1,"turns":5},{"damage":0,"enemies":"2 Louse","floor":4,"turns":3},{"damage":45,"enemies":"Lagavulin","floor":7,"turns":15},{"damage":0,"enemies":"Jaw Worm","floor":8,"turns":3},{"damage":0,"enemies":"Large Slime","floor":11,"turns":11},{"damage":0,"enemies":"Blue Slaver","floor":14,"turns":1},{"damage":40,"enemies":"Hexaghost","floor":16,"turns":19}],"seed_played":"-4476920773247796973","potions_obtained":[{"floor":1,"key":"Guardian:BlockOnCardUsePotion"},{"floor":4,"key":"Adrenaline Potion"},{"floor":7,"key":"bronze:BurnAndBuffPotion"}],"is_trial":false,"path_per_floor":["M","?","?","M","T","R","E","M","T","R","M","R","?","M","R","B"],"character_chosen":"THE_SILENT","items_purchased":[],"campfire_rested":2,"item_purchase_floors":[],"current_hp_per_floor":[69,69,50,50,50,50,5,5,5,28,28,28,17,17,40,0,0],"gold":395,"neow_bonus":"TEN_PERCENT_HP_BONUS","is_daily":false,"chose_seed":false,"campfire_upgraded":2,"win_rate":0.0,"timestamp":1614023276,"path_taken":["M","?","?","M","?","R","E","M","T","R","M","R","?","?","R","BOSS"],"items_purchased_type":[],"build_version":"2020-12-22","purchased_purges":0,"victory":false,"max_hp_per_floor":[77,77,77,77,77,77,77,77,77,77,77,77,77,77,77,77,77],"card_choices":[{"not_picked":["Poisoned Stab","Fluid Movement"],"picked":"Dodge and Roll","floor":1},{"not_picked":["ReplayTheSpireMod:Scrap Shanks","Backflip"],"picked":"Cloak And Dagger","floor":3},{"not_picked":["Slice","Bane"],"picked":"Leg Sweep","floor":3},{"not_picked":["Underhanded Strike","Outmaneuver","Dagger Spray"],"picked":"SKIP","floor":4},{"not_picked":["Prepared","Distraction"],"picked":"Backstab","floor":7},{"not_picked":["All Out Attack","Deadly Poison"],"picked":"Backflip","floor":8},{"not_picked":["Finisher","Blade Dance","Dagger Spray"],"picked":"SKIP","floor":11},{"not_picked":["Accuracy","Deadly Poison","Quick Slash"],"picked":"SKIP","floor":14}],"player_experience":494419,"relics_obtained":[{"floor":3,"key":"Bronze Scales"},{"floor":5,"key":"Ancient Tea Set"},{"floor":7,"key":"infinitespire:FocusingShard"},{"floor":9,"key":"Ninja Scroll"}],"event_choices":[{"damage_healed":0,"gold_gain":75,"player_choice":"Gather Gold","damage_taken":11,"max_hp_gain":0,"max_hp_loss":0,"event_name":"World of Goop","floor":13,"gold_loss":0}],"is_beta":false,"boss_relics":[],"items_purged_floors":[],"is_endless":false,"potions_floor_spawned":[1,4,7],"killed_by":"Hexaghost","ascension_level":13}}