{"host":"3n5xmnb54n2y5mb4","time":1614004501,"event":{"mods":["BaseMod","Colored Map","Colored Powertips","Minty Spire (QoL Compilation)","Permanent Neow","StSLib","Unceasing Turn Reminder","everything is the same but u backflip on backflip"],"gold_per_floor":[119,134,151,162,162,187,73,73,73],"floor_reached":8,"language":"ENG","playtime":744,"items_purged":[],"score":93,"play_id":"37e9cd94-ccec-4708-9afa-50bac71f5ab4","local_time":"20210222093501","is_ascension_mode":true,"campfire_choices":[],"circlet_count":0,"master_deck":["AscendersBane","Strike_G","Strike_G","Strike_G","Strike_G+1","Strike_G","Defend_G","Defend_G","Defend_G","Defend_G","Defend_G","Survivor","Neutralize+1","Magnetism","Dagger Throw","Backstab","Acrobatics","Noxious Fumes","Envenom","Impatience","PiercingWail","Tactician","Prepared"],"relics":["Ring of the Snake","Whetstone"],"acts_visited":["Exordium"],"potions_floor_usage":[8],"damage_taken":[{"damage":4,"enemies":"Jaw Worm","floor":1,"turns":5},{"damage":4,"enemies":"Cultist","floor":2,"turns":4},{"damage":0,"enemies":"Small Slimes","floor":3,"turns":3},{"damage":0,"enemies":"2 Fungi Beasts","floor":4,"turns":4},{"damage":36,"enemies":"Gremlin Nob","floor":6,"turns":5},{"damage":22,"enemies":"3 Sentries","floor":8,"turns":7}],"seed_played":"1760290395869912771","potions_obtained":[{"floor":2,"key":"GamblersBrew"},{"floor":6,"key":"SteroidPotion"}],"is_trial":false,"path_per_floor":["M","M","M","M","?","E","$","E"],"character_chosen":"THE_SILENT","items_purchased":["Tactician","Prepared"],"campfire_rested":0,"item_purchase_floors":[7,7],"current_hp_per_floor":[59,55,55,55,55,19,19,0,0],"gold":73,"neow_bonus":"RANDOM_COLORLESS_2","is_daily":false,"chose_seed":false,"campfire_upgraded":0,"win_rate":0.0,"timestamp":1614004501,"path_taken":["M","M","M","M","?","E","$","E"],"items_purchased_type":["Card","Card"],"build_version":"2020-12-22","purchased_purges":0,"victory":false,"max_hp_per_floor":[63,63,63,63,63,63,63,63,63],"card_choices":[{"not_picked":["Metamorphosis","Secret Technique"],"picked":"Magnetism","floor":0},{"not_picked":["Poisoned Stab","Tactician"],"picked":"Dagger Throw","floor":1},{"not_picked":["PiercingWail","Accuracy"],"picked":"Backstab","floor":2},{"not_picked":["Dagger Spray","Bouncing Flask"],"picked":"Acrobatics","floor":3},{"not_picked":["Bouncing Flask","Outmaneuver"],"picked":"Noxious Fumes","floor":4},{"not_picked":["Backflip","Blur"],"picked":"PiercingWail","floor":6}],"player_experience":997348,"relics_obtained":[{"floor":6,"key":"Whetstone"}],"event_choices":[{"damage_healed":0,"gold_gain":0,"player_choice":"2 cards matched","damage_taken":0,"max_hp_gain":0,"max_hp_loss":0,"event_name":"Match and Keep!","floor":5,"gold_loss":0,"cards_obtained":["Envenom","Impatience"]}],"is_beta":false,"boss_relics":[],"items_purged_floors":[],"is_endless":false,"potions_floor_spawned":[2,6],"killed_by":"3 Sentries","ascension_level":12}}