{"host":"i0avyit1s6jb1siw","time":1614030243,"event":{"mods":["BaseMod","DeckTracker","Dota2Spire","Minty Spire (QoL Compilation)","Quick Restart","StSLib","SuperFastMode"],"gold_per_floor":[116,134,134,134,150,150,160,160,236,236,269,280,309,309,327,327,421,421,440,186,43,66,66,66,86,105,105,105,120,153,168,168,186,186,186,186],"floor_reached":35,"language":"ENG","playtime":918,"items_purged":["Strike_G","Strike_G"],"score":582,"play_id":"fdbfda73-02e8-4af1-aac0-097b5ee3fd91","local_time":"20210222224403","is_ascension_mode":true,"campfire_choices":[{"data":"Backflip","floor":6,"key":"SMITH"},{"data":"Skewer","floor":8,"key":"SMITH"},{"data":"Prepared","floor":16,"key":"SMITH"},{"data":"Tactician","floor":24,"key":"SMITH"},{"data":"Deep Breath","floor":32,"key":"SMITH"},{"data":"Outmaneuver","floor":34,"key":"SMITH"}],"circlet_count":0,"master_deck":["AscendersBane","Strike_G","Strike_G+1","Strike_G","Defend_G","Defend_G","Defend_G","Defend_G","Defend_G","Survivor+1","Neutralize","Skewer+1","Deadly Poison","Backflip+1","Tactician+1","Quick Slash","Deflect","Prepared+1","Phantasmal Killer","Crippling Poison","Footwork","Deep Breath+1","Leg Sweep","Acrobatics","Deadly Poison+1","Dash+1","Riddle With Holes","Outmaneuver+1"],"relics":["Coffee Dripper","Dota2Spire:Satanic","Bottled Lightning","White Beast Statue","Mango","Golden Idol","Runic Pyramid","Meat on the Bone","Mercury Hourglass","Dota2Spire:PowerTreads"],"acts_visited":["Exordium","TheCity"],"potions_floor_usage":[11,12,13,17,29,30,35],"damage_taken":[{"damage":0,"enemies":"Cultist","floor":1,"turns":4},{"damage":2,"enemies":"Jaw Worm","floor":2,"turns":4},{"damage":0,"enemies":"2 Louse","floor":5,"turns":2},{"damage":0,"enemies":"Exordium Wildlife","floor":7,"turns":4},{"damage":32,"enemies":"Gremlin Nob","floor":11,"turns":4},{"damage":4,"enemies":"Lots of Slimes","floor":12,"turns":7},{"damage":8,"enemies":"Lagavulin","floor":13,"turns":5},{"damage":1,"enemies":"3 Louse","floor":15,"turns":3},{"damage":6,"enemies":"The Guardian","floor":17,"turns":11},{"damage":5,"enemies":"Shell Parasite","floor":19,"turns":3},{"damage":0,"enemies":"Chosen","floor":22,"turns":3},{"damage":1,"enemies":"Snecko","floor":25,"turns":5},{"damage":13,"enemies":"Centurion and Healer","floor":26,"turns":6},{"damage":0,"enemies":"Shelled Parasite and Fungi","floor":29,"turns":4},{"damage":14,"enemies":"Slavers","floor":30,"turns":5},{"damage":0,"enemies":"Chosen and Byrds","floor":31,"turns":4},{"damage":8,"enemies":"Snake Plant","floor":33,"turns":3},{"damage":57,"enemies":"Collector","floor":35,"turns":7}],"seed_played":"1128816486824354693","potions_obtained":[{"floor":2,"key":"LiquidMemories"},{"floor":5,"key":"SkillPotion"},{"floor":11,"key":"Fruit Juice"},{"floor":12,"key":"Block Potion"},{"floor":13,"key":"Swift Potion"},{"floor":17,"key":"LiquidBronze"},{"floor":26,"key":"DistilledChaos"},{"floor":29,"key":"CunningPotion"},{"floor":30,"key":"Poison Potion"}],"is_trial":false,"path_per_floor":["M","M","T","?","M","R","M","R","T","T","E","M","E","?","M","R","B",null,"M","$","$","M","?","R","M","M","T","T","M","E","M","R","M","R","B"],"character_chosen":"THE_SILENT","items_purchased":["Footwork","Deep Breath","Leg Sweep"],"campfire_rested":0,"item_purchase_floors":[20,20,21],"current_hp_per_floor":[59,57,57,37,37,37,37,37,37,37,19,20,25,25,24,24,40,68,63,63,63,63,63,63,62,49,49,49,49,47,47,47,39,39,0,0],"gold":186,"neow_bonus":"BOSS_RELIC","is_daily":false,"chose_seed":false,"campfire_upgraded":6,"win_rate":0.0,"timestamp":1614030243,"path_taken":["M","M","?","?","M","R","M","R","T","T","E","M","E","?","?","R","BOSS","M","?","$","M","?","R","M","M","T","T","M","E","M","R","?","R","BOSS"],"items_purchased_type":["Card","Card","Card"],"build_version":"2020-12-22","purchased_purges":2,"victory":false,"max_hp_per_floor":[66,66,66,66,66,66,66,66,66,66,80,85,85,77,77,77,77,77,77,77,77,77,77,77,77,77,77,77,77,77,77,77,77,77,77,77],"card_choices":[{"not_picked":["Poisoned Stab","Acrobatics"],"picked":"Skewer","floor":1},{"not_picked":["Dagger Spray","Expertise"],"picked":"Deadly Poison","floor":2},{"not_picked":["Outmaneuver","Dagger Throw"],"picked":"Backflip","floor":5},{"not_picked":["Caltrops","Backflip","Flying Knee"],"picked":"SKIP","floor":7},{"not_picked":["Flying Knee","Cloak And Dagger"],"picked":"Tactician","floor":11},{"not_picked":["Cloak And Dagger","Dagger Throw"],"picked":"Quick Slash","floor":12},{"not_picked":["Night Terror","Cloak And Dagger"],"picked":"Deflect","floor":13},{"not_picked":["Poisoned Stab","Distraction"],"picked":"Prepared","floor":15},{"not_picked":["Doppelganger","Die Die Die"],"picked":"Phantasmal Killer","floor":17},{"not_picked":["Bane","Acrobatics"],"picked":"Crippling Poison","floor":19},{"not_picked":["Sucker Punch","Die Die Die"],"picked":"Acrobatics","floor":22},{"not_picked":["Bane","Escape Plan"],"picked":"Deadly Poison+1","floor":25},{"not_picked":["Caltrops","Prepared"],"picked":"Dash+1","floor":26},{"not_picked":["Well Laid Plans","Outmaneuver"],"picked":"Riddle With Holes","floor":29},{"not_picked":["Prepared+1","Dagger Throw","Grand Finale"],"picked":"SKIP","floor":30},{"not_picked":["Accuracy","Dagger Throw","Endless Agony"],"picked":"SKIP","floor":31},{"not_picked":["Slice","Poisoned Stab"],"picked":"Outmaneuver","floor":33}],"player_experience":2487807,"relics_obtained":[{"floor":3,"key":"Dota2Spire:Satanic"},{"floor":9,"key":"Bottled Lightning"},{"floor":10,"key":"White Beast Statue"},{"floor":11,"key":"Mango"},{"floor":27,"key":"Meat on the Bone"},{"floor":28,"key":"Mercury Hourglass"},{"floor":30,"key":"Dota2Spire:PowerTreads"}],"event_choices":[{"damage_healed":0,"gold_gain":0,"player_choice":"Entered Light","damage_taken":20,"max_hp_gain":0,"max_hp_loss":0,"event_name":"Shining Light","floor":4,"gold_loss":0,"cards_upgraded":["Survivor","Strike_G"]},{"damage_healed":0,"gold_gain":0,"player_choice":"Lose Max HP","damage_taken":0,"relics_obtained":["Golden Idol"],"max_hp_gain":0,"max_hp_loss":8,"event_name":"Golden Idol","floor":14,"gold_loss":0},{"damage_healed":0,"gold_gain":0,"player_choice":"Ignored","damage_taken":0,"max_hp_gain":0,"max_hp_loss":0,"event_name":"N\u0027loth","floor":23,"gold_loss":0}],"is_beta":false,"boss_relics":[{"not_picked":["Astrolabe","SlaversCollar"],"picked":"Runic Pyramid"}],"items_purged_floors":[20,21],"is_endless":false,"potions_floor_spawned":[2,5,11,12,13,15,17,19,22,25,26,29,30,31,33],"killed_by":"Collector","ascension_level":20}}