{"host":"jt67skv49snb75sm","time":1614013723,"event":{"mods":["BaseMod","Bestiary","Minty Spire (QoL Compilation)","Relic Stats"],"gold_per_floor":[132,132,132,167,202,202,252,338,338,338,395,395,451,465,465,465,465],"floor_reached":16,"language":"ENG","playtime":502,"items_purged":[],"score":236,"play_id":"04f2997a-ce41-404e-8a31-d8b4cf278318","local_time":"20210222180843","is_ascension_mode":true,"campfire_choices":[{"data":"HandOfGreed","floor":6.0,"key":"SMITH"},{"floor":10.0,"key":"REST"},{"data":"Entrench","floor":15.0,"key":"SMITH"}],"circlet_count":0,"master_deck":["AscendersBane","Strike_R","Strike_R","Strike_R","Strike_R","Defend_R","Defend_R","Defend_R","Defend_R","Bash","HandOfGreed+1","Whirlwind+1","Flame Barrier","True Grit","Entrench+1","Demon Form","Shrug It Off","Heavy Blade","Ghostly Armor"],"relics":["Burning Blood","Self Forming Clay","Vajra","Matryoshka","Ancient Tea Set","CultistMask","Omamori"],"acts_visited":["Exordium"],"potions_floor_usage":[],"damage_taken":[{"damage":2.0,"enemies":"Jaw Worm","floor":1.0,"turns":5.0},{"damage":0.0,"enemies":"2 Louse","floor":4.0,"turns":2.0},{"damage":0.0,"enemies":"Cultist","floor":5.0,"turns":3.0},{"damage":32.0,"enemies":"Gremlin Nob","floor":7.0,"turns":4.0},{"damage":28.0,"enemies":"Gremlin Nob","floor":8.0,"turns":4.0},{"damage":17.0,"enemies":"Lagavulin","floor":11.0,"turns":7.0},{"damage":17.0,"enemies":"3 Sentries","floor":13.0,"turns":6.0},{"damage":4.0,"enemies":"Looter","floor":14.0,"turns":5.0},{"damage":17,"enemies":"Hexaghost","floor":16,"turns":9}],"seed_played":"1715174781492756842","potions_obtained":[{"floor":1.0,"key":"CultistPotion"},{"floor":4.0,"key":"DuplicationPotion"},{"floor":8.0,"key":"LiquidMemories"}],"is_trial":false,"path_per_floor":["M","?","?","M","M","R","E","?","T","R","E","?","E","M","R","B"],"character_chosen":"IRONCLAD","items_purchased":[],"campfire_rested":1,"item_purchase_floors":[],"current_hp_per_floor":[68,61,61,67,68,68,42,20,20,40,29,29,18,20,20,3,3],"gold":465,"neow_bonus":"RANDOM_COLORLESS_2","is_daily":false,"chose_seed":false,"campfire_upgraded":2,"win_rate":0.0,"timestamp":1614013723,"path_taken":["M","?","?","M","?","R","E","?","T","R","E","?","E","M","R","BOSS"],"items_purchased_type":[],"build_version":"2020-12-22","purchased_purges":0,"victory":false,"max_hp_per_floor":[68,68,68,68,68,68,68,68,68,68,68,68,68,68,68,68,68],"relic_stats":{"counters":[9,45],"Self Forming Clay":[42],"obtain_stats":[{"Matryoshka":9,"Self Forming Clay":7,"Vajra":8,"CultistMask":12,"Omamori":13,"Ancient Tea Set":11,"Burning Blood":0},{"Matryoshka":5,"Self Forming Clay":4,"Vajra":5,"CultistMask":6,"Omamori":7,"Ancient Tea Set":6,"Burning Blood":0},{"Matryoshka":18,"Self Forming Clay":14,"Vajra":18,"CultistMask":25,"Omamori":31,"Ancient Tea Set":25,"Burning Blood":0}],"Burning Blood":39},"card_choices":[{"not_picked":["Secret Technique","Magnetism"],"picked":"HandOfGreed","floor":0.0},{"not_picked":["Sentinel","True Grit"],"picked":"Whirlwind","floor":1.0},{"not_picked":["Carnage","Shrug It Off"],"picked":"Flame Barrier","floor":4.0},{"not_picked":["Thunderclap","Body Slam"],"picked":"True Grit","floor":5.0},{"not_picked":["Sword Boomerang","Perfected Strike"],"picked":"Entrench","floor":7.0},{"not_picked":["Pommel Strike","Dual Wield"],"picked":"Demon Form","floor":8.0},{"not_picked":["Cleave","Clothesline"],"picked":"Shrug It Off","floor":11.0},{"not_picked":["Wild Strike","Warcry"],"picked":"Heavy Blade","floor":13.0},{"not_picked":["Immolate","Sword Boomerang"],"picked":"Ghostly Armor","floor":14.0}],"player_experience":873737,"relics_obtained":[{"floor":7.0,"key":"Self Forming Clay"},{"floor":8.0,"key":"Vajra"},{"floor":9.0,"key":"Matryoshka"},{"floor":11.0,"key":"Ancient Tea Set"},{"floor":13.0,"key":"Omamori"}],"event_choices":[{"cards_removed":["Strike_R"],"damage_healed":0.0,"max_hp_gain":0.0,"max_hp_loss":0.0,"gold_gain":0.0,"event_name":"Golden Wing","player_choice":"Card Removal","floor":2.0,"gold_loss":0.0,"damage_taken":7.0},{"damage_healed":0.0,"max_hp_gain":0.0,"max_hp_loss":0.0,"gold_gain":0.0,"event_name":"Accursed Blacksmith","player_choice":"Forge","floor":3.0,"gold_loss":0.0,"damage_taken":0.0,"cards_upgraded":["Whirlwind"]},{"damage_healed":0.0,"max_hp_gain":0.0,"max_hp_loss":0.0,"gold_gain":30.0,"event_name":"Dead Adventurer","player_choice":"Searched \u00273\u0027 times","floor":8.0,"gold_loss":0.0,"damage_taken":0.0},{"damage_healed":0.0,"max_hp_gain":0.0,"max_hp_loss":0.0,"gold_gain":0.0,"event_name":"FaceTrader","player_choice":"Trade","floor":12.0,"gold_loss":0.0,"damage_taken":0.0,"relics_obtained":["CultistMask"]}],"is_beta":false,"boss_relics":[],"items_purged_floors":[],"is_endless":false,"potions_floor_spawned":[1,4,5,8],"killed_by":"Hexaghost","ascension_level":20}}