{"host":"fmtvje4mks8zli8e","time":1614021555,"event":{"mods":["AchievementEnabler","AlwaysNeverKeys","BaseMod","BetterRewards","Challenge The Spire","Minty Spire (QoL Compilation)","READ ME - Guardian Mod","Remove Card Discount Mod","StSLib","The Cursed","The Druid","The Servant 0.9.4","The Wild Card"],"gold_per_floor":[113,263,263,281,299,324,324,358,431,431,450,81,81,109,109,187,187,204,204,204,204,224,252,252,284,284,312,159,177,197,210,210,283,283,295,0,15,61,80,113,113,140,140,140,170,170,182,198,198,198,198,198,48,76,76],"floor_reached":56,"language":"ENG","playtime":3735,"items_purged":["Strike_G","Shame"],"score":2867,"play_id":"ab10873b-38f7-4825-a9fb-598f5e85d64b","local_time":"20210222131915","is_ascension_mode":true,"campfire_choices":[{"data":"After Image","floor":13.0,"key":"SMITH"},{"data":"Caltrops","floor":15.0,"key":"SMITH"},{"data":"Blur","floor":24.0,"key":"SMITH"},{"data":"Caltrops","floor":32.0,"key":"SMITH"},{"data":"After Image","floor":41.0,"key":"SMITH"},{"data":"After Image","floor":44.0,"key":"SMITH"},{"data":"Choke","floor":49.0,"key":"SMITH"},{"data":"Blade Dance","floor":52.0,"key":"SMITH"}],"circlet_count":0,"master_deck":["AscendersBane","Strike_G","Strike_G","Strike_G","Strike_G","Defend_G","Defend_G","Defend_G","Defend_G","Defend_G","Survivor","Neutralize","Sucker Punch","Blade Dance+1","Footwork","Heel Hook","Cloak And Dagger","After Image+1","Blur+1","Slice","Slice","Caltrops+1","Adrenaline","Poisoned Stab","Endless Agony","Infinite Blades+1","Escape Plan","Adrenaline","Acrobatics+1","Poisoned Stab","Noxious Fumes","After Image+1","Poisoned Stab","Caltrops+1","After Image+1","Acrobatics+1","Choke+1","Escape Plan+1","Bandage Up+1","Blade Dance+1"],"relics":["Ring of the Snake","TwistedFunnel","Happy Flower","Prayer Wheel","WarpedTongs","Bag of Marbles","Nunchaku","Pear","Incense Burner","TungstenRod","Philosopher\u0027s Stone","FossilizedHelix","MutagenicStrength","Toy Ornithopter","Centennial Puzzle","Ornamental Fan","Toxic Egg 2","Medical Kit","Coffee Dripper","Red Mask","StoneCalendar","Oddly Smooth Stone","Meat on the Bone","Ginger","Question Card","Sundial"],"acts_visited":["Exordium","TheCity","TheBeyond","TheEnding"],"potions_floor_usage":[55],"damage_taken":[{"damage":4.0,"enemies":"2 Louse","floor":1.0,"turns":2.0},{"damage":4.0,"enemies":"Cultist","floor":4.0,"turns":3.0},{"damage":1.0,"enemies":"Small Slimes","floor":5.0,"turns":3.0},{"damage":25.0,"enemies":"3 Sentries","floor":6.0,"turns":10.0},{"damage":4.0,"enemies":"Lagavulin","floor":8.0,"turns":7.0},{"damage":0.0,"enemies":"Looter","floor":11.0,"turns":3.0},{"damage":7.0,"enemies":"Gremlin Nob","floor":14.0,"turns":4.0},{"damage":4.0,"enemies":"The Guardian","floor":16.0,"turns":11.0},{"damage":0.0,"enemies":"Spheric Guardian","floor":18.0,"turns":4.0},{"damage":0.0,"enemies":"Chosen","floor":22.0,"turns":3.0},{"damage":0.0,"enemies":"Book of Stabbing","floor":23.0,"turns":5.0},{"damage":0.0,"enemies":"Slavers","floor":25.0,"turns":6.0},{"damage":0.0,"enemies":"Book of Stabbing","floor":27.0,"turns":4.0},{"damage":0.0,"enemies":"Sentry and Sphere","floor":29.0,"turns":3.0},{"damage":0.0,"enemies":"Shelled Parasite and Fungi","floor":30.0,"turns":5.0},{"damage":7.0,"enemies":"Centurion and Healer","floor":31.0,"turns":3.0},{"damage":0.0,"enemies":"Collector","floor":33.0,"turns":15.0},{"damage":0.0,"enemies":"Orb Walker","floor":35.0,"turns":3.0},{"damage":0.0,"enemies":"3 Darklings","floor":37.0,"turns":4.0},{"damage":0.0,"enemies":"2 Orb Walkers","floor":38.0,"turns":6.0},{"damage":2.0,"enemies":"4 Shapes","floor":39.0,"turns":6.0},{"damage":0.0,"enemies":"Reptomancer","floor":40.0,"turns":7.0},{"damage":0.0,"enemies":"Giant Head","floor":42.0,"turns":7.0},{"damage":0.0,"enemies":"Reptomancer","floor":45.0,"turns":7.0},{"damage":0.0,"enemies":"Transient","floor":47.0,"turns":5.0},{"damage":0.0,"enemies":"Maw","floor":48.0,"turns":6.0},{"damage":68.0,"enemies":"Time Eater","floor":50.0,"turns":13.0},{"damage":27.0,"enemies":"Shield and Spear","floor":54.0,"turns":5.0},{"damage":42,"enemies":"The Heart","floor":55,"turns":8}],"seed_played":"1578223197443535340","potions_obtained":[{"floor":4.0,"key":"GhostInAJar"},{"floor":8.0,"key":"SkillPotion"},{"floor":11.0,"key":"SkillPotion"},{"floor":16.0,"key":"AttackPotion"},{"floor":18.0,"key":"GhostInAJar"},{"floor":27.0,"key":"CultistPotion"},{"floor":33.0,"key":"AttackPotion"}],"is_trial":false,"path_per_floor":["M","?","?","M","M","E","?","E","T","?","M","$","R","E","R","B",null,"M","?","?","?","M","E","R","E","T","E","$","M","M","M","R","B",null,"M","?","M","?","M","E","R","E","T","R","E","?","M","M","R","B",null,"R","$","E","B",null],"character_chosen":"THE_SILENT","items_purchased":["TwistedFunnel","Happy Flower","Sucker Punch","Incense Burner","Caltrops","Medical Kit","Bandage Up+1","Blade Dance+1"],"campfire_rested":0,"item_purchase_floors":[0,0,0,12,12,28,53,53],"current_hp_per_floor":[43,43,43,39,38,13,6,2,12,12,12,12,12,5,5,1,57,57,57,57,57,57,57,57,57,57,57,57,57,57,55,55,55,71,71,71,71,71,69,69,69,69,69,69,69,69,69,69,69,18,62,62,62,41,22],"gold":76,"neow_bonus":"","is_daily":false,"chose_seed":false,"campfire_upgraded":8,"win_rate":0.0,"timestamp":1614021555,"path_taken":["M","?","?","M","?","E","?","E","T","?","?","$","R","E","R","BOSS","M","?","?","?","M","E","R","E","T","E","?","M","?","M","R","BOSS","M","?","M","?","M","E","R","E","T","R","E","?","?","?","R","BOSS","R","$","E","BOSS"],"items_purchased_type":["Relic","Relic","Card","Relic","Card","Relic","Card","Card"],"build_version":"2020-12-22","purchased_purges":2,"victory":true,"max_hp_per_floor":[66,66,66,66,66,66,66,66,76,76,76,76,76,76,76,76,76,76,76,76,76,76,76,76,76,76,76,76,76,76,76,76,76,76,76,76,76,76,76,76,76,76,76,76,76,76,76,76,76,76,76,76,76,76,76],"card_choices":[{"not_picked":["Prepared","Cloak And Dagger"],"picked":"Blade Dance","floor":1.0},{"not_picked":["Flechettes","Dagger Throw","Bane"],"picked":"SKIP","floor":1.0},{"not_picked":["Sucker Punch","Underhanded Strike"],"picked":"Footwork","floor":4.0},{"not_picked":["Distraction","Bane"],"picked":"Heel Hook","floor":4.0},{"not_picked":["Well Laid Plans","Backstab"],"picked":"Cloak And Dagger","floor":5.0},{"not_picked":["Dash","Dodge and Roll","Deadly Poison"],"picked":"SKIP","floor":5.0},{"not_picked":["Infinite Blades","Skewer"],"picked":"After Image","floor":6.0},{"not_picked":["Riddle With Holes","Underhanded Strike"],"picked":"Blur","floor":8.0},{"not_picked":["Deflect","Dash"],"picked":"Slice","floor":11.0},{"not_picked":["Dodge and Roll","Flying Knee"],"picked":"Slice","floor":11.0},{"not_picked":["Bane","Dagger Spray","Terror"],"picked":"SKIP","floor":14.0},{"not_picked":["Wraith Form v2","Doppelganger"],"picked":"Adrenaline","floor":16.0},{"not_picked":["Skewer","Dodge and Roll"],"picked":"Poisoned Stab","floor":18.0},{"not_picked":["Dagger Spray","Slice"],"picked":"Endless Agony","floor":18.0},{"not_picked":["Slice","Reflex"],"picked":"Escape Plan","floor":22.0},{"not_picked":["Bouncing Flask","Distraction","PiercingWail"],"picked":"SKIP","floor":22.0},{"not_picked":["PiercingWail","Finisher"],"picked":"Adrenaline","floor":23.0},{"not_picked":["PiercingWail","Expertise","Die Die Die"],"picked":"SKIP","floor":25.0},{"not_picked":["Catalyst+1","All Out Attack"],"picked":"Acrobatics+1","floor":27.0},{"not_picked":["Bouncing Flask+1","Cloak And Dagger+1"],"picked":"Poisoned Stab","floor":29.0},{"not_picked":["Bouncing Flask+1","Backflip+1"],"picked":"Noxious Fumes","floor":29.0},{"not_picked":["Setup+1","Bane"],"picked":"After Image","floor":30.0},{"not_picked":["Flechettes+1","Underhanded Strike"],"picked":"Poisoned Stab","floor":30.0},{"not_picked":["Poisoned Stab","Terror+1"],"picked":"Caltrops","floor":31.0},{"not_picked":["Acrobatics+1","PiercingWail+1","Tools of the Trade"],"picked":"SKIP","floor":31.0},{"not_picked":["Doppelganger+1","Venomology+1"],"picked":"After Image","floor":33.0},{"not_picked":["Dagger Spray","Catalyst+1"],"picked":"Acrobatics+1","floor":35.0},{"not_picked":["Dodge and Roll+1","Dagger Throw","Underhanded Strike"],"picked":"SKIP","floor":35.0},{"not_picked":["Bane","Tactician+1","Sucker Punch"],"picked":"SKIP","floor":37.0},{"not_picked":["Flying Knee+1","Reflex+1","Bane"],"picked":"SKIP","floor":37.0},{"not_picked":["Flying Knee","Predator"],"picked":"Choke","floor":38.0},{"not_picked":["Flying Knee","Acrobatics+1"],"picked":"Escape Plan+1","floor":39.0},{"not_picked":["Flying Knee+1","Flechettes","Backstab"],"picked":"SKIP","floor":39.0},{"not_picked":["Quick Slash","Dagger Spray","Heel Hook"],"picked":"SKIP","floor":40.0},{"not_picked":["Dagger Throw","Sucker Punch","Eviscerate+1"],"picked":"SKIP","floor":42.0},{"not_picked":["Underhanded Strike","Setup+1","Backflip+1"],"picked":"SKIP","floor":45.0},{"not_picked":["Dodge and Roll+1","Skewer","Acrobatics+1","Concentrate+1"],"picked":"SKIP","floor":47.0},{"not_picked":["Quick Slash","Flying Knee+1","Dagger Spray","Tools of the Trade"],"picked":"SKIP","floor":47.0},{"not_picked":["Backflip+1","Underhanded Strike","Deflect+1","Dagger Throw"],"picked":"SKIP","floor":48.0},{"not_picked":["PiercingWail+1","Prepared+1","Acrobatics+1","Dodge and Roll+1"],"picked":"SKIP","floor":48.0},{"not_picked":["Catalyst+1","Deflect+1","Die Die Die","Doppelganger+1"],"picked":"SKIP","floor":54.0}],"player_experience":3083160,"relics_obtained":[{"floor":6.0,"key":"Bag of Marbles"},{"floor":8.0,"key":"Nunchaku"},{"floor":9.0,"key":"Pear"},{"floor":14.0,"key":"TungstenRod"},{"floor":23.0,"key":"Toy Ornithopter"},{"floor":25.0,"key":"Centennial Puzzle"},{"floor":26.0,"key":"Ornamental Fan"},{"floor":27.0,"key":"Toxic Egg 2"},{"floor":38.0,"key":"StoneCalendar"},{"floor":40.0,"key":"Oddly Smooth Stone"},{"floor":42.0,"key":"Meat on the Bone"},{"floor":43.0,"key":"Ginger"},{"floor":45.0,"key":"Question Card"},{"floor":54.0,"key":"Sundial"}],"event_choices":[{"damage_healed":0.0,"max_hp_gain":0.0,"max_hp_loss":0.0,"gold_gain":150.0,"event_name":"Liars Game","player_choice":"AGREE","floor":2.0,"gold_loss":0.0,"damage_taken":0.0,"cards_obtained":["Doubt"]},{"damage_healed":0.0,"max_hp_gain":0.0,"max_hp_loss":0.0,"gold_gain":0.0,"event_name":"Accursed Blacksmith","player_choice":"Rummage","floor":3.0,"gold_loss":0.0,"damage_taken":0.0,"relics_obtained":["WarpedTongs"],"cards_obtained":["Pain"]},{"cards_removed":["Pain"],"damage_healed":0.0,"max_hp_gain":0.0,"max_hp_loss":0.0,"gold_gain":0.0,"event_name":"Golden Wing","player_choice":"Card Removal","floor":7.0,"gold_loss":0.0,"damage_taken":7.0},{"cards_removed":["Doubt"],"damage_healed":0.0,"max_hp_gain":0.0,"max_hp_loss":0.0,"gold_gain":0.0,"event_name":"Purifier","player_choice":"Purged","floor":10.0,"gold_loss":0.0,"damage_taken":0.0},{"damage_healed":0.0,"max_hp_gain":0.0,"max_hp_loss":0.0,"gold_gain":0.0,"event_name":"Addict","player_choice":"Stole Relic","floor":19.0,"gold_loss":0.0,"damage_taken":0.0,"relics_obtained":["FossilizedHelix"],"cards_obtained":["Shame"]},{"damage_healed":0.0,"max_hp_gain":0.0,"max_hp_loss":0.0,"gold_gain":0.0,"event_name":"Drug Dealer","player_choice":"Inject Mutagens","floor":20.0,"gold_loss":0.0,"damage_taken":0.0,"relics_obtained":["MutagenicStrength"]},{"damage_healed":0.0,"max_hp_gain":0.0,"max_hp_loss":0.0,"gold_gain":0.0,"event_name":"The Library","player_choice":"Read","floor":21.0,"gold_loss":0.0,"damage_taken":0.0,"cards_obtained":["Infinite Blades"]},{"damage_healed":0.0,"max_hp_gain":0.0,"max_hp_loss":0.0,"gold_gain":0.0,"event_name":"Tomb of Lord Red Mask","player_choice":"Paid","floor":36.0,"gold_loss":295.0,"damage_taken":0.0,"relics_obtained":["Red Mask"]},{"damage_healed":0.0,"max_hp_gain":0.0,"max_hp_loss":0.0,"gold_gain":0.0,"event_name":"Mysterious Sphere","player_choice":"Fight","floor":38.0,"gold_loss":0.0,"damage_taken":0.0},{"damage_healed":0.0,"max_hp_gain":0.0,"max_hp_loss":0.0,"gold_gain":0.0,"event_name":"Upgrade Shrine","player_choice":"Upgraded","floor":46.0,"gold_loss":0.0,"damage_taken":0.0,"cards_upgraded":["Infinite Blades"]}],"is_beta":false,"boss_relics":[{"not_picked":["Tiny House","Fusion Hammer"],"picked":"Philosopher\u0027s Stone"},{"not_picked":["Busted Crown","SlaversCollar"],"picked":"Coffee Dripper"}],"items_purged_floors":[0,28],"is_endless":false,"potions_floor_spawned":[4,8,11,16,18,27,29,33,38,39,45],"ascension_level":15}}