{"host":"lnc26sm36s9d8cik","time":1614023976,"event":{"mods":["Act Like it!","Bartender","BaseMod","Duelist Mod","GifTheSpireLib","Magitek Elite","Mimic Mod","Minty Spire (QoL Compilation)","Prisma Mod","Remilia??????","Ruina","Shade Mod","Spicy Shops","StSLib","The Administrix","The Alterego","The Animator","The Cursed","The Exalted","The Gatherer","The Hierophant","The Necromancer","The Poker Player","The Servant 0.9.4"],"gold_per_floor":[119,139,139,152,152,165,185,185,185,197,40,68,80,108,108,207,207,227,247,247,260,260,285,297,343,436,448,487,499,537,564,576,688,700,723,735,762,58,75,104,118,143,143,198,198,224,274,294,294,294,294,294,18,45,45],"floor_reached":56,"language":"ENG","playtime":7197,"items_purged":["Pain","Outmaneuver"],"score":1277,"play_id":"55fdc7c7-e170-4312-bed1-16d2622613b3","local_time":"20210222205936","is_ascension_mode":false,"campfire_choices":[{"data":"Footwork","floor":8,"key":"SMITH"},{"data":"Neutralize","floor":15,"key":"SMITH"},{"floor":27,"key":"REST"},{"floor":29,"key":"RECALL"},{"floor":32,"key":"REST"},{"floor":49,"key":"REST"},{"floor":52,"key":"REST"}],"circlet_count":0,"master_deck":["Strike_G+1","Strike_G","Strike_G","Strike_G","Defend_G","Defend_G","Defend_G","Defend_G","Defend_G","Survivor","Neutralize+1","Escape Plan","Quick Slash","Dagger Spray","Bouncing Flask","Deflect","Footwork+1","Deadly Poison","Quick Slash+1","Deadly Poison","Blade Dance","Blade Dance","After Image+1","Poisoned Stab+1","Poisoned Stab+1","After Image+1","Noxious Fumes+1","Dagger Spray+1","ruina:FalseThrone","Backstab+1","Backstab+1","Poisoned Stab+1","Night Terror","Quick Slash+1","Noxious Fumes+1","Footwork+1","Calculated Gamble+1","Footwork+1","Acrobatics"],"relics":["Ring of the Snake","WarpedTongs","Meat on the Bone","Molten Egg 2","Bottled Tornado","Fusion Hammer","MawBank","Juzu Bracelet","Bromod:ArcaneTrickery","Regal Pillow","Bag of Preparation","Bromod:ArcaneEnergize","Oddly Smooth Stone","TwistedFunnel","Blood Vial","HandDrill","Matryoshka","Power_Wrist","Bromod:ArcaneTempo","CaptainsWheel","White Beast Statue","StoneCalendar","Bromod:ArcaneConsequence","Whetstone","Pantograph"],"acts_visited":["Exordium","Exordium","TheBeyond","TheEnding"],"potions_floor_usage":[2,16,23,23,28,28,28,28,42,42,44,44,55,55,55],"damage_taken":[{"damage":0,"enemies":"Small Slimes","floor":1,"turns":4},{"damage":1,"enemies":"Cultist","floor":2,"turns":5},{"damage":0,"enemies":"2 Louse","floor":4,"turns":2},{"damage":0,"enemies":"Lots of Slimes","floor":6,"turns":1},{"damage":1,"enemies":"Red Slaver","floor":7,"turns":4},{"damage":4,"enemies":"3 Louse","floor":10,"turns":3},{"damage":17,"enemies":"Gremlin Nob","floor":12,"turns":4},{"damage":0,"enemies":"2 Fungi Beasts","floor":13,"turns":2},{"damage":4,"enemies":"Lagavulin","floor":14,"turns":6},{"damage":10,"enemies":"The Guardian","floor":16,"turns":8},{"damage":9,"enemies":"ruina:3_Bats","floor":18,"turns":5},{"damage":1,"enemies":"ruina:Nosferatu","floor":19,"turns":3},{"damage":0,"enemies":"ruina:KingOfGreed","floor":21,"turns":5},{"damage":6,"enemies":"ruina:Mountain","floor":23,"turns":8},{"damage":15,"enemies":"ruina:RoadHome","floor":25,"turns":9},{"damage":0,"enemies":"ruina:Mountain","floor":28,"turns":6},{"damage":18,"enemies":"ruina:RoadHome","floor":30,"turns":7},{"damage":2,"enemies":"ruina:KnightOfDespair","floor":31,"turns":4},{"damage":0,"enemies":"ruina:Ozma","floor":33,"turns":8},{"damage":1,"enemies":"Orb Walker","floor":35,"turns":3},{"damage":0,"enemies":"3 Shapes","floor":37,"turns":3},{"damage":0,"enemies":"Maw","floor":39,"turns":6},{"damage":0,"enemies":"Reptomancer","floor":40,"turns":6},{"damage":0,"enemies":"Jaw Worm Horde","floor":41,"turns":4},{"damage":0,"enemies":"Giant Head","floor":42,"turns":7},{"damage":32,"enemies":"2 Orb Walkers","floor":44,"turns":3},{"damage":0,"enemies":"Reptomancer","floor":46,"turns":4},{"damage":0,"enemies":"Mind Bloom Boss Battle","floor":47,"turns":3},{"damage":6,"enemies":"Spire Growth","floor":48,"turns":4},{"damage":106,"enemies":"Time Eater","floor":50,"turns":13},{"damage":19,"enemies":"Shield and Spear","floor":54,"turns":7},{"damage":83,"enemies":"The Heart","floor":55,"turns":11}],"seed_played":"6002839442899562785","potions_obtained":[{"floor":1,"key":"DistilledChaos"},{"floor":2,"key":"Weak Potion"},{"floor":12,"key":"Poison Potion"},{"floor":14,"key":"EssenceOfSteel"},{"floor":16,"key":"Explosive Potion"},{"floor":23,"key":"Poison Potion"},{"floor":25,"key":"EntropicBrew"},{"floor":30,"key":"ColorlessPotion"},{"floor":40,"key":"FearPotion"},{"floor":41,"key":"DistilledChaos"},{"floor":46,"key":"FairyPotion"},{"floor":54,"key":"SneckoOil"}],"is_trial":false,"path_per_floor":["M","M","?","M","?","M","M","R","T","M","$","E","M","E","R","B",null,"M","M","?","M","?","E","?","E","T","R","E","R","E","M","R","B",null,"M","?","M","$","M","E","M","E","T","?","?","E","?","M","R","B",null,"R","$","E","B",null],"character_chosen":"THE_SILENT","items_purchased":["Quick Slash","Oddly Smooth Stone","TwistedFunnel","Blood Vial","Quick Slash+1","HandDrill","Bromod:ArcaneConsequence","Acrobatics","Whetstone"],"campfire_rested":4,"item_purchase_floors":[11,38,38,38,38,38,53,53,53],"current_hp_per_floor":[77,76,76,76,76,76,75,75,75,71,71,54,54,50,50,40,77,68,67,44,44,52,46,46,43,43,68,68,68,50,48,85,85,85,84,84,84,84,85,85,85,85,85,53,53,55,57,53,85,22,85,85,85,66,14],"gold":45,"neow_bonus":"TEN_PERCENT_HP_BONUS","is_daily":false,"chose_seed":false,"campfire_upgraded":2,"win_rate":0.0,"timestamp":1614023976,"path_taken":["M","M","?","?","?","M","M","R","T","?","$","E","M","E","R","BOSS","M","M","?","?","?","E","?","E","T","R","E","R","E","M","R","BOSS","M","?","M","$","M","E","M","E","T","?","?","E","?","M","R","BOSS","R","$","E","BOSS"],"items_purchased_type":["Card","Relic","Relic","Relic","Card","Relic","Relic","Card","Relic"],"build_version":"2020-12-22","purchased_purges":2,"victory":true,"max_hp_per_floor":[77,77,77,77,77,77,77,77,77,77,77,77,77,77,77,77,77,77,77,77,77,85,85,85,85,85,85,85,85,85,85,85,85,85,85,85,85,85,85,85,85,85,85,85,85,85,85,85,85,85,85,85,85,85,85],"card_choices":[{"not_picked":["Riddle With Holes","Quick Slash"],"picked":"Escape Plan","floor":1},{"not_picked":["Well Laid Plans","Underhanded Strike"],"picked":"Quick Slash","floor":2},{"not_picked":["Underhanded Strike","Prepared"],"picked":"Bouncing Flask","floor":4},{"not_picked":["Quick Slash","Expertise"],"picked":"Deflect","floor":6},{"not_picked":["Dodge and Roll","Flechettes"],"picked":"Footwork","floor":7},{"not_picked":["Distraction","Tactician"],"picked":"Deadly Poison","floor":10},{"not_picked":["Expertise","Finisher+1"],"picked":"Deadly Poison","floor":12},{"not_picked":["Heel Hook+1","After Image"],"picked":"Blade Dance","floor":13},{"not_picked":["Quick Slash+1","Distraction"],"picked":"Blade Dance","floor":14},{"not_picked":["Glass Knife+1","Adrenaline"],"picked":"After Image","floor":16},{"not_picked":["Slice+1","Expertise"],"picked":"Poisoned Stab+1","floor":18},{"not_picked":["All Out Attack+1","Deflect"],"picked":"Poisoned Stab+1","floor":19},{"not_picked":["Skewer+1","Bouncing Flask+1"],"picked":"Noxious Fumes+1","floor":21},{"not_picked":["Unload+1","Outmaneuver"],"picked":"Dagger Spray+1","floor":23},{"not_picked":["Choke+1","Predator+1","Sucker Punch+1"],"picked":"SKIP","floor":25},{"not_picked":["Flying Knee+1","Outmaneuver"],"picked":"Backstab+1","floor":28},{"not_picked":["Tactician","Night Terror"],"picked":"Backstab+1","floor":30},{"not_picked":["Slice+1","Bouncing Flask+1"],"picked":"Poisoned Stab+1","floor":31},{"not_picked":["Phantasmal Killer","Wraith Form v2"],"picked":"Night Terror","floor":33},{"not_picked":["Finisher+1","Sucker Punch+1","Dodge and Roll"],"picked":"SKIP","floor":35},{"not_picked":["Heel Hook+1","All Out Attack+1","Flying Knee+1"],"picked":"SKIP","floor":37},{"not_picked":["Slice+1","Crippling Poison"],"picked":"Noxious Fumes+1","floor":39},{"not_picked":["Outmaneuver+1","Choke+1","Slice+1"],"picked":"SKIP","floor":40},{"not_picked":["Dagger Throw+1","Dagger Spray+1","Deflect"],"picked":"SKIP","floor":41},{"not_picked":["Prepared","Masterful Stab+1"],"picked":"Footwork","floor":42},{"not_picked":["Poisoned Stab+1","Quick Slash+1"],"picked":"Calculated Gamble+1","floor":44},{"not_picked":["Flying Knee+1","Poisoned Stab+1"],"picked":"Footwork+1","floor":46},{"not_picked":["Venomology","Masterful Stab+1","Terror+1"],"picked":"SKIP","floor":48},{"not_picked":["Underhanded Strike+1","Bullet Time","Dodge and Roll+1"],"picked":"SKIP","floor":54}],"player_experience":266162,"relics_obtained":[{"floor":9,"key":"Meat on the Bone"},{"floor":12,"key":"Molten Egg 2"},{"floor":14,"key":"Bottled Tornado"},{"floor":23,"key":"MawBank"},{"floor":25,"key":"Juzu Bracelet"},{"floor":26,"key":"Bromod:ArcaneTrickery"},{"floor":28,"key":"Regal Pillow"},{"floor":30,"key":"Bag of Preparation"},{"floor":40,"key":"Matryoshka"},{"floor":42,"key":"Power_Wrist"},{"floor":43,"key":"Bromod:ArcaneTempo"},{"floor":44,"key":"CaptainsWheel"},{"floor":46,"key":"White Beast Statue"},{"floor":47,"key":"StoneCalendar"},{"floor":54,"key":"Pantograph"}],"event_choices":[{"damage_healed":0,"gold_gain":0,"cards_transformed":["Strike_G"],"player_choice":"Transformed","damage_taken":0,"max_hp_gain":0,"max_hp_loss":0,"event_name":"Transmorgrifier","floor":3,"gold_loss":0,"cards_obtained":["Dagger Spray"]},{"damage_healed":0,"gold_gain":0,"player_choice":"Rummage","damage_taken":0,"relics_obtained":["WarpedTongs"],"max_hp_gain":0,"max_hp_loss":0,"event_name":"Accursed Blacksmith","floor":5,"gold_loss":0,"cards_obtained":["Pain"]},{"damage_healed":0,"gold_gain":0,"player_choice":"1 cards matched","damage_taken":0,"max_hp_gain":0,"max_hp_loss":0,"event_name":"Match and Keep!","floor":36,"gold_loss":0,"cards_obtained":["Outmaneuver"]},{"damage_healed":0,"gold_gain":0,"player_choice":"Fight","damage_taken":0,"max_hp_gain":0,"max_hp_loss":0,"event_name":"Mysterious Sphere","floor":44,"gold_loss":0},{"damage_healed":0,"gold_gain":0,"player_choice":"Upgraded","damage_taken":0,"max_hp_gain":0,"max_hp_loss":0,"event_name":"Upgrade Shrine","floor":45,"gold_loss":0,"cards_upgraded":["Footwork"]},{"damage_healed":0,"gold_gain":0,"player_choice":"Fight","damage_taken":0,"max_hp_gain":0,"max_hp_loss":0,"event_name":"MindBloom","floor":47,"gold_loss":0}],"is_beta":false,"boss_relics":[{"not_picked":["Bromod:ArcaneBarrier","SacredBark"],"picked":"Fusion Hammer"},{"not_picked":["SlaversCollar","Bromod:ArcaneGrace"],"picked":"Bromod:ArcaneEnergize"}],"items_purged_floors":[11,38],"is_endless":false,"potions_floor_spawned":[1,2,12,14,16,21,23,25,30,40,41,46,47,48,54],"ascension_level":0}}