{"host":"4gkev1dtxxhiue3x","time":1614016491,"event":{"mods":["AchievementEnabler","BaseMod","Better Altar","Better Match","Better Note","Better Sensory Stone","Better Skull","Better Third Choice","Colored Powertips","Friendly Minions","Hermit","Minty Spire (QoL Compilation)","Relic Stats","Robot Space Explorer","Shop Mod","StSLib","The Disciple","The Hierophant"],"gold_per_floor":[110,126,137,137,137,137,137,137,163,197,214,228,228,73,73,174,174,192,212,212,212,239,239,268,286,359,58,89,102,134,153,153,153,153],"floor_reached":33,"language":"ENG","playtime":2928,"items_purged":["Regret","Defend_B"],"score":391,"play_id":"2b5bc5af-f83c-478a-b3d2-46301860fc0f","local_time":"20210222185451","is_ascension_mode":true,"campfire_choices":[{"floor":6,"key":"REST"},{"data":"Streamline","floor":8,"key":"SMITH"},{"data":"Scrape","floor":15,"key":"SMITH"},{"data":"Inflame","floor":23,"key":"SMITH"},{"floor":32,"key":"REST"}],"circlet_count":0,"master_deck":["Strike_B","Strike_B","Defend_B","Defend_B","Defend_B","Zap","Dualcast","Machine Learning","Scrape+1","Streamline+1","Steam","Inflame+1","Conserve Battery","FTL","Creative AI","Steam","Turbo+1","Ghostly","Ghostly","Ghostly","Ghostly","Ghostly","Rebound","Streamline+1","Go for the Eyes","Machine Learning","Go for the Eyes","Beam Cell","Force Field+1"],"relics":["Cracked Core","Pantograph","Tiny Chest","Bag of Marbles","Pen Nib","SlaversCollar","Juzu Bracelet","Question Card","Mummified Hand","Bottled Tornado","Letter Opener"],"acts_visited":["Exordium","TheCity"],"potions_floor_usage":[10,12,16,30,30],"damage_taken":[{"damage":0,"enemies":"2 Louse","floor":1,"turns":4},{"damage":3,"enemies":"Small Slimes","floor":2,"turns":3},{"damage":0,"enemies":"Cultist","floor":3,"turns":2},{"damage":7,"enemies":"Lagavulin","floor":10,"turns":5},{"damage":3,"enemies":"3 Louse","floor":11,"turns":5},{"damage":8,"enemies":"Large Slime","floor":12,"turns":5},{"damage":28,"enemies":"Hexaghost","floor":16,"turns":9},{"damage":15,"enemies":"3 Byrds","floor":18,"turns":4},{"damage":13,"enemies":"Spheric Guardian","floor":19,"turns":4},{"damage":2,"enemies":"Slavers","floor":24,"turns":7},{"damage":3,"enemies":"Snake Plant","floor":25,"turns":6},{"damage":18,"enemies":"Gremlin Leader","floor":28,"turns":6},{"damage":7,"enemies":"Centurion and Healer","floor":29,"turns":7},{"damage":4,"enemies":"Book of Stabbing","floor":30,"turns":4},{"damage":2,"enemies":"Cultist and Chosen","floor":31,"turns":5},{"damage":53,"enemies":"Collector","floor":33,"turns":7}],"seed_played":"-5657300913354879115","potions_obtained":[{"floor":1,"key":"LiquidBronze"},{"floor":2,"key":"Block Potion"},{"floor":3,"key":"ColorlessPotion"},{"floor":25,"key":"EssenceOfDarkness"},{"floor":28,"key":"Swift Potion"},{"floor":29,"key":"SteroidPotion"},{"floor":30,"key":"Strength Potion"}],"is_trial":false,"path_per_floor":["M","M","M","?","?","R","?","R","T","E","M","M","?","$","R","B",null,"M","M","?","T","T","R","E","M","T","$","E","M","E","M","R","B"],"character_chosen":"DEFECT","items_purchased":["FTL","Go for the Eyes","Machine Learning"],"campfire_rested":2,"item_purchase_floors":[14,27,27],"current_hp_per_floor":[54,51,51,44,27,49,49,49,49,42,39,31,31,31,31,28,75,60,47,37,37,37,37,35,32,32,32,14,7,3,1,12,0,0],"gold":153,"neow_bonus":"THREE_RARE_CARDS","is_daily":false,"chose_seed":false,"campfire_upgraded":3,"win_rate":0.0,"timestamp":1614016491,"path_taken":["M","M","M","?","?","R","?","R","T","E","M","?","?","$","R","BOSS","M","M","?","?","?","R","E","M","T","$","E","M","E","M","R","BOSS"],"items_purchased_type":["Card","Card","Card"],"build_version":"2020-12-22","purchased_purges":2,"victory":false,"max_hp_per_floor":[75,75,75,75,75,75,75,75,75,75,75,75,75,75,75,75,75,75,75,37,37,37,37,37,37,37,37,37,37,37,37,37,37,37],"relic_stats":{"counters":[16,83],"Mummified Hand":[33],"Pantograph":50,"Tiny Chest":1,"Pen Nib":[10],"Juzu Bracelet":0,"Letter Opener":[40],"Question Card":5,"obtain_stats":[{"SlaversCollar":17,"Mummified Hand":26,"Pantograph":5,"Tiny Chest":9,"Pen Nib":13,"Bag of Marbles":10,"Juzu Bracelet":22,"Letter Opener":30,"Bottled Tornado":28,"Cracked Core":0,"Question Card":24},{"SlaversCollar":7,"Mummified Hand":11,"Pantograph":3,"Tiny Chest":3,"Pen Nib":6,"Bag of Marbles":4,"Juzu Bracelet":9,"Letter Opener":14,"Bottled Tornado":12,"Cracked Core":0,"Question Card":10},{"SlaversCollar":33,"Mummified Hand":54,"Pantograph":9,"Tiny Chest":9,"Pen Nib":24,"Bag of Marbles":14,"Juzu Bracelet":41,"Letter Opener":71,"Bottled Tornado":60,"Cracked Core":0,"Question Card":48}]},"card_choices":[{"not_picked":["Core Surge","Meteor Strike"],"picked":"Machine Learning","floor":0},{"not_picked":["BootSequence","Blizzard"],"picked":"Scrape","floor":1},{"not_picked":["Steam","Blizzard"],"picked":"Streamline","floor":2},{"not_picked":["Streamline","Barrage"],"picked":"Steam","floor":3},{"not_picked":["Fusion","Biased Cognition","Cold Snap"],"picked":"SKIP","floor":10},{"not_picked":["BootSequence","Stack"],"picked":"Conserve Battery","floor":11},{"not_picked":["Conserve Battery","Tempest","Hello World"],"picked":"SKIP","floor":12},{"not_picked":["Multi-Cast","Fission"],"picked":"Creative AI","floor":16},{"not_picked":["Cold Snap","Fusion"],"picked":"Steam","floor":18},{"not_picked":["Capacitor","Sweeping Beam+1"],"picked":"Turbo+1","floor":19},{"not_picked":["Defragment","Turbo"],"picked":"Rebound","floor":24},{"not_picked":["Turbo","Rebound","Tempest+1"],"picked":"Streamline+1","floor":25},{"not_picked":["Sweeping Beam+1","Conserve Battery","Chaos"],"picked":"Go for the Eyes","floor":28},{"not_picked":["Loop","Coolheaded","Auto Shields"],"picked":"Beam Cell","floor":29},{"not_picked":["Fission","Coolheaded+1","Go for the Eyes"],"picked":"Force Field+1","floor":30},{"not_picked":["Ball Lightning","Auto Shields","Leap+1","Hologram"],"picked":"SKIP","floor":31}],"player_experience":246395,"relics_obtained":[{"floor":9,"key":"Tiny Chest"},{"floor":10,"key":"Bag of Marbles"},{"floor":22,"key":"Juzu Bracelet"},{"floor":24,"key":"Question Card"},{"floor":26,"key":"Mummified Hand"},{"floor":28,"key":"Bottled Tornado"},{"floor":30,"key":"Letter Opener"}],"event_choices":[{"cards_removed":["Strike_B"],"damage_healed":0,"gold_gain":0,"player_choice":"Card Removal","damage_taken":7,"max_hp_gain":0,"max_hp_loss":0,"event_name":"Golden Wing","floor":4,"gold_loss":0},{"cards_removed":["Strike_B"],"damage_healed":0,"gold_gain":0,"player_choice":"Purged","damage_taken":0,"max_hp_gain":0,"max_hp_loss":0,"event_name":"Purifier","floor":7,"gold_loss":0},{"damage_healed":0,"gold_gain":0,"player_choice":"Box","damage_taken":0,"relics_obtained":["Pen Nib"],"max_hp_gain":0,"max_hp_loss":0,"event_name":"Big Fish","floor":13,"gold_loss":0,"cards_obtained":["Regret"]},{"damage_healed":0,"gold_gain":0,"player_choice":"Became a Ghost","damage_taken":0,"max_hp_gain":0,"max_hp_loss":38,"event_name":"Ghosts","floor":20,"gold_loss":0,"cards_obtained":["Ghostly","Ghostly","Ghostly","Ghostly","Ghostly"]}],"is_beta":false,"boss_relics":[{"not_picked":["Coffee Dripper","Snecko Eye"],"picked":"SlaversCollar"}],"items_purged_floors":[14,27],"is_endless":false,"potions_floor_spawned":[1,2,3,25,28,29,30],"killed_by":"Collector","ascension_level":4}}