{"host":"4yf2n7l3ni368tvf","time":1614006640,"event":{"mods":["AchievementEnabler","BaseMod","Colored Map","DeckTracker","Minty Spire (QoL Compilation)","SuperFastMode"],"gold_per_floor":[116,116,66,84,84,116,135,145,171,188,188,222,251,269,269,367,367,384,402,402,421,431,465,465,484,484,484,494,511,511,511],"floor_reached":30,"language":"KOR","playtime":911,"items_purged":[],"score":389,"play_id":"295e3e4e-86e8-449f-a11f-f41e0f550d0b","local_time":"20210223001040","is_ascension_mode":true,"campfire_choices":[{"data":"Perfected Strike","floor":11,"key":"SMITH"},{"floor":15,"key":"REST"},{"floor":24,"key":"REST"}],"circlet_count":0,"master_deck":["Strike_R","Strike_R","Strike_R","Strike_R","Strike_R","Defend_R","Defend_R","Defend_R","Bash","Perfected Strike+1","Thunderclap","Perfected Strike","Headbutt","Pommel Strike","Demon Form","Twin Strike","Cleave+1","Perfected Strike","Pommel Strike","Twin Strike","Flame Barrier","Twin Strike","Twin Strike+1"],"relics":["Black Blood","NeowsBlessing","Potion Belt","Bag of Marbles","Ancient Tea Set","Odd Mushroom","MutagenicStrength","Mummified Hand"],"acts_visited":["Exordium","TheCity"],"potions_floor_usage":[21,23,23,30,30],"damage_taken":[{"damage":0,"enemies":"Small Slimes","floor":1,"turns":2},{"damage":0,"enemies":"2 Louse","floor":4,"turns":1},{"damage":0,"enemies":"Lagavulin","floor":6,"turns":1},{"damage":12,"enemies":"Jaw Worm","floor":7,"turns":2},{"damage":6,"enemies":"Looter","floor":8,"turns":2},{"damage":15,"enemies":"Lots of Slimes","floor":10,"turns":4},{"damage":16,"enemies":"Gremlin Nob","floor":12,"turns":3},{"damage":23,"enemies":"The Mushroom Lair","floor":13,"turns":4},{"damage":16,"enemies":"Large Slime","floor":14,"turns":4},{"damage":25,"enemies":"Slime Boss","floor":16,"turns":7},{"damage":11,"enemies":"2 Thieves","floor":18,"turns":2},{"damage":18,"enemies":"3 Byrds","floor":19,"turns":5},{"damage":12,"enemies":"Snake Plant","floor":21,"turns":2},{"damage":30,"enemies":"Centurion and Healer","floor":22,"turns":4},{"damage":48,"enemies":"Slavers","floor":23,"turns":4},{"damage":12,"enemies":"Chosen and Byrds","floor":25,"turns":2},{"damage":17,"enemies":"3 Cultists","floor":28,"turns":4},{"damage":24,"enemies":"Snake Plant","floor":29,"turns":3},{"damage":43,"enemies":"Gremlin Leader","floor":30,"turns":3}],"seed_played":"-7133461265029671006","potions_obtained":[{"floor":4,"key":"GamblersBrew"},{"floor":6,"key":"Block Potion"},{"floor":10,"key":"BloodPotion"},{"floor":14,"key":"Block Potion"},{"floor":21,"key":"Strength Potion"},{"floor":25,"key":"Strength Potion"}],"is_trial":false,"path_per_floor":["M","?","?","M","$","E","M","M","T","M","R","E","?","M","R","B",null,"M","M","?","M","M","E","R","M","T","?","M","M","E"],"character_chosen":"IRONCLAD","items_purchased":[],"campfire_rested":2,"item_purchase_floors":[],"current_hp_per_floor":[80,85,85,85,85,85,79,79,79,70,70,60,43,33,58,39,74,75,69,69,69,51,32,57,57,57,57,52,40,0,0],"gold":511,"neow_bonus":"THREE_ENEMY_KILL","is_daily":false,"chose_seed":false,"campfire_upgraded":1,"win_rate":0.0,"timestamp":1614006640,"path_taken":["M","?","?","M","$","E","M","M","T","M","R","E","?","M","R","BOSS","M","M","?","M","M","E","R","M","T","?","M","M","E"],"items_purchased_type":[],"build_version":"2020-12-22","purchased_purges":0,"victory":false,"max_hp_per_floor":[80,85,85,85,85,85,85,85,85,85,85,85,85,85,85,85,85,85,85,85,85,85,85,85,85,85,85,85,85,85,85],"card_choices":[{"not_picked":["Iron Wave","Whirlwind"],"picked":"Perfected Strike","floor":1},{"not_picked":["Feel No Pain","Cleave"],"picked":"Thunderclap","floor":4},{"not_picked":["Infernal Blade","Ghostly Armor"],"picked":"Perfected Strike","floor":6},{"not_picked":["Iron Wave","Spot Weakness"],"picked":"Headbutt","floor":7},{"not_picked":["Armaments","Anger"],"picked":"Pommel Strike","floor":8},{"not_picked":["Hemokinesis","Body Slam"],"picked":"Demon Form","floor":10},{"not_picked":["Thunderclap","Dual Wield"],"picked":"Twin Strike","floor":12},{"not_picked":["Uppercut","Cleave","Blood for Blood"],"picked":"SKIP","floor":14},{"not_picked":["Headbutt+1","Blood for Blood"],"picked":"Cleave+1","floor":18},{"not_picked":["Headbutt+1","Thunderclap","Blood for Blood"],"picked":"SKIP","floor":19},{"not_picked":["Twin Strike","Seeing Red"],"picked":"Perfected Strike","floor":21},{"not_picked":["Entrench+1","Wild Strike"],"picked":"Pommel Strike","floor":22},{"not_picked":["Cleave","Demon Form"],"picked":"Twin Strike","floor":23},{"not_picked":["Anger","True Grit"],"picked":"Flame Barrier","floor":25},{"not_picked":["Clothesline","Anger"],"picked":"Twin Strike","floor":28},{"not_picked":["Rupture","Shrug It Off"],"picked":"Twin Strike+1","floor":29}],"player_experience":268240,"relics_obtained":[{"floor":6,"key":"Potion Belt"},{"floor":9,"key":"Bag of Marbles"},{"floor":12,"key":"Ancient Tea Set"},{"floor":13,"key":"Odd Mushroom"},{"floor":23,"key":"Mummified Hand"}],"event_choices":[{"damage_healed":0,"gold_gain":0,"player_choice":"Donut","damage_taken":0,"max_hp_gain":5,"max_hp_loss":0,"event_name":"Big Fish","floor":2,"gold_loss":0},{"cards_removed":["Defend_R"],"damage_healed":0,"gold_gain":0,"player_choice":"Card Removal","damage_taken":0,"max_hp_gain":0,"max_hp_loss":0,"event_name":"The Cleric","floor":3,"gold_loss":50},{"damage_healed":0,"gold_gain":0,"player_choice":"Fought Mushrooms","damage_taken":0,"max_hp_gain":0,"max_hp_loss":0,"event_name":"Mushrooms","floor":13,"gold_loss":0},{"damage_healed":0,"gold_gain":0,"player_choice":"Inject Mutagens","damage_taken":0,"relics_obtained":["MutagenicStrength"],"max_hp_gain":0,"max_hp_loss":0,"event_name":"Drug Dealer","floor":20,"gold_loss":0},{"damage_healed":0,"gold_gain":0,"player_choice":"Ignored","damage_taken":0,"max_hp_gain":0,"max_hp_loss":0,"event_name":"Vampires","floor":27,"gold_loss":0}],"is_beta":false,"boss_relics":[{"not_picked":["Snecko Eye","Pandora\u0027s Box"],"picked":"Black Blood"}],"items_purged_floors":[],"is_endless":false,"potions_floor_spawned":[4,6,10,14,21,25],"killed_by":"Gremlin Leader","ascension_level":5}}