{"host":"x3tdtn2vw0frar62","time":1614033469,"event":{"mods":["100% Spire Juice","Aspiration","BaseMod","Better Note","Better Sensory Stone","Better Third Choice","BetterRewards","CatGirl Mod","Hermit","Hubris","LagranYue(???·?)","Marisa????????","Minty Spire (QoL Compilation)","Morshu Shopkeeper","Morshu Shopkeeper - ENHANCED","Practice Mode","Railgun Mod","Relic Stats","Reliquary","Remilia??????","Replay The Spire","Robot Space Explorer","Shade Mod","Shop Mod","Spicy Shops","Spire Arcade","StSLib","The Cursed","The Dragon Tamer","The Marked","The Runesmith","The Sage","The Senshi","The Servant 0.9.4"],"gold_per_floor":[119,130,130,130,55,83,102,136,136,31,31,31,66,84,84,183,183,199,6,25,25,45,71,91,91,91,124,142,30,30,30,30,30,30],"floor_reached":33,"language":"ENG","playtime":1549,"items_purged":[],"score":388,"play_id":"d1ce0ec0-d504-4dbb-ac94-7804241a9e9f","local_time":"20210222173749","is_ascension_mode":true,"campfire_choices":[{"floor":15,"key":"RECALL"},{"data":"Armaments","floor":25,"key":"SMITH"},{"data":"Double Tap","floor":32,"key":"SMITH"}],"circlet_count":0,"master_deck":["Strike_R","Strike_R","Strike_R","Strike_R","Strike_R","Defend_R","Defend_R","Defend_R","Defend_R+1","Bash+1","Clash+1","Perfected Strike+1","Pommel Strike+1","Offering+1","Twin Strike+1","Spot Weakness","Perfected Strike+1","Armaments+1","Double Tap+1","Inflame"],"relics":["Burning Blood","NeowsBlessing","Molten Egg 2","reliquary:TuningFork","Juzu Bracelet","Replay:Baseball","hubris:Reverence","LagranYue:ContractPerformanceRelic","Membership Card","aspiration:Lifesprig","Garlic","aspiration:ChemicalBlood","Kunai","hubris:BottledHeart"],"acts_visited":["Exordium","TheCity"],"potions_floor_usage":[8,21,22,33],"damage_taken":[{"damage":0,"enemies":"Small Slimes","floor":1,"turns":1},{"damage":0,"enemies":"Jaw Worm","floor":2,"turns":1},{"damage":0,"enemies":"3 Sentries","floor":6,"turns":2},{"damage":0,"enemies":"Cultist","floor":7,"turns":2},{"damage":3,"enemies":"Lagavulin","floor":8,"turns":4},{"damage":6,"enemies":"Gremlin Nob","floor":13,"turns":2},{"damage":0,"enemies":"2 Fungi Beasts","floor":14,"turns":2},{"damage":29,"enemies":"Fading Forest","floor":16,"turns":11},{"damage":13,"enemies":"2 Thieves","floor":18,"turns":2},{"damage":8,"enemies":"Chosen","floor":20,"turns":2},{"damage":31,"enemies":"Snake Plant","floor":22,"turns":3},{"damage":33,"enemies":"Book of Stabbing","floor":23,"turns":3},{"damage":6,"enemies":"Sentry and Sphere","floor":24,"turns":2},{"damage":10,"enemies":"Replay:Snechameleon","floor":27,"turns":3},{"damage":8,"enemies":"Centurion and Healer","floor":28,"turns":3},{"damage":1,"enemies":"Automaton","floor":33,"turns":2}],"seed_played":"2611485835059367770","potions_obtained":[{"floor":1,"key":"Energy Potion"},{"floor":8,"key":"SkillPotion"},{"floor":13,"key":"SpeedPotion"},{"floor":14,"key":"PowerPotion"},{"floor":21,"key":"Fruit Juice"},{"floor":21,"key":"Elixir"},{"floor":22,"key":"BloodPotion"},{"floor":27,"key":"Regen Potion"}],"is_trial":false,"path_per_floor":["M","M","?","?","$","E","M","E","T","$","?","?","E","M","R","B",null,"M","$","M","?","M","E","M","R","T","E","M","$","T","?","R","B"],"character_chosen":"IRONCLAD","items_purchased":["Perfected Strike+1","Pommel Strike+1","Offering+1","Membership Card","aspiration:Lifesprig","Double Tap","Inflame"],"campfire_rested":0,"item_purchase_floors":[5,5,10,19,19,29,29],"current_hp_per_floor":[80,80,80,80,80,80,80,80,80,80,64,64,64,70,70,57,80,73,73,71,76,76,49,49,49,49,45,43,43,43,1,1,0,0],"gold":30,"neow_bonus":"THREE_ENEMY_KILL","is_daily":false,"chose_seed":false,"campfire_upgraded":2,"win_rate":0.0,"timestamp":1614033469,"path_taken":["M","M","?","?","$","E","M","E","T","$","?","?","E","M","R","BOSS","M","$","M","?","M","E","M","R","T","E","M","$","?","?","R","BOSS"],"items_purchased_type":["Card","Card","Card","Relic","Relic","Card","Card"],"build_version":"2020-12-22","purchased_purges":0,"victory":false,"max_hp_per_floor":[80,80,80,80,80,80,80,80,80,80,80,80,80,80,80,80,80,80,80,80,85,85,85,85,85,85,85,85,85,85,1,1,1,1],"relic_stats":{"counters":[16,45],"Juzu Bracelet":1,"Kunai":[1],"obtain_stats":[{"aspiration:Lifesprig":19,"NeowsBlessing":0,"Juzu Bracelet":8,"Burning Blood":0,"Replay:Baseball":9,"LagranYue:ContractPerformanceRelic":17,"hubris:BottledHeart":31,"Molten Egg 2":3,"reliquary:TuningFork":6,"Garlic":23,"Membership Card":19,"Kunai":30,"hubris:Reverence":13,"aspiration:ChemicalBlood":27},{"aspiration:Lifesprig":9,"NeowsBlessing":0,"Juzu Bracelet":5,"Burning Blood":0,"Replay:Baseball":5,"LagranYue:ContractPerformanceRelic":8,"hubris:BottledHeart":15,"Molten Egg 2":2,"reliquary:TuningFork":3,"Garlic":12,"Membership Card":9,"Kunai":15,"hubris:Reverence":6,"aspiration:ChemicalBlood":14},{"aspiration:Lifesprig":27,"NeowsBlessing":0,"Juzu Bracelet":10,"Burning Blood":0,"Replay:Baseball":10,"LagranYue:ContractPerformanceRelic":25,"hubris:BottledHeart":43,"Molten Egg 2":2,"reliquary:TuningFork":4,"Garlic":35,"Membership Card":27,"Kunai":43,"hubris:Reverence":12,"aspiration:ChemicalBlood":40}],"Burning Blood":63},"card_choices":[{"not_picked":["Reckless Charge","Havoc","Cleave"],"picked":"SKIP","floor":1},{"not_picked":["Dropkick","True Grit"],"picked":"Clash","floor":2},{"not_picked":["Replay:Undeath\u0027s Touch+1","Combust","Disarm"],"picked":"SKIP","floor":6},{"not_picked":["Thunderclap+1","Sword Boomerang+1","Dropkick+1"],"picked":"SKIP","floor":7},{"not_picked":["Thunderclap+1","Sword Boomerang+1","Dropkick+1"],"picked":"SKIP","floor":7},{"not_picked":["Thunderclap+1","Sword Boomerang+1","Dropkick+1"],"picked":"SKIP","floor":7},{"not_picked":["Abandon","Evolve","Defy Death"],"picked":"SKIP","floor":8},{"not_picked":["Sword Boomerang+1","Power Through","Evolve"],"picked":"SKIP","floor":13},{"not_picked":["Heavy Blade+1","Second Wind"],"picked":"Twin Strike+1","floor":14},{"not_picked":["Clothesline+1","hubris:CleavingFinish+1"],"picked":"Spot Weakness","floor":18},{"not_picked":["Pommel Strike+1","ReplayTheSpireMod:Strike From Hell+1"],"picked":"Perfected Strike+1","floor":20},{"not_picked":["Cleave+1","Anger+1","Clothesline+1"],"picked":"SKIP","floor":22},{"not_picked":["Thunderclap+1","Whirlwind+1"],"picked":"Armaments","floor":23},{"not_picked":["Armaments+1","hubris:StunningStrike+1","Anger+1"],"picked":"SKIP","floor":24},{"not_picked":["Replay:Undeath\u0027s Touch+1","Run Through+1","Clothesline+1"],"picked":"SKIP","floor":27},{"not_picked":["Bloodletting","Reckless Charge+1","Iron Wave+1"],"picked":"SKIP","floor":28}],"player_experience":211076,"relics_obtained":[{"floor":6,"key":"reliquary:TuningFork"},{"floor":8,"key":"Juzu Bracelet"},{"floor":9,"key":"Replay:Baseball"},{"floor":13,"key":"hubris:Reverence"},{"floor":23,"key":"Garlic"},{"floor":27,"key":"aspiration:ChemicalBlood"},{"floor":30,"key":"Kunai"}],"event_choices":[{"cards_removed":["Injury"],"damage_healed":0,"gold_gain":0,"player_choice":"Removed Curses","damage_taken":0,"max_hp_gain":0,"max_hp_loss":0,"event_name":"Fountain of Cleansing","floor":4,"gold_loss":0},{"damage_healed":80,"gold_gain":0,"player_choice":"Upgrade","damage_taken":16,"max_hp_gain":0,"max_hp_loss":80,"event_name":"betterThird:BetterShining","floor":11,"gold_loss":0,"cards_upgraded":["Bash","Clash"]},{"damage_healed":0,"gold_gain":0,"player_choice":"Grow","damage_taken":0,"max_hp_gain":0,"max_hp_loss":0,"event_name":"Living Wall","floor":12,"gold_loss":0,"cards_upgraded":["Defend_R"]},{"damage_healed":0,"gold_gain":0,"player_choice":"Got Potions","damage_taken":0,"max_hp_gain":0,"max_hp_loss":0,"event_name":"Lab","floor":21,"gold_loss":0}],"is_beta":false,"boss_relics":[{"not_picked":["Honey Jar","Cursed Key"],"picked":"LagranYue:ContractPerformanceRelic"}],"items_purged_floors":[],"is_endless":false,"potions_floor_spawned":[1,8,13,14,22,27,28],"killed_by":"Automaton","ascension_level":2}}