{"host":"0k7350af1t8odskw","time":1614019892,"event":{"mods":["AchievementEnabler","BaseMod","Better Vampires","BetterRewards","Colored Map","Downfall","Highlight Path","Hubris","Lobotomy","Marisa£®ÏF”Í°°ƒß¿Ì…≥£©","Minty Spire (QoL Compilation)","Quick Restart","Replay The Spire","Shop Mod","StSLib","The Administrix","The Death Knight","The Runesmith","Youmu£®ªÍ∆«—˝√Œ£©"],"gold_per_floor":[10,10,10,10,20,20,40,58,83,83,101,101,111,126,126,223,223,243,259,259,277,224,224,224,224],"floor_reached":24,"language":"ZHS","playtime":717,"items_purged":[],"score":209,"play_id":"f71218cc-ac60-4f7d-bf0c-52e0b2f4aa76","local_time":"20210222105132","is_ascension_mode":true,"campfire_choices":[{"data":"Searing Blow","floor":6,"key":"SMITH"},{"data":"Heavy Blade","floor":10,"key":"SMITH"},{"data":"Flex","floor":12,"key":"SMITH"},{"data":"Anger","floor":15,"key":"SMITH"},{"data":"Demon Form","floor":23,"key":"SMITH"}],"circlet_count":0,"master_deck":["Strike_R","Strike_R","Strike_R","Strike_R","Strike_R","Defend_R","Defend_R","Defend_R","Defend_R","Bash","Anger+1","Regret","Searing Blow+1","Flex+1","Heavy Blade+1","Sword Boomerang","Demon Form+1","hubris:SharpeningStone","Iron Wave+1","Shockwave","Heavy Blade"],"relics":["Burning Blood","hubris:Spice","ReplayTheSpireMod:TigerMarble","Nloth\u0027s Gift"],"acts_visited":["Exordium","TheCity"],"potions_floor_usage":[],"damage_taken":[{"damage":6,"enemies":"Cultist","floor":1,"turns":4},{"damage":0,"enemies":"Small Slimes","floor":5,"turns":2},{"damage":9,"enemies":"Jaw Worm","floor":7,"turns":3},{"damage":14,"enemies":"Looter","floor":8,"turns":3},{"damage":0,"enemies":"Exordium Thugs","floor":11,"turns":2},{"damage":0,"enemies":"Large Slime","floor":13,"turns":2},{"damage":0,"enemies":"Blue Slaver","floor":14,"turns":1},{"damage":58,"enemies":"Fading Forest","floor":16,"turns":11},{"damage":0,"enemies":"Chosen","floor":18,"turns":1},{"damage":20,"enemies":"3 Byrds","floor":19,"turns":4},{"damage":10,"enemies":"Snake Plant","floor":21,"turns":2},{"damage":39,"enemies":"Sentry and Sphere","floor":24,"turns":5}],"seed_played":"-1129486043000115343","potions_obtained":[{"floor":8,"key":"Milkshake"},{"floor":11,"key":"SpeedPotion"},{"floor":13,"key":"Strength Potion"}],"is_trial":false,"path_per_floor":["M","?","?","T","M","R","M","M","T","R","M","R","M","M","R","B",null,"M","M","?","M","$","R","M"],"character_chosen":"IRONCLAD","items_purchased":["Heavy Blade"],"campfire_rested":0,"item_purchase_floors":[22],"current_hp_per_floor":[88,88,88,96,96,96,93,85,85,85,91,91,88,80,80,51,72,72,58,58,54,54,54,15,15],"gold":224,"neow_bonus":"ONE_RARE_RELIC","is_daily":false,"chose_seed":false,"campfire_upgraded":5,"win_rate":0.0,"timestamp":1614019892,"path_taken":["M","?","?","?","M","R","M","M","T","R","M","R","M","M","R","BOSS","M","M","?","M","$","R","?"],"items_purchased_type":["Card"],"build_version":"2020-12-22","purchased_purges":0,"victory":false,"max_hp_per_floor":[88,88,88,96,96,96,96,96,96,96,96,96,88,80,80,80,72,72,72,72,72,72,72,72,72],"card_choices":[{"not_picked":["Shrug It Off","Iron Wave"],"picked":"Anger","floor":1},{"not_picked":["Sentinel","Clash"],"picked":"Searing Blow","floor":5},{"not_picked":["Iron Wave","True Grit"],"picked":"Flex","floor":7},{"not_picked":["ReplayReversal","Armaments"],"picked":"Heavy Blade","floor":8},{"not_picked":["Flame Barrier","Defy Death"],"picked":"Sword Boomerang","floor":11},{"not_picked":["Perfected Strike","Replay:Undeath\u0027s Touch"],"picked":"hubris:SpiceAddiction","floor":13},{"not_picked":["Wild Strike","hubris:SpiceAddiction"],"picked":"hubris:SpiceAddiction","floor":14},{"not_picked":["Exhume","Impervious"],"picked":"Demon Form","floor":16},{"not_picked":["Rage","Replay:Undeath\u0027s Touch"],"picked":"hubris:SharpeningStone","floor":18},{"not_picked":["Blood for Blood","True Grit+1"],"picked":"Iron Wave+1","floor":19},{"not_picked":["Defy Death","hubris:SpiceAddiction"],"picked":"Shockwave","floor":21}],"player_experience":101407,"relics_obtained":[{"floor":4,"key":"hubris:Spice"},{"floor":9,"key":"ReplayTheSpireMod:TigerMarble"}],"event_choices":[{"damage_healed":0,"gold_gain":0,"player_choice":"Ignored","damage_taken":0,"max_hp_gain":0,"max_hp_loss":0,"event_name":"Golden Idol","floor":2,"gold_loss":0},{"damage_healed":0,"gold_gain":0,"player_choice":"Box","damage_taken":0,"relics_obtained":["Regal Pillow"],"max_hp_gain":0,"max_hp_loss":0,"event_name":"Big Fish","floor":3,"gold_loss":0,"cards_obtained":["Regret"]},{"damage_healed":0,"gold_gain":0,"player_choice":"Traded Relic","damage_taken":0,"relics_obtained":["Nloth\u0027s Gift"],"max_hp_gain":0,"max_hp_loss":0,"event_name":"N\u0027loth","floor":20,"relics_lost":["Regal Pillow"],"gold_loss":0}],"is_beta":false,"boss_relics":[{"not_picked":["hubris:Spice","hubris:Spice"],"picked":"hubris:Spice"}],"items_purged_floors":[],"is_endless":false,"potions_floor_spawned":[8,11,13,16],"killed_by":"Sentry and Sphere","ascension_level":2}}