{"host":"w97dq1whmpm6b2tc","time":1614023573,"event":{"mods":["BaseMod","Challenge The Spire","Downfall","Minty Spire (QoL Compilation)","StSLib"],"gold_per_floor":[0,14,14,14,14,14,14,27,54,54,87,87,187,28,48,145,145,45,60,45,45,64,98,98,98,98,109,109,121,135,20,40,140,140,40,53,120,139,152,180,180,180,191,41,51,63,83,96,113,113],"floor_reached":51,"language":"ENG","playtime":5135,"items_purged":["bronze:Strike","bronze:Strike","bronze:Defend","bronze:Defend"],"score":910,"play_id":"8e38dac1-9ac4-4698-b263-a12cb1472f0e","local_time":"20210222215253","is_ascension_mode":true,"campfire_choices":[{"data":"bronze:Goto","floor":1.0,"key":"SMITH"},{"floor":6.0,"key":"RECALL"},{"data":"bronze:Defend","floor":10.0,"key":"SMITH"},{"data":"bronze:Philosophize","floor":12.0,"key":"SMITH"},{"data":"bronze:Repulsor","floor":18.0,"key":"SMITH"},{"data":"bronze:FineTuning","floor":26.0,"key":"SMITH"},{"data":"Ghostly","floor":28.0,"key":"SMITH"},{"data":"Ghostly","floor":35.0,"key":"SMITH"}],"circlet_count":0,"master_deck":["bronze:Defend+1","bronze:Replicate+1","bronze:Goto+1","bronze:Philosophize+1","bronze:FineTuning+1","bronze:Repulsor+1","Ghostly+1","Ghostly","Ghostly","Ghostly","Ghostly+1","bronze:ClassDefault+1"],"relics":["bronze:BronzeCore","bronze:BottledCode","Tiny Chest","Calipers","White Beast Statue","Cursed Key","downfall:HeartBlessingRed","Bird Faced Urn","Busted Crown","downfall:HeartBlessingBlue","TheAbacus"],"acts_visited":["Exordium","TheCity","TheBeyond"],"potions_floor_usage":[],"damage_taken":[{"damage":2.0,"enemies":"Small Slimes","floor":2.0,"turns":3.0},{"damage":4.0,"enemies":"2 Louse","floor":8.0,"turns":3.0},{"damage":13.0,"enemies":"3 Sentries","floor":9.0,"turns":7.0},{"damage":6.0,"enemies":"Gremlin Nob","floor":11.0,"turns":3.0},{"damage":3.0,"enemies":"downfall:LadyInBlue","floor":13.0,"turns":7.0},{"damage":0.0,"enemies":"downfall:FleeingMerchant","floor":14.0,"turns":4.0},{"damage":0.0,"enemies":"Cultist","floor":15.0,"turns":3.0},{"damage":12.0,"enemies":"SI_SHIV_ARCHETYPE","floor":16.0,"turns":5.0},{"damage":2.0,"enemies":"3 Byrds","floor":19.0,"turns":4.0},{"damage":7.0,"enemies":"downfall:FleeingMerchant","floor":20.0,"turns":4.0},{"damage":0.0,"enemies":"Spheric Guardian","floor":22.0,"turns":4.0},{"damage":0.0,"enemies":"Gremlin Leader","floor":23.0,"turns":6.0},{"damage":0.0,"enemies":"3 Cultists","floor":27.0,"turns":4.0},{"damage":3.0,"enemies":"Shelled Parasite and Fungi","floor":29.0,"turns":5.0},{"damage":2.0,"enemies":"Cultist and Chosen","floor":30.0,"turns":5.0},{"damage":8.0,"enemies":"downfall:FleeingMerchant","floor":31.0,"turns":4.0},{"damage":3.0,"enemies":"Snake Plant","floor":32.0,"turns":3.0},{"damage":3.0,"enemies":"DF_ARCHETYPE_CLAW","floor":33.0,"turns":5.0},{"damage":0.0,"enemies":"3 Darklings","floor":36.0,"turns":6.0},{"damage":0.0,"enemies":"downfall:FleeingMerchant","floor":37.0,"turns":3.0},{"damage":1.0,"enemies":"3 Shapes","floor":38.0,"turns":4.0},{"damage":1.0,"enemies":"Transient","floor":39.0,"turns":5.0},{"damage":5.0,"enemies":"Reptomancer","floor":40.0,"turns":4.0},{"damage":0.0,"enemies":"Writhing Mass","floor":43.0,"turns":4.0},{"damage":1.0,"enemies":"4 Shapes","floor":45.0,"turns":3.0},{"damage":1,"enemies":"Transient","floor":46,"turns":5},{"damage":0,"enemies":"Maw","floor":47,"turns":5},{"damage":0,"enemies":"Jaw Worm Horde","floor":48,"turns":4},{"damage":2,"enemies":"3 Darklings","floor":49,"turns":3},{"damage":0,"enemies":"IC_BLOCK_ARCHETYPE","floor":50,"turns":5}],"seed_played":"556720301614778965","potions_obtained":[{"floor":2.0,"key":"DuplicationPotion"},{"floor":8.0,"key":"champ:CounterPotion"},{"floor":13.0,"key":"CultistPotion"},{"floor":13.0,"key":"Fire Potion"},{"floor":13.0,"key":"ColorlessPotion"},{"floor":14.0,"key":"Ancient Potion"},{"floor":16.0,"key":"CultistPotion"},{"floor":20.0,"key":"hexamod:SoulburnPotion"},{"floor":23.0,"key":"Ancient Potion"},{"floor":30.0,"key":"Block Potion"},{"floor":31.0,"key":"Explosive Potion"},{"floor":33.0,"key":"champ:CounterPotion"},{"floor":36.0,"key":"Regen Potion"},{"floor":38.0,"key":"SteroidPotion"},{"floor":39.0,"key":"FearPotion"},{"floor":43.0,"key":"FearPotion"},{"floor":45.0,"key":"Fruit Juice"},{"floor":46,"key":"LiquidMemories"}],"is_trial":false,"path_per_floor":["R","M","?","?","?","R","T","M","E","R","E","R","?","$","M","B",null,"R","M","$","?","M","E","T","T","R","M","R","M","M","$","M","B",null,"R","M","$","M","M","E","T","?","M","$","M","M","M","M","M","B",null],"character_chosen":"THE_AUTOMATON","items_purchased":["bronze:Repulsor","TheAbacus"],"campfire_rested":0,"item_purchase_floors":[14,37],"current_hp_per_floor":[70,68,68,60,60,60,60,56,43,43,37,37,34,34,34,22,60,60,58,51,30,30,30,30,30,30,30,30,29,30,24,25,24,30,40,40,40,40,39,35,35,35,39,39,45,44,45,45,45,45],"gold":113,"neow_bonus":"REMOVE_TWO","is_daily":false,"chose_seed":false,"campfire_upgraded":7,"win_rate":0.0,"timestamp":1614023573,"path_taken":["R","M","?","?","?","R","T","?","E","R","E","R","?","$","M","BOSS","R","M","?","?","M","E","T","?","R","M","R","M","M","$","M","BOSS","R","M","$","M","M","E","T","?","M","$","M","M","M","M","M","BOSS"],"items_purchased_type":["Card","Relic"],"build_version":"2020-12-22","purchased_purges":4,"victory":true,"max_hp_per_floor":[70,70,70,60,60,60,60,60,60,60,60,60,60,60,60,60,60,60,60,60,30,30,30,30,30,30,30,30,30,30,30,30,30,30,40,40,40,40,40,40,40,40,40,40,45,45,45,45,45,45],"card_choices":[{"not_picked":["bronze:DarkDash","bronze:DelayedGuard","bronze:Invalidate"],"picked":"SKIP","floor":2.0},{"not_picked":["bronze:BitShift","bronze:NullPointer","bronze:ForceShield"],"picked":"SKIP","floor":8.0},{"not_picked":["bronze:Separator","bronze:BitShift","bronze:BuggyMess"],"picked":"SKIP","floor":9.0},{"not_picked":["bronze:BugBarrage","bronze:ItsAFeature"],"picked":"bronze:Philosophize","floor":11.0},{"not_picked":["bronze:FollowUp","bronze:Branch"],"picked":"bronze:FineTuning","floor":14.0},{"not_picked":["bronze:InfiniteLoop","bronze:Repair","bronze:Allocate"],"picked":"SKIP","floor":15.0},{"not_picked":["bronze:Philosophize","bronze:NullPointer+1","bronze:Iterate"],"picked":"SKIP","floor":19.0},{"not_picked":["bronze:WhirlingStrike","bronze:CloningBeam","bronze:Turbo"],"picked":"SKIP","floor":20.0},{"not_picked":["bronze:Safeguard","bronze:Shield+1","bronze:FineTuning"],"picked":"SKIP","floor":22.0},{"not_picked":["bronze:CutThrough","bronze:Terminator"],"picked":"bronze:ClassDefault+1","floor":23.0},{"not_picked":["bronze:Overheat+1","bronze:Deprecate","bronze:CutThrough+1"],"picked":"SKIP","floor":27.0},{"not_picked":["bronze:Terminator","bronze:Overheat","bronze:Separator"],"picked":"SKIP","floor":29.0},{"not_picked":["bronze:Backtrace","bronze:WildBeam","bronze:WhirlingStrike"],"picked":"SKIP","floor":30.0},{"not_picked":["bronze:Flail","bronze:CleanCode","bronze:Deprecate"],"picked":"SKIP","floor":31.0},{"not_picked":["bronze:DelayedGuard","bronze:Branch","bronze:WhirlingStrike"],"picked":"SKIP","floor":32.0},{"not_picked":["bronze:DelayedSlice+1"],"picked":"SKIP","floor":36.0},{"not_picked":["bronze:Shield+1"],"picked":"SKIP","floor":37.0},{"not_picked":["bronze:Repulsor"],"picked":"SKIP","floor":38.0},{"not_picked":["bronze:Shield"],"picked":"SKIP","floor":39.0},{"not_picked":["bronze:Shield"],"picked":"SKIP","floor":39.0},{"not_picked":["bronze:Separator+1"],"picked":"SKIP","floor":40.0},{"not_picked":["bronze:Overload+1"],"picked":"SKIP","floor":43.0},{"not_picked":["bronze:Overload+1"],"picked":"SKIP","floor":43.0},{"not_picked":["bronze:DelayedSlice"],"picked":"SKIP","floor":45.0},{"not_picked":["bronze:ClassDefault+1"],"picked":"SKIP","floor":46},{"not_picked":["bronze:CleanCode"],"picked":"SKIP","floor":47},{"not_picked":["bronze:DelayedGuard"],"picked":"SKIP","floor":48},{"not_picked":["bronze:DigitalCarnage+1"],"picked":"SKIP","floor":49}],"player_experience":3817712,"relics_obtained":[{"floor":9.0,"key":"Tiny Chest"},{"floor":11.0,"key":"Calipers"},{"floor":13.0,"key":"White Beast Statue"},{"floor":23.0,"key":"Bird Faced Urn"}],"event_choices":[{"damage_healed":0.0,"max_hp_gain":0.0,"max_hp_loss":30.0,"gold_gain":0.0,"event_name":"Ghosts","player_choice":"Became a Ghost","floor":21.0,"gold_loss":0.0,"damage_taken":0.0,"cards_obtained":["Ghostly","Ghostly","Ghostly","Ghostly","Ghostly"]},{"cards_removed":["bronze:Strike"],"damage_healed":0.0,"max_hp_gain":0.0,"max_hp_loss":0.0,"gold_gain":0.0,"event_name":"Bonfire Elementals","player_choice":"Offered Basic","floor":42.0,"gold_loss":0.0,"damage_taken":0.0}],"is_beta":false,"boss_relics":[{"not_picked":["bronze:MakeshiftBattery","Sozu"],"picked":"Cursed Key"},{"not_picked":["Velvet Choker","Tiny House"],"picked":"Busted Crown"}],"items_purged_floors":[14,31,37,44],"is_endless":false,"potions_floor_spawned":[2,8,13,14,15,16,19,20,22,23,27,29,30,31,32,33,36,37,38,39,40,43,45,46,47,48,49],"ascension_level":2}}