{"host":"zn0pgtnwheu0ecb0","time":1614026665,"event":{"mods":["Act Like it!","BaseMod","Hallownest","Minty Spire (QoL Compilation)","StSLib","The Bug Knight"],"gold_per_floor":[118,129,148,148,148,181,181,181,181,26,26,44,55,65,65,160,160,173,186,63,63,213,213,213,213],"floor_reached":24,"language":"ENG","playtime":3463,"items_purged":[],"score":196,"play_id":"25dcfe65-9eb8-4b96-ad3b-eaa6fe552900","local_time":"20210222214425","is_ascension_mode":false,"campfire_choices":[{"data":"HollowMod:LifebloodCore","floor":7,"key":"SMITH"},{"floor":15,"key":"REST"},{"floor":23,"key":"REST"}],"circlet_count":0,"master_deck":["HollowMod:NailStrikeStart","HollowMod:NailStrikeStart","HollowMod:NailStrikeStart","HollowMod:QuickDashStart","HollowMod:QuickDashStart","HollowMod:QuickDashStart","HollowMod:FocusHealStart","HollowMod:PogoStrike","HollowMod:DescendingDark","HollowMod:SoulEater","HollowMod:MonarchWings","HollowMod:LifebloodCore+1","HollowMod:SoulSplash","HollowMod:SiblingsShadow","HollowMod:HeavyBlow","HollowMod:AwokenDreamNail","HollowMod:HeavyBlow+1","HollowMod:CoiledNail+1","HollowMod:AbyssShriek+1","HollowMod:VengefulVoid","HollowMod:TaintedHusks","Hallownest:curseDreamersLament"],"relics":["HollowMod:VesselMask","White Beast Statue","Gremlin Horn","StoneCalendar","Membership Card","Astrolabe","Bottled Tornado","Hallownest:WatcherSealRelic"],"acts_visited":["Hallownest:Greenpath","Hallownest:CityofTears"],"potions_floor_usage":[14,16,16,16,24,24,24],"damage_taken":[{"damage":5,"enemies":"Hallownest:monsterHuskGuard","floor":1,"turns":4},{"damage":6,"enemies":"Hallownest:2_Tiktiks_and_1_Crawlid","floor":2,"turns":2},{"damage":4,"enemies":"Hallownest:monsterHuskWarrior","floor":3,"turns":3},{"damage":62,"enemies":"Hallownest:eliteCrystalGuardian","floor":6,"turns":7},{"damage":4,"enemies":"Hallownest:monsterMossCharger","floor":12,"turns":5},{"damage":3,"enemies":"Hallownest:MossCreep_and_Mosskin","floor":13,"turns":6},{"damage":15,"enemies":"Hallownest:Wandering_and_Horned","floor":14,"turns":7},{"damage":56,"enemies":"Hallownest:BossFalseKnight","floor":16,"turns":11},{"damage":48,"enemies":"Hallownest:3_Youths","floor":18,"turns":5},{"damage":26,"enemies":"Hallownest:2_Mistakes","floor":19,"turns":5},{"damage":39,"enemies":"Hallownest:Master_and_Novice","floor":24,"turns":4}],"seed_played":"7282062190624557233","potions_obtained":[{"floor":2,"key":"SpeedPotion"},{"floor":12,"key":"Explosive Potion"},{"floor":14,"key":"Regen Potion"},{"floor":16,"key":"Dexterity Potion"},{"floor":18,"key":"LiquidBronze"},{"floor":19,"key":"SneckoOil"}],"is_trial":false,"path_per_floor":["M","M","M","?","?","E","R","T","T","$","?","M","M","M","R","B",null,"M","M","$","?","?","R","M"],"character_chosen":"THE_BUGKNIGHT","items_purchased":["Membership Card","HollowMod:SoulSplash","Bottled Tornado"],"campfire_rested":2,"item_purchase_floors":[10,10,20],"current_hp_per_floor":[77,71,67,67,67,15,15,15,15,15,35,31,28,28,52,11,82,34,8,8,8,8,32,0,0],"gold":213,"neow_bonus":"TEN_PERCENT_HP_BONUS","is_daily":false,"chose_seed":false,"campfire_upgraded":1,"win_rate":0.0,"timestamp":1614026665,"path_taken":["M","M","M","?","?","E","R","?","T","?","?","M","M","M","R","BOSS","M","M","$","?","?","R","M"],"items_purchased_type":["Relic","Card","Relic"],"build_version":"2020-12-22","purchased_purges":0,"victory":false,"max_hp_per_floor":[82,82,82,82,82,82,82,82,82,82,82,82,82,82,82,82,82,82,82,82,82,82,82,82,82],"card_choices":[{"not_picked":["HollowMod:MothsMistake","HollowMod:InfectedAttack"],"picked":"HollowMod:DescendingDark","floor":1},{"not_picked":["HollowMod:LifebloodCocoon","HollowMod:TaintedHusks"],"picked":"HollowMod:SoulEater","floor":2},{"not_picked":["HollowMod:MothsMistake","HollowMod:AbyssShriek"],"picked":"HollowMod:SoulSplash","floor":3},{"not_picked":["HollowMod:HeavyBlow","HollowMod:InfectedAttack"],"picked":"HollowMod:LifebloodCore","floor":6},{"not_picked":["HollowMod:GoodIntentions","HollowMod:CornifersMapStart"],"picked":"HollowMod:SiblingsShadow","floor":12},{"not_picked":["HollowMod:ShadowDash","HollowMod:VengefulVoid"],"picked":"HollowMod:CornifersMapStart","floor":13},{"not_picked":["HollowMod:QuirrelsAssistance","HollowMod:NewLittleFool"],"picked":"HollowMod:HeavyBlow","floor":14},{"not_picked":["HollowMod:Hiveblood","HollowMod:MidwifesHunger"],"picked":"HollowMod:AwokenDreamNail","floor":16},{"not_picked":["HollowMod:HeavyBlow","HollowMod:RecoilStrike"],"picked":"HollowMod:VengefulVoid","floor":18},{"not_picked":["HollowMod:LifebloodCocoon","HollowMod:SiblingsSouls"],"picked":"HollowMod:TaintedHusks","floor":19}],"player_experience":7300,"relics_obtained":[{"floor":6,"key":"White Beast Statue"},{"floor":8,"key":"Gremlin Horn"},{"floor":9,"key":"StoneCalendar"}],"event_choices":[],"is_beta":false,"boss_relics":[{"not_picked":["Runic Dome","Fusion Hammer"],"picked":"Astrolabe"}],"items_purged_floors":[],"is_endless":false,"potions_floor_spawned":[2,12,13,14,16,18,19],"killed_by":"Hallownest:Master_and_Novice","ascension_level":0}}