{"host":"fmtvje4mks8zli8e","time":1614017587,"event":{"mods":["AchievementEnabler","AlwaysNeverKeys","BaseMod","BetterRewards","Challenge The Spire","Minty Spire (QoL Compilation)","READ ME - Guardian Mod","Remove Card Discount Mod","StSLib","The Cursed","The Druid","The Servant 0.9.4","The Wild Card"],"gold_per_floor":[109,120,133,148,161,189,206,239,262,262,297,297,54,129,129,206,206,223,243,518,68,88,117,117,117,117],"floor_reached":25,"language":"ENG","playtime":3699,"items_purged":["Strike_G","Strike_G","Strike_G","Defend_G","Strike_G","Strike_G"],"score":425,"play_id":"7064d2fb-b55a-41ac-a70c-605b2d7387a8","local_time":"20210222121307","is_ascension_mode":true,"campfire_choices":[{"floor":10.0,"key":"REST"},{"floor":15,"key":"REST"},{"data":"Setup","floor":24,"key":"SMITH"}],"circlet_count":0,"master_deck":["AscendersBane","Defend_G","Defend_G","Defend_G","Defend_G","Survivor","Neutralize","Sucker Punch","Deadly Poison","Footwork","Sucker Punch","Escape Plan","Blur","Setup+1","Poisoned Stab","Swift Strike","A Thousand Cuts","Poisoned Stab","Poisoned Stab","Caltrops","Slice","Blade Dance","Heel Hook+1"],"relics":["Ring of the Snake","Vajra","Kunai","InkBottle","Omamori","Gremlin Horn","TwistedFunnel","Runic Pyramid","Tiny Chest","HandDrill","MealTicket"],"acts_visited":["Exordium","TheCity"],"potions_floor_usage":[11,11,22],"damage_taken":[{"damage":1.0,"enemies":"Small Slimes","floor":1.0,"turns":4.0},{"damage":0.0,"enemies":"Jaw Worm","floor":2.0,"turns":4.0},{"damage":0.0,"enemies":"Cultist","floor":3.0,"turns":3.0},{"damage":0.0,"enemies":"Red Slaver","floor":4.0,"turns":5.0},{"damage":3.0,"enemies":"Looter","floor":5.0,"turns":4.0},{"damage":22.0,"enemies":"3 Sentries","floor":6.0,"turns":11.0},{"damage":13.0,"enemies":"Gremlin Gang","floor":7.0,"turns":7.0},{"damage":15.0,"enemies":"Gremlin Nob","floor":8.0,"turns":5.0},{"damage":22,"enemies":"3 Sentries","floor":11,"turns":10},{"damage":10,"enemies":"Hexaghost","floor":16,"turns":11},{"damage":0,"enemies":"Chosen","floor":18,"turns":5},{"damage":12,"enemies":"Spheric Guardian","floor":19,"turns":4},{"damage":11,"enemies":"Centurion and Healer","floor":22,"turns":7},{"damage":16,"enemies":"Gremlin Leader","floor":23,"turns":6},{"damage":15,"enemies":"Slavers","floor":25,"turns":1}],"seed_played":"7608002197598813967","potions_obtained":[{"floor":1.0,"key":"Weak Potion"},{"floor":4.0,"key":"LiquidBronze"},{"floor":8.0,"key":"Energy Potion"},{"floor":19,"key":"LiquidMemories"},{"floor":23,"key":"Ancient Potion"}],"is_trial":false,"path_per_floor":["M","M","M","M","M","E","M","E","T","R","E","?","$","?","R","B",null,"M","M","?","$","M","E","R","E"],"character_chosen":"THE_SILENT","items_purchased":["Vajra","TwistedFunnel","Swift Strike","Tiny Chest","HandDrill","Caltrops","Slice","Blade Dance"],"campfire_rested":2,"item_purchase_floors":[0,13,13,21,21,21,21,21],"current_hp_per_floor":[58,58,58,58,55,33,20,5,5,24,2,18,18,7,26,16,54,54,42,42,42,31,15,15,0,0],"gold":117,"neow_bonus":"","is_daily":false,"chose_seed":false,"campfire_upgraded":1,"win_rate":0.0,"timestamp":1614017587,"path_taken":["M","M","M","M","M","E","M","E","T","R","E","?","$","?","R","BOSS","M","M","?","?","?","E","R","E"],"items_purchased_type":["Relic","Relic","Card","Relic","Relic","Card","Card","Card"],"build_version":"2020-12-22","purchased_purges":6,"victory":false,"max_hp_per_floor":[66,66,66,66,66,66,66,66,66,66,66,66,66,66,66,66,66,66,66,66,66,66,66,66,66,66],"card_choices":[{"not_picked":["Dodge and Roll","Leg Sweep"],"picked":"Sucker Punch","floor":1.0},{"not_picked":["Tactician","Backflip"],"picked":"Deadly Poison","floor":2.0},{"not_picked":["Accuracy","Deadly Poison"],"picked":"Footwork","floor":3.0},{"not_picked":["Backflip","Prepared"],"picked":"Sucker Punch","floor":4.0},{"not_picked":["Reflex","Storm of Steel"],"picked":"Escape Plan","floor":5.0},{"not_picked":["Reflex","Quick Slash"],"picked":"Blur","floor":6.0},{"not_picked":["Backflip","Dodge and Roll","Prepared"],"picked":"SKIP","floor":7.0},{"not_picked":["Deadly Poison","Leg Sweep"],"picked":"Setup","floor":8.0},{"not_picked":["Concentrate","Flechettes"],"picked":"Poisoned Stab","floor":11},{"not_picked":["Venomology","Bullet Time"],"picked":"A Thousand Cuts","floor":16},{"not_picked":["Crippling Poison","Skewer+1"],"picked":"Poisoned Stab","floor":18},{"not_picked":["Choke","Well Laid Plans+1"],"picked":"Poisoned Stab","floor":19},{"not_picked":["Dodge and Roll","Bane","Tactician"],"picked":"SKIP","floor":22},{"not_picked":["Crippling Poison","Blur"],"picked":"Heel Hook+1","floor":23}],"player_experience":3079461,"relics_obtained":[{"floor":6.0,"key":"Kunai"},{"floor":8.0,"key":"InkBottle"},{"floor":9.0,"key":"Omamori"},{"floor":11,"key":"Gremlin Horn"},{"floor":23,"key":"MealTicket"}],"event_choices":[{"damage_healed":16,"gold_gain":0,"player_choice":"Healed and dodged fight","damage_taken":0,"max_hp_gain":0,"max_hp_loss":0,"event_name":"Mushrooms","floor":12,"gold_loss":0,"cards_obtained":["Parasite"]},{"damage_healed":0,"gold_gain":75,"player_choice":"Gather Gold","damage_taken":11,"max_hp_gain":0,"max_hp_loss":0,"event_name":"World of Goop","floor":14,"gold_loss":0},{"damage_healed":0,"gold_gain":275,"player_choice":"Desecrate","damage_taken":0,"max_hp_gain":0,"max_hp_loss":0,"event_name":"Golden Shrine","floor":20,"gold_loss":0,"cards_obtained":["Regret"]}],"is_beta":false,"boss_relics":[{"not_picked":["Astrolabe","Fusion Hammer"],"picked":"Runic Pyramid"}],"items_purged_floors":[13,13,13,13,13,21],"is_endless":false,"potions_floor_spawned":[1,4,5,8,19,23],"killed_by":"Slavers","ascension_level":15}}