{"host":"jt67skv49snb75sm","time":1614030181,"event":{"mods":["BaseMod","Bestiary","Minty Spire (QoL Compilation)","Relic Stats"],"gold_per_floor":[118,118,118,129,143,143,168,181,181,195,195,227,227,242,242,242,242],"floor_reached":16,"language":"ENG","playtime":696,"items_purged":[],"score":224,"play_id":"9ff52167-ee36-471f-9d15-5f17bb3c76de","local_time":"20210222224301","is_ascension_mode":true,"campfire_choices":[{"data":"Cloak And Dagger","floor":6.0,"key":"SMITH"},{"floor":11.0,"key":"REST"},{"floor":15.0,"key":"REST"}],"circlet_count":0,"master_deck":["AscendersBane","Strike_G","Strike_G","Strike_G","Strike_G","Strike_G","Defend_G","Defend_G","Defend_G","Defend_G","Defend_G","Survivor","Neutralize","Skewer+1","Cloak And Dagger+1","Cloak And Dagger","Sucker Punch","Heel Hook","Quick Slash+1","Die Die Die+1"],"relics":["Ring of the Snake","Smiling Mask","Akabeko","Molten Egg 2","Golden Idol"],"acts_visited":["Exordium"],"potions_floor_usage":[16],"damage_taken":[{"damage":1.0,"enemies":"Small Slimes","floor":1.0,"turns":3.0},{"damage":4.0,"enemies":"Jaw Worm","floor":4.0,"turns":4.0},{"damage":0.0,"enemies":"Cultist","floor":5.0,"turns":3.0},{"damage":42.0,"enemies":"3 Sentries","floor":7.0,"turns":12.0},{"damage":0.0,"enemies":"2 Fungi Beasts","floor":8.0,"turns":3.0},{"damage":0.0,"enemies":"Blue Slaver","floor":10.0,"turns":3.0},{"damage":12.0,"enemies":"Lagavulin","floor":12.0,"turns":5.0},{"damage":0.0,"enemies":"Looter","floor":14.0,"turns":2.0},{"damage":26,"enemies":"Slime Boss","floor":16,"turns":8}],"seed_played":"-358168526140154418","potions_obtained":[{"floor":5.0,"key":"Poison Potion"},{"floor":10.0,"key":"Poison Potion"},{"floor":12.0,"key":"Weak Potion"}],"is_trial":false,"path_per_floor":["M","?","?","M","M","R","E","M","T","M","R","E","?","M","R","B"],"character_chosen":"THE_SILENT","items_purchased":[],"campfire_rested":2,"item_purchase_floors":[],"current_hp_per_floor":[64,64,54,50,50,50,8,8,8,8,29,17,17,17,36,10,10],"gold":242,"neow_bonus":"TEN_PERCENT_HP_BONUS","is_daily":false,"chose_seed":false,"campfire_upgraded":1,"win_rate":0.0,"timestamp":1614030181,"path_taken":["M","?","?","?","M","R","E","M","T","M","R","E","?","M","R","BOSS"],"items_purchased_type":[],"build_version":"2020-12-22","purchased_purges":0,"victory":false,"max_hp_per_floor":[72,72,72,72,72,72,72,72,72,72,72,72,65,65,65,65,65],"relic_stats":{"counters":[9,43],"Golden Idol":3,"Smiling Mask":0,"obtain_stats":[{"Golden Idol":13,"Molten Egg 2":12,"Smiling Mask":7,"Akabeko":9,"Ring of the Snake":0},{"Golden Idol":7,"Molten Egg 2":7,"Smiling Mask":4,"Akabeko":5,"Ring of the Snake":0},{"Golden Idol":33,"Molten Egg 2":33,"Smiling Mask":22,"Akabeko":25,"Ring of the Snake":0}],"Ring of the Snake":[18]},"card_choices":[{"not_picked":["Underhanded Strike","Crippling Poison"],"picked":"Skewer","floor":1.0},{"not_picked":["Accuracy","PiercingWail"],"picked":"Cloak And Dagger","floor":4.0},{"not_picked":["Sucker Punch","Choke"],"picked":"Cloak And Dagger","floor":5.0},{"not_picked":["Outmaneuver","Prepared"],"picked":"Sucker Punch","floor":7.0},{"not_picked":["Riddle With Holes","Reflex","Slice"],"picked":"SKIP","floor":8.0},{"not_picked":["Deadly Poison","Setup"],"picked":"Heel Hook","floor":10.0},{"not_picked":["Calculated Gamble","Bouncing Flask"],"picked":"Quick Slash+1","floor":12.0},{"not_picked":["Reflex","Outmaneuver"],"picked":"Die Die Die+1","floor":14.0}],"player_experience":879570,"relics_obtained":[{"floor":7.0,"key":"Smiling Mask"},{"floor":9.0,"key":"Akabeko"},{"floor":12.0,"key":"Molten Egg 2"}],"event_choices":[{"damage_healed":0.0,"max_hp_gain":0.0,"max_hp_loss":0.0,"gold_gain":0.0,"event_name":"Living Wall","player_choice":"Grow","floor":2.0,"gold_loss":0.0,"damage_taken":0.0,"cards_upgraded":["Skewer"]},{"damage_healed":0.0,"max_hp_gain":0.0,"max_hp_loss":0.0,"gold_gain":0.0,"event_name":"Wheel of Change","player_choice":"Damaged","floor":3.0,"gold_loss":0.0,"damage_taken":10.0},{"damage_healed":0.0,"max_hp_gain":0.0,"max_hp_loss":7.0,"gold_gain":0.0,"event_name":"Golden Idol","player_choice":"Lose Max HP","floor":13.0,"gold_loss":0.0,"damage_taken":0.0,"relics_obtained":["Golden Idol"]}],"is_beta":false,"boss_relics":[],"items_purged_floors":[],"is_endless":false,"potions_floor_spawned":[5,10,12],"killed_by":"Slime Boss","ascension_level":20}}