{"host":"5bsc0nab6whpyrbj","time":1614034821,"event":{"mods":["BaseMod","Highlight Path","Minty Spire (QoL Compilation)"],"gold_per_floor":[110,185,185,185,197,197,217,217,217,241,256,256,256,271,271,369,369,385,401,401,412,412,412,314,347,423,423,423,443,443,454,454,558,558,573,497,510,510,510],"floor_reached":38,"language":"ENG","playtime":910,"items_purged":[],"score":364,"play_id":"cd1bbcdf-7707-4983-91cb-a12efe34944c","local_time":"20210222180021","is_ascension_mode":false,"campfire_choices":[{"floor":6.0,"key":"REST"},{"data":"Static Discharge","floor":8.0,"key":"SMITH"},{"floor":13.0,"key":"REST"},{"floor":15.0,"key":"REST"},{"floor":23.0,"key":"REST"},{"floor":30.0,"key":"REST"},{"floor":32,"key":"REST"}],"circlet_count":0,"master_deck":["Strike_B","Strike_B","Strike_B","Defend_B","Defend_B","Defend_B+1","Defend_B+1","Zap","Static Discharge+1","Lockon","Lockon","Barrage","White Noise","Loop","Barrage","Loop","Decay","Lockon","Capacitor","Creative AI","CurseOfTheBell","Loop","Static Discharge"],"relics":["Cracked Core","Centennial Puzzle","Tiny Chest","Oddly Smooth Stone","Strawberry","Velvet Choker","Mercury Hourglass","Red Mask","InkBottle","HornCleat","Calling Bell","Smiling Mask","Sundial","Incense Burner"],"acts_visited":["Exordium","TheCity","TheBeyond"],"potions_floor_usage":[33,35,38],"damage_taken":[{"damage":5.0,"enemies":"2 Louse","floor":1.0,"turns":3.0},{"damage":1.0,"enemies":"Jaw Worm","floor":5.0,"turns":4.0},{"damage":6.0,"enemies":"Cultist","floor":7.0,"turns":3.0},{"damage":28.0,"enemies":"Exordium Wildlife","floor":11.0,"turns":2.0},{"damage":19.0,"enemies":"Blue Slaver","floor":14.0,"turns":3.0},{"damage":60.0,"enemies":"Slime Boss","floor":16.0,"turns":7.0},{"damage":24.0,"enemies":"Spheric Guardian","floor":18.0,"turns":3.0},{"damage":3.0,"enemies":"3 Byrds","floor":19.0,"turns":4.0},{"damage":26.0,"enemies":"Centurion and Healer","floor":21.0,"turns":4.0},{"damage":20.0,"enemies":"Masked Bandits","floor":25.0,"turns":2.0},{"damage":11.0,"enemies":"3 Cultists","floor":29.0,"turns":3.0},{"damage":18,"enemies":"Chosen and Byrds","floor":31,"turns":4},{"damage":36,"enemies":"Champ","floor":33,"turns":7},{"damage":24,"enemies":"Orb Walker","floor":35,"turns":4},{"damage":33,"enemies":"3 Darklings","floor":37,"turns":4},{"damage":38,"enemies":"Sphere and 2 Shapes","floor":38,"turns":3}],"seed_played":"1889259798793798059","potions_obtained":[{"floor":11.0,"key":"PotionOfCapacity"},{"floor":14.0,"key":"CultistPotion"},{"floor":21.0,"key":"Strength Potion"},{"floor":29.0,"key":"Fire Potion"},{"floor":33,"key":"Energy Potion"},{"floor":37,"key":"Regen Potion"}],"is_trial":false,"path_per_floor":["M","?","?","?","M","R","M","R","T","T","M","?","R","M","R","B",null,"M","M","T","M","?","R","$","?","T","?","T","M","R","M","R","B",null,"M","$","M","M"],"character_chosen":"DEFECT","items_purchased":["Loop","Barrage","Static Discharge"],"campfire_rested":6,"item_purchase_floors":[24,24,36],"current_hp_per_floor":[70,59,44,44,43,65,59,59,59,59,31,38,62,43,67,7,82,58,55,55,29,29,53,53,33,33,33,33,22,46,28,52,16,82,58,58,25,0,0],"gold":510,"neow_bonus":"RANDOM_COMMON_RELIC","is_daily":false,"chose_seed":false,"campfire_upgraded":1,"win_rate":0.0,"timestamp":1614034821,"path_taken":["M","?","?","?","?","R","M","R","T","?","M","?","R","?","R","BOSS","M","M","?","M","?","R","$","?","T","?","?","M","R","M","R","BOSS","M","$","M","M"],"items_purchased_type":["Card","Card","Card"],"build_version":"2020-12-22","purchased_purges":0,"victory":false,"max_hp_per_floor":[75,75,75,75,75,75,75,75,75,75,75,82,82,82,82,82,82,82,82,82,82,82,82,82,82,82,82,82,82,82,82,82,82,82,82,82,82,82,82],"card_choices":[{"not_picked":["Streamline","Coolheaded","Hologram"],"picked":"SKIP","floor":1.0},{"not_picked":["Ball Lightning","Sweeping Beam"],"picked":"Static Discharge","floor":5.0},{"not_picked":["Chill","FTL","Conserve Battery"],"picked":"SKIP","floor":7.0},{"not_picked":["Undo","Compile Driver","Darkness"],"picked":"SKIP","floor":11.0},{"not_picked":["Compile Driver","Reboot"],"picked":"Lockon","floor":14.0},{"not_picked":["Double Energy","Gash"],"picked":"Lockon","floor":18.0},{"not_picked":["FTL","Go for the Eyes"],"picked":"Barrage","floor":19.0},{"not_picked":["Double Energy","Steam Power"],"picked":"White Noise","floor":21.0},{"not_picked":["Undo+1","Melter"],"picked":"Loop","floor":25.0},{"not_picked":["Stack","Blizzard"],"picked":"Lockon","floor":29.0},{"not_picked":["Gash","Sweeping Beam"],"picked":"Capacitor","floor":31},{"not_picked":["Biased Cognition","All For One"],"picked":"Creative AI","floor":33},{"not_picked":["Beam Cell","Cold Snap+1"],"picked":"Loop","floor":35},{"not_picked":["Chill+1","Sunder+1","Steam+1"],"picked":"SKIP","floor":37}],"player_experience":103553,"relics_obtained":[{"floor":9.0,"key":"Tiny Chest"},{"floor":10.0,"key":"Oddly Smooth Stone"},{"floor":20.0,"key":"Mercury Hourglass"},{"floor":25.0,"key":"Red Mask"},{"floor":26.0,"key":"InkBottle"},{"floor":28.0,"key":"HornCleat"},{"floor":34,"key":"Smiling Mask"},{"floor":34,"key":"Sundial"},{"floor":34,"key":"Incense Burner"}],"event_choices":[{"damage_healed":0.0,"max_hp_gain":0.0,"max_hp_loss":0.0,"gold_gain":75.0,"event_name":"World of Goop","player_choice":"Gather Gold","floor":2.0,"gold_loss":0.0,"damage_taken":11.0},{"damage_healed":0.0,"max_hp_gain":0.0,"max_hp_loss":0.0,"gold_gain":0.0,"event_name":"Shining Light","player_choice":"Entered Light","floor":3.0,"gold_loss":0.0,"damage_taken":15.0,"cards_upgraded":["Defend_B","Defend_B"]},{"cards_removed":["Dualcast"],"damage_healed":0.0,"max_hp_gain":0.0,"max_hp_loss":0.0,"gold_gain":0.0,"event_name":"Purifier","player_choice":"Purged","floor":4.0,"gold_loss":0.0,"damage_taken":0.0},{"damage_healed":0.0,"max_hp_gain":0.0,"max_hp_loss":0.0,"gold_gain":0.0,"event_name":"WeMeetAgain","player_choice":"Gave Potion","floor":12.0,"gold_loss":0.0,"damage_taken":0.0,"relics_obtained":["Strawberry"]},{"cards_removed":["Strike_B"],"damage_healed":0.0,"max_hp_gain":0.0,"max_hp_loss":0.0,"gold_gain":0.0,"event_name":"Back to Basics","player_choice":"Elegance","floor":22.0,"gold_loss":0.0,"damage_taken":0.0},{"damage_healed":0.0,"max_hp_gain":0.0,"max_hp_loss":0.0,"gold_gain":0.0,"event_name":"Masked Bandits","player_choice":"Fought Bandits","floor":25.0,"gold_loss":0.0,"damage_taken":0.0},{"damage_healed":0.0,"max_hp_gain":0.0,"max_hp_loss":0.0,"gold_gain":0.0,"event_name":"Forgotten Altar","player_choice":"Smashed Altar","floor":27.0,"gold_loss":0.0,"damage_taken":0.0,"cards_obtained":["Decay"]}],"is_beta":false,"boss_relics":[{"not_picked":["Nuclear Battery","Coffee Dripper"],"picked":"Velvet Choker"},{"not_picked":["Fusion Hammer","Busted Crown"],"picked":"Calling Bell"}],"items_purged_floors":[],"is_endless":false,"potions_floor_spawned":[11,14,21,29,33,37],"killed_by":"Sphere and 2 Shapes","ascension_level":0}}