{"host":"mj8akmyfd5lo602f","time":1614016309,"event":{"mods":["2.2 Compatiblity","Act Like it!","BaseMod","Bestiary","BshForSts","Colored Map","Colored Powertips","Downfall","Highlight Path","Koishi","Minty Spire (QoL Compilation)","Permanent Neow","Relic Stats","StSLib","The Marked"],"gold_per_floor":[99,114,126,142,142,169,216,216,236,247,247,275,275,308,326,431,431,331,331,351,351,368,385,385,414,426,457,457,477,477,495,508,611,611,611,623,642,642,642,536,536,688,702,714,166,166,166,191,209,209],"floor_reached":51,"language":"ENG","playtime":3011,"items_purged":[],"score":816,"play_id":"da322e81-1f52-4fc4-8e3e-4ab922216af1","local_time":"20210222175149","is_ascension_mode":false,"campfire_choices":[{"data":"Koishi:HeartAttack","floor":1.0,"key":"SMITH"},{"data":"Koishi:ReleaseOfTheId","floor":11.0,"key":"SMITH"},{"data":"Koishi:Prune","floor":13.0,"key":"SMITH"},{"data":"Koishi:HeartAttack","floor":18.0,"key":"SMITH"},{"data":"Koishi:IdleWhim","floor":28.0,"key":"SMITH"},{"floor":30.0,"key":"REST"},{"data":"Koishi:RoseHell","floor":35.0,"key":"SMITH"},{"floor":47,"key":"REST"}],"circlet_count":0,"master_deck":["Koishi:BasicStrike+1","Koishi:BasicStrike+1","Koishi:BasicStrike+1","Koishi:BasicStrike+1","Koishi:BasicDefend+1","Koishi:BasicDefend+1","Koishi:BasicDefend+1","Koishi:BasicDefend+1","Koishi:Provoke","Koishi:HauntingSlash+1","Koishi:HeartAttack+1","Koishi:HeartAttack+1","Koishi:ReleaseOfTheId+1","Koishi:Prune+1","Koishi:SubterraneanRose","Koishi:SubterraneanRose","Koishi:IdleWhim+1","Koishi:YoukaiPolygraph+1","Koishi:HeartfeltFancy+1","Koishi:SubterraneanRose","Koishi:RoseHell+1","Koishi:SprinkleStarAndHeart","Finesse","Koishi:SubconsciousSweep+1","Koishi:ReleaseOfTheId","Koishi:RoseHell+1","Koishi:FreudianInstinct+1"],"relics":["Koishi:ImaginaryFriend","Juzu Bracelet","sneckomod:BlankCard","Centennial Puzzle","Regal Pillow","Oddly Smooth Stone","Black Star","downfall:HeartBlessingGreen","Matryoshka","Lizard Tail","FossilizedHelix","Vajra","Akabeko","expansioncontent:StudyCardRelic","WarpedTongs","Frozen Egg 2","Shuriken","Question Card","Koishi:BloodstainedWhiteRose","ClockworkSouvenir","Dream Catcher","Whetstone"],"acts_visited":["Exordium","TheCity","TheBeyond"],"potions_floor_usage":[50,50,50],"damage_taken":[{"damage":0.0,"enemies":"2 Louse","floor":2.0,"turns":3.0},{"damage":3.0,"enemies":"Jaw Worm","floor":3.0,"turns":3.0},{"damage":1.0,"enemies":"Cultist","floor":4.0,"turns":3.0},{"damage":9.0,"enemies":"3 Sentries","floor":6.0,"turns":4.0},{"damage":0.0,"enemies":"Red Slaver","floor":9.0,"turns":1.0},{"damage":0.0,"enemies":"Blue Slaver","floor":10.0,"turns":1.0},{"damage":0.0,"enemies":"Lagavulin","floor":12.0,"turns":3.0},{"damage":19.0,"enemies":"Gremlin Nob","floor":14.0,"turns":4.0},{"damage":0.0,"enemies":"Exordium Thugs","floor":15.0,"turns":3.0},{"damage":24.0,"enemies":"DF_ARCHETYPE_STREAMLINE","floor":16.0,"turns":5.0},{"damage":0.0,"enemies":"Chosen","floor":20.0,"turns":2.0},{"damage":0.0,"enemies":"3 Byrds","floor":22.0,"turns":2.0},{"damage":5.0,"enemies":"Snecko","floor":23.0,"turns":4.0},{"damage":7.0,"enemies":"Gremlin Leader","floor":25.0,"turns":3.0},{"damage":0.0,"enemies":"Cultist and Chosen","floor":26.0,"turns":3.0},{"damage":18.0,"enemies":"Book of Stabbing","floor":27.0,"turns":4.0},{"damage":0.0,"enemies":"Centurion and Healer","floor":29.0,"turns":4.0},{"damage":0.0,"enemies":"Snake Plant","floor":31.0,"turns":2.0},{"damage":0.0,"enemies":"Snecko","floor":32.0,"turns":2.0},{"damage":7.0,"enemies":"WA_ARCHETYPE_CALM","floor":33.0,"turns":5.0},{"damage":0.0,"enemies":"Orb Walker","floor":36.0,"turns":2.0},{"damage":0.0,"enemies":"3 Shapes","floor":37.0,"turns":5.0},{"damage":0.0,"enemies":"downfall:FleeingMerchant","floor":40.0,"turns":4.0},{"damage":0,"enemies":"downfall:FleeingMerchant","floor":42,"turns":2},{"damage":0,"enemies":"Maw","floor":43,"turns":6},{"damage":21,"enemies":"4 Shapes","floor":44,"turns":4},{"damage":18,"enemies":"Reptomancer","floor":48,"turns":5},{"damage":0,"enemies":"Spire Growth","floor":49,"turns":4},{"damage":0,"enemies":"IC_BLOCK_ARCHETYPE","floor":50,"turns":9}],"seed_played":"2988851246805959232","potions_obtained":[{"floor":2.0,"key":"SmokeBomb"},{"floor":6.0,"key":"ColorlessPotion"},{"floor":10.0,"key":"Swift Potion"},{"floor":12.0,"key":"Regen Potion"},{"floor":15.0,"key":"FairyPotion"},{"floor":23.0,"key":"hexamod:SoulburnPotion"},{"floor":27.0,"key":"DuplicationPotion"},{"floor":33.0,"key":"SteroidPotion"}],"is_trial":false,"path_per_floor":["R","M","M","M","?","E","T","?","M","M","R","E","R","E","M","B",null,"R","?","M","?","M","M","T","E","M","E","R","M","R","M","M","B",null,"R","M","M","?","?","$","T","$","M","M","$","?","R","E","M","B",null],"character_chosen":"KOISHI","items_purchased":["Finesse","EntropicBrew","Koishi:ReleaseOfTheId","Question Card","Koishi:BloodstainedWhiteRose","ClockworkSouvenir"],"campfire_rested":2,"item_purchase_floors":[40,42,42,45,45,45],"current_hp_per_floor":[60,60,57,57,57,48,48,48,48,48,48,48,48,30,30,6,60,60,60,60,60,60,56,56,49,49,32,32,32,60,60,60,54,60,60,60,60,60,60,60,60,60,60,39,39,39,60,42,47,60],"gold":209,"neow_bonus":"THREE_CARDS","is_daily":false,"chose_seed":false,"campfire_upgraded":6,"win_rate":0.0,"timestamp":1614016309,"path_taken":["R","M","M","M","?","E","T","?","M","M","R","E","R","E","M","BOSS","R","?","M","?","M","M","T","E","M","E","R","M","R","M","M","BOSS","R","M","M","?","?","$","T","?","M","M","$","?","R","E","M","BOSS"],"items_purchased_type":["Card","Potion","Card","Relic","Relic","Relic"],"build_version":"2020-12-22","purchased_purges":0,"victory":true,"max_hp_per_floor":[60,60,60,60,60,60,60,60,60,60,60,60,60,60,60,60,60,60,60,60,60,60,60,60,60,60,60,60,60,60,60,60,60,60,60,60,60,60,60,60,60,60,60,60,60,60,60,60,60,60],"relic_stats":{"Centennial Puzzle":[17],"Regal Pillow":13,"Lizard Tail":0,"Dream Catcher":0,"counters":[29,102],"Shuriken":[5],"Juzu Bracelet":1,"Black Star":3,"Whetstone":["Koishi:HauntingSlash","Koishi:YoukaiPolygraph"],"Question Card":2,"obtain_stats":[{"Regal Pillow":12,"sneckomod:BlankCard":7,"Oddly Smooth Stone":14,"Vajra":27,"downfall:HeartBlessingGreen":18,"Juzu Bracelet":6,"expansioncontent:StudyCardRelic":34,"Whetstone":48,"Frozen Egg 2":41,"Question Card":45,"Akabeko":27,"WarpedTongs":38,"ClockworkSouvenir":45,"Centennial Puzzle":8,"Lizard Tail":25,"Dream Catcher":48,"Matryoshka":24,"Shuriken":41,"Black Star":17,"FossilizedHelix":25,"Koishi:BloodstainedWhiteRose":45,"Koishi:ImaginaryFriend":0},{"Regal Pillow":7,"sneckomod:BlankCard":4,"Oddly Smooth Stone":8,"Vajra":16,"downfall:HeartBlessingGreen":10,"Juzu Bracelet":4,"expansioncontent:StudyCardRelic":20,"Whetstone":27,"Frozen Egg 2":23,"Question Card":26,"Akabeko":16,"WarpedTongs":22,"ClockworkSouvenir":26,"Centennial Puzzle":4,"Lizard Tail":14,"Dream Catcher":27,"Matryoshka":13,"Shuriken":23,"Black Star":10,"FossilizedHelix":14,"Koishi:BloodstainedWhiteRose":26,"Koishi:ImaginaryFriend":0},{"Regal Pillow":18,"sneckomod:BlankCard":13,"Oddly Smooth Stone":22,"Vajra":48,"downfall:HeartBlessingGreen":30,"Juzu Bracelet":13,"expansioncontent:StudyCardRelic":61,"Whetstone":89,"Frozen Egg 2":72,"Question Card":84,"Akabeko":48,"WarpedTongs":68,"ClockworkSouvenir":84,"Centennial Puzzle":13,"Lizard Tail":41,"Dream Catcher":89,"Matryoshka":38,"Shuriken":72,"Black Star":30,"FossilizedHelix":41,"Koishi:BloodstainedWhiteRose":84,"Koishi:ImaginaryFriend":0}],"WarpedTongs":[22]},"card_choices":[{"not_picked":["Koishi:SubterraneanRose","Koishi:PhantomBarrier"],"picked":"Koishi:HeartAttack","floor":0.0},{"not_picked":["Koishi:Prune","Koishi:ReleaseOfTheId"],"picked":"Koishi:HeartAttack","floor":2.0},{"not_picked":["Koishi:Catatonia","Koishi:ReflexRadar","Koishi:FleetingPhantom"],"picked":"SKIP","floor":3.0},{"not_picked":["Koishi:JumpScare","Koishi:UnconsciousUrges","Koishi:SpiritedAway"],"picked":"SKIP","floor":4.0},{"not_picked":["Koishi:ConditionedTeleport","Koishi:Jaunt"],"picked":"Koishi:ReleaseOfTheId","floor":6.0},{"not_picked":["Koishi:DreadfulBlow","Koishi:ReflexRadar","Koishi:JumpScare"],"picked":"SKIP","floor":9.0},{"not_picked":["Koishi:StrangeCloudFist","Koishi:UnansweredLove","Koishi:PhilosophyOfTheDespised"],"picked":"SKIP","floor":10.0},{"not_picked":["Koishi:FourthEye","Koishi:BloodcurdlingScream"],"picked":"Koishi:Prune","floor":12.0},{"not_picked":["Koishi:UnansweredLove","Koishi:Untouchable"],"picked":"Koishi:SubterraneanRose","floor":14.0},{"not_picked":["Koishi:GhostParty","Koishi:ImGoingToCallYouNow","Koishi:Jaunt"],"picked":"SKIP","floor":15.0},{"not_picked":["Koishi:Jaunt+1","Koishi:MindNumbingTerror"],"picked":"Koishi:SubterraneanRose","floor":20.0},{"not_picked":["Koishi:SubterraneanRose","Koishi:TremblingHands","Koishi:Prune"],"picked":"SKIP","floor":22.0},{"not_picked":["Koishi:ParalyzingFear","Koishi:MindNumbingTerror"],"picked":"Koishi:IdleWhim","floor":23.0},{"not_picked":["Koishi:UnansweredLove","Koishi:HeartfeltFancy","Koishi:GhostParty+1"],"picked":"SKIP","floor":25.0},{"not_picked":["Koishi:CatchAndRose","Koishi:SpiritedAway+1"],"picked":"Koishi:YoukaiPolygraph","floor":26.0},{"not_picked":["Koishi:Prune+1","Koishi:Catatonia","Koishi:RoseHell"],"picked":"SKIP","floor":27.0},{"not_picked":["Koishi:SubconsciousSweep+1","Koishi:FleetingPhantom"],"picked":"Koishi:HeartfeltFancy+1","floor":29.0},{"not_picked":["Koishi:PredatoryInstincts","Koishi:DreadfulBlow+1"],"picked":"Koishi:SubterraneanRose","floor":31.0},{"not_picked":["Koishi:FadingMemory","Koishi:SubterraneanRose","Koishi:Prune+1"],"picked":"SKIP","floor":32.0},{"not_picked":["Koishi:ImGoingToCallYouNow","Koishi:MindStellarRelief"],"picked":"Koishi:RoseHell","floor":33.0},{"not_picked":["Koishi:GhostParty+1","Koishi:PhantomBarrier"],"picked":"Koishi:SprinkleStarAndHeart","floor":36.0},{"not_picked":["Koishi:SubterraneanRose+1","Koishi:CatchAndRose+1","Koishi:StingingMind+1"],"picked":"SKIP","floor":37.0},{"not_picked":["Koishi:ConfinedInnocent","Koishi:Vanish+1","Koishi:UnansweredLove+1"],"picked":"SKIP","floor":40.0},{"not_picked":["Koishi:EmbryosDream","Koishi:Jaunt"],"picked":"Koishi:SubconsciousSweep+1","floor":42},{"not_picked":["Koishi:RacingHeart+1","Koishi:FleetingPhantom","Koishi:RuptureMind"],"picked":"SKIP","floor":43},{"not_picked":["Koishi:JumpScare+1","Koishi:Prune","Koishi:RacingHeart+1"],"picked":"SKIP","floor":44},{"not_picked":["Koishi:Catatonia+1","Koishi:FourthEye","Koishi:Jaunt+1","Koishi:PhilosophyOfTheDespised"],"picked":"SKIP","floor":48},{"not_picked":["Koishi:HeartfeltFancy","Koishi:ReflexRadar+1","Koishi:PhantomStrike+1"],"picked":"Koishi:FreudianInstinct+1","floor":49}],"player_experience":557373,"relics_obtained":[{"floor":6.0,"key":"Juzu Bracelet"},{"floor":7.0,"key":"sneckomod:BlankCard"},{"floor":12.0,"key":"Regal Pillow"},{"floor":14.0,"key":"Oddly Smooth Stone"},{"floor":24.0,"key":"Matryoshka"},{"floor":25.0,"key":"Lizard Tail"},{"floor":25.0,"key":"FossilizedHelix"},{"floor":27.0,"key":"Vajra"},{"floor":27.0,"key":"Akabeko"},{"floor":41,"key":"Frozen Egg 2"},{"floor":41,"key":"Shuriken"},{"floor":48,"key":"Dream Catcher"},{"floor":48,"key":"Whetstone"}],"event_choices":[{"damage_healed":0.0,"max_hp_gain":0.0,"max_hp_loss":0.0,"gold_gain":0.0,"event_name":"Back to Basics","player_choice":"Simplicity","floor":21.0,"gold_loss":0.0,"damage_taken":0.0,"cards_upgraded":["Koishi:BasicStrike","Koishi:BasicStrike","Koishi:BasicStrike","Koishi:BasicStrike","Koishi:BasicDefend","Koishi:BasicDefend","Koishi:BasicDefend","Koishi:BasicDefend"]},{"damage_healed":0.0,"max_hp_gain":0.0,"max_hp_loss":0.0,"gold_gain":0.0,"event_name":"Accursed Blacksmith","player_choice":"Rummage","floor":38.0,"gold_loss":0.0,"damage_taken":0.0,"relics_obtained":["WarpedTongs"],"cards_obtained":["Pain"]}],"is_beta":false,"boss_relics":[{"not_picked":["Runic Dome","Pandora\u0027s Box"],"picked":"Black Star"},{"not_picked":["Velvet Choker","Snecko Eye"],"picked":"expansioncontent:StudyCardRelic"}],"items_purged_floors":[],"is_endless":false,"potions_floor_spawned":[2,6,10,12,14,15,23,27,31,33,36,44,48,49],"ascension_level":0}}