{"host":"6p0attdrtjqaih7v","time":1614035123,"event":{"mods":["2.2 Compatiblity","AchievementEnabler","BaseMod","Better Skull","Better Third Choice","Card Filter","Colored Powertips","Hermit","Highlight Path","Hubris","Key Reminder","Minty Spire (QoL Compilation)","Permanent Neow","Quick Restart","Random Character Button","Relic Filter","Relic Stats","Reliquary","Replay The Spire","Robot Space Explorer","StSLib","The Construct","The Gatherer","The Hayseed","The Runesmith","The Witch"],"gold_per_floor":[119,138,138,138,150,150,185,197,197,228,35,53,53,87,87,161,161,173,186,186,200,200,200,231,246,246,246,94,94,136,176,176,295,295,333,333,61,119,223,223,276,338,365,405,45,67,67,134,134,49],"floor_reached":51,"language":"ENG","playtime":2710,"items_purged":["Strike_Witch","Athame"],"score":1478,"play_id":"74349769-4c70-4c5b-866e-265bd3cba6ac","local_time":"20210222180523","is_ascension_mode":true,"campfire_choices":[{"data":"KarmaDrain","floor":6,"key":"SMITH"},{"data":"MagicFang","floor":13,"key":"SMITH"},{"data":"Hexguard","floor":15,"key":"SMITH"},{"data":"BoneCarving","floor":23,"key":"SMITH"},{"data":"SummonRatFamiliar","floor":27,"key":"SMITH"},{"data":"Boline","floor":29,"key":"SMITH"},{"data":"GhoulTouch","floor":32,"key":"SMITH"},{"data":"Schadenfreude","floor":40,"key":"SMITH"},{"data":"SkullFlask","floor":47,"key":"SMITH"},{"data":"ZombieSpit","floor":49,"key":"SMITH"}],"circlet_count":0,"master_deck":["AscendersBane","Defend_Witch","Defend_Witch","Defend_Witch","Defend_Witch","Hexguard+1","ZombieSpit+1","MagicFang+1","SummonRatFamiliar+1","KarmaDrain+1","Harmlessness","BoneCarving+1","MagicFang+1","SkullFlask+1","Boline+1","RiteOfWinter+1","RustWall+1","IllOmen+1","Bewitch+1","Malady","Necronomicurse","Harmlessness","GhoulTouch+1","DireShriek","UnnaturalEnergy","Schadenfreude+1","Pot Of Greed","Pot Of Greed","Pot Of Greed","SkullFlask+1","Decrepify+1"],"relics":["BlackCat","PreservedInsect","hubris:Towel","Vajra","Replay:Bottled Eggs","Eternal Feather","Bag of Preparation","Pen Nib","Astrolabe","Necronomicon","FossilizedHelix","Replay:Bandana","DollysMirror","Lantern","SlaversCollar","Smiling Mask","Grinning Jar","Simple Rune","ToyHorse","Frozen Eye","ReplayTheSpireMod:Lightbulb","hubris:GlazedTorus"],"acts_visited":["Exordium","TheCity","TheBeyond"],"potions_floor_usage":[7,14,16,19,30,33,41,41,44,44,46,50],"damage_taken":[{"damage":11,"enemies":"Jaw Worm","floor":1,"turns":4},{"damage":1,"enemies":"2 Louse","floor":2,"turns":4},{"damage":3,"enemies":"Small Slimes","floor":5,"turns":3},{"damage":2,"enemies":"Gremlin Nob","floor":7,"turns":4},{"damage":0,"enemies":"3 Louse","floor":8,"turns":4},{"damage":3,"enemies":"Lagavulin","floor":10,"turns":5},{"damage":0,"enemies":"2 Fungi Beasts","floor":12,"turns":4},{"damage":0,"enemies":"3 Sentries","floor":14,"turns":5},{"damage":17,"enemies":"Slime Boss","floor":16,"turns":7},{"damage":4,"enemies":"Spheric Guardian","floor":18,"turns":4},{"damage":0,"enemies":"2 Thieves","floor":19,"turns":4},{"damage":0,"enemies":"Centurion and Healer","floor":21,"turns":8},{"damage":7,"enemies":"Gremlin Leader","floor":24,"turns":4},{"damage":0,"enemies":"Snecko","floor":25,"turns":3},{"damage":7,"enemies":"Book of Stabbing","floor":30,"turns":4},{"damage":12,"enemies":"Shelled Parasite and Fungi","floor":31,"turns":4},{"damage":10,"enemies":"Automaton","floor":33,"turns":6},{"damage":0,"enemies":"3 Shapes","floor":35,"turns":1},{"damage":0,"enemies":"3 Darklings","floor":38,"turns":2},{"damage":0,"enemies":"Reptomancer","floor":41,"turns":4},{"damage":0,"enemies":"Transient","floor":42,"turns":5},{"damage":0,"enemies":"Jaw Worm Horde","floor":44,"turns":3},{"damage":13,"enemies":"Writhing Mass","floor":46,"turns":7},{"damage":0,"enemies":"Giant Head","floor":48,"turns":4},{"damage":0,"enemies":"Time Eater","floor":50,"turns":8}],"seed_played":"480054823904192814","potions_obtained":[{"floor":5,"key":"AttackPotion"},{"floor":10,"key":"Swift Potion"},{"floor":12,"key":"Adrenaline Potion"},{"floor":16,"key":"FairyPotion"},{"floor":24,"key":"SteroidPotion"},{"floor":30,"key":"Explosive Potion"},{"floor":33,"key":"Elixir"},{"floor":41,"key":"Adrenaline Potion"},{"floor":44,"key":"EssenceOfSteel"}],"is_trial":false,"path_per_floor":["M","M","?","?","M","R","E","M","T","E","$","M","R","E","R","B",null,"M","M","?","M","?","R","E","M","T","R","$","R","E","M","R","B",null,"M","?","$","M","?","R","E","M","T","M","$","M","R","E","R","B",null],"character_chosen":"WITCH","items_purchased":["Bag of Preparation","BoneCarving","DollysMirror","UnnaturalEnergy","Adrenaline Potion","ToyHorse","Frozen Eye"],"campfire_rested":0,"item_purchase_floors":[11,11,28,37,37,45,45],"current_hp_per_floor":[46,45,45,45,42,42,40,40,40,37,37,37,46,46,55,38,57,53,53,53,53,37,49,42,42,42,54,54,63,56,44,59,49,60,60,60,60,60,45,60,60,60,60,65,65,52,65,65,65,65],"gold":49,"neow_bonus":"RANDOM_COMMON_RELIC","is_daily":false,"chose_seed":false,"campfire_upgraded":10,"win_rate":0.0,"timestamp":1614035123,"path_taken":["M","M","?","?","M","R","E","M","T","E","$","M","R","E","R","BOSS","M","M","?","M","?","R","E","M","T","R","$","R","E","M","R","BOSS","M","?","$","M","?","R","E","M","T","?","?","M","R","E","R","BOSS"],"items_purchased_type":["Relic","Card","Relic","Card","Potion","Relic","Relic"],"build_version":"2020-12-22","purchased_purges":2,"victory":true,"max_hp_per_floor":[63,63,63,63,63,63,63,63,63,63,63,63,63,63,63,63,63,63,63,63,63,63,63,63,63,63,63,63,63,63,63,63,63,63,63,60,60,60,60,60,60,60,60,65,65,65,65,65,65,65],"relic_stats":{"counters":[25,111],"Astrolabe":["RiteOfWinter","RustWall","IllOmen"],"Eternal Feather":94,"PreservedInsect":360,"Pen Nib":[15],"Bag of Preparation":[38],"Necronomicon":[15],"Smiling Mask":50,"obtain_stats":[{"Lantern":30,"ToyHorse":45,"Astrolabe":17,"Vajra":7,"Eternal Feather":10,"PreservedInsect":0,"Pen Nib":14,"Bag of Preparation":11,"hubris:Towel":3,"Smiling Mask":39,"BlackCat":0,"SlaversCollar":34,"Frozen Eye":45,"Replay:Bandana":26,"DollysMirror":28,"Simple Rune":43,"Necronomicon":22,"Replay:Bottled Eggs":9,"Grinning Jar":41,"ReplayTheSpireMod:Lightbulb":46,"FossilizedHelix":24,"hubris:GlazedTorus":48},{"Lantern":15,"ToyHorse":22,"Astrolabe":9,"Vajra":4,"Eternal Feather":6,"PreservedInsect":0,"Pen Nib":8,"Bag of Preparation":6,"hubris:Towel":2,"Smiling Mask":19,"BlackCat":0,"SlaversCollar":17,"Frozen Eye":22,"Replay:Bandana":14,"DollysMirror":14,"Simple Rune":21,"Necronomicon":12,"Replay:Bottled Eggs":5,"Grinning Jar":20,"ReplayTheSpireMod:Lightbulb":23,"FossilizedHelix":13,"hubris:GlazedTorus":24},{"Lantern":67,"ToyHorse":92,"Astrolabe":40,"Vajra":15,"Eternal Feather":24,"PreservedInsect":0,"Pen Nib":33,"Bag of Preparation":24,"hubris:Towel":8,"Smiling Mask":80,"BlackCat":0,"SlaversCollar":77,"Frozen Eye":92,"Replay:Bandana":63,"DollysMirror":63,"Simple Rune":89,"Necronomicon":56,"Replay:Bottled Eggs":19,"Grinning Jar":84,"ReplayTheSpireMod:Lightbulb":99,"FossilizedHelix":60,"hubris:GlazedTorus":103}]},"card_choices":[{"not_picked":["Malady","BlackShield"],"picked":"MagicFang","floor":1},{"not_picked":["Puncture","MementoMori"],"picked":"SummonRatFamiliar","floor":2},{"not_picked":["SummonRatFamiliar","CrystalResonance"],"picked":"KarmaDrain","floor":5},{"not_picked":["SummonBatFamiliar","MercuryWand"],"picked":"Athame","floor":7},{"not_picked":["SkullFlask","Atonement"],"picked":"Harmlessness","floor":8},{"not_picked":["SummonToadFamiliar","RiteOfWinter","Foresight"],"picked":"SKIP","floor":10},{"not_picked":["RiteOfAutumn","SummonCatFamiliar"],"picked":"MagicFang","floor":12},{"not_picked":["SummonBatFamiliar","Decrepify"],"picked":"SkullFlask","floor":14},{"not_picked":["FatalRay","RiteOfSpring"],"picked":"Boline","floor":16},{"not_picked":["SummonOwlFamiliar","MementoMori"],"picked":"Bewitch+1","floor":18},{"not_picked":["Decrepify","BlackShield+1"],"picked":"Malady","floor":19},{"not_picked":["BleedOut","SkullFlask","Bewitch"],"picked":"SKIP","floor":21},{"not_picked":["MagicFang","SummonCatFamiliar","IllOmen+1"],"picked":"SKIP","floor":24},{"not_picked":["MercuryWand","GnarledBody","SkullFlask"],"picked":"SKIP","floor":25},{"not_picked":["MercuryWand","Malady"],"picked":"GhoulTouch","floor":30},{"not_picked":["Foresight","BoneCarving","Decrepify"],"picked":"SKIP","floor":31},{"not_picked":["StrangeBrew","SummonRavenFamiliar"],"picked":"DireShriek","floor":33},{"not_picked":["KarmaDrain","SummonBatFamiliar","Athame"],"picked":"SKIP","floor":35},{"not_picked":["Boline","BlackBolt","MementoMori"],"picked":"SKIP","floor":38},{"not_picked":["Bewitch","MagicFang+1"],"picked":"Schadenfreude","floor":39},{"not_picked":["LivingBomb+1","SummonOwlFamiliar","Harmlessness"],"picked":"SKIP","floor":41},{"not_picked":["BlackShield","RustWall","RiteOfWinter"],"picked":"SKIP","floor":42},{"not_picked":["MercuryWand","BoneCarving","BlackShield"],"picked":"SKIP","floor":44},{"not_picked":["SoulBarrier","BleedOut"],"picked":"SkullFlask+1","floor":46},{"not_picked":["Malady","DireShriek"],"picked":"Decrepify+1","floor":48}],"player_experience":1237931,"relics_obtained":[{"floor":7,"key":"Vajra"},{"floor":9,"key":"Replay:Bottled Eggs"},{"floor":10,"key":"Eternal Feather"},{"floor":14,"key":"Pen Nib"},{"floor":22,"key":"Necronomicon"},{"floor":24,"key":"FossilizedHelix"},{"floor":26,"key":"Replay:Bandana"},{"floor":30,"key":"Lantern"},{"floor":39,"key":"Smiling Mask"},{"floor":41,"key":"Grinning Jar"},{"floor":43,"key":"Simple Rune"},{"floor":46,"key":"ReplayTheSpireMod:Lightbulb"},{"floor":48,"key":"hubris:GlazedTorus"}],"event_choices":[{"damage_healed":0,"gold_gain":0,"player_choice":"Ignored","damage_taken":0,"max_hp_gain":0,"max_hp_loss":0,"event_name":"Vampires","floor":20,"gold_loss":0},{"damage_healed":0,"gold_gain":0,"player_choice":"Obtained Book","damage_taken":16,"max_hp_gain":0,"max_hp_loss":0,"event_name":"Cursed Tome","floor":22,"gold_loss":0},{"damage_healed":0,"gold_gain":0,"player_choice":"Max HP","damage_taken":0,"max_hp_gain":0,"max_hp_loss":3,"event_name":"Winding Halls","floor":36,"gold_loss":0}],"is_beta":false,"boss_relics":[{"not_picked":["Empty Cage","Tiny House"],"picked":"Astrolabe"},{"not_picked":["reliquary:Craggleroot","reliquary:RedPaperclip"],"picked":"SlaversCollar"}],"items_purged_floors":[37,45],"is_endless":false,"potions_floor_spawned":[5,10,12,16,24,30,31,33,35,41,44],"ascension_level":14}}