{"host":"kvh5342rl0c7vxi5","time":1614038373,"event":{"mods":["Act Like it!","BaseMod","Bestiary","Better Third Choice","Challenge The Spire","Downfall","Duelist Mod","GifTheSpireLib","Gremlin Mod","Hermit","Hubris","Ironclad Rager","Jorbs\u0027s Wanderer Trilogy","Melee Mod","Minty Spire (QoL Compilation)","Potionbrewer","Quick Restart","Relic Stats","Spicy Shops","Spire Arcade","StSLib","SuperFastMode","The Forsaken","The Judge","The Mystic","The Poker Player","The Sage","slay the spire mod where everything is the same but ironclad has a cowboy hat"],"gold_per_floor":[326,52,95,131,175,175,103,103,142,178,212,212,212,212,248,283,318,318,318],"floor_reached":18,"language":"ENG","playtime":750,"items_purged":["Strike_G","Strike_G"],"score":560,"play_id":"6a4c761e-a38f-44f7-ac80-0b71fe47ec41","local_time":"20210222185933","daily_mods":["challengethespire:Platinum Difficulty","challengethespire:Modded Elite Rush","Uncertain Future"],"is_ascension_mode":true,"campfire_choices":[{"floor":8,"key":"REST"},{"floor":13,"key":"REST"},{"floor":14,"key":"REST"}],"circlet_count":0,"master_deck":["AscendersBane","Strike_G","Strike_G","Strike_G","Defend_G","Defend_G","Defend_G","Defend_G","Defend_G","Survivor","Neutralize","Poisoned Stab","Crippling Poison","Bouncing Flask","Footwork","Deadly Poison","Blade Dance+1","Prepared+1","Noxious Fumes+1","Dodge and Roll+1","Crippling Poison+1","PiercingWail+1","Adrenaline+1","Well Laid Plans+1","Phantasmal Killer+1"],"relics":["Ring of the Snake","Black Star","Sling","PreservedInsect","ClockworkSouvenir","Bag of Marbles","CeramicFish","Blue Candle","champ:DeflectingBracers","Toxic Egg 2","Frozen Egg 2","theForsaken:HumbleEgg","Philosopher\u0027s Stone","sneckomod:BlankCard","Orichalcum","Toy Ornithopter","hubris:BundleOfHerbs","StrikeDummy","hubris:SlimyHat","hubris:VirtuousBlindfold","potionbrewer:SlideRule","Ginger","bronze:BronzeIdol","Tingsha","Mummified Hand","potionbrewer:Torch"],"acts_visited":["Exordium"],"potions_floor_usage":[16,16],"damage_taken":[{"damage":10,"enemies":"3 Sentries","floor":3,"turns":6},{"damage":11,"enemies":"Gremlin Nob","floor":4,"turns":4},{"damage":5,"enemies":"Lagavulin","floor":5,"turns":5},{"damage":29,"enemies":"Slavers","floor":9,"turns":5},{"damage":9,"enemies":"Gremlin Leader","floor":10,"turns":5},{"damage":0,"enemies":"theDuelist:KaibaA2","floor":11,"turns":4},{"damage":31,"enemies":"Nemesis","floor":15,"turns":5},{"damage":0,"enemies":"Reptomancer","floor":16,"turns":3},{"damage":0,"enemies":"Giant Head","floor":17,"turns":6},{"damage":62,"enemies":"Shield and Spear","floor":18,"turns":3}],"seed_played":"-7299031703083793000","potions_obtained":[{"floor":9,"key":"Fire Potion"},{"floor":11,"key":"potionbrewer:ToxicPotion"},{"floor":17,"key":"Swift Potion"}],"is_trial":true,"path_per_floor":["$","$","E","E","E","T","$","R","E","E","E","T","R","R","E","E","E","E"],"character_chosen":"THE_SILENT","items_purchased":["Poisoned Stab","Crippling Poison","ClockworkSouvenir","Bag of Marbles","Bouncing Flask","Footwork","Noxious Fumes+1"],"campfire_rested":3,"item_purchase_floors":[1,1,1,1,2,2,7],"current_hp_per_floor":[59,59,49,38,33,33,33,52,23,14,14,14,33,52,21,31,31,0,0],"gold":318,"neow_bonus":"","is_daily":false,"chose_seed":false,"campfire_upgraded":0,"win_rate":0.0,"timestamp":1614038373,"path_taken":["$","$","E","E","E","T","$","R","E","E","E","T","R","R","E","E","E","E"],"items_purchased_type":["Card","Card","Relic","Relic","Card","Card","Card"],"build_version":"2020-12-22","purchased_purges":2,"victory":false,"max_hp_per_floor":[66,66,66,66,66,66,66,66,66,66,66,66,66,66,66,66,66,66,66],"relic_stats":{"counters":[10,46],"Mummified Hand":[4],"CeramicFish":90,"Blue Candle":[0],"Tingsha":[30],"PreservedInsect":534,"Black Star":9,"Ginger":[2],"Orichalcum":[42],"obtain_stats":[{"CeramicFish":3,"sneckomod:BlankCard":9,"hubris:VirtuousBlindfold":12,"hubris:SlimyHat":11,"Ginger":15,"Sling":0,"ClockworkSouvenir":1,"theForsaken:HumbleEgg":5,"Mummified Hand":17,"Philosopher\u0027s Stone":6,"Toxic Egg 2":4,"Ring of the Snake":0,"Blue Candle":3,"Tingsha":16,"PreservedInsect":0,"champ:DeflectingBracers":4,"Frozen Egg 2":5,"Orichalcum":9,"bronze:BronzeIdol":16,"potionbrewer:Torch":17,"hubris:BundleOfHerbs":10,"Black Star":0,"Bag of Marbles":1,"StrikeDummy":11,"potionbrewer:SlideRule":15,"Toy Ornithopter":10},{"CeramicFish":1,"sneckomod:BlankCard":4,"hubris:VirtuousBlindfold":6,"hubris:SlimyHat":6,"Ginger":7,"Sling":0,"ClockworkSouvenir":0,"theForsaken:HumbleEgg":3,"Mummified Hand":9,"Philosopher\u0027s Stone":3,"Toxic Egg 2":2,"Ring of the Snake":0,"Blue Candle":1,"Tingsha":8,"PreservedInsect":0,"champ:DeflectingBracers":2,"Frozen Egg 2":3,"Orichalcum":4,"bronze:BronzeIdol":8,"potionbrewer:Torch":9,"hubris:BundleOfHerbs":5,"Black Star":0,"Bag of Marbles":0,"StrikeDummy":6,"potionbrewer:SlideRule":7,"Toy Ornithopter":5},{"CeramicFish":6,"sneckomod:BlankCard":20,"hubris:VirtuousBlindfold":29,"hubris:SlimyHat":29,"Ginger":34,"Sling":0,"ClockworkSouvenir":0,"theForsaken:HumbleEgg":15,"Mummified Hand":43,"Philosopher\u0027s Stone":15,"Toxic Egg 2":10,"Ring of the Snake":0,"Blue Candle":6,"Tingsha":37,"PreservedInsect":0,"champ:DeflectingBracers":10,"Frozen Egg 2":15,"Orichalcum":20,"bronze:BronzeIdol":37,"potionbrewer:Torch":43,"hubris:BundleOfHerbs":25,"Black Star":0,"Bag of Marbles":0,"StrikeDummy":29,"potionbrewer:SlideRule":34,"Toy Ornithopter":25}],"Toy Ornithopter":10,"Ring of the Snake":[20]},"card_choices":[],"player_experience":597497,"relics_obtained":[{"floor":3,"key":"CeramicFish"},{"floor":3,"key":"Blue Candle"},{"floor":4,"key":"champ:DeflectingBracers"},{"floor":4,"key":"Toxic Egg 2"},{"floor":5,"key":"Frozen Egg 2"},{"floor":5,"key":"theForsaken:HumbleEgg"},{"floor":9,"key":"sneckomod:BlankCard"},{"floor":9,"key":"Orichalcum"},{"floor":10,"key":"Toy Ornithopter"},{"floor":10,"key":"hubris:BundleOfHerbs"},{"floor":11,"key":"StrikeDummy"},{"floor":11,"key":"hubris:SlimyHat"},{"floor":15,"key":"potionbrewer:SlideRule"},{"floor":15,"key":"Ginger"},{"floor":16,"key":"bronze:BronzeIdol"},{"floor":16,"key":"Tingsha"},{"floor":17,"key":"Mummified Hand"},{"floor":17,"key":"potionbrewer:Torch"}],"event_choices":[],"is_beta":false,"boss_relics":[{"not_picked":["hubris:ScarierMask","WristBlade"],"picked":"Philosopher\u0027s Stone"},{"not_picked":["Sozu","Fusion Hammer"],"picked":"hubris:VirtuousBlindfold"}],"items_purged_floors":[1,2],"is_endless":false,"potions_floor_spawned":[9,11,17],"killed_by":"Shield and Spear","ascension_level":20}}