{"host":"dz37y7s0f4dytpbs","time":1614029093,"event":{"mods":["2.2 Compatiblity","AchievementEnabler","BaseMod","BetterRewards","Colored Map","Custom Start","Keyboard Shortcuts","Marisa£¨Ùöéë¡¡Øª×âÞÞ£©","Minty Spire (QoL Compilation)","Permanent Neow","StSLib","SuperFastMode","everything is the same but u backflip on backflip"],"gold_per_floor":[110,60,70,81,156,156,191,211,236,266,280,306,306,337,337,468,468,482,482,184,184,100,134,152,77,77,4,35,56,99,149,149,278,278,301,325,49,49,113,149,149,149,195,238,571,571,571,582,582,582,582,582,10,40,40],"floor_reached":56,"language":"KOR","playtime":4801,"items_purged":["Strike_G","Strike_G","Defend_G","Strike_G","Defend_G","Strike_G","Strike_G","Prepared+1"],"score":2614,"play_id":"e9e20d6a-643c-41af-b73d-522d06ef9fcc","local_time":"20210223062453","is_ascension_mode":true,"campfire_choices":[{"data":"Well Laid Plans","floor":6.0,"key":"SMITH"},{"data":"Cloak And Dagger","floor":15.0,"key":"SMITH"},{"data":"Tactician","floor":32.0,"key":"SMITH"},{"data":"Defend_G","floor":42.0,"key":"PURGE"},{"floor":46.0,"key":"RECALL"},{"floor":49.0,"key":"REST"},{"data":"Survivor","floor":52.0,"key":"PURGE"}],"circlet_count":0,"master_deck":["AscendersBane","Tactician+1","Infinite Blades","Deflect+1","Footwork","Backflip","Noxious Fumes","Well Laid Plans+1","Cloak And Dagger+1","Infinite Blades","Tactician","Caltrops","Noxious Fumes","Acrobatics","PiercingWail","Wraith Form v2","Blade Dance+1","Ghostly","Ghostly","Ghostly","Ghostly","Ghostly","Infinite Blades","Prepared+1","Backflip+1","Accuracy+1","Blade Dance+1","Catalyst+1","Envenom+1","Caltrops+1","Poisoned Stab+1","Blur","Apotheosis","Underhanded Strike","Madness","Madness","Venomology","Outmaneuver+1","Sucker Punch","Accuracy+1","Malaise"],"relics":["Ring of the Snake","Lantern","Toy Ornithopter","Blood Vial","TungstenRod","Thread and Needle","Smiling Mask","Ancient Tea Set","Regal Pillow","Kunai","Odd Mushroom","Philosopher\u0027s Stone","HornCleat","Juzu Bracelet","Frozen Egg 2","Dream Catcher","Bottled Lightning","Fusion Hammer","CatCart","Peace Pipe","Strawberry","Bronze Scales","Sundial","War Paint"],"acts_visited":["Exordium","TheCity","TheBeyond","TheEnding"],"potions_floor_usage":[54,55],"damage_taken":[{"damage":0.0,"enemies":"2 Louse","floor":1.0,"turns":3.0},{"damage":0.0,"enemies":"Cultist","floor":3.0,"turns":5.0},{"damage":0.0,"enemies":"Small Slimes","floor":4.0,"turns":4.0},{"damage":0.0,"enemies":"3 Sentries","floor":7.0,"turns":9.0},{"damage":0.0,"enemies":"3 Louse","floor":8.0,"turns":3.0},{"damage":17.0,"enemies":"Gremlin Nob","floor":10.0,"turns":6.0},{"damage":0.0,"enemies":"Looter","floor":11.0,"turns":4.0},{"damage":1.0,"enemies":"3 Sentries","floor":12.0,"turns":6.0},{"damage":5.0,"enemies":"The Mushroom Lair","floor":14.0,"turns":4.0},{"damage":20.0,"enemies":"The Guardian","floor":16.0,"turns":10.0},{"damage":20.0,"enemies":"2 Thieves","floor":18.0,"turns":5.0},{"damage":6.0,"enemies":"Book of Stabbing","floor":23.0,"turns":7.0},{"damage":0.0,"enemies":"Chosen","floor":24.0,"turns":7.0},{"damage":0.0,"enemies":"Gremlin Leader","floor":28.0,"turns":6.0},{"damage":13.0,"enemies":"Sentry and Sphere","floor":29.0,"turns":5.0},{"damage":0.0,"enemies":"Book of Stabbing","floor":30.0,"turns":6.0},{"damage":0.0,"enemies":"Automaton","floor":33.0,"turns":7.0},{"damage":0.0,"enemies":"3 Darklings","floor":35.0,"turns":5.0},{"damage":0.0,"enemies":"Orb Walker","floor":36.0,"turns":4.0},{"damage":0.0,"enemies":"Orin","floor":39.0,"turns":7.0},{"damage":0.0,"enemies":"Reptomancer","floor":40.0,"turns":6.0},{"damage":0.0,"enemies":"Nemesis","floor":44.0,"turns":5.0},{"damage":0.0,"enemies":"3 Darklings","floor":48.0,"turns":4.0},{"damage":0.0,"enemies":"Awakened One","floor":50.0,"turns":10.0},{"damage":0,"enemies":"Shield and Spear","floor":54,"turns":8},{"damage":12,"enemies":"The Heart","floor":55,"turns":8}],"seed_played":"-8226847402181424983","potions_obtained":[{"floor":3.0,"key":"SkillPotion"},{"floor":7.0,"key":"Fire Potion"},{"floor":11.0,"key":"Explosive Potion"},{"floor":16.0,"key":"CultistPotion"},{"floor":23.0,"key":"Block Potion"},{"floor":24.0,"key":"EntropicBrew"},{"floor":28.0,"key":"SteroidPotion"},{"floor":36.0,"key":"LiquidBronze"},{"floor":40.0,"key":"CunningPotion"}],"is_trial":false,"path_per_floor":["M","?","M","M","?","R","E","M","T","E","M","E","?","?","R","B",null,"M","?","$","?","$","E","M","?","T","$","E","M","E","?","R","B",null,"M","M","$","?","?","E","?","R","T","E","?","R","?","M","R","B",null,"R","$","E","B",null],"character_chosen":"THE_SILENT","items_purchased":["Tactician","Infinite Blades","Lantern","Toy Ornithopter","Deflect","Footwork","Blood Vial","Backflip","TungstenRod","Thread and Needle","Noxious Fumes","Well Laid Plans","HornCleat","Infinite Blades","Accuracy+1","Blur","Apotheosis","Accuracy+1","Bronze Scales","Sundial","DuplicationPotion"],"campfire_rested":1,"item_purchase_floors":[0,0,0,0,0,0,0,0,0,0,0,0,20,22,27,37,37,53,53,53,53],"current_hp_per_floor":[65,65,67,69,63,63,65,70,70,53,60,61,45,47,47,29,60,47,35,35,32,32,28,30,30,30,30,45,32,34,34,34,41,44,45,45,45,45,45,45,40,40,40,52,52,52,52,52,52,52,52,52,52,52,40],"gold":40,"neow_bonus":"","is_daily":false,"chose_seed":false,"campfire_upgraded":3,"win_rate":0.0,"timestamp":1614029093,"path_taken":["M","?","M","M","?","R","E","?","T","E","M","E","?","?","R","BOSS","M","?","$","?","$","E","M","?","T","$","E","M","E","?","R","BOSS","M","M","$","?","?","E","?","R","T","E","?","R","?","M","R","BOSS","R","$","E","BOSS"],"items_purchased_type":["Card","Card","Relic","Relic","Card","Card","Relic","Card","Relic","Relic","Card","Card","Relic","Card","Card","Card","Card","Card","Relic","Relic","Potion"],"build_version":"2020-12-22","purchased_purges":8,"victory":true,"max_hp_per_floor":[70,70,70,70,70,70,70,70,70,70,70,70,70,70,70,70,70,70,35,35,40,40,40,40,40,40,40,45,45,45,45,45,45,45,45,45,45,45,45,45,45,45,45,52,52,52,52,52,52,52,52,52,52,52,52],"card_choices":[{"not_picked":["Sucker Punch","Quick Slash"],"picked":"Cloak And Dagger","floor":1.0},{"not_picked":["Eviscerate","Outmaneuver","Riddle With Holes"],"picked":"SKIP","floor":3.0},{"not_picked":["Backflip","Sucker Punch"],"picked":"Infinite Blades","floor":4.0},{"not_picked":["Storm of Steel","Slice","Expertise"],"picked":"SKIP","floor":7.0},{"not_picked":["Storm of Steel","Slice","Expertise"],"picked":"SKIP","floor":7.0},{"not_picked":["Deflect","Terror"],"picked":"Tactician","floor":8.0},{"not_picked":["Backflip","Deadly Poison"],"picked":"Caltrops","floor":10.0},{"not_picked":["Flying Knee","Slice"],"picked":"Noxious Fumes","floor":11.0},{"not_picked":["Underhanded Strike","Expertise"],"picked":"Acrobatics","floor":12.0},{"not_picked":["Grand Finale","Bane"],"picked":"PiercingWail","floor":14.0},{"not_picked":["Grand Finale","Phantasmal Killer"],"picked":"Wraith Form v2","floor":16.0},{"not_picked":["Riddle With Holes","Prepared"],"picked":"Blade Dance","floor":18.0},{"not_picked":["Slice","Dodge and Roll"],"picked":"Prepared+1","floor":23.0},{"not_picked":["Cloak And Dagger+1","Deadly Poison"],"picked":"Backflip+1","floor":24.0},{"not_picked":["Phantasmal Killer","Backflip"],"picked":"Blade Dance+1","floor":28.0},{"not_picked":["Outmaneuver","Dagger Spray+1","Eviscerate"],"picked":"SKIP","floor":29.0},{"not_picked":["Blade Dance","Masterful Stab+1"],"picked":"Catalyst+1","floor":30.0},{"not_picked":["Doppelganger","Venomology"],"picked":"Envenom+1","floor":33.0},{"not_picked":["Deflect","Prepared"],"picked":"Caltrops+1","floor":35.0},{"not_picked":["Quick Slash","Riddle With Holes"],"picked":"Poisoned Stab+1","floor":36.0},{"not_picked":["Riddle With Holes+1","Blade Dance"],"picked":"Prepared+1","floor":39.0},{"not_picked":["Dagger Spray","Outmaneuver"],"picked":"Underhanded Strike","floor":40.0},{"not_picked":["Prepared","Deflect+1"],"picked":"Venomology","floor":44.0},{"not_picked":["Poisoned Stab+1","Heel Hook"],"picked":"Outmaneuver+1","floor":48.0},{"not_picked":["Infinite Blades+1","Underhanded Strike+1"],"picked":"Sucker Punch","floor":49.0},{"not_picked":["Endless Agony","Distraction"],"picked":"Malaise","floor":54}],"player_experience":345875,"relics_obtained":[{"floor":7.0,"key":"Smiling Mask"},{"floor":9.0,"key":"Ancient Tea Set"},{"floor":10.0,"key":"Regal Pillow"},{"floor":12.0,"key":"Kunai"},{"floor":14.0,"key":"Odd Mushroom"},{"floor":23.0,"key":"Juzu Bracelet"},{"floor":26.0,"key":"Frozen Egg 2"},{"floor":28.0,"key":"Dream Catcher"},{"floor":30.0,"key":"Bottled Lightning"},{"floor":39.0,"key":"CatCart"},{"floor":40.0,"key":"Peace Pipe"},{"floor":44.0,"key":"Strawberry"},{"floor":54,"key":"War Paint"}],"event_choices":[{"cards_removed":["Defend_G"],"damage_healed":0.0,"max_hp_gain":0.0,"max_hp_loss":0.0,"gold_gain":0.0,"event_name":"The Cleric","player_choice":"Card Removal","floor":2.0,"gold_loss":50.0,"damage_taken":0.0},{"damage_healed":0.0,"max_hp_gain":0.0,"max_hp_loss":0.0,"gold_gain":75.0,"event_name":"FaceTrader","player_choice":"Touch","floor":5.0,"gold_loss":0.0,"damage_taken":7.0},{"damage_healed":0.0,"max_hp_gain":0.0,"max_hp_loss":0.0,"gold_gain":0.0,"event_name":"Golden Idol","player_choice":"Take Damage","floor":13.0,"gold_loss":0.0,"damage_taken":17.0,"relics_obtained":["Golden Idol"]},{"damage_healed":0.0,"max_hp_gain":0.0,"max_hp_loss":0.0,"gold_gain":0.0,"event_name":"Mushrooms","player_choice":"Fought Mushrooms","floor":14.0,"gold_loss":0.0,"damage_taken":0.0},{"damage_healed":0.0,"max_hp_gain":0.0,"max_hp_loss":35.0,"gold_gain":0.0,"event_name":"Ghosts","player_choice":"Became a Ghost","floor":19.0,"gold_loss":0.0,"damage_taken":0.0,"cards_obtained":["Ghostly","Ghostly","Ghostly","Ghostly","Ghostly"]},{"damage_healed":0.0,"max_hp_gain":5.0,"max_hp_loss":0.0,"gold_gain":0.0,"event_name":"Forgotten Altar","player_choice":"Shed Blood","floor":21.0,"gold_loss":0.0,"damage_taken":9.0},{"cards_removed":["Defend_G"],"damage_healed":0.0,"max_hp_gain":0.0,"max_hp_loss":0.0,"gold_gain":0.0,"event_name":"Beggar","player_choice":"Gave Gold","floor":25.0,"gold_loss":75.0,"damage_taken":0.0},{"damage_healed":0.0,"max_hp_gain":0.0,"max_hp_loss":0.0,"gold_gain":100.0,"event_name":"The Joust","player_choice":"Bet on Murderer","floor":31.0,"gold_loss":50.0,"damage_taken":0.0},{"cards_removed":["Neutralize"],"damage_healed":0.0,"max_hp_gain":0.0,"max_hp_loss":0.0,"gold_gain":0.0,"event_name":"Falling","player_choice":"Removed Attack","floor":38.0,"gold_loss":0.0,"damage_taken":0.0},{"damage_healed":0.0,"max_hp_gain":0.0,"max_hp_loss":0.0,"gold_gain":0.0,"event_name":"OrinTheCat","player_choice":"Fight","floor":39.0,"gold_loss":0.0,"damage_taken":0.0},{"damage_healed":0.0,"max_hp_gain":0.0,"max_hp_loss":0.0,"gold_gain":0.0,"event_name":"Winding Halls","player_choice":"Embrace Madness","floor":41.0,"gold_loss":0.0,"damage_taken":6.0,"cards_obtained":["Madness","Madness"]},{"damage_healed":0.0,"max_hp_gain":0.0,"max_hp_loss":0.0,"gold_gain":333.0,"event_name":"The Moai Head","player_choice":"Gave Idol","floor":45.0,"relics_lost":["Golden Idol"],"gold_loss":0.0,"damage_taken":0.0},{"damage_healed":0.0,"max_hp_gain":0.0,"max_hp_loss":0.0,"gold_gain":0.0,"event_name":"Tomb of Lord Red Mask","player_choice":"Ignored","floor":47.0,"gold_loss":0.0,"damage_taken":0.0}],"is_beta":false,"boss_relics":[{"not_picked":["WristBlade","Ectoplasm"],"picked":"Philosopher\u0027s Stone"},{"not_picked":["Pandora\u0027s Box","Snecko Eye"],"picked":"Fusion Hammer"}],"items_purged_floors":[0,0,0,0,20,22,37,53],"is_endless":false,"potions_floor_spawned":[3,7,11,16,23,24,28,30,36,40,48],"ascension_level":11}}