{"host":"yx5rao87132cy5xq","time":1614029954,"event":{"mods":["2.2 Compatiblity","AchievementEnabler","BaseMod","Bestiary","Colored Map","Colored Powertips","Highlight Path","Minty Spire (QoL Compilation)","Quick Restart","Relic Stats","Slay-I","SuperFastMode"],"gold_per_floor":[118,134,149,162,162,162,196,215,215,248,162,179,190,200,200,200,200],"floor_reached":16,"language":"ENG","playtime":3193,"items_purged":[],"score":232,"play_id":"cc8c244c-9888-4bbc-9fd8-f90ff03ce025","local_time":"20210222223914","is_ascension_mode":true,"campfire_choices":[{"data":"Whirlwind","floor":6.0,"key":"SMITH"},{"data":"Flame Barrier","floor":15.0,"key":"SMITH"}],"circlet_count":0,"master_deck":["AscendersBane","Strike_R","Strike_R","Strike_R","Strike_R","Defend_R","Defend_R","Defend_R","Defend_R","Bash","Whirlwind+1","Clash","Anger","Dark Embrace","Battle Trance","Shockwave","Flame Barrier+1"],"relics":["Burning Blood","Smiling Mask","Sundial","Nunchaku","Ice Cream"],"acts_visited":["Exordium"],"potions_floor_usage":[16],"damage_taken":[{"damage":1.0,"enemies":"Cultist","floor":1.0,"turns":3.0},{"damage":0.0,"enemies":"2 Louse","floor":2.0,"turns":1.0},{"damage":10.0,"enemies":"Small Slimes","floor":3.0,"turns":3.0},{"damage":8.0,"enemies":"Blue Slaver","floor":4.0,"turns":3.0},{"damage":31.0,"enemies":"Gremlin Nob","floor":7.0,"turns":4.0},{"damage":7.0,"enemies":"Looter","floor":8.0,"turns":3.0},{"damage":10.0,"enemies":"3 Sentries","floor":10.0,"turns":3.0},{"damage":9.0,"enemies":"3 Louse","floor":12.0,"turns":2.0},{"damage":0.0,"enemies":"Large Slime","floor":13.0,"turns":4.0},{"damage":1.0,"enemies":"Red Slaver","floor":14.0,"turns":3.0},{"damage":61,"enemies":"Hexaghost","floor":16,"turns":9}],"seed_played":"545998144721249864","potions_obtained":[{"floor":3.0,"key":"Swift Potion"},{"floor":4.0,"key":"Fruit Juice"},{"floor":8.0,"key":"SteroidPotion"},{"floor":10.0,"key":"SpeedPotion"}],"is_trial":false,"path_per_floor":["M","M","M","M","?","R","E","M","T","E","?","M","M","M","R","B"],"character_chosen":"IRONCLAD","items_purchased":[],"campfire_rested":0,"item_purchase_floors":[],"current_hp_per_floor":[80,82,78,81,81,81,56,55,55,51,51,48,54,59,59,0,0],"gold":200,"neow_bonus":"TEN_PERCENT_HP_BONUS","is_daily":false,"chose_seed":false,"campfire_upgraded":2,"win_rate":0.0,"timestamp":1614029954,"path_taken":["M","M","M","?","?","R","E","?","T","E","?","M","?","M","R","BOSS"],"items_purchased_type":[],"build_version":"2020-12-22","purchased_purges":0,"victory":false,"max_hp_per_floor":[82,82,82,87,87,87,87,87,87,87,87,87,87,87,87,87,87],"relic_stats":{"Nunchaku":[1],"counters":[11,38],"Sundial":[2],"Smiling Mask":0,"obtain_stats":[{"Ice Cream":11,"Nunchaku":10,"Sundial":9,"Smiling Mask":7,"Burning Blood":0},{"Ice Cream":7,"Nunchaku":7,"Sundial":6,"Smiling Mask":5,"Burning Blood":0},{"Ice Cream":20,"Nunchaku":20,"Sundial":17,"Smiling Mask":14,"Burning Blood":0}],"Burning Blood":56},"card_choices":[{"not_picked":["Heavy Blade","Havoc"],"picked":"Whirlwind","floor":1.0},{"not_picked":["Infernal Blade","Armaments"],"picked":"Clash","floor":2.0},{"not_picked":["Evolve","True Grit"],"picked":"Anger","floor":3.0},{"not_picked":["Sever Soul","Thunderclap"],"picked":"Dark Embrace","floor":4.0},{"not_picked":["Havoc","Hemokinesis","Perfected Strike"],"picked":"SKIP","floor":7.0},{"not_picked":["Flex","Headbutt"],"picked":"Battle Trance","floor":8.0},{"not_picked":["Twin Strike","Brutality","Uppercut"],"picked":"SKIP","floor":10.0},{"not_picked":["Feel No Pain","Uppercut"],"picked":"Shockwave","floor":12.0},{"not_picked":["Thunderclap","Sword Boomerang"],"picked":"Flame Barrier","floor":13.0},{"not_picked":["Thunderclap","Reckless Charge","Clash"],"picked":"SKIP","floor":14.0}],"player_experience":1135500,"relics_obtained":[{"floor":7.0,"key":"Smiling Mask"},{"floor":9.0,"key":"Sundial"},{"floor":10.0,"key":"Nunchaku"}],"event_choices":[{"cards_removed":["Strike_R"],"damage_healed":0.0,"max_hp_gain":0.0,"max_hp_loss":0.0,"gold_gain":0.0,"event_name":"Wheel of Change","player_choice":"Card Removal","floor":5.0,"gold_loss":0.0,"damage_taken":0.0},{"damage_healed":0.0,"max_hp_gain":0.0,"max_hp_loss":0.0,"gold_gain":0.0,"event_name":"WeMeetAgain","player_choice":"Paid Gold","floor":11.0,"gold_loss":86.0,"damage_taken":0.0,"relics_obtained":["Ice Cream"]}],"is_beta":false,"boss_relics":[],"items_purged_floors":[],"is_endless":false,"potions_floor_spawned":[3,4,8,10],"killed_by":"Hexaghost","ascension_level":20}}