{"host":"xgo7i0560n9mwvr8","time":1614027202,"event":{"mods":["BaseMod","Colored Map","Downfall","Minty Spire (QoL Compilation)","Permanent Neow","StSLib"],"gold_per_floor":[99,112,45,63,163,196,196,196,227,244,144,172,72,82,101,205,205,205,218,237,337,357,386,411,117,17,30,57,77,77,88,98,196,196,196,224,99,99,13,68,68,96,1,28,28,58,58,58,72,72,72,72],"floor_reached":50,"language":"ENG","playtime":5663,"items_purged":["Slimebound:Defend_Slimebound","Slimebound:Defend_Slimebound+1"],"score":845,"play_id":"863a2721-8b17-4c19-975a-fae712be5346","local_time":"20210222155322","is_ascension_mode":true,"campfire_choices":[{"data":"Slimebound:Split","floor":1.0,"key":"SMITH"},{"data":"Slimebound:DisruptingSlam","floor":11.0,"key":"SMITH"},{"floor":13.0,"key":"REST"},{"floor":18.0,"key":"RECALL"},{"data":"expansioncontent:StudyTheSpire","floor":26.0,"key":"SMITH"},{"data":"Slimebound:Prepare","floor":30.0,"key":"SMITH"},{"floor":35.0,"key":"DIG"},{"floor":47.0,"key":"DIG"}],"circlet_count":0,"master_deck":["Slimebound:Strike_Slimebound+1","Slimebound:Tackle+1","Slimebound:Defend_Slimebound+1","Slimebound:Defend_Slimebound+1","Slimebound:Split+1","Slimebound:CorrosiveSpit+1","Slimebound:LivingWall+1","Slimebound:SplitBruiser+1","Slimebound:GoopSpray+1","Slimebound:SplitBruiser+1","Slimebound:DisruptingSlam+1","Slimebound:LivingWall+1","Slimebound:SplitLeeching+1","Slimebound:SplitAcid+1","Slimebound:FinishingTackle+1","Slimebound:MassFeed+1","Slimebound:AcidTongue+1","Slimebound:SplitAcid+1","Slimebound:Gluttony+1","Slimebound:ServeAndProtect+1","J.A.X.+1","Slimebound:Gluttony+1","Slimebound:Equalize+1","Slimebound:Prepare+1","Slimebound:SplitMire+1","expansioncontent:StudyTheSpire+1","Slimebound:SplitBruiser+1","Slimebound:GoopTackle+1","Slimebound:GoopSpray+1","Slimebound:MinionMaster+1","Slimebound:Prepare+1","Slimebound:Prepare+1","Slimebound:SplitLeeching+1","Slimebound:OozeBath+1","Slimebound:Teamwork+1","Slimebound:SplitLeeching+1","Slimebound:LivingWall+1","Slimebound:Recollect+1","Slimebound:SplitSpecialist+1","Slimebound:SplitMire+1","Slimebound:ServeAndProtect+1","Slimebound:SplitAcid+1","Slimebound:GoopSpray+1","Slimebound:SplitBruiser+1","Slimebound:LivingWall+1","Slimebound:SplitLeeching+1"],"relics":["Slimebound:AbsorbEndCombat","War Paint","InkBottle","Guardian:PocketSentry","Orichalcum","Runic Pyramid","MutagenicStrength","Question Card","Omamori","Singing Bowl","Calling Bell","Nunchaku","Toxic Egg 2","Shovel","MawBank","Turnip","White Beast Statue","Juzu Bracelet","Dead Branch","Blue Candle","Bag of Marbles","Anchor"],"acts_visited":["Exordium","TheCity","TheBeyond"],"potions_floor_usage":[50,50,50],"damage_taken":[{"damage":4.0,"enemies":"Cultist","floor":2.0,"turns":3.0},{"damage":0.0,"enemies":"downfall:FleeingMerchant","floor":3.0,"turns":4.0},{"damage":0.0,"enemies":"Small Slimes","floor":4.0,"turns":3.0},{"damage":13.0,"enemies":"Gremlin Nob","floor":6.0,"turns":4.0},{"damage":24.0,"enemies":"3 Sentries","floor":9.0,"turns":9.0},{"damage":0.0,"enemies":"2 Louse","floor":10.0,"turns":3.0},{"damage":10.0,"enemies":"Lagavulin","floor":12.0,"turns":4.0},{"damage":0.0,"enemies":"downfall:LooterAlt","floor":14.0,"turns":2.0},{"damage":0.0,"enemies":"Blue Slaver","floor":15.0,"turns":3.0},{"damage":0.0,"enemies":"SI_SHIV_ARCHETYPE","floor":16.0,"turns":7.0},{"damage":0.0,"enemies":"Chosen","floor":19.0,"turns":4.0},{"damage":20.0,"enemies":"downfall:LooterAlt2","floor":20.0,"turns":4.0},{"damage":15.0,"enemies":"downfall:Augmenter","floor":21.0,"turns":7.0},{"damage":3.0,"enemies":"Snecko","floor":22.0,"turns":3.0},{"damage":17.0,"enemies":"Slavers","floor":23.0,"turns":6.0},{"damage":3.0,"enemies":"downfall:FleeingMerchant","floor":25.0,"turns":4.0},{"damage":10.0,"enemies":"Chosen and Byrds","floor":27.0,"turns":5.0},{"damage":24.0,"enemies":"Gremlin Leader","floor":28.0,"turns":8.0},{"damage":5.0,"enemies":"Centurion and Healer","floor":29.0,"turns":7.0},{"damage":0.0,"enemies":"Shelled Parasite and Fungi","floor":31.0,"turns":6.0},{"damage":17.0,"enemies":"Snake Plant","floor":32.0,"turns":5.0},{"damage":21.0,"enemies":"IC_MUSHROOM_ARCHETYPE","floor":33.0,"turns":11.0},{"damage":6.0,"enemies":"3 Shapes","floor":36.0,"turns":5.0},{"damage":12.0,"enemies":"downfall:FleeingMerchant","floor":37.0,"turns":4.0},{"damage":6.0,"enemies":"downfall:FleeingMerchant","floor":39.0,"turns":4.0},{"damage":26.0,"enemies":"2 Orb Walkers","floor":40.0,"turns":7.0},{"damage":6.0,"enemies":"Nemesis","floor":42.0,"turns":5.0},{"damage":0.0,"enemies":"downfall:FleeingMerchant","floor":43.0,"turns":3.0},{"damage":69.0,"enemies":"Giant Head","floor":44.0,"turns":11.0},{"damage":0.0,"enemies":"Giant Head","floor":45.0,"turns":5.0},{"damage":21.0,"enemies":"Nemesis","floor":46.0,"turns":7.0},{"damage":7.0,"enemies":"3 Darklings","floor":49.0,"turns":11.0},{"damage":133,"enemies":"WA_ARCHETYPE_DIVINITY","floor":50,"turns":11}],"seed_played":"-4389813427715609193","potions_obtained":[{"floor":4.0,"key":"PowerPotion"},{"floor":6.0,"key":"BlessingOfTheForge"},{"floor":10.0,"key":"champ:CounterPotion"},{"floor":15.0,"key":"Slimebound:SlimedPotion"},{"floor":16.0,"key":"bronze:BurnAndBuffPotion"},{"floor":20.0,"key":"Block Potion"},{"floor":21.0,"key":"FearPotion"},{"floor":29.0,"key":"PowerPotion"},{"floor":31.0,"key":"bronze:BurnAndBuffPotion"},{"floor":42.0,"key":"Regen Potion"},{"floor":43.0,"key":"Block Potion"},{"floor":44.0,"key":"LiquidMemories"},{"floor":45.0,"key":"Strength Potion"},{"floor":46.0,"key":"DistilledChaos"}],"is_trial":false,"path_per_floor":["R","M","$","M","?","E","T","?","E","M","R","E","R","M","M","B",null,"R","M","M","?","M","E","T","$","R","M","E","M","R","M","M","B",null,"R","M","$","?","?","?","T","E","$","E","?","E","R","?","M","B"],"character_chosen":"SLIMEBOUND","items_purchased":["Slimebound:SplitBruiser","expansioncontent:StudyTheSpire","Slimebound:SplitBruiser","Slimebound:GoopTackle","Slimebound:LivingWall+1","Slimebound:SplitSpecialist+1","Dead Branch","Slimebound:GoopSpray+1"],"campfire_rested":1,"item_purchase_floors":[3,25,25,25,37,39,43,43],"current_hp_per_floor":[65,65,65,65,65,56,56,61,39,41,51,47,71,73,75,80,80,80,80,70,66,69,71,71,70,70,77,72,85,85,92,83,78,107,107,103,105,97,97,95,95,101,101,53,87,89,89,81,78,0,0,0],"gold":72,"neow_bonus":"RANDOM_COMMON_RELIC","is_daily":false,"chose_seed":false,"campfire_upgraded":4,"win_rate":0.0,"timestamp":1614027202,"path_taken":["R","M","$","?","?","E","T","?","E","M","R","E","R","M","M","BOSS","R","M","M","?","M","E","T","$","R","M","E","M","R","M","M","BOSS","R","M","$","?","?","?","T","E","?","E","?","E","R","?","M","BOSS"],"items_purchased_type":["Card","Card","Card","Card","Card","Card","Relic","Card"],"build_version":"2020-12-22","purchased_purges":2,"victory":false,"max_hp_per_floor":[65,65,65,65,65,65,65,70,70,70,80,80,80,80,80,80,80,80,80,86,89,89,92,92,92,92,95,98,104,104,107,107,107,107,107,107,107,97,97,101,101,101,101,105,109,111,111,111,111,111,111,111],"card_choices":[{"not_picked":["Slimebound:Prepare","Slimebound:SlimeSpikes"],"picked":"Slimebound:LivingWall","floor":2.0},{"not_picked":["Slimebound:ComboTackle","Slimebound:GrowthPunch"],"picked":"Slimebound:WasteNot","floor":3.0},{"not_picked":["Slimebound:LeechingTouch","Slimebound:LeechEnergy"],"picked":"Slimebound:GoopSpray","floor":4.0},{"not_picked":["Slimebound:SamplingLick","Slimebound:ItLooksTasty"],"picked":"Slimebound:SplitBruiser","floor":6.0},{"not_picked":["Slimebound:Dissolve","Slimebound:SlimeBarrage"],"picked":"Slimebound:DisruptingSlam","floor":9.0},{"not_picked":["Slimebound:ComboTackle","Slimebound:LeechEnergy"],"picked":"Slimebound:LivingWall","floor":10.0},{"not_picked":["Slimebound:Schlurp","Slimebound:CheckThePlaybook"],"picked":"Slimebound:SplitLeeching","floor":12.0},{"not_picked":["Slimebound:ComboTackle","Slimebound:LeechingTouch"],"picked":"Slimebound:SplitAcid","floor":14.0},{"not_picked":["Slimebound:Recollect","Slimebound:Chomp"],"picked":"Slimebound:FinishingTackle","floor":15.0},{"not_picked":["Slimebound:SlimeSlap","Slimebound:SelfFormingGoo"],"picked":"Slimebound:MassFeed","floor":16.0},{"not_picked":["Slimebound:SlimeSpikes+1","Slimebound:LivingWall"],"picked":"Slimebound:AcidTongue","floor":19.0},{"not_picked":["Slimebound:RainOfGoop","Slimebound:RollThrough"],"picked":"Slimebound:SplitAcid","floor":20.0},{"not_picked":[],"picked":"J.A.X.","floor":21.0},{"not_picked":["Slimebound:ComboTackle","Slimebound:GrowthPunch+1"],"picked":"Slimebound:Gluttony","floor":21.0},{"not_picked":["Slimebound:SplitMire","Slimebound:ItLooksTasty"],"picked":"Slimebound:Equalize","floor":22.0},{"not_picked":["Slimebound:GoopSpray","Slimebound:BestDefense"],"picked":"Slimebound:Prepare","floor":23.0},{"not_picked":["Slimebound:LivingWall+1","Slimebound:SlimeTap","Slimebound:ViciousTackle"],"picked":"Slimebound:SplitMire","floor":25.0},{"not_picked":["Slimebound:HauntingLick","Slimebound:BestDefense","Slimebound:FinishingTackle"],"picked":"Slimebound:GoopSpray","floor":27.0},{"not_picked":["Slimebound:FinishingTackle","Slimebound:ComboTackle+1","Slimebound:ItLooksTasty"],"picked":"Slimebound:MinionMaster","floor":28.0},{"not_picked":["Slimebound:Recollect","Slimebound:PressTheAttack","Slimebound:LeechEnergy"],"picked":"Slimebound:Prepare+1","floor":29.0},{"not_picked":["Slimebound:HungryTackle+1","Slimebound:GoopSpray+1","Slimebound:LeechingTouch"],"picked":"Slimebound:Prepare","floor":31.0},{"not_picked":["Slimebound:LeechEnergy","Slimebound:FinishingTackle","Slimebound:ComboTackle"],"picked":"Slimebound:SplitLeeching","floor":32.0},{"not_picked":["Slimebound:Darklings","Slimebound:TagTeam","Slimebound:MassFeed"],"picked":"Slimebound:OozeBath","floor":33.0},{"not_picked":["Slimebound:RollThrough","Slimebound:Schlurp+1","Slimebound:SlimeBarrage"],"picked":"Slimebound:Teamwork+1","floor":36.0},{"not_picked":["Slimebound:SpikyOuterGoop+1","Slimebound:MegaLick+1","Slimebound:BestDefense"],"picked":"Slimebound:SplitLeeching+1","floor":37.0},{"not_picked":["Slimebound:TongueLash+1","Slimebound:Equalize","Slimebound:ForwardTackle+1"],"picked":"Slimebound:Recollect+1","floor":39.0},{"not_picked":["Slimebound:FormOfPuddle+1","Slimebound:LivingWall+1","Slimebound:RainOfGoop+1"],"picked":"Slimebound:SplitMire+1","floor":40.0},{"not_picked":["Slimebound:GoopTackle+1","Slimebound:LivingWall+1","Slimebound:Dissolve+1"],"picked":"Slimebound:ServeAndProtect+1","floor":42.0},{"not_picked":["Slimebound:Recollect+1","Slimebound:ProtectTheBoss","Slimebound:AcidTongue"],"picked":"Slimebound:SplitAcid+1","floor":43.0},{"not_picked":["Slimebound:ViciousTackle+1","Slimebound:SplitAcid+1","Slimebound:AcidTongue"],"picked":"Slimebound:SplitBruiser+1","floor":44.0},{"not_picked":["Slimebound:BestDefense","Slimebound:WasteNot+1","Slimebound:HungryTackle+1"],"picked":"Slimebound:LivingWall+1","floor":45.0},{"not_picked":["Slimebound:ViciousTackle+1","Slimebound:GrowthPunch","Slimebound:LeechEnergy","Slimebound:FlameTackle"],"picked":"Singing Bowl","floor":46.0},{"not_picked":["Slimebound:LeechEnergy","Slimebound:GrowthPunch+1","Slimebound:FinishingTackle+1"],"picked":"Slimebound:SplitLeeching+1","floor":49.0}],"player_experience":1079072,"relics_obtained":[{"floor":6.0,"key":"InkBottle"},{"floor":9.0,"key":"Guardian:PocketSentry"},{"floor":12.0,"key":"Orichalcum"},{"floor":21.0,"key":"MutagenicStrength"},{"floor":23.0,"key":"Question Card"},{"floor":24.0,"key":"Omamori"},{"floor":28.0,"key":"Singing Bowl"},{"floor":34.0,"key":"Nunchaku"},{"floor":34.0,"key":"Toxic Egg 2"},{"floor":34.0,"key":"Shovel"},{"floor":35.0,"key":"MawBank"},{"floor":40.0,"key":"Turnip"},{"floor":41.0,"key":"White Beast Statue"},{"floor":42.0,"key":"Juzu Bracelet"},{"floor":44.0,"key":"Blue Candle"},{"floor":46.0,"key":"Bag of Marbles"},{"floor":47.0,"key":"Anchor"}],"event_choices":[{"damage_healed":0.0,"max_hp_gain":5.0,"max_hp_loss":0.0,"gold_gain":0.0,"event_name":"Big Fish","player_choice":"Donut","floor":8.0,"gold_loss":0.0,"damage_taken":0.0},{"damage_healed":0.0,"max_hp_gain":0.0,"max_hp_loss":0.0,"gold_gain":0.0,"event_name":"Mysterious Sphere","player_choice":"Fight","floor":40.0,"gold_loss":0.0,"damage_taken":0.0}],"is_beta":false,"boss_relics":[{"not_picked":["Tiny House","Pandora\u0027s Box"],"picked":"Runic Pyramid"},{"not_picked":["Slimebound:TarBlob","SacredBark"],"picked":"Calling Bell"}],"items_purged_floors":[37,43],"is_endless":false,"potions_floor_spawned":[4,6,10,15,16,20,21,29,31,42,43,44,45,46,49],"killed_by":"WA_ARCHETYPE_DIVINITY","ascension_level":1}}