{"host":"o9lehcdjc4u6j9un","time":1614025843,"event":{"mods":["Aspiration","BaseMod","Better-Laid Plans","Bossed Relics","Colored Map","Downfall","Gremlin Mod","Hermit","Koishi","Marisa£®ÏF”Í°°ƒß¿Ì…≥£©","Minty Spire (QoL Compilation)","Reimu£®≤©¿ˆ¡È√Œ£©","Remilia£®¿Ÿ√◊¿Ú—«£©","Robot Space Explorer","StSLib","The Alterego","The Hierophant","The Jungle","The Marked","The Runesmith","The Senshi","The Servant 0.9.4","Yakumo Yukari mod","Youmu£®ªÍ∆«—˝√Œ£©","≤–¡Ù÷ÆŒÔ"],"gold_per_floor":[118,128,128,140,140,172,182,214,261,288,213,227,227,244,244,347,347,359,109,109,109,109,140,140,155,179,179,179,179,179,194,194,291,291,306,354,354,229,244,244,269,269,269,269,269,287,302,302,302],"floor_reached":48,"language":"ZHS","playtime":1647,"items_purged":["Writhe","Defend_P","A Thousand Cuts"],"score":626,"play_id":"a4926457-f547-4e4d-9e44-bdf6b2fd1f51","local_time":"20210223043043","is_ascension_mode":true,"campfire_choices":[{"data":"Alpha","floor":13,"key":"SMITH"},{"data":"Defend_P","floor":15,"key":"SMITH"},{"data":"Defend_P","floor":24,"key":"SMITH"},{"data":"Defend_P","floor":29,"key":"SMITH"},{"data":"Alpha","floor":32,"key":"SMITH"},{"data":"MasterReality","floor":40,"key":"SMITH"},{"data":"Grand Finale","floor":42,"key":"SMITH"}],"circlet_count":0,"master_deck":["Defend_P+1","Defend_P+1","Defend_P+1","Alpha+1","Grand Finale+1","Quick Slash","Alpha+1","Outmaneuver+1","Outmaneuver+1","MasterReality+1"],"relics":["PureWater","Mummified Hand","Strawberry","Omamori","Meat on the Bone","Tiny House","DollysMirror","Orichalcum","Lantern","Toxic Egg 2","Runic Pyramid","CatCart","Girya","Centennial Puzzle","Blue Candle"],"acts_visited":["Exordium","TheCity","TheBeyond"],"potions_floor_usage":[46],"damage_taken":[{"damage":0.0,"enemies":"Small Slimes","floor":1.0,"turns":3.0},{"damage":1.0,"enemies":"Cultist","floor":2.0,"turns":3.0},{"damage":0.0,"enemies":"2 Louse","floor":4.0,"turns":4.0},{"damage":32.0,"enemies":"Gremlin Nob","floor":6.0,"turns":4.0},{"damage":10.0,"enemies":"Large Slime","floor":7.0,"turns":6.0},{"damage":0.0,"enemies":"3 Sentries","floor":8.0,"turns":2.0},{"damage":8.0,"enemies":"Lagavulin","floor":10.0,"turns":5.0},{"damage":0,"enemies":"Looter","floor":12,"turns":2},{"damage":10,"enemies":"Exordium Thugs","floor":14,"turns":3},{"damage":0,"enemies":"Slime Boss","floor":16,"turns":5},{"damage":13,"enemies":"Shell Parasite","floor":18,"turns":5},{"damage":24,"enemies":"Slavers","floor":23,"turns":4},{"damage":0,"enemies":"Spheric Guardian","floor":25,"turns":3},{"damage":7,"enemies":"Snecko","floor":31,"turns":4},{"damage":27,"enemies":"Automaton","floor":33,"turns":7},{"damage":13,"enemies":"3 Darklings","floor":35,"turns":3},{"damage":6,"enemies":"Orin","floor":36,"turns":5},{"damage":19,"enemies":"3 Shapes","floor":39,"turns":3},{"damage":6,"enemies":"Giant Head","floor":41,"turns":6},{"damage":6,"enemies":"Transient","floor":46,"turns":5},{"damage":11,"enemies":"Writhing Mass","floor":47,"turns":3},{"damage":106,"enemies":"Writhing Mass","floor":48,"turns":14}],"seed_played":"1941146984413518486","potions_obtained":[{"floor":4.0,"key":"Weak Potion"},{"floor":7.0,"key":"Dexterity Potion"},{"floor":10.0,"key":"ZuzhouPotion:ReiMu"},{"floor":33,"key":"DuplicationPotion"},{"floor":47,"key":"Explosive Potion"}],"is_trial":false,"path_per_floor":["M","M","?","M","?","E","M","E","T","E","$","M","R","M","R","B",null,"M","$","?","$","?","E","R","M","T","?","T","R","?","M","R","B",null,"M","?","?","$","M","R","E","R","T","$","?","M","M","?"],"character_chosen":"WATCHER","items_purchased":["DollysMirror"],"campfire_rested":0,"item_purchase_floors":[19],"current_hp_per_floor":[72,71,64,64,64,32,22,29,29,21,21,33,33,35,35,47,79,66,66,66,66,66,42,42,42,42,27,27,27,27,32,32,17,84,71,65,65,65,46,46,52,52,52,52,47,53,54,0,0],"gold":302,"neow_bonus":"THREE_RARE_CARDS","is_daily":false,"chose_seed":false,"campfire_upgraded":7,"win_rate":0.0,"timestamp":1614025843,"path_taken":["M","M","?","M","?","E","?","E","T","E","$","M","R","M","R","BOSS","M","$","?","$","?","E","R","M","T","?","?","R","?","M","R","BOSS","M","?","?","$","M","R","E","R","T","$","?","?","M","?"],"items_purchased_type":["Relic"],"build_version":"2020-12-22","purchased_purges":3,"victory":false,"max_hp_per_floor":[72,72,72,72,72,72,72,79,79,79,79,79,79,79,79,79,79,79,79,79,79,79,79,79,79,79,84,84,84,84,84,84,84,84,84,84,84,84,84,84,84,84,84,84,84,84,84,84,84],"card_choices":[{"not_picked":["DeusExMachina","DevaForm"],"picked":"Alpha","floor":0.0},{"not_picked":["SashWhip","Wireheading","BowlingBash"],"picked":"SKIP","floor":1.0},{"not_picked":["CrushJoints","Fasting2","WindmillStrike"],"picked":"SKIP","floor":2.0},{"not_picked":["Crescendo","Evaluate","CrushJoints"],"picked":"SKIP","floor":4.0},{"not_picked":["WreathOfFlame","PathToVictory","Crescendo"],"picked":"SKIP","floor":6.0},{"not_picked":["EmptyFist","PathToVictory","BattleHymn"],"picked":"SKIP","floor":7.0},{"not_picked":["SignatureMove","Fasting2","SashWhip"],"picked":"SKIP","floor":8.0},{"not_picked":["Fasting2","Adaptation","SashWhip"],"picked":"SKIP","floor":10.0},{"not_picked":["BattleHymn","Swivel","Wireheading"],"picked":"SKIP","floor":12},{"not_picked":["Adaptation","LikeWater","FollowUp"],"picked":"SKIP","floor":14},{"not_picked":["Blasphemy","ConjureBlade"],"picked":"Alpha","floor":16},{"not_picked":["WheelKick+1","CutThroughFate","EmptyBody"],"picked":"SKIP","floor":18},{"not_picked":["FlurryOfBlows","Crescendo","ReachHeaven"],"picked":"SKIP","floor":23},{"not_picked":["Study","Tantrum+1","MentalFortress"],"picked":"SKIP","floor":25},{"not_picked":["Study","Tantrum+1","MentalFortress"],"picked":"SKIP","floor":25},{"not_picked":["Crescendo+1","FearNoEvil","EmptyFist"],"picked":"SKIP","floor":31},{"not_picked":["Wish+1","ConjureBlade+1"],"picked":"MasterReality","floor":33},{"not_picked":["EmptyBody+1","Evaluate+1","ForeignInfluence+1"],"picked":"SKIP","floor":35},{"not_picked":["ClearTheMind+1","CrushJoints","PathToVictory+1"],"picked":"SKIP","floor":39},{"not_picked":["BowlingBash","Brilliance","EmptyBody+1"],"picked":"SKIP","floor":41},{"not_picked":["ThirdEye+1","Evaluate+1","Protect+1"],"picked":"SKIP","floor":46},{"not_picked":["Protect+1","WaveOfTheHand+1","CrushJoints+1"],"picked":"SKIP","floor":47}],"player_experience":453736,"relics_obtained":[{"floor":6.0,"key":"Mummified Hand"},{"floor":8.0,"key":"Strawberry"},{"floor":9.0,"key":"Omamori"},{"floor":10.0,"key":"Meat on the Bone"},{"floor":23,"key":"Lantern"},{"floor":28,"key":"Toxic Egg 2"},{"floor":36,"key":"CatCart"},{"floor":41,"key":"Girya"},{"floor":43,"key":"Centennial Puzzle"}],"event_choices":[{"cards_removed":["Strike_P"],"damage_healed":0.0,"max_hp_gain":0.0,"max_hp_loss":0.0,"gold_gain":0.0,"event_name":"Golden Wing","player_choice":"Card Removal","floor":3.0,"gold_loss":0.0,"damage_taken":7.0},{"damage_healed":0,"gold_gain":0,"player_choice":"Opened","damage_taken":0,"relics_obtained":["Orichalcum"],"max_hp_gain":0,"max_hp_loss":0,"event_name":"The Mausoleum","floor":20,"gold_loss":0},{"damage_healed":0,"gold_gain":0,"cards_transformed":["Eruption","Glass Knife"],"player_choice":"Became Test Subject","damage_taken":0,"max_hp_gain":0,"max_hp_loss":0,"event_name":"Drug Dealer","floor":22,"gold_loss":0,"cards_obtained":["Fasting2","Judgement"]},{"damage_healed":0,"gold_gain":0,"player_choice":"Shed Blood","damage_taken":20,"max_hp_gain":5,"max_hp_loss":0,"event_name":"Forgotten Altar","floor":27,"gold_loss":0},{"damage_healed":0,"gold_gain":0,"player_choice":"Fight","damage_taken":0,"max_hp_gain":0,"max_hp_loss":0,"event_name":"OrinTheCat","floor":36,"gold_loss":0},{"cards_removed":["Grand Finale"],"damage_healed":0,"gold_gain":0,"player_choice":"Removed Attack","damage_taken":0,"max_hp_gain":0,"max_hp_loss":0,"event_name":"Falling","floor":37,"gold_loss":0}],"is_beta":false,"boss_relics":[{"not_picked":["aspiration:SecretTechniqueScroll","aspiration:PoetsPen_weak"],"picked":"Tiny House"},{"not_picked":["aspiration:RitualDagger","Pandora\u0027s Box"],"picked":"Runic Pyramid"}],"items_purged_floors":[11,19,38],"is_endless":false,"potions_floor_spawned":[4,7,10,14,18,25,33,47],"killed_by":"Writhing Mass","ascension_level":1}}