{"host":"raai0vtvcfkt8csp","time":1614018160,"event":{"mods":["2.2 Compatiblity","BaseMod","Beaked The Cultist","Block Reminder","Booster Modes","Clockwork Mod","Custom Start","DeckTracker","Defective Defect","Defuse TimeMaze Blight","Dio Mod","GifTheSpireLib","Infinite Spire","Minty Spire (QoL Compilation)","Quick Restart","Random Character Button","Rare Cards Sparkle","StSLib","The Marked","Uncapped","Unceasing Turn Reminder"],"gold_per_floor":[115,127,139,163,175,187,218,230,266,248,285,297,309,79,79,180,180,196,196,228,245,261,296,296,296,344,364,364,389,240,252,252,355,355,373,388,438,438,438,472,487,522,522,524,375,417,417,444,444,476],"floor_reached":51,"language":"ENG","playtime":4168,"items_purged":[],"score":956,"play_id":"ea7fe6bf-ca42-4d98-b3ae-515bc73ff84c","local_time":"20210222192240","daily_mods":["Hoarder","Specialized","Vintage"],"is_ascension_mode":true,"campfire_choices":[{"data":"beaked:MachineEssence","floor":6,"key":"SMITH"},{"data":"beaked:Defend_Y","floor":8,"key":"SMITH"},{"data":"beaked:Insight","floor":12,"key":"SMITH"},{"data":"Apotheosis","floor":15,"key":"SMITH"},{"data":"beaked:MaddeningMurmurs","floor":24,"key":"SMITH"},{"data":"beaked:AwakenedForm","floor":28,"key":"SMITH"},{"data":"beaked:Insight","floor":32,"key":"SMITH"},{"data":"beaked:AwakenedForm","floor":47,"key":"SMITH"},{"data":"infinitespire:NeuralNetwork","floor":49,"key":"SMITH"}],"circlet_count":0,"master_deck":["beaked:Strike_Y","beaked:Strike_Y","beaked:Strike_Y","beaked:Strike_Y+1","beaked:Strike_Y+1","beaked:Strike_Y","beaked:Defend_Y+1","beaked:Defend_Y+1","beaked:Defend_Y+1","beaked:Defend_Y","beaked:Ceremony","beaked:Ceremony","beaked:Ceremony","beaked:MachineEssence+1","beaked:MachineEssence","beaked:MachineEssence","beaked:MachineEssence","beaked:MachineEssence","beaked:MachineEssence","beaked:MachineEssence","beaked:MachineEssence","beaked:MachineEssence","beaked:MachineEssence","beaked:MachineEssence","beaked:MachineEssence","beaked:MachineEssence","beaked:MachineEssence","beaked:MachineEssence","beaked:Insight+1","beaked:Insight+1","beaked:Insight","Apotheosis+1","Apotheosis","Apotheosis","beaked:Insight","beaked:Insight","beaked:Insight","beaked:AwakenedForm+1","beaked:AwakenedForm+1","beaked:AwakenedForm","beaked:MaddeningMurmurs+1","beaked:MaddeningMurmurs","beaked:MaddeningMurmurs","beaked:KnowThyFoe","beaked:KnowThyFoe","beaked:KnowThyFoe","beaked:BloodForTheGods+1","beaked:BloodForTheGods+1","beaked:BloodForTheGods+1","infinitespire:NeuralNetwork","infinitespire:NeuralNetwork","infinitespire:NeuralNetwork+1","beaked:HuntressEssence","beaked:HuntressEssence","beaked:HuntressEssence","beaked:WarriorEssence+1","beaked:WarriorEssence+1","beaked:WarriorEssence+1","infinitespire:Execution","infinitespire:Execution","infinitespire:Execution"],"relics":["beaked:BlessedCoat","MawBank","Tiny Chest","Mummified Hand","infinitespire:WardingShard","War Paint","infinitespire:Eraser","Juzu Bracelet","White Beast Statue","Darkstone Periapt","Red Mask","Ginger","Bottled Lightning","Oddly Smooth Stone","Potion Belt","Torii","Blood Vial","Art of War","Singing Bowl","beaked:SacrificeDoll","infinitespire:ShieldingShard","Toy Ornithopter","Incense Burner","Pear","SlaversCollar","Vajra","infinitespire:CheckeredPen","PreservedInsect","Whetstone","infinitespire:Midas Blood","infinitespire:Satchel","CaptainsWheel","Frozen Egg 2"],"acts_visited":["Exordium","TheCity","TheBeyond"],"potions_floor_usage":[10,16,20,23,29,35,41,50,50,50,50,50],"damage_taken":[{"damage":51,"enemies":"Jaw Worm","floor":1,"turns":10},{"damage":24,"enemies":"Small Slimes","floor":4,"turns":7},{"damage":24,"enemies":"2 Louse","floor":7,"turns":6},{"damage":11,"enemies":"Looter","floor":10,"turns":4},{"damage":63,"enemies":"3 Sentries","floor":11,"turns":11},{"damage":78,"enemies":"The Guardian","floor":16,"turns":16},{"damage":16,"enemies":"Shell Parasite","floor":18,"turns":6},{"damage":151,"enemies":"Masked Bandits","floor":20,"turns":8},{"damage":62,"enemies":"Spheric Guardian","floor":21,"turns":8},{"damage":54,"enemies":"Centurion and Healer","floor":22,"turns":9},{"damage":141,"enemies":"Slavers","floor":23,"turns":9},{"damage":70,"enemies":"Chosen and Byrds","floor":27,"turns":10},{"damage":95,"enemies":"Gremlin Leader","floor":29,"turns":10},{"damage":61,"enemies":"Sentry and Sphere","floor":31,"turns":9},{"damage":126,"enemies":"Collector","floor":33,"turns":12},{"damage":61,"enemies":"3 Shapes","floor":35,"turns":10},{"damage":41,"enemies":"Orb Walker","floor":36,"turns":6},{"damage":43,"enemies":"Mind Bloom Boss Battle","floor":37,"turns":8},{"damage":34,"enemies":"Giant Head","floor":40,"turns":7},{"damage":152,"enemies":"Transient","floor":41,"turns":5},{"damage":64,"enemies":"beaked:SuperParasite","floor":42,"turns":6},{"damage":56,"enemies":"Giant Head","floor":46,"turns":6},{"damage":75,"enemies":"Writhing Mass","floor":48,"turns":5},{"damage":180,"enemies":"Awakened One","floor":50,"turns":8}],"seed_played":"6632825922279223947","potions_obtained":[{"floor":4,"key":"DuplicationPotion"},{"floor":7,"key":"Weak Potion"},{"floor":18,"key":"SpeedPotion"},{"floor":20,"key":"LiquidMemories"},{"floor":21,"key":"Swift Potion"},{"floor":22,"key":"SpeedPotion"},{"floor":23,"key":"SteroidPotion"},{"floor":27,"key":"CultistPotion"},{"floor":29,"key":"Explosive Potion"},{"floor":31,"key":"Weak Potion"},{"floor":35,"key":"Fruit Juice"},{"floor":36,"key":"CultistPotion"},{"floor":41,"key":"Weak Potion"}],"is_trial":true,"path_per_floor":["M","?","?","M","?","R","M","R","T","M","E","R","?","$","R","B",null,"M","T","?","M","M","E","R","?","T","M","R","E","$","M","R","B",null,"M","M","?","AVR","T","E","M","E","T","?","$","E","R","M","R","B",null],"character_chosen":"BEAKED_THE_CULTIST","items_purchased":["Apotheosis","beaked:Insight","Art of War","infinitespire:Satchel"],"campfire_rested":0,"item_purchase_floors":[14,14,30,45],"current_hp_per_floor":[40,40,45,48,41,41,55,55,55,55,55,55,55,55,55,55,55,55,55,55,55,55,55,55,55,55,55,55,55,55,55,55,55,55,60,60,60,70,70,70,70,70,70,54,54,72,72,72,72,72],"gold":476,"neow_bonus":"","is_daily":false,"chose_seed":false,"campfire_upgraded":9,"win_rate":0.0,"timestamp":1614018160,"path_taken":["M","?","?","M","?","R","?","R","T","M","E","R","?","$","R","BOSS","M","?","?","M","M","E","R","?","T","M","R","E","$","M","R","BOSS","M","M","?","AVR","?","E","M","E","T","?","$","E","R","M","R","BOSS"],"items_purchased_type":["Card","Card","Relic","Relic"],"build_version":"2020-12-22","purchased_purges":0,"victory":true,"max_hp_per_floor":[50,50,55,55,55,55,55,55,55,55,55,55,55,55,55,55,55,55,55,55,55,55,55,55,55,55,55,55,55,55,55,55,55,55,60,60,60,70,70,70,70,70,70,70,70,72,72,72,72,72],"card_choices":[{"not_picked":["beaked:Windmill","beaked:WarriorEssence"],"picked":"beaked:Insight","floor":11},{"not_picked":["beaked:ShadowFade","beaked:ScreechingChant"],"picked":"beaked:AwakenedForm","floor":16},{"not_picked":["beaked:Windmill","beaked:Resilience"],"picked":"beaked:MaddeningMurmurs","floor":23},{"not_picked":["beaked:FeelMyPain","beaked:DarkPact","beaked:Replenish"],"picked":"SKIP","floor":29},{"not_picked":["beaked:DarkPact","beaked:AwakenedForm"],"picked":"beaked:KnowThyFoe","floor":33},{"not_picked":["beaked:Insight","beaked:TuckingFeathers"],"picked":"beaked:BloodForTheGods+1","floor":37},{"not_picked":["beaked:CrazyRituals","beaked:WarriorSpirit"],"picked":"beaked:HuntressEssence","floor":40},{"not_picked":["beaked:Foresight+1","beaked:MachineSpirit"],"picked":"beaked:WarriorEssence+1","floor":42},{"not_picked":["infinitespire:FutureSight","infinitespire:Oblivion"],"picked":"infinitespire:Execution","floor":44},{"not_picked":["beaked:BounceBack+1","beaked:Flinch","beaked:CursingBlood+1"],"picked":"Singing Bowl","floor":46}],"player_experience":1091002,"relics_obtained":[{"floor":1,"key":"MawBank"},{"floor":4,"key":"Tiny Chest"},{"floor":7,"key":"infinitespire:WardingShard"},{"floor":9,"key":"War Paint"},{"floor":10,"key":"infinitespire:Eraser"},{"floor":11,"key":"Juzu Bracelet"},{"floor":18,"key":"White Beast Statue"},{"floor":19,"key":"Darkstone Periapt"},{"floor":20,"key":"Red Mask"},{"floor":21,"key":"Ginger"},{"floor":22,"key":"Bottled Lightning"},{"floor":23,"key":"Oddly Smooth Stone"},{"floor":26,"key":"Potion Belt"},{"floor":27,"key":"Torii"},{"floor":29,"key":"Blood Vial"},{"floor":31,"key":"Singing Bowl"},{"floor":35,"key":"infinitespire:ShieldingShard"},{"floor":36,"key":"Toy Ornithopter"},{"floor":37,"key":"Incense Burner"},{"floor":39,"key":"Vajra"},{"floor":40,"key":"infinitespire:CheckeredPen"},{"floor":41,"key":"PreservedInsect"},{"floor":42,"key":"Whetstone"},{"floor":43,"key":"infinitespire:Midas Blood"},{"floor":46,"key":"CaptainsWheel"},{"floor":48,"key":"Frozen Egg 2"}],"event_choices":[{"damage_healed":0,"gold_gain":0,"player_choice":"Ignored","damage_taken":0,"max_hp_gain":0,"max_hp_loss":0,"event_name":"Golden Idol","floor":2,"gold_loss":0},{"damage_healed":0,"gold_gain":0,"player_choice":"Donut","damage_taken":0,"max_hp_gain":5,"max_hp_loss":0,"event_name":"Big Fish","floor":3,"gold_loss":0},{"damage_healed":0,"gold_gain":0,"player_choice":"Success","damage_taken":7,"relics_obtained":["Mummified Hand"],"max_hp_gain":0,"max_hp_loss":0,"event_name":"Scrap Ooze","floor":5,"gold_loss":0},{"damage_healed":0,"gold_gain":0,"player_choice":"Leave","damage_taken":0,"max_hp_gain":0,"max_hp_loss":0,"event_name":"The Cleric","floor":13,"gold_loss":0},{"damage_healed":0,"gold_gain":0,"player_choice":"Fought Bandits","damage_taken":0,"max_hp_gain":0,"max_hp_loss":0,"event_name":"Masked Bandits","floor":20,"gold_loss":0},{"damage_healed":0,"gold_gain":0,"player_choice":"Ignored","damage_taken":0,"max_hp_gain":0,"max_hp_loss":0,"event_name":"Ghosts","floor":25,"gold_loss":0},{"damage_healed":0,"gold_gain":0,"player_choice":"Fight","damage_taken":0,"max_hp_gain":0,"max_hp_loss":0,"event_name":"MindBloom","floor":37,"gold_loss":0}],"is_beta":false,"boss_relics":[{"not_picked":["Pandora\u0027s Box","beaked:SacredDeck"],"picked":"beaked:BlessedCoat"},{"not_picked":["beaked:FlawlessSticks","beaked:MawFillet"],"picked":"beaked:SacrificeDoll"}],"items_purged_floors":[],"is_endless":false,"potions_floor_spawned":[4,7,18,20,21,22,23,27,29,31,33,35,36,37,40,41,42,46,48],"ascension_level":1}}