{"host":"4a6fro0of1ie0h2w","time":1614016759,"event":{"mods":["Aspiration","BaseMod","CCEM2","Colored Map","Conspire","Downfall","GifTheSpireLib","Halation","Highlight Path","Hubris","Infinite Spire","Marisa????????","Minty Spire (QoL Compilation)","Permanent Neow","Replay The Spire","StSLib","Stuff the Spire","The Servant 0.9.4"],"gold_per_floor":[99,117,217,237,299,299,347,347,367,398,298,327,327,361,371,371,371,371],"floor_reached":16,"language":"ENG","playtime":572,"items_purged":[],"score":124,"play_id":"af0a00d2-c511-4518-8c68-b9b1a26b7ee7","local_time":"20210222195919","is_ascension_mode":true,"campfire_choices":[{"data":"sneckomod:TailWhip","floor":1,"key":"SMITH"},{"floor":6,"key":"RECALL"},{"floor":11,"key":"REST"}],"circlet_count":0,"master_deck":["sneckomod:Strike","sneckomod:Strike+1","sneckomod:Defend","sneckomod:Defend","sneckomod:TailWhip+1","sneckomod:SnekBite","sneckomod:Unknown","sneckomod:Unknown","sneckomod:UnknownClassGUARDIAN","sneckomod:UnknownBlock","sneckomod:UnknownX","sneckomod:Unknown2Cost","sneckomod:ImprovisedAttack","sneckomod:UnknownExhaust","sneckomod:QuickBite","sneckomod:Unknown0Cost"],"relics":["sneckomod:SneckoSoul","Mango","Gremlin Food","StuffTheSpire:EmeraldSignet","halation:PrussianBluePaint","downfall:HeartBlessingRed","Blood Vial"],"acts_visited":["Exordium"],"potions_floor_usage":[10,16,16,16],"damage_taken":[{"damage":0,"enemies":"2 Louse","floor":2,"turns":2},{"damage":1,"enemies":"conspire:RoseBush","floor":4,"turns":4},{"damage":23,"enemies":"Lagavulin Event","floor":5,"turns":7},{"damage":0,"enemies":"Cultist","floor":9,"turns":3},{"damage":19,"enemies":"Gremlin Nob","floor":10,"turns":6},{"damage":41,"enemies":"Lagavulin","floor":12,"turns":8},{"damage":2,"enemies":"Gremlin Nob","floor":14,"turns":3},{"damage":9,"enemies":"Exordium Wildlife","floor":15,"turns":3},{"damage":25,"enemies":"DF_ARCHETYPE_STREAMLINE","floor":16,"turns":5}],"seed_played":"8246803136599972713","potions_obtained":[{"floor":5,"key":"champ:CounterPotion"},{"floor":12,"key":"sneckomod:CheatPotion"},{"floor":14,"key":"Dexterity Potion"},{"floor":15,"key":"sneckomod:DiceRollPotion"}],"is_trial":false,"path_per_floor":["R","M","?","M","?","R","T","T","M","E","R","E","T","E","M","B"],"character_chosen":"THE_SNECKO","items_purchased":[],"campfire_rested":1,"item_purchase_floors":[],"current_hp_per_floor":[63,63,63,62,53,53,53,53,53,34,65,24,24,24,19,0,0,0],"gold":371,"neow_bonus":"REMOVE_TWO","is_daily":false,"chose_seed":false,"campfire_upgraded":1,"win_rate":0.0,"timestamp":1614016759,"path_taken":["R","M","?","M","?","R","T","?","?","E","R","E","?","E","M","BOSS"],"items_purchased_type":[],"build_version":"2020-12-22","purchased_purges":0,"victory":false,"max_hp_per_floor":[90,90,90,90,104,104,104,104,104,104,104,104,104,104,104,104,104,104],"card_choices":[{"not_picked":["sneckomod:UnknownClassINFINITE_BLACK","sneckomod:ImprovisedGuard"],"picked":"sneckomod:UnknownClassGUARDIAN","floor":2},{"not_picked":["sneckomod:UnknownClassGREEN","sneckomod:UnknownClassBLESSING"],"picked":"sneckomod:UnknownBlock","floor":4},{"not_picked":["sneckomod:Unknown0Cost","sneckomod:Rotation"],"picked":"sneckomod:UnknownX","floor":5},{"not_picked":["sneckomod:RainOfDice","sneckomod:UnknownClassSYNTHESIST_COLOR"],"picked":"sneckomod:Unknown2Cost","floor":9},{"not_picked":["sneckomod:DefensiveFlair","sneckomod:DiceCrush"],"picked":"sneckomod:ImprovisedAttack","floor":10},{"not_picked":["sneckomod:UnknownDexterity","sneckomod:UnknownClassSILVER"],"picked":"sneckomod:UnknownExhaust","floor":12},{"not_picked":["sneckomod:UnknownClassEV_BLUE_COLOR","sneckomod:DiceBoulder"],"picked":"sneckomod:QuickBite","floor":14},{"not_picked":["sneckomod:UnknownClassEV_BLUE_COLOR","sneckomod:UnknownCommonSkill"],"picked":"sneckomod:Unknown0Cost","floor":15}],"player_experience":249120,"relics_obtained":[{"floor":5,"key":"Mango"},{"floor":7,"key":"Gremlin Food"},{"floor":8,"key":"StuffTheSpire:EmeraldSignet"},{"floor":10,"key":"halation:PrussianBluePaint"},{"floor":12,"key":"Blood Vial"}],"event_choices":[],"is_beta":false,"boss_relics":[],"items_purged_floors":[],"is_endless":false,"potions_floor_spawned":[5,12,14,15],"killed_by":"DF_ARCHETYPE_STREAMLINE","ascension_level":1}}