{"host":"pu1pmxeu7vyxsds8","time":1614023918,"event":{"mods":["Act Like it!","BaseMod","Block Reminder","Minty Spire (QoL Compilation)","Permanent Neow","Quick Restart","Relic Stats"],"gold_per_floor":[111,111,36,48,64,94,41,41,88,99,117,117,117,132,132,227,227,247,247,263,317,230,264,264,277,277,277,292,305,305,375,375,471,471,488,488,503,518,518,551,551,578,660,687,12,12,22,47,47,47],"floor_reached":51,"language":"SPA","playtime":2551,"items_purged":["Strike_R","Strike_R","Strike_R"],"score":810,"play_id":"3801c5a6-f86c-42e1-91a6-68f4ee33261e","local_time":"20210222165838","is_ascension_mode":false,"campfire_choices":[{"data":"Spot Weakness","floor":8.0,"key":"SMITH"},{"data":"Pummel","floor":13.0,"key":"SMITH"},{"data":"Spot Weakness","floor":15.0,"key":"SMITH"},{"data":"Double Tap","floor":24.0,"key":"SMITH"},{"data":"Pummel","floor":27.0,"key":"SMITH"},{"data":"Sword Boomerang","floor":32.0,"key":"SMITH"},{"floor":41.0,"key":"REST"},{"floor":49,"key":"REST"}],"circlet_count":0,"master_deck":["Defend_R","Defend_R","Defend_R","Defend_R","Bash+1","Spot Weakness+1","Pommel Strike","Pummel+1","Twin Strike+1","Feed","Thunderclap","Pummel+1","Spot Weakness+1","Double Tap+1","Sword Boomerang+1","Disarm","Sword Boomerang","Double Tap","Dramatic Entrance","Anger","Parasite","Anger","Seeing Red","Anger+1","Inflame+1"],"relics":["Burning Blood","Champion Belt","Tiny Chest","Smiling Mask","Black Star","MawBank","Gambling Chip","Lantern","Shuriken","Runic Pyramid","Eternal Feather","Nunchaku","Ancient Tea Set","Bag of Marbles","Bottled Flame","Mummified Hand","Boot","Pantograph","Dream Catcher","Strange Spoon","Bottled Lightning","Letter Opener","Vajra"],"acts_visited":["Exordium","TheCity","TheBeyond"],"potions_floor_usage":[50],"damage_taken":[{"damage":3.0,"enemies":"Small Slimes","floor":1.0,"turns":4.0},{"damage":2.0,"enemies":"Cultist","floor":4.0,"turns":5.0},{"damage":6.0,"enemies":"2 Louse","floor":5.0,"turns":2.0},{"damage":15.0,"enemies":"Gremlin Nob","floor":6.0,"turns":4.0},{"damage":10.0,"enemies":"Large Slime","floor":10.0,"turns":6.0},{"damage":0.0,"enemies":"Exordium Thugs","floor":11.0,"turns":2.0},{"damage":0.0,"enemies":"Exordium Wildlife","floor":14.0,"turns":2.0},{"damage":39.0,"enemies":"The Guardian","floor":16.0,"turns":7.0},{"damage":0.0,"enemies":"Chosen","floor":18.0,"turns":4.0},{"damage":5.0,"enemies":"2 Thieves","floor":20.0,"turns":3.0},{"damage":4.0,"enemies":"Gremlin Leader","floor":23.0,"turns":2.0},{"damage":0.0,"enemies":"Sentry and Sphere","floor":25.0,"turns":3.0},{"damage":0.0,"enemies":"Snake Plant","floor":28.0,"turns":1.0},{"damage":18.0,"enemies":"Shelled Parasite and Fungi","floor":29.0,"turns":2.0},{"damage":23.0,"enemies":"Automaton","floor":33.0,"turns":6.0},{"damage":52.0,"enemies":"3 Darklings","floor":35.0,"turns":4.0},{"damage":28.0,"enemies":"3 Shapes","floor":37.0,"turns":3.0},{"damage":11.0,"enemies":"Writhing Mass","floor":38.0,"turns":3.0},{"damage":7.0,"enemies":"Nemesis","floor":40.0,"turns":3.0},{"damage":25.0,"enemies":"Reptomancer","floor":42.0,"turns":3.0},{"damage":8.0,"enemies":"Nemesis","floor":44.0,"turns":3.0},{"damage":13.0,"enemies":"4 Shapes","floor":47.0,"turns":3.0},{"damage":16,"enemies":"Giant Head","floor":48,"turns":4},{"damage":67,"enemies":"Donu and Deca","floor":50,"turns":5}],"seed_played":"-3722811087181590972","potions_obtained":[{"floor":5.0,"key":"SteroidPotion"},{"floor":6.0,"key":"HeartOfIron"},{"floor":14.0,"key":"AttackPotion"},{"floor":18.0,"key":"AttackPotion"},{"floor":25.0,"key":"AttackPotion"},{"floor":29.0,"key":"Energy Potion"},{"floor":35.0,"key":"SteroidPotion"},{"floor":37.0,"key":"Regen Potion"},{"floor":42.0,"key":"FearPotion"},{"floor":44.0,"key":"BlessingOfTheForge"}],"is_trial":false,"path_per_floor":["M","?","$","M","M","E","$","R","T","M","M","?","R","M","R","B",null,"M","?","M","T","$","E","R","M","T","R","M","M","?","T","R","B",null,"M","?","M","M","?","E","R","E","T","E","$","T","M","E","R","B",null],"character_chosen":"IRONCLAD","items_purchased":["Thunderclap","Sword Boomerang","DuplicationPotion","Pantograph","Dream Catcher","Strange Spoon"],"campfire_rested":2,"item_purchase_floors":[7,22,45,45,45,45],"current_hp_per_floor":[72,72,72,72,72,63,63,63,63,62,71,55,55,61,61,28,78,78,78,81,81,81,81,81,81,81,81,81,69,81,81,81,64,81,35,35,16,20,20,19,56,37,37,35,35,35,31,24,66,32],"gold":47,"neow_bonus":"ONE_RARE_RELIC","is_daily":false,"chose_seed":false,"campfire_upgraded":6,"win_rate":0.0,"timestamp":1614023918,"path_taken":["M","?","$","?","?","E","?","R","T","M","M","?","R","M","R","BOSS","M","?","M","?","?","E","R","?","T","R","M","M","?","?","R","BOSS","M","?","?","M","?","E","R","E","T","E","$","?","?","E","R","BOSS"],"items_purchased_type":["Card","Card","Potion","Relic","Relic","Relic"],"build_version":"2020-12-22","purchased_purges":3,"victory":true,"max_hp_per_floor":[72,72,72,72,72,72,72,72,72,75,78,78,78,78,78,78,78,78,78,81,81,81,81,81,81,81,81,81,81,81,81,81,81,81,81,81,84,84,84,84,84,84,84,84,84,84,87,90,90,93],"relic_stats":{"counters":[24,84],"Eternal Feather":27,"Letter Opener":[10],"Smiling Mask":125,"MawBank":12,"Boot":[2],"Burning Blood":116,"Strange Spoon":[6],"Nunchaku":[5],"Dream Catcher":1,"Shuriken":[20],"Mummified Hand":[1],"Gambling Chip":[34],"Pantograph":24,"Tiny Chest":3,"Black Star":5,"Champion Belt":[34],"obtain_stats":[{"Lantern":23,"Vajra":48,"Eternal Feather":40,"Letter Opener":48,"Smiling Mask":9,"MawBank":21,"Ancient Tea Set":42,"Boot":44,"Burning Blood":0,"Strange Spoon":45,"Nunchaku":40,"Bottled Flame":43,"Dream Catcher":45,"Shuriken":31,"Mummified Hand":44,"Gambling Chip":23,"Pantograph":45,"Tiny Chest":6,"Black Star":17,"Bag of Marbles":42,"Champion Belt":0,"Bottled Lightning":46,"Runic Pyramid":34},{"Lantern":11,"Vajra":23,"Eternal Feather":19,"Letter Opener":23,"Smiling Mask":4,"MawBank":10,"Ancient Tea Set":20,"Boot":21,"Burning Blood":0,"Strange Spoon":21,"Nunchaku":19,"Bottled Flame":20,"Dream Catcher":21,"Shuriken":14,"Mummified Hand":21,"Gambling Chip":11,"Pantograph":21,"Tiny Chest":4,"Black Star":8,"Bag of Marbles":20,"Champion Belt":0,"Bottled Lightning":21,"Runic Pyramid":15},{"Lantern":41,"Vajra":79,"Eternal Feather":66,"Letter Opener":79,"Smiling Mask":15,"MawBank":39,"Ancient Tea Set":69,"Boot":72,"Burning Blood":0,"Strange Spoon":72,"Nunchaku":66,"Bottled Flame":69,"Dream Catcher":72,"Shuriken":47,"Mummified Hand":72,"Gambling Chip":41,"Pantograph":72,"Tiny Chest":15,"Black Star":32,"Bag of Marbles":69,"Champion Belt":0,"Bottled Lightning":72,"Runic Pyramid":53}]},"card_choices":[{"not_picked":["Sword Boomerang","Armaments"],"picked":"Spot Weakness","floor":1.0},{"not_picked":["Clothesline","Pommel Strike"],"picked":"Pummel","floor":4.0},{"not_picked":["Intimidate","True Grit"],"picked":"Twin Strike","floor":5.0},{"not_picked":["Uppercut","Iron Wave"],"picked":"Feed","floor":6.0},{"not_picked":["Thunderclap","Uppercut"],"picked":"Dropkick","floor":10.0},{"not_picked":["Anger","Pommel Strike"],"picked":"Pummel","floor":11.0},{"not_picked":["Rupture","Clash"],"picked":"Spot Weakness","floor":14.0},{"not_picked":["Feed","Corruption"],"picked":"Double Tap","floor":16.0},{"not_picked":["Perfected Strike","Anger+1"],"picked":"Sword Boomerang","floor":18.0},{"not_picked":["Headbutt","Fire Breathing","Power Through"],"picked":"SKIP","floor":20.0},{"not_picked":["Rupture","Searing Blow","Clothesline"],"picked":"SKIP","floor":23.0},{"not_picked":["Feel No Pain","Entrench+1","Thunderclap"],"picked":"SKIP","floor":25.0},{"not_picked":["Hemokinesis","Clothesline","Headbutt"],"picked":"SKIP","floor":28.0},{"not_picked":["Clash","Blood for Blood","Dropkick"],"picked":"SKIP","floor":29.0},{"not_picked":["Barricade","Reaper"],"picked":"Double Tap","floor":33.0},{"not_picked":["Thunderclap","Heavy Blade","Armaments"],"picked":"SKIP","floor":35.0},{"not_picked":["Dark Embrace+1","Perfected Strike"],"picked":"Anger","floor":37.0},{"not_picked":["Thunderclap","Power Through"],"picked":"Anger","floor":38.0},{"not_picked":["Brutality","Anger"],"picked":"Seeing Red","floor":40.0},{"not_picked":["Dropkick+1","Cleave","True Grit+1"],"picked":"SKIP","floor":42.0},{"not_picked":["Brutality","Blood for Blood"],"picked":"Anger+1","floor":44.0},{"not_picked":["Reckless Charge","Armaments","Combust"],"picked":"SKIP","floor":47.0},{"not_picked":["Dark Embrace","Berserk"],"picked":"Inflame+1","floor":48}],"player_experience":40978,"relics_obtained":[{"floor":6.0,"key":"Tiny Chest"},{"floor":9.0,"key":"Smiling Mask"},{"floor":21.0,"key":"MawBank"},{"floor":23.0,"key":"Gambling Chip"},{"floor":23.0,"key":"Lantern"},{"floor":31.0,"key":"Shuriken"},{"floor":40.0,"key":"Eternal Feather"},{"floor":40.0,"key":"Nunchaku"},{"floor":42.0,"key":"Ancient Tea Set"},{"floor":42.0,"key":"Bag of Marbles"},{"floor":43.0,"key":"Bottled Flame"},{"floor":44.0,"key":"Mummified Hand"},{"floor":44.0,"key":"Boot"},{"floor":46.0,"key":"Bottled Lightning"},{"floor":48,"key":"Letter Opener"},{"floor":48,"key":"Vajra"}],"event_choices":[{"damage_healed":0.0,"max_hp_gain":0.0,"max_hp_loss":0.0,"gold_gain":0.0,"cards_transformed":["Strike_R"],"event_name":"Transmorgrifier","player_choice":"Transformed","floor":2.0,"gold_loss":0.0,"damage_taken":0.0,"cards_obtained":["Pommel Strike"]},{"damage_healed":0.0,"max_hp_gain":0.0,"max_hp_loss":0.0,"gold_gain":0.0,"event_name":"Shining Light","player_choice":"Entered Light","floor":12.0,"gold_loss":0.0,"damage_taken":16.0,"cards_upgraded":["Twin Strike","Bash"]},{"damage_healed":0.0,"max_hp_gain":0.0,"max_hp_loss":0.0,"gold_gain":0.0,"cards_transformed":["Strike_R"],"event_name":"Transmorgrifier","player_choice":"Transformed","floor":19.0,"gold_loss":0.0,"damage_taken":0.0,"cards_obtained":["Disarm"]},{"cards_removed":["Dropkick"],"damage_healed":12.0,"max_hp_gain":0.0,"max_hp_loss":0.0,"gold_gain":0.0,"event_name":"Bonfire Elementals","player_choice":"Offered Uncommon","floor":30.0,"gold_loss":0.0,"damage_taken":0.0},{"damage_healed":0.0,"max_hp_gain":0.0,"max_hp_loss":0.0,"gold_gain":0.0,"event_name":"Match and Keep!","player_choice":"1 cards matched","floor":36.0,"gold_loss":0.0,"damage_taken":0.0,"cards_obtained":["Dramatic Entrance"]},{"damage_healed":0.0,"max_hp_gain":0.0,"max_hp_loss":0.0,"gold_gain":0.0,"event_name":"Mysterious Sphere","player_choice":"Ignored","floor":39.0,"gold_loss":0.0,"damage_taken":0.0}],"is_beta":false,"boss_relics":[{"not_picked":["Sozu","Busted Crown"],"picked":"Black Star"},{"not_picked":["SacredBark","Astrolabe"],"picked":"Runic Pyramid"}],"items_purged_floors":[3,22,45],"is_endless":false,"potions_floor_spawned":[5,6,14,18,25,29,35,37,42,44,47],"ascension_level":0}}