{"host":"3ybhqvo0i2lca5e4","time":1614015646,"event":{"mods":["Act Like it!","BaseMod","Colored Powertips","Hermit","Lobotomy","Marisa£®ÏF”Í°°ƒß¿Ì…≥£©","Minty Spire (QoL Compilation)","SIMod","StSLib","Youmu£®ªÍ∆«—˝√Œ£©"],"gold_per_floor":[113,126,126,145,158,158,185,185,185,185,260,260,270,235,235,339,339,359,375,394,493,493,493],"floor_reached":22,"language":"ZHS","playtime":695,"items_purged":[],"score":186,"play_id":"d4c2a150-7370-4225-828f-850f8791f804","local_time":"20210223014046","is_ascension_mode":false,"campfire_choices":[{"data":"Heavy Blade","floor":6,"key":"SMITH"},{"data":"Pommel Strike","floor":8,"key":"SMITH"},{"floor":12,"key":"REST"},{"data":"Cleave","floor":15,"key":"SMITH"}],"circlet_count":0,"master_deck":["Strike_R","Strike_R","Strike_R","Strike_R","Strike_R","Defend_R","Defend_R","Defend_R","Defend_R","Bash+1","Pommel Strike+1","Cleave+1","Searing Blow","Heavy Blade+1","Clothesline","Cleave","Headbutt","Flex+1"],"relics":["Burning Blood","Ancient Tea Set","Bag of Preparation"],"acts_visited":["Exordium","TheCity"],"potions_floor_usage":[],"damage_taken":[{"damage":1,"enemies":"Cultist","floor":1,"turns":3},{"damage":7,"enemies":"Small Slimes","floor":2,"turns":4},{"damage":6,"enemies":"2 Louse","floor":4,"turns":2},{"damage":9,"enemies":"2 Fungi Beasts","floor":5,"turns":3},{"damage":49,"enemies":"Lagavulin","floor":7,"turns":7},{"damage":0,"enemies":"3 Louse","floor":13,"turns":2},{"damage":13,"enemies":"Slime Boss","floor":16,"turns":8},{"damage":14,"enemies":"Chosen","floor":18,"turns":6},{"damage":26,"enemies":"3 Byrds","floor":19,"turns":6},{"damage":49,"enemies":"Sentry and Sphere","floor":20,"turns":6},{"damage":13,"enemies":"Shelled Parasite and Fungi","floor":22,"turns":2}],"seed_played":"3997442050397926888","potions_obtained":[{"floor":2,"key":"HeartOfIron"},{"floor":4,"key":"FearPotion"},{"floor":16,"key":"PowerPotion"},{"floor":19,"key":"BlessingOfTheForge"}],"is_trial":false,"path_per_floor":["M","M","?","M","M","R","E","R","T","?","?","R","M","?","R","B",null,"M","M","M","?","M"],"character_chosen":"IRONCLAD","items_purchased":[],"campfire_rested":1,"item_purchase_floors":[],"current_hp_per_floor":[80,79,79,79,76,76,33,33,33,33,22,46,52,72,72,65,80,72,52,9,9,0,0],"gold":493,"neow_bonus":"UPGRADE_CARD","is_daily":false,"chose_seed":false,"campfire_upgraded":3,"win_rate":0.0,"timestamp":1614015646,"path_taken":["M","M","?","M","M","R","E","R","T","?","?","R","M","?","R","BOSS","M","M","M","?","M"],"items_purchased_type":[],"build_version":"2020-12-22","purchased_purges":0,"victory":false,"max_hp_per_floor":[80,80,80,80,80,80,80,80,80,80,80,80,80,80,80,80,80,80,80,80,80,80,80],"card_choices":[{"not_picked":["Iron Wave","True Grit"],"picked":"Pommel Strike","floor":1},{"not_picked":["Anger","Burning Pact"],"picked":"Cleave","floor":2},{"not_picked":["Warcry","Havoc"],"picked":"Searing Blow","floor":4},{"not_picked":["Spot Weakness","Sever Soul"],"picked":"Heavy Blade","floor":5},{"not_picked":["Intimidate","Corruption"],"picked":"Clothesline","floor":7},{"not_picked":["Sword Boomerang","Warcry"],"picked":"Cleave","floor":13},{"not_picked":["True Grit","Thunderclap"],"picked":"Headbutt","floor":18},{"not_picked":["Heavy Blade+1","Body Slam"],"picked":"Flex+1","floor":19},{"not_picked":["Pummel","Body Slam+1","Burning Pact"],"picked":"SKIP","floor":20}],"player_experience":58262,"relics_obtained":[{"floor":7,"key":"Ancient Tea Set"},{"floor":9,"key":"Bag of Preparation"}],"event_choices":[{"damage_healed":0,"gold_gain":0,"player_choice":"Ignored","damage_taken":0,"max_hp_gain":0,"max_hp_loss":0,"event_name":"Liars Game","floor":3,"gold_loss":0},{"damage_healed":0,"gold_gain":0,"player_choice":"Ignored","damage_taken":0,"max_hp_gain":0,"max_hp_loss":0,"event_name":"Golden Idol","floor":10,"gold_loss":0},{"damage_healed":0,"gold_gain":75,"player_choice":"Gather Gold","damage_taken":11,"max_hp_gain":0,"max_hp_loss":0,"event_name":"World of Goop","floor":11,"gold_loss":0},{"damage_healed":20,"gold_gain":0,"player_choice":"Healed","damage_taken":0,"max_hp_gain":0,"max_hp_loss":0,"event_name":"The Cleric","floor":14,"gold_loss":35},{"damage_healed":0,"gold_gain":99,"player_choice":"Stole From Cult","damage_taken":0,"max_hp_gain":0,"max_hp_loss":0,"event_name":"Nest","floor":21,"gold_loss":0}],"is_beta":false,"boss_relics":[{"not_picked":["Cursed Key","Velvet Choker","Sozu"]}],"items_purged_floors":[],"is_endless":false,"potions_floor_spawned":[2,4,16,19],"killed_by":"Shelled Parasite and Fungi","ascension_level":0}}