{"host":"13o02hya6v6rzuva","time":1614029542,"event":{"mods":["BaseMod","Minty Spire (QoL Compilation)","Relic Stats"],"gold_per_floor":[117,172,247,247,257,292,292,323,346,346,346,389,389,432,432,432,432],"floor_reached":16,"language":"ENG","playtime":358,"items_purged":[],"score":249,"play_id":"54dc74ac-8b15-4f72-8ebe-baa1df6083aa","local_time":"20210222223222","is_ascension_mode":true,"campfire_choices":[{"data":"Barricade","floor":7,"key":"SMITH"},{"floor":15,"key":"REST"}],"circlet_count":0,"master_deck":["AscendersBane","Strike_R","Strike_R","Strike_R","Strike_R","Strike_R","Defend_R+1","Defend_R","Defend_R","Defend_R+1","Bash","Carnage","Reckless Charge","Barricade+1","Body Slam","Reaper","Cleave"],"relics":["Burning Blood","NeowsBlessing","Oddly Smooth Stone","Gambling Chip","War Paint","Golden Idol","HornCleat","Tiny Chest"],"acts_visited":["Exordium"],"potions_floor_usage":[11,13,16],"damage_taken":[{"damage":0,"enemies":"Small Slimes","floor":1,"turns":1},{"damage":0,"enemies":"Cultist","floor":5,"turns":1},{"damage":0,"enemies":"Lagavulin","floor":6,"turns":1},{"damage":40,"enemies":"Gremlin Nob","floor":8,"turns":5},{"damage":43,"enemies":"3 Sentries","floor":12,"turns":11},{"damage":0,"enemies":"Jaw Worm","floor":13,"turns":1},{"damage":22,"enemies":"Gremlin Nob","floor":14,"turns":5},{"damage":37,"enemies":"Hexaghost","floor":16,"turns":11}],"seed_played":"4838972831311294454","potions_obtained":[{"floor":1,"key":"LiquidBronze"},{"floor":6,"key":"BlessingOfTheForge"},{"floor":11,"key":"Fruit Juice"},{"floor":11,"key":"SmokeBomb"}],"is_trial":false,"path_per_floor":["M","?","?","?","M","E","R","E","T","?","?","E","M","E","R","B"],"character_chosen":"IRONCLAD","items_purchased":[],"campfire_rested":1,"item_purchase_floors":[],"current_hp_per_floor":[78,78,67,67,73,79,79,45,45,45,50,13,19,7,30,0,0],"gold":432,"neow_bonus":"THREE_ENEMY_KILL","is_daily":false,"chose_seed":false,"campfire_upgraded":1,"win_rate":0.0,"timestamp":1614029542,"path_taken":["M","?","?","?","?","E","R","E","T","?","?","E","M","E","R","BOSS"],"items_purchased_type":[],"build_version":"2020-12-22","purchased_purges":0,"victory":false,"max_hp_per_floor":[80,80,80,80,80,80,80,80,80,74,79,79,79,79,79,79,79],"relic_stats":{"counters":[8,36],"Golden Idol":21,"Gambling Chip":[15],"Tiny Chest":0,"War Paint":["Defend_R","Defend_R"],"obtain_stats":[{"HornCleat":12,"NeowsBlessing":0,"Golden Idol":10,"Gambling Chip":8,"Oddly Smooth Stone":6,"Tiny Chest":14,"War Paint":9,"Burning Blood":0},{"HornCleat":5,"NeowsBlessing":0,"Golden Idol":4,"Gambling Chip":4,"Oddly Smooth Stone":3,"Tiny Chest":7,"War Paint":4,"Burning Blood":0},{"HornCleat":19,"NeowsBlessing":0,"Golden Idol":8,"Gambling Chip":8,"Oddly Smooth Stone":3,"Tiny Chest":25,"War Paint":8,"Burning Blood":0}],"Burning Blood":42},"card_choices":[{"not_picked":["Flex","Shockwave"],"picked":"Carnage","floor":1},{"not_picked":["Flex","Iron Wave"],"picked":"Reckless Charge","floor":5},{"not_picked":["Pommel Strike","True Grit"],"picked":"Barricade","floor":6},{"not_picked":["Wild Strike","Dropkick"],"picked":"Body Slam","floor":8},{"not_picked":["Armaments","Dual Wield"],"picked":"Reaper","floor":12},{"not_picked":["Burning Pact","Battle Trance"],"picked":"Cleave","floor":14}],"player_experience":1240114,"relics_obtained":[{"floor":6,"key":"Oddly Smooth Stone"},{"floor":8,"key":"Gambling Chip"},{"floor":9,"key":"War Paint"},{"floor":12,"key":"HornCleat"},{"floor":14,"key":"Tiny Chest"}],"event_choices":[{"damage_healed":0,"gold_gain":55,"player_choice":"Gained Gold","damage_taken":0,"max_hp_gain":0,"max_hp_loss":0,"event_name":"Golden Wing","floor":2,"gold_loss":0},{"damage_healed":0,"gold_gain":75,"player_choice":"Gather Gold","damage_taken":11,"max_hp_gain":0,"max_hp_loss":0,"event_name":"World of Goop","floor":3,"gold_loss":0},{"damage_healed":0,"gold_gain":0,"player_choice":"Bought 0 Potions","damage_taken":0,"max_hp_gain":0,"max_hp_loss":0,"event_name":"The Woman in Blue","floor":4,"gold_loss":0},{"damage_healed":0,"gold_gain":0,"player_choice":"Lose Max HP","damage_taken":0,"relics_obtained":["Golden Idol"],"max_hp_gain":0,"max_hp_loss":6,"event_name":"Golden Idol","floor":10,"gold_loss":0},{"damage_healed":0,"gold_gain":0,"player_choice":"Got Potions","damage_taken":0,"max_hp_gain":0,"max_hp_loss":0,"event_name":"Lab","floor":11,"gold_loss":0}],"is_beta":false,"boss_relics":[],"items_purged_floors":[],"is_endless":false,"potions_floor_spawned":[1,6,13],"killed_by":"Hexaghost","ascension_level":13}}