{"host":"2yqfi47fogfu1ic4","time":1614021288,"event":{"mods":["AchievementEnabler","BaseMod","Colored Map","Colored Powertips","Highlight Path","Minty Spire (QoL Compilation)","Permanent Neow","Relic Stats","StSLib"],"gold_per_floor":[114,126,51,68,80,80,115,115,115,147,127,144,174,189,189,261,261,278,34,44,55,55,68,96,122,205,217,248,260,300,330,342,427,439,468,219,230,230,249,249,149,149,149,149,24,48,74,74,74,74,74,74,74,19,53,53,53],"floor_reached":56,"language":"DEU","playtime":10197,"items_purged":["Strike_G","Strike_G","Strike_G"],"score":2474,"play_id":"cc02a802-6979-4595-9bf8-c02b1101fadd","local_time":"20210222201447","is_ascension_mode":true,"campfire_choices":[{"data":"Underhanded Strike","floor":6.0,"key":"SMITH"},{"data":"Eviscerate","floor":8.0,"key":"SMITH"},{"floor":15.0,"key":"DIG"},{"floor":27.0,"key":"DIG"},{"data":"Wraith Form v2","floor":32,"key":"SMITH"},{"floor":40,"key":"DIG"},{"floor":44,"key":"DIG"},{"floor":49,"key":"RECALL"},{"floor":53,"key":"DIG"}],"circlet_count":0,"master_deck":["AscendersBane","Strike_G","Defend_G+1","Defend_G+1","Defend_G","Defend_G","Survivor","Neutralize","Blade Dance","Terror","Underhanded Strike+1","After Image","Eviscerate+1","Riddle With Holes","Acrobatics","Doppelganger","Wraith Form v2+1","Leg Sweep","Acrobatics","Crippling Poison","Bullet Time","Tactician+1","Corpse Explosion+1","Well Laid Plans+1","Acrobatics+1","Dash+1","Dark Shackles+1","PiercingWail+1","Venomology+1"],"relics":["Snecko Eye","Centennial Puzzle","Eternal Feather","Shovel","The Specimen","Lantern","SlaversCollar","PreservedInsect","WarpedTongs","MawBank","Blue Candle","Tiny Chest","Toxic Egg 2","Empty Cage","Toolbox","Meat on the Bone","Question Card","War Paint","Vajra","Mercury Hourglass","Bag of Preparation"],"acts_visited":["Exordium","TheCity","TheBeyond","TheEnding"],"potions_floor_usage":[33,56,56,56],"damage_taken":[{"damage":13.0,"enemies":"Jaw Worm","floor":1.0,"turns":9.0},{"damage":0.0,"enemies":"2 Louse","floor":2.0,"turns":3.0},{"damage":0.0,"enemies":"Cultist","floor":4.0,"turns":4.0},{"damage":5.0,"enemies":"Gremlin Gang","floor":5.0,"turns":4.0},{"damage":11.0,"enemies":"3 Sentries","floor":7.0,"turns":9.0},{"damage":20.0,"enemies":"Lagavulin","floor":10.0,"turns":6.0},{"damage":5.0,"enemies":"Blue Slaver","floor":12.0,"turns":3.0},{"damage":0.0,"enemies":"Gremlin Nob","floor":13.0,"turns":2.0},{"damage":0.0,"enemies":"Red Slaver","floor":14.0,"turns":3.0},{"damage":0.0,"enemies":"Slime Boss","floor":16.0,"turns":3.0},{"damage":0.0,"enemies":"Chosen","floor":18.0,"turns":3.0},{"damage":0.0,"enemies":"2 Thieves","floor":20.0,"turns":2.0},{"damage":16.0,"enemies":"Snake Plant","floor":21.0,"turns":3.0},{"damage":4.0,"enemies":"Shelled Parasite and Fungi","floor":23.0,"turns":3.0},{"damage":15.0,"enemies":"Slavers","floor":24.0,"turns":4.0},{"damage":4.0,"enemies":"Centurion and Healer","floor":25.0,"turns":3.0},{"damage":26.0,"enemies":"3 Cultists","floor":28.0,"turns":6.0},{"damage":1.0,"enemies":"Book of Stabbing","floor":30.0,"turns":3.0},{"damage":15,"enemies":"Snake Plant","floor":31,"turns":3},{"damage":1,"enemies":"Champ","floor":33,"turns":12},{"damage":6,"enemies":"Orb Walker","floor":35,"turns":4},{"damage":0,"enemies":"3 Shapes","floor":37,"turns":4},{"damage":2,"enemies":"Jaw Worm Horde","floor":39,"turns":3},{"damage":0,"enemies":"Giant Head","floor":47,"turns":6},{"damage":0,"enemies":"Donu and Deca","floor":50,"turns":6},{"damage":40,"enemies":"Time Eater","floor":51,"turns":14},{"damage":0,"enemies":"Shield and Spear","floor":55,"turns":4},{"damage":67,"enemies":"The Heart","floor":56,"turns":8}],"seed_played":"5961962092252337549","potions_obtained":[{"floor":4.0,"key":"FearPotion"},{"floor":10.0,"key":"SteroidPotion"},{"floor":11.0,"key":"Fire Potion"},{"floor":13.0,"key":"Block Potion"},{"floor":14.0,"key":"DistilledChaos"},{"floor":20.0,"key":"Weak Potion"},{"floor":24.0,"key":"Swift Potion"},{"floor":30.0,"key":"DuplicationPotion"},{"floor":35,"key":"Weak Potion"},{"floor":39,"key":"LiquidBronze"}],"is_trial":false,"path_per_floor":["M","M","?","M","M","R","E","R","T","E","?","M","E","M","R","B",null,"M","$","M","M","?","M","E","M","T","R","M","?","E","M","R","B",null,"M","$","M","?","M","R","$","?","T","R","$","T","E","?","R","B","B",null,"R","$","E","B"],"character_chosen":"THE_SILENT","items_purchased":["PreservedInsect","Leg Sweep","Acrobatics+1","Toolbox","PiercingWail+1"],"campfire_rested":0,"item_purchase_floors":[19,19,36,36,54],"current_hp_per_floor":[46,46,46,46,41,41,30,30,30,10,10,5,5,5,17,17,54,54,54,54,38,38,34,19,15,15,30,4,17,16,1,16,15,53,47,47,47,47,45,60,60,60,60,66,66,66,66,66,66,66,38,59,66,66,66,0,0],"gold":53,"neow_bonus":"BOSS_RELIC","is_daily":false,"chose_seed":false,"campfire_upgraded":3,"win_rate":0.0,"timestamp":1614021287,"path_taken":["M","M","?","M","M","R","E","R","T","E","?","?","E","M","R","BOSS","M","$","?","M","?","?","E","M","T","R","M","?","E","M","R","BOSS","M","$","M","?","M","R","$","?","T","R","$","?","E","?","R","BOSS","BOSS","R","$","E","BOSS"],"items_purchased_type":["Relic","Card","Card","Relic","Card"],"build_version":"2020-12-22","purchased_purges":3,"victory":false,"max_hp_per_floor":[66,66,66,66,66,66,66,66,66,66,66,66,66,66,66,66,66,66,66,66,66,66,66,66,66,66,66,66,66,66,66,66,66,66,66,66,66,66,66,66,66,66,66,66,66,66,66,66,66,66,66,66,66,66,66,66,66],"relic_stats":{"counters":[28,137],"Blue Candle":[5],"Eternal Feather":70,"PreservedInsect":290,"Bag of Preparation":[2],"War Paint":["Defend_G","Defend_G"],"MawBank":144,"Question Card":2,"WarpedTongs":[82],"Mercury Hourglass":[39],"Centennial Puzzle":[41],"Shovel":5,"Snecko Eye":[252,262,273,254],"Tiny Chest":1,"obtain_stats":[{"Lantern":15,"The Specimen":13,"Blue Candle":26,"Vajra":47,"Eternal Feather":9,"PreservedInsect":19,"Bag of Preparation":55,"War Paint":46,"MawBank":24,"Empty Cage":34,"Question Card":44,"WarpedTongs":22,"Mercury Hourglass":53,"SlaversCollar":17,"Centennial Puzzle":7,"Shovel":10,"Snecko Eye":0,"Toolbox":36,"Tiny Chest":27,"Toxic Egg 2":30,"Ring of the Snake":0,"Meat on the Bone":40},{"Lantern":9,"The Specimen":8,"Blue Candle":16,"Vajra":24,"Eternal Feather":5,"PreservedInsect":11,"Bag of Preparation":27,"War Paint":23,"MawBank":15,"Empty Cage":20,"Question Card":23,"WarpedTongs":13,"Mercury Hourglass":26,"SlaversCollar":10,"Centennial Puzzle":5,"Shovel":6,"Snecko Eye":0,"Toolbox":21,"Tiny Chest":16,"Toxic Egg 2":18,"Ring of the Snake":0,"Meat on the Bone":23},{"Lantern":43,"The Specimen":40,"Blue Candle":64,"Vajra":105,"Eternal Feather":29,"PreservedInsect":49,"Bag of Preparation":129,"War Paint":99,"MawBank":61,"Empty Cage":88,"Question Card":99,"WarpedTongs":54,"Mercury Hourglass":125,"SlaversCollar":46,"Centennial Puzzle":29,"Shovel":35,"Snecko Eye":0,"Toolbox":92,"Tiny Chest":64,"Toxic Egg 2":73,"Ring of the Snake":0,"Meat on the Bone":99}],"Meat on the Bone":12},"card_choices":[{"not_picked":["Deadly Poison","Catalyst"],"picked":"Blade Dance","floor":1.0},{"not_picked":["Dodge and Roll","Sucker Punch"],"picked":"Terror","floor":2.0},{"not_picked":["Footwork","Outmaneuver"],"picked":"Underhanded Strike","floor":4.0},{"not_picked":["Sucker Punch","Well Laid Plans"],"picked":"After Image","floor":5.0},{"not_picked":["Underhanded Strike","Heel Hook"],"picked":"Eviscerate","floor":7.0},{"not_picked":["Escape Plan","Distraction"],"picked":"Riddle With Holes","floor":10.0},{"not_picked":["Backstab","Slice","Distraction"],"picked":"SKIP","floor":12.0},{"not_picked":["Slice","Reflex"],"picked":"Acrobatics","floor":13.0},{"not_picked":["Flying Knee","Backstab"],"picked":"Doppelganger","floor":14.0},{"not_picked":["Burst","Adrenaline"],"picked":"Wraith Form v2","floor":16.0},{"not_picked":["Dodge and Roll","Infinite Blades","Terror"],"picked":"SKIP","floor":18.0},{"not_picked":["Flying Knee","Bane"],"picked":"Acrobatics","floor":20.0},{"not_picked":["Deflect","PiercingWail"],"picked":"Eviscerate","floor":21.0},{"not_picked":["Deflect","Prepared","Dagger Spray"],"picked":"SKIP","floor":23.0},{"not_picked":["Sucker Punch+1","Dagger Throw"],"picked":"Crippling Poison","floor":24.0},{"not_picked":["Crippling Poison","Deadly Poison"],"picked":"Bullet Time","floor":25.0},{"not_picked":["Dagger Spray+1","Bane","All Out Attack"],"picked":"SKIP","floor":28.0},{"not_picked":["Blade Dance+1","Quick Slash"],"picked":"Tactician+1","floor":30.0},{"not_picked":["Heel Hook","Quick Slash","Blade Dance+1"],"picked":"SKIP","floor":31},{"not_picked":["Malaise+1","Glass Knife"],"picked":"Corpse Explosion+1","floor":33},{"not_picked":["Sucker Punch","Terror+1"],"picked":"Well Laid Plans+1","floor":35},{"not_picked":["Blur+1","Prepared+1"],"picked":"Dash+1","floor":37},{"not_picked":["Cloak And Dagger+1","Blade Dance+1","Dodge and Roll+1"],"picked":"SKIP","floor":39},{"not_picked":["Discovery+1","Dramatic Entrance"],"picked":"Dark Shackles+1","floor":42},{"not_picked":["Skewer","Escape Plan+1","Endless Agony","Flying Knee+1"],"picked":"SKIP","floor":47},{"not_picked":["Dodge and Roll+1","Prepared+1","Dagger Spray+1"],"picked":"Venomology+1","floor":55}],"player_experience":1959931,"relics_obtained":[{"floor":7.0,"key":"Centennial Puzzle"},{"floor":9.0,"key":"Eternal Feather"},{"floor":10.0,"key":"Shovel"},{"floor":13.0,"key":"The Specimen"},{"floor":15.0,"key":"Lantern"},{"floor":24.0,"key":"MawBank"},{"floor":26.0,"key":"Blue Candle"},{"floor":27.0,"key":"Tiny Chest"},{"floor":30.0,"key":"Toxic Egg 2"},{"floor":40,"key":"Meat on the Bone"},{"floor":44,"key":"Question Card"},{"floor":46,"key":"War Paint"},{"floor":47,"key":"Vajra"},{"floor":53,"key":"Mercury Hourglass"},{"floor":55,"key":"Bag of Preparation"}],"event_choices":[{"cards_removed":["Defend_G"],"damage_healed":0.0,"max_hp_gain":0.0,"max_hp_loss":0.0,"gold_gain":0.0,"event_name":"The Cleric","player_choice":"Card Removal","floor":3.0,"gold_loss":75.0,"damage_taken":0.0},{"damage_healed":0.0,"max_hp_gain":0.0,"max_hp_loss":0.0,"gold_gain":0.0,"event_name":"The Woman in Blue","player_choice":"Bought 1 Potion","floor":11.0,"gold_loss":0.0,"damage_taken":0.0},{"damage_healed":0.0,"max_hp_gain":0.0,"max_hp_loss":0.0,"gold_gain":0.0,"event_name":"Accursed Blacksmith","player_choice":"Rummage","floor":22.0,"gold_loss":0.0,"damage_taken":0.0,"relics_obtained":["WarpedTongs"],"cards_obtained":["Pain"]},{"damage_healed":13.0,"max_hp_gain":0.0,"max_hp_loss":0.0,"gold_gain":0.0,"event_name":"The Library","player_choice":"Heal","floor":29.0,"gold_loss":0.0,"damage_taken":0.0},{"damage_healed":0,"gold_gain":0,"player_choice":"Ignored","damage_taken":0,"max_hp_gain":0,"max_hp_loss":0,"event_name":"Tomb of Lord Red Mask","floor":38,"gold_loss":0},{"damage_healed":0,"gold_gain":0,"player_choice":"Memory 1","damage_taken":0,"max_hp_gain":0,"max_hp_loss":0,"event_name":"SensoryStone","floor":42,"gold_loss":0},{"cards_removed":["Eviscerate"],"damage_healed":0,"gold_gain":0,"player_choice":"Removed Attack","damage_taken":0,"max_hp_gain":0,"max_hp_loss":0,"event_name":"Falling","floor":48,"gold_loss":0}],"is_beta":false,"boss_relics":[{"not_picked":["Calling Bell","Runic Dome"],"picked":"SlaversCollar"},{"not_picked":["Black Star","SacredBark"],"picked":"Empty Cage"}],"items_purged_floors":[36,41,45],"is_endless":false,"potions_floor_spawned":[4,10,13,14,20,21,24,30,35,39,47],"killed_by":"The Heart","ascension_level":20}}