{"host":"xp5rvh2jwe2ejyfm","time":1614019424,"event":{"mods":["2.2 Compatiblity","Aspiration","Bard","BaseMod","Beaked The Cultist","Better Altar","Better Match","Better Note","Better Sensory Stone","Better Skull","BetterRewards","Colored Powertips","Conspire","Downfall","GifTheSpireLib","Gremlin Mod","GungeonMod","Hermit","Hubris","Jorbs\u0027s Wanderer Trilogy","Mad Scientist","Minty Spire (QoL Compilation)","Potionbrewer","Quick Restart","Replay The Spire","Robot Space Explorer","Shade Mod","Somnambulant","StSLib","The Bug Knight","The Clintock","The Construct","The Cursed","The Disciple","The Forsaken","The Hierophant","The Marked","The Mystic","The Necromancer","The Runesmith","The Servant 0.9.4","The Valiant","The Witch","TheFirefly","TheVacant","thorton"],"gold_per_floor":[116,191,9,28,42,42,54,65,91,91,91,91,120,132,132,236,236,253,7,21,21,21],"floor_reached":21,"language":"ENG","playtime":1095,"items_purged":[],"score":181,"play_id":"7eddffbe-67f4-41cd-bbc7-87899263fb4f","local_time":"20210222134344","is_ascension_mode":false,"campfire_choices":[{"floor":6,"key":"RECALL"},{"floor":12,"key":"REST"}],"circlet_count":0,"master_deck":["mysticmod:Strike_Mystic","mysticmod:Strike_Mystic","mysticmod:Strike_Mystic","mysticmod:Strike_Mystic","mysticmod:Defend_Mystic","mysticmod:Defend_Mystic","mysticmod:Defend_Mystic","mysticmod:ArcaneDodge","mysticmod:ShockingGrasp","mysticmod:VorpalThrust","mysticmod:Riposte","mysticmod:ArcaneAccuracy","mysticmod:BladedDash","mysticmod:SpellCombat","mysticmod:LightningBolt","mysticmod:PowerSlash","mysticmod:MightyMagic","mysticmod:Probe","mysticmod:Disengage","mysticmod:TomeOfSpells","mysticmod:MysticalShield","mysticmod:Discipline","mysticmod:ComponentsPouch","mysticmod:PowerSlash"],"relics":["mysticmod:SpellBook","hubris:Icosahedron","conspire:TopHat","Bottled Flame","DemoMod:GlassGuonStoneRelic"],"acts_visited":["Exordium","TheCity"],"potions_floor_usage":[8,13,13,16,21],"damage_taken":[{"damage":1,"enemies":"Cultist","floor":1,"turns":3},{"damage":8,"enemies":"Small Slimes","floor":4,"turns":4},{"damage":3,"enemies":"conspire:RoseBush","floor":5,"turns":1},{"damage":5,"enemies":"3 Louse","floor":7,"turns":3},{"damage":0,"enemies":"Looter","floor":8,"turns":3},{"damage":26,"enemies":"3 Sentries","floor":13,"turns":6},{"damage":14,"enemies":"Exordium Thugs","floor":14,"turns":4},{"damage":34,"enemies":"The Guardian","floor":16,"turns":13},{"damage":12,"enemies":"Chosen","floor":18,"turns":5},{"damage":60,"enemies":"Spheric Guardian","floor":20,"turns":8},{"damage":0,"enemies":"3 Cultists","floor":21,"turns":2}],"seed_played":"1448281940455934952","potions_obtained":[{"floor":4,"key":"Block Potion"},{"floor":5,"key":"Swift Potion"},{"floor":7,"key":"champ:CounterPotion"},{"floor":14,"key":"DistilledChaos"},{"floor":16,"key":"LiquidBronze"}],"is_trial":false,"path_per_floor":["M","?","$","M","M","R","M","M","T","?","?","R","E","M","R","B",null,"M","$","M","M"],"character_chosen":"MYSTIC_CLASS","items_purchased":["mysticmod:ArcaneAccuracy","mysticmod:BladedDash","mysticmod:SpellCombat","Bottled Flame"],"campfire_rested":1,"item_purchase_floors":[3,3,3,19],"current_hp_per_floor":[76,65,65,57,54,54,49,49,49,49,53,76,50,36,36,2,77,65,65,5,5,5],"gold":21,"neow_bonus":"THREE_CARDS","is_daily":false,"chose_seed":false,"campfire_upgraded":0,"win_rate":0.0,"timestamp":1614019424,"path_taken":["M","?","$","M","M","R","M","M","T","?","?","R","E","M","R","BOSS","M","$","M","M"],"items_purchased_type":["Card","Card","Card","Relic"],"build_version":"2020-12-22","purchased_purges":0,"victory":false,"max_hp_per_floor":[77,77,77,77,77,77,77,77,77,77,77,77,77,77,77,77,77,77,77,77,77,77],"card_choices":[{"not_picked":["mysticmod:LightningBolt","mysticmod:BulkUp"],"picked":"mysticmod:VorpalThrust","floor":0},{"not_picked":["mysticmod:CorrosiveTouch","mysticmod:Shield"],"picked":"mysticmod:Riposte","floor":1},{"not_picked":["mysticmod:PureInstinct","mysticmod:Disengage"],"picked":"mysticmod:LightningBolt","floor":4},{"not_picked":["mysticmod:Probe","mysticmod:DiviningBlow"],"picked":"mysticmod:PowerSlash","floor":5},{"not_picked":["mysticmod:Daze","mysticmod:Sideswipe"],"picked":"mysticmod:MightyMagic","floor":7},{"not_picked":["mysticmod:Disengage","mysticmod:Grease"],"picked":"mysticmod:Probe","floor":8},{"not_picked":["mysticmod:BulkUp","mysticmod:Haste"],"picked":"mysticmod:Disengage","floor":13},{"not_picked":["mysticmod:Riposte","mysticmod:Stoneskin"],"picked":"mysticmod:TomeOfSpells","floor":14},{"not_picked":["mysticmod:Disintegrate","mysticmod:EnchantedMoulinet"],"picked":"mysticmod:Discipline","floor":16},{"not_picked":["mysticmod:BladedDash+1","mysticmod:SuddenClarity"],"picked":"mysticmod:ComponentsPouch","floor":18},{"not_picked":["mysticmod:SuddenClarity","mysticmod:Fireball"],"picked":"mysticmod:PowerSlash","floor":20}],"player_experience":573884,"relics_obtained":[{"floor":13,"key":"conspire:TopHat"}],"event_choices":[{"damage_healed":0,"gold_gain":75,"player_choice":"Gather Gold","damage_taken":11,"max_hp_gain":0,"max_hp_loss":0,"event_name":"World of Goop","floor":2,"gold_loss":0},{"damage_healed":4,"gold_gain":0,"player_choice":"LEAVE ","damage_taken":0,"relics_obtained":[],"max_hp_gain":0,"max_hp_loss":0,"event_name":"betterSkull:BetterSkull","floor":11,"gold_loss":0,"cards_upgraded":[]}],"is_beta":false,"boss_relics":[{"not_picked":["Kintsugi","conspire:RunicOctahedron","bronze:MakeshiftBattery"]}],"items_purged_floors":[],"is_endless":false,"potions_floor_spawned":[4,5,7,14,16],"killed_by":"3 Cultists","ascension_level":0}}