{"host":"qc8p2flj7wsy3zpg","time":1614022848,"event":{"mods":["BaseMod","Highlight Path","Minty Spire (QoL Compilation)","Monster List Patch","Relic Stats","StSLib"],"gold_per_floor":[37,67,67,167,207,207,382,7,34,48,48,123,123,137,137,266,266,287,287,37,37,58,58,98,114,140,165,165,19,44,68,68,68,68],"floor_reached":33,"language":"ENG","playtime":536,"items_purged":["Doubt","Strike_G"],"score":237,"play_id":"a3b78245-4e9e-44a4-b791-3b185660d53c","local_time":"20210222134048","is_ascension_mode":false,"campfire_choices":[{"data":"HandOfGreed","floor":6,"key":"SMITH"},{"data":"WindmillStrike","floor":11,"key":"SMITH"},{"data":"Dash","floor":13,"key":"SMITH"},{"data":"Backstab","floor":15,"key":"SMITH"},{"data":"Clothesline","floor":23,"key":"SMITH"},{"floor":28,"key":"REST"},{"data":"Phantasmal Killer","floor":32,"key":"SMITH"}],"circlet_count":0,"master_deck":["Strike_G","Strike_G","Strike_G","Strike_G","Defend_G","Defend_G","Defend_G","Defend_G","Defend_G","Survivor","Neutralize","HandOfGreed+1","Quick Slash","Dash+1","Backstab+1","WindmillStrike+1","Clothesline+1","Hyperbeam+1","Turbo","Disarm","Sweeping Beam+1","Phantasmal Killer+1"],"relics":["Ring of the Snake","Golden Idol","PrismaticShard","Boot","Potion Belt","Philosopher\u0027s Stone","Anchor","ClockworkSouvenir"],"acts_visited":["Exordium","TheCity"],"potions_floor_usage":[16,16],"damage_taken":[{"damage":6,"enemies":"Cultist","floor":1,"turns":3},{"damage":6,"enemies":"2 Louse","floor":2,"turns":2},{"damage":1,"enemies":"Jaw Worm","floor":5,"turns":3},{"damage":0,"enemies":"Looter","floor":10,"turns":1},{"damage":0,"enemies":"2 Fungi Beasts","floor":14,"turns":2},{"damage":49,"enemies":"Hexaghost","floor":16,"turns":11},{"damage":2,"enemies":"Chosen","floor":18,"turns":3},{"damage":5,"enemies":"3 Byrds","floor":22,"turns":3},{"damage":19,"enemies":"3 Cultists","floor":24,"turns":4},{"damage":0,"enemies":"Shelled Parasite and Fungi","floor":25,"turns":1},{"damage":3,"enemies":"Centurion and Healer","floor":27,"turns":3},{"damage":6,"enemies":"Colosseum Slavers","floor":30,"turns":3},{"damage":3,"enemies":"Snake Plant","floor":31,"turns":4},{"damage":76,"enemies":"Automaton","floor":33,"turns":6}],"seed_played":"507599647235783438","potions_obtained":[{"floor":2,"key":"Poison Potion"},{"floor":5,"key":"CunningPotion"},{"floor":10,"key":"FairyPotion"},{"floor":18,"key":"GamblersBrew"},{"floor":24,"key":"Weak Potion"}],"is_trial":false,"path_per_floor":["M","M","?","?","M","R","?","$","T","M","R","?","R","M","R","B",null,"M","?","$","?","M","R","M","M","T","M","R","$","?","M","R","B"],"character_chosen":"THE_SILENT","items_purchased":["PrismaticShard","Boot","Anchor","ClockworkSouvenir"],"campfire_rested":1,"item_purchase_floors":[8,8,20,29],"current_hp_per_floor":[64,58,58,58,57,57,57,57,57,57,57,46,46,46,46,19,65,63,63,63,63,58,58,39,39,39,36,55,55,49,46,46,0,0],"gold":68,"neow_bonus":"RANDOM_COLORLESS_2","is_daily":false,"chose_seed":false,"campfire_upgraded":6,"win_rate":0.0,"timestamp":1614022848,"path_taken":["M","M","?","?","?","R","?","$","T","M","R","?","R","M","R","BOSS","M","?","$","?","?","R","M","M","T","M","R","$","?","M","R","BOSS"],"items_purchased_type":["Relic","Relic","Relic","Relic"],"build_version":"2020-12-22","purchased_purges":2,"victory":false,"max_hp_per_floor":[70,70,65,65,65,65,65,65,65,65,65,65,65,65,65,65,65,65,65,65,65,65,65,65,65,65,65,65,65,65,65,65,65,65],"relic_stats":{"counters":[14,49],"Golden Idol":60,"Boot":[36],"obtain_stats":[{"Potion Belt":9,"Anchor":20,"Golden Idol":3,"Philosopher\u0027s Stone":17,"PrismaticShard":8,"Boot":8,"Ring of the Snake":0,"ClockworkSouvenir":29},{"Potion Belt":3,"Anchor":7,"Golden Idol":2,"Philosopher\u0027s Stone":6,"PrismaticShard":3,"Boot":3,"Ring of the Snake":0,"ClockworkSouvenir":11},{"Potion Belt":8,"Anchor":25,"Golden Idol":5,"Philosopher\u0027s Stone":22,"PrismaticShard":8,"Boot":8,"Ring of the Snake":0,"ClockworkSouvenir":36}],"Ring of the Snake":[28]},"card_choices":[{"not_picked":["Sadistic Nature","Thinking Ahead"],"picked":"HandOfGreed","floor":0},{"not_picked":["Backflip","Noxious Fumes"],"picked":"Quick Slash","floor":1},{"not_picked":["Bane","Prepared"],"picked":"Dash","floor":2},{"not_picked":["Backflip","Reflex"],"picked":"Backstab","floor":5},{"not_picked":["Leap","Prostrate"],"picked":"WindmillStrike","floor":10},{"not_picked":["Limit Break","Gash"],"picked":"Clothesline","floor":14},{"not_picked":["Double Tap","Chrysalis"],"picked":"Hyperbeam","floor":16},{"not_picked":["Clothesline","Expertise"],"picked":"Turbo","floor":18},{"not_picked":["Static Discharge+1","Shrug It Off"],"picked":"Disarm","floor":24},{"not_picked":["Flying Knee+1","FollowUp"],"picked":"Sweeping Beam+1","floor":27},{"not_picked":["Clothesline","Go for the Eyes+1"],"picked":"Phantasmal Killer","floor":31}],"player_experience":2419265,"relics_obtained":[{"floor":9,"key":"Potion Belt"}],"event_choices":[{"damage_healed":0,"gold_gain":0,"player_choice":"Lose Max HP","damage_taken":0,"relics_obtained":["Golden Idol"],"max_hp_gain":0,"max_hp_loss":5,"event_name":"Golden Idol","floor":3,"gold_loss":0},{"damage_healed":0,"gold_gain":100,"player_choice":"Pray","damage_taken":0,"max_hp_gain":0,"max_hp_loss":0,"event_name":"Golden Shrine","floor":4,"gold_loss":0},{"damage_healed":0,"gold_gain":175,"player_choice":"AGREE","damage_taken":0,"max_hp_gain":0,"max_hp_loss":0,"event_name":"Liars Game","floor":7,"gold_loss":0,"cards_obtained":["Doubt"]},{"damage_healed":0,"gold_gain":75,"player_choice":"Gather Gold","damage_taken":11,"max_hp_gain":0,"max_hp_loss":0,"event_name":"World of Goop","floor":12,"gold_loss":0},{"damage_healed":0,"gold_gain":0,"player_choice":"Ignored","damage_taken":0,"max_hp_gain":0,"max_hp_loss":0,"event_name":"Vampires","floor":19,"gold_loss":0},{"damage_healed":0,"gold_gain":0,"player_choice":"Forge","damage_taken":0,"max_hp_gain":0,"max_hp_loss":0,"event_name":"Accursed Blacksmith","floor":21,"gold_loss":0,"cards_upgraded":["Hyperbeam"]},{"damage_healed":0,"gold_gain":0,"player_choice":"Fight","damage_taken":0,"max_hp_gain":0,"max_hp_loss":0,"event_name":"Colosseum","floor":30,"gold_loss":0},{"damage_healed":0,"gold_gain":0,"player_choice":"Fled From Nobs","damage_taken":0,"max_hp_gain":0,"max_hp_loss":0,"event_name":"Colosseum","floor":30,"gold_loss":0}],"is_beta":false,"boss_relics":[{"not_picked":["Velvet Choker","Cursed Key"],"picked":"Philosopher\u0027s Stone"}],"items_purged_floors":[8,20],"is_endless":false,"potions_floor_spawned":[2,5,10,18,24],"killed_by":"Automaton","ascension_level":0}}