{"host":"nuu0xlk1bpqu5s2n","time":1614033230,"event":{"mods":["AchievementEnabler","BaseMod","Minty Spire (QoL Compilation)","StSLib"],"gold_per_floor":[119,119,134,145,145,180,180,209,209,242,252,252,271,282,282,354,354,370,380,380,393,406,406,406],"floor_reached":23,"language":"ENG","playtime":1152,"items_purged":[],"score":430,"play_id":"28821e35-e1a7-41fb-a5f7-20b8d3717790","local_time":"20210223003350","is_ascension_mode":true,"campfire_choices":[{"floor":7.0,"key":"REST"},{"floor":12,"key":"REST"},{"data":"Die Die Die","floor":15,"key":"SMITH"}],"circlet_count":0,"master_deck":["AscendersBane","Strike_G","Strike_G","Strike_G","Strike_G","Defend_G","Defend_G","Defend_G","Defend_G","Defend_G","Survivor","Neutralize","Blade Dance","Flying Knee","Footwork","Malaise","Dagger Spray","Leg Sweep","Die Die Die+1","Backflip","Backstab","Terror","After Image","After Image","Blade Dance"],"relics":["Ring of the Snake","NeowsBlessing","StoneCalendar","Letter Opener","Du-Vu Doll","Smiling Mask","WristBlade"],"acts_visited":["Exordium","TheCity"],"potions_floor_usage":[8,13,23,23],"damage_taken":[{"damage":0.0,"enemies":"2 Louse","floor":1.0,"turns":1.0},{"damage":0.0,"enemies":"Cultist","floor":3.0,"turns":1.0},{"damage":0.0,"enemies":"Jaw Worm","floor":4.0,"turns":1.0},{"damage":30.0,"enemies":"Lagavulin","floor":6.0,"turns":10.0},{"damage":31,"enemies":"Gremlin Nob","floor":8,"turns":4},{"damage":1,"enemies":"Lagavulin","floor":10,"turns":8},{"damage":0,"enemies":"Looter","floor":11,"turns":3},{"damage":3,"enemies":"Lots of Slimes","floor":13,"turns":2},{"damage":1,"enemies":"3 Louse","floor":14,"turns":4},{"damage":6,"enemies":"Slime Boss","floor":16,"turns":7},{"damage":9,"enemies":"Chosen","floor":18,"turns":6},{"damage":5,"enemies":"2 Thieves","floor":19,"turns":4},{"damage":11,"enemies":"Cultist and Chosen","floor":21,"turns":6},{"damage":0,"enemies":"Snecko","floor":22,"turns":3},{"damage":31,"enemies":"Slavers","floor":23,"turns":2}],"seed_played":"8739176376484959186","potions_obtained":[{"floor":2.0,"key":"Energy Potion"},{"floor":2.0,"key":"AttackPotion"},{"floor":6.0,"key":"CunningPotion"},{"floor":11,"key":"Swift Potion"},{"floor":13,"key":"Explosive Potion"},{"floor":16,"key":"Poison Potion"}],"is_trial":false,"path_per_floor":["M","?","M","M","?","E","R","E","T","E","M","R","M","M","R","B",null,"M","M","?","M","M","E"],"character_chosen":"THE_SILENT","items_purchased":[],"campfire_rested":2,"item_purchase_floors":[],"current_hp_per_floor":[59,59,59,59,59,29,48,17,17,16,16,35,32,31,31,25,56,47,42,42,31,31,0,0],"gold":406,"neow_bonus":"THREE_ENEMY_KILL","is_daily":false,"chose_seed":false,"campfire_upgraded":1,"win_rate":0.0,"timestamp":1614033230,"path_taken":["M","?","?","M","?","E","R","E","T","E","M","R","M","M","R","BOSS","M","M","?","?","M","E"],"items_purchased_type":[],"build_version":"2020-12-22","purchased_purges":0,"victory":false,"max_hp_per_floor":[66,66,66,66,66,66,66,66,66,66,66,66,66,66,66,66,66,66,66,66,66,66,66,66],"card_choices":[{"not_picked":["Slice","Predator"],"picked":"Blade Dance","floor":1.0},{"not_picked":["Dodge and Roll","Deadly Poison"],"picked":"Flying Knee","floor":3.0},{"not_picked":["Prepared","Crippling Poison"],"picked":"Footwork","floor":4.0},{"not_picked":["Deflect","Deadly Poison"],"picked":"Dagger Spray","floor":6.0},{"not_picked":["Bane","Blade Dance"],"picked":"Leg Sweep","floor":8},{"not_picked":["Prepared","Well Laid Plans"],"picked":"Die Die Die","floor":10},{"not_picked":["Reflex","Bane"],"picked":"Backflip","floor":11},{"not_picked":["Outmaneuver","Expertise"],"picked":"Backstab","floor":13},{"not_picked":["Dagger Spray","Blur"],"picked":"Terror","floor":14},{"not_picked":["Grand Finale","Corpse Explosion"],"picked":"After Image","floor":16},{"not_picked":["Bane+1","Underhanded Strike","Setup"],"picked":"SKIP","floor":18},{"not_picked":["Outmaneuver","PiercingWail","Choke"],"picked":"SKIP","floor":19},{"not_picked":["Poisoned Stab","Outmaneuver"],"picked":"Blade Dance","floor":21},{"not_picked":["Bane","Flechettes","Sucker Punch"],"picked":"SKIP","floor":22}],"player_experience":567483,"relics_obtained":[{"floor":6.0,"key":"StoneCalendar"},{"floor":8,"key":"Letter Opener"},{"floor":9,"key":"Du-Vu Doll"},{"floor":10,"key":"Smiling Mask"}],"event_choices":[{"damage_healed":0.0,"max_hp_gain":0.0,"max_hp_loss":0.0,"gold_gain":0.0,"event_name":"Lab","player_choice":"Got Potions","floor":2.0,"gold_loss":0.0,"damage_taken":0.0},{"damage_healed":0.0,"max_hp_gain":0.0,"max_hp_loss":0.0,"gold_gain":0.0,"cards_transformed":["Strike_G"],"event_name":"Living Wall","player_choice":"Change","floor":5.0,"gold_loss":0.0,"damage_taken":0.0,"cards_obtained":["Malaise"]},{"damage_healed":0,"gold_gain":0,"player_choice":"Copied","damage_taken":0,"max_hp_gain":0,"max_hp_loss":0,"event_name":"Duplicator","floor":20,"gold_loss":0,"cards_obtained":["After Image"]}],"is_beta":false,"boss_relics":[{"not_picked":["Calling Bell","Tiny House"],"picked":"WristBlade"}],"items_purged_floors":[],"is_endless":false,"potions_floor_spawned":[3,6,11,13,16,22],"killed_by":"Slavers","ascension_level":20}}