{"host":"d6oxvn0vsgxeumax","time":1614027299,"event":{"mods":["BaseMod","Better Altar","Better Match","Better Note","Better Sensory Stone","Better Skull","Better Third Choice","BetterRewards","Bossed Relics","Colored Map","Colored Powertips","Defuse TimeMaze Blight","Downfall","Hubris","Minty Spire (QoL Compilation)","Relic Sorter","Replay The Spire","Shop Mod","Spicy Shops","Spire Arcade","StSLib","Uncapped"],"gold_per_floor":[99,118,118,118,129,143,196,63,163,196,210,222,122,32,43,146,146,146,157,157,157,157,181,181,193,203,203,51,51,65,98,114,217,217,117,128,139,194,194,244,297,311,323,323,358,106,6,6,16,16,16,43,11,11,11,11],"floor_reached":57,"language":"ENG","playtime":2293,"items_purged":["downfall:Malfunctioning","bronze:Defend"],"score":1452,"play_id":"ca420e33-6330-41bc-aa91-98bb04ae1ce6","local_time":"20210222145459","is_ascension_mode":true,"campfire_choices":[{"data":"bronze:Goto","floor":1.0,"key":"SMITH"},{"data":"bronze:Iterate","floor":13.0,"key":"SMITH"},{"data":"bronze:RecursiveStrike","floor":18.0,"key":"SMITH"},{"data":"bronze:RecursiveStrike","floor":27.0,"key":"SMITH"},{"data":"bronze:Terminator","floor":29.0,"key":"SMITH"},{"floor":35,"key":"RECALL"},{"floor":47,"key":"REST"},{"data":"bronze:ShipIt","floor":54,"key":"SMITH"}],"circlet_count":0,"master_deck":["hubris:EnhanceAbility+1","bronze:Strike+1","bronze:Strike","bronze:Strike","bronze:Strike+1","bronze:Defend","bronze:Defend","bronze:Defend","bronze:Replicate+1","bronze:WildBeam","m_Bronzebash+1","bronze:Iterate+1","bronze:Flail","bronze:ChosenStrike","bronze:Philosophize","bronze:Break","bronze:RecursiveStrike+1","bronze:Separator","bronze:RecursiveStrike+1","bronze:ShipIt+1","Adrenaline+1","bronze:Turbo","bronze:Virus","bronze:Terminator+1","bronze:BugBarrage+1","Reckless Charge+1","bronze:Break","bronze:InfiniteLoop","bronze:ItsAFeature+1","hubris:NaturalOne","bronze:InfiniteLoop"],"relics":["Pondfish Scales","hubris:Icosahedron","Dead Branch","downfall:HeartBlessingBlue","bronze:ElectromagneticCoil","hubris:CuriousFeather","hubris:MysteriousPyramids","Torii","Runic Dome","bronze:MakeshiftBattery","bronze:BronzeIdol","hubris:BlackHole","downfall:HeartBlessingGreen","Ginger","Thread and Needle","hubris:Towel","MerchantsRug","Pen Nib","hubris:CrystalStatue","hexamod:Sixitude","downfall:HeartBlessingRed","Snack Pack","Mirror","Membership Card","Chemical X","Vajra"],"acts_visited":["Exordium","TheCity","TheBeyond","TheEnding"],"potions_floor_usage":[45,56],"damage_taken":[{"damage":0.0,"enemies":"Jaw Worm","floor":2.0,"turns":5.0},{"damage":12.0,"enemies":"2 Louse","floor":5.0,"turns":3.0},{"damage":0.0,"enemies":"Cultist","floor":6.0,"turns":2.0},{"damage":10.0,"enemies":"downfall:FleeingMerchant","floor":8.0,"turns":4.0},{"damage":15.0,"enemies":"3 Sentries","floor":10.0,"turns":5.0},{"damage":0.0,"enemies":"3 Louse","floor":11.0,"turns":2.0},{"damage":0.0,"enemies":"Large Slime","floor":12.0,"turns":4.0},{"damage":10.0,"enemies":"downfall:FleeingMerchant","floor":14.0,"turns":4.0},{"damage":20.0,"enemies":"Exordium Thugs","floor":15.0,"turns":2.0},{"damage":30.0,"enemies":"SI_SHIV_ARCHETYPE","floor":16.0,"turns":7.0},{"damage":20.0,"enemies":"3 Byrds","floor":19.0,"turns":6.0},{"damage":3.0,"enemies":"Chosen","floor":25.0,"turns":4.0},{"damage":6.0,"enemies":"Centurion and Healer","floor":26.0,"turns":4.0},{"damage":0.0,"enemies":"downfall:FleeingMerchant","floor":28.0,"turns":3.0},{"damage":0.0,"enemies":"Snecko","floor":30.0,"turns":3.0},{"damage":6.0,"enemies":"Book of Stabbing","floor":31.0,"turns":2.0},{"damage":0.0,"enemies":"Sentry and Sphere","floor":32.0,"turns":3.0},{"damage":23.0,"enemies":"IC_MUSHROOM_ARCHETYPE","floor":33.0,"turns":4.0},{"damage":0,"enemies":"3 Shapes","floor":36,"turns":1},{"damage":0,"enemies":"3 Darklings","floor":37,"turns":1},{"damage":0,"enemies":"2 Orb Walkers","floor":38,"turns":2},{"damage":0,"enemies":"2 Orb Walkers","floor":40,"turns":2},{"damage":0,"enemies":"Writhing Mass","floor":42,"turns":1},{"damage":0,"enemies":"Spire Growth","floor":43,"turns":2},{"damage":0,"enemies":"R_Hoarder","floor":45,"turns":3},{"damage":0,"enemies":"Jaw Worm Horde","floor":49,"turns":1},{"damage":0,"enemies":"WA_ARCHETYPE_DIVINITY","floor":50,"turns":2},{"damage":0,"enemies":"downfall:CharBossMerchant","floor":52,"turns":1},{"damage":0,"enemies":"downfall:NeowBoss","floor":55,"turns":4},{"damage":7,"enemies":"downfall:NeowBossFinal","floor":56,"turns":3}],"seed_played":"-6132434500840221351","potions_obtained":[{"floor":2.0,"key":"DistilledChaos"},{"floor":10.0,"key":"Swift Potion"},{"floor":12.0,"key":"PowerPotion"},{"floor":15.0,"key":"Languid Potion"},{"floor":22.0,"key":"CultistPotion"},{"floor":30.0,"key":"Swift Potion"},{"floor":31.0,"key":"Venom Potion"},{"floor":32.0,"key":"Block Potion"},{"floor":36,"key":"Adrenaline Potion"},{"floor":45,"key":"Fruit Juice"}],"is_trial":false,"path_per_floor":["R","M","?","?","M","M","T","$","?","E","M","M","R","$","M","B",null,"R","M","?","?","?","T","T","M","M","R","$","R","M","E","M","B",null,"R","M","M","?","?","?","T","M","M","?","E","$","R","T","M","B",null,"E","$","R","B","B",null],"character_chosen":"THE_AUTOMATON","items_purchased":["bronze:ChosenStrike","bronze:Philosophize","hubris:CuriousFeather","hubris:MysteriousPyramids","bronze:Terminator","MerchantsRug","BargainBundle","Pen Nib","hubris:CrystalStatue","Dream Catcher","Slimebound:ThreeZeroPotion","GamblersBrew","Strength Potion","Block Potion","hexamod:Sixitude","Membership Card","Chemical X","Vajra"],"campfire_rested":1,"item_purchase_floors":[8,8,28,28,28,46,46,46,46,46,46,46,46,46,46,53,53,53],"current_hp_per_floor":[70,70,70,70,64,70,70,66,66,57,63,69,79,75,61,37,80,80,66,66,66,66,66,66,69,69,69,75,75,80,80,80,63,80,80,80,80,80,80,80,80,80,80,80,85,85,85,85,85,85,85,85,85,85,85,80],"gold":11,"neow_bonus":"ONE_RARE_RELIC","is_daily":false,"chose_seed":false,"campfire_upgraded":6,"win_rate":0.0,"timestamp":1614027299,"path_taken":["R","M","?","?","M","M","T","$","?","E","M","?","R","$","M","BOSS","R","M","?","?","?","?","T","M","M","R","$","R","M","E","M","BOSS","R","M","M","?","?","?","T","?","M","?","E","$","R","?","M","BOSS","E","$","R","BOSS","BOSS"],"items_purchased_type":["Card","Card","Relic","Relic","Card","Relic","Relic","Relic","Relic","Relic","Potion","Potion","Potion","Potion","Relic","Relic","Relic","Relic"],"build_version":"2020-12-22","purchased_purges":2,"victory":true,"max_hp_per_floor":[70,70,70,70,70,70,70,70,70,70,70,70,80,80,80,80,80,80,80,80,80,80,80,80,80,80,80,80,80,80,80,80,80,80,80,80,80,80,80,80,80,80,80,80,85,85,85,85,85,85,85,85,85,85,85,85],"card_choices":[{"not_picked":["bronze:Branch","bronze:Allocate"],"picked":"bronze:WildBeam","floor":2.0},{"not_picked":["bronze:DelayedGuard","bronze:Repulsor","bronze:Refactor"],"picked":"SKIP","floor":5.0},{"not_picked":["bronze:FineTuning","bronze:Separator"],"picked":"bronze:Iterate","floor":6.0},{"not_picked":["bronze:DelayedSlice","Metallicize"],"picked":"bronze:Flail","floor":8.0},{"not_picked":["bronze:BuggyMess","bronze:CutThrough"],"picked":"bronze:Break","floor":10.0},{"not_picked":["bronze:ForceShield","bronze:Repair","bronze:Repulsor"],"picked":"SKIP","floor":11.0},{"not_picked":["bronze:CutThrough","bronze:Shell","bronze:Constructor"],"picked":"SKIP","floor":12.0},{"not_picked":["bronze:Branch","bronze:MaxOutput"],"picked":"bronze:RecursiveStrike","floor":14.0},{"not_picked":["bronze:Branch","bronze:Overload"],"picked":"bronze:Separator","floor":15.0},{"not_picked":["bronze:HardenedForm","bronze:Verify"],"picked":"bronze:RecursiveStrike","floor":16.0},{"not_picked":["bronze:ClassDefault","bronze:Separator","bronze:BronzeArmor"],"picked":"SKIP","floor":19.0},{"not_picked":["bronze:Backtrace","bronze:ChosenStrike"],"picked":"bronze:Turbo","floor":25.0},{"not_picked":["bronze:Branch","bronze:ChosenStrike","bronze:WhirlingStrike"],"picked":"SKIP","floor":26.0},{"not_picked":["bronze:Repulsor","Wild Strike"],"picked":"bronze:Virus","floor":28.0},{"not_picked":["bronze:WhirlingStrike","bronze:Separator"],"picked":"bronze:BugBarrage+1","floor":30.0},{"not_picked":["bronze:Constructor","bronze:Virus","Reckless Charge+1"],"picked":"SKIP","floor":31.0},{"not_picked":["bronze:Constructor","bronze:Virus"],"picked":"Reckless Charge+1","floor":31.0},{"not_picked":["bronze:Overheat","Metallicize","Wild Strike"],"picked":"SKIP","floor":32.0},{"not_picked":["bronze:AlphaBuild","bronze:Virus"],"picked":"bronze:Break","floor":33.0},{"not_picked":["bronze:ForLoop+1","bronze:Overheat+1","bronze:WildBeam+1"],"picked":"SKIP","floor":36},{"not_picked":["bronze:WhirlingStrike+1","bronze:BugBarrage+1","bronze:Frontload"],"picked":"SKIP","floor":37},{"not_picked":["bronze:Iterate+1","bronze:GetLatest+1"],"picked":"bronze:InfiniteLoop","floor":38},{"not_picked":["bronze:Shield+1","bronze:Return+1"],"picked":"bronze:ItsAFeature+1","floor":42},{"not_picked":["bronze:BugBarrage","bronze:Separator","bronze:GetLatest+1"],"picked":"SKIP","floor":43},{"not_picked":["bronze:Branch+1","bronze:OilSpill+1","bronze:Overheat+1"],"picked":"SKIP","floor":45},{"not_picked":["bronze:ChildClass","bronze:Overload"],"picked":"bronze:InfiniteLoop","floor":47},{"not_picked":["bronze:Invalidate","bronze:NullPointer+1","bronze:BitShift"],"picked":"SKIP","floor":49},{"not_picked":["bronze:BitShift","bronze:Deprecate+1","bronze:NullPointer+1"],"picked":"SKIP","floor":52}],"player_experience":1099020,"relics_obtained":[{"floor":10.0,"key":"Dead Branch"},{"floor":23.0,"key":"Whetstone"},{"floor":24.0,"key":"Potion Belt"},{"floor":31.0,"key":"Torii"},{"floor":38,"key":"Ginger"},{"floor":40,"key":"Thread and Needle"},{"floor":41,"key":"Blue Doll"},{"floor":45,"key":"Letter Opener"},{"floor":48,"key":"Snack Pack"},{"floor":52,"key":"Mirror"}],"event_choices":[{"cards_removed":["Adrenaline"],"damage_healed":0.0,"max_hp_gain":0.0,"max_hp_loss":0.0,"gold_gain":0.0,"event_name":"betterNote:BetterNote","player_choice":"Take \u0026 Give","floor":21.0,"gold_loss":0.0,"damage_taken":0.0,"cards_obtained":["Adrenaline"]},{"damage_healed":0,"gold_gain":0,"player_choice":"Fight","damage_taken":0,"max_hp_gain":0,"max_hp_loss":0,"event_name":"Mysterious Sphere","floor":38,"gold_loss":0}],"is_beta":false,"boss_relics":[{"not_picked":["SacredBark","ChewingGum"],"picked":"bronze:ElectromagneticCoil"},{"not_picked":["Fusion Hammer","ReplayTheSpireMod:DimensionalGlitch"],"picked":"Replay:Grab Bag"},{"not_picked":["Philosopher\u0027s Stone","hubris:TerracottaHorce"],"picked":"Runic Dome"},{"not_picked":["Busted Crown","Abe\u0027s Treasure"],"picked":"bronze:MakeshiftBattery"},{"not_picked":["Snecko Eye","Empty Cage"],"picked":"hubris:Backtick"},{"not_picked":["Tiny House","Black Star"],"picked":"hubris:BlackHole"}],"items_purged_floors":[14,46],"is_endless":false,"potions_floor_spawned":[2,10,12,15,30,31,32,36,38,43,45],"ascension_level":1}}