{"host":"0r455zfix56tawas","time":1614021436,"event":{"mods":["AlwaysNeverKeys","BaseMod","Colored Powertips","Downfall","Highlight Path","Minty Spire (QoL Compilation)","StSLib","The Necromancer","The Servant 0.9.4"],"gold_per_floor":[99,110,123,139,139,39,63,74,104,104,118,19,19,39,50,150,150,150,166,176,176,192,8,34,34,119,29,29,43,57,68,78,177,177,77,94,94,94,104,104,104,121,132,132,148,136,136,146,157,157,157,157],"floor_reached":50,"language":"ENG","playtime":4353,"items_purged":["Guardian:Strike_Guardian","downfall:Aged"],"score":500,"play_id":"3ebf0303-8166-4eb6-a9fc-4453d51a2e9c","local_time":"20210222201716","is_ascension_mode":false,"campfire_choices":[{"floor":1.0,"key":"RECALL"},{"data":"Guardian:BodySlam","floor":6.0,"key":"SMITH"},{"data":"Guardian:Recover","floor":10.0,"key":"SMITH"},{"data":"Discovery","floor":13.0,"key":"SMITH"},{"data":"Guardian:FastForward","floor":18.0,"key":"SMITH"},{"data":"expansioncontent:QuickStudy","floor":25,"key":"SMITH"},{"data":"Guardian:SentryBeam","floor":28,"key":"SMITH"},{"data":"Guardian:DecasProtection","floor":35,"key":"SMITH"},{"floor":44,"key":"REST"},{"data":"expansioncontent:InvincibleStrength","floor":47,"key":"SMITH"}],"circlet_count":0,"master_deck":["Guardian:Defend_Guardian","Guardian:Defend_Guardian","Guardian:Defend_Guardian","Guardian:CurlUp","Guardian:TwinSlam","Guardian:BodySlam+1","Guardian:ShieldCharger","Guardian:BronzeArmor","Guardian:Recover+1","Guardian:PiercingHide","Guardian:SentryBeam+1","Discovery+1","Guardian:Clone","Guardian:FastForward+1","Guardian:ShieldCharger+1","Guardian:PiercingHide","Guardian:TemporalStrike+1","expansioncontent:QuickStudy+1","Guardian:PrismaticBeam+1","Guardian:TemporalStrike+1","Guardian:DecasProtection+1","Guardian:Emergency+1","Guardian:AncientConstruct+1","expansioncontent:InvincibleStrength+1","expansioncontent:Hexaburn","expansioncontent:Hexaburn","Guardian:BodySlam+1","Guardian:Gem_Lightblue","Guardian:EvasiveProtocol"],"relics":["Guardian:ModeShifter","downfall:HeartBlessingRed","Vajra","Odd Mushroom","SlaversCollar","downfall:RedIOU","Astrolabe","downfall:HeartBlessingBlue","Guardian:StasisEgg","PreservedInsect","Membership Card","Singing Bowl"],"acts_visited":["Exordium","TheCity","TheBeyond"],"potions_floor_usage":[31,32,46,49,50,50],"damage_taken":[{"damage":1.0,"enemies":"Cultist","floor":2.0,"turns":5.0},{"damage":0.0,"enemies":"2 Louse","floor":3.0,"turns":3.0},{"damage":6.0,"enemies":"Jaw Worm","floor":4.0,"turns":4.0},{"damage":5.0,"enemies":"downfall:LooterAlt","floor":8.0,"turns":3.0},{"damage":8.0,"enemies":"3 Sentries","floor":9.0,"turns":8.0},{"damage":0.0,"enemies":"3 Louse","floor":11.0,"turns":4.0},{"damage":0.0,"enemies":"downfall:FleeingMerchant","floor":12.0,"turns":4.0},{"damage":5.0,"enemies":"The Mushroom Lair","floor":14.0,"turns":3.0},{"damage":0.0,"enemies":"Exordium Wildlife","floor":15.0,"turns":4.0},{"damage":17.0,"enemies":"IC_STATUS_ARCHETYPE","floor":16.0,"turns":9.0},{"damage":1.0,"enemies":"Chosen","floor":19.0,"turns":6.0},{"damage":0.0,"enemies":"Spheric Guardian","floor":20.0,"turns":3.0},{"damage":10.0,"enemies":"Centurion and Healer","floor":22.0,"turns":6.0},{"damage":0.0,"enemies":"downfall:FleeingMerchant","floor":23.0,"turns":4.0},{"damage":0,"enemies":"downfall:FleeingMerchant","floor":27,"turns":4},{"damage":21,"enemies":"Snake Plant","floor":29,"turns":3},{"damage":0,"enemies":"Sentry and Sphere","floor":30,"turns":5},{"damage":18,"enemies":"Shelled Parasite and Fungi","floor":31,"turns":6},{"damage":7,"enemies":"Centurion and Healer","floor":32,"turns":6},{"damage":10,"enemies":"SI_MIRROR_ARCHETYPE","floor":33,"turns":11},{"damage":1,"enemies":"3 Shapes","floor":36,"turns":1},{"damage":16,"enemies":"Orb Walker","floor":39,"turns":4},{"damage":15,"enemies":"3 Darklings","floor":42,"turns":7},{"damage":42,"enemies":"Jaw Worm Horde","floor":43,"turns":5},{"damage":0,"enemies":"4 Shapes","floor":45,"turns":7},{"damage":10,"enemies":"downfall:FleeingMerchant","floor":46,"turns":4},{"damage":8,"enemies":"Writhing Mass","floor":48,"turns":7},{"damage":18,"enemies":"Spire Growth","floor":49,"turns":7},{"damage":66,"enemies":"WA_ARCHETYPE_DIVINITY","floor":50,"turns":9}],"seed_played":"-6893181108080971279","potions_obtained":[{"floor":8.0,"key":"Swift Potion"},{"floor":9.0,"key":"DuplicationPotion"},{"floor":11.0,"key":"Block Potion"},{"floor":14.0,"key":"Fire Potion"},{"floor":29,"key":"Strength Potion"},{"floor":30,"key":"AttackPotion"},{"floor":31,"key":"SkillPotion"},{"floor":36,"key":"hexamod:SoulburnPotion"},{"floor":48,"key":"AttackPotion"}],"is_trial":false,"path_per_floor":["R","M","M","M","?","R","T","M","E","R","M","$","R","?","M","B",null,"R","M","M","?","M","$","T","R","?","$","R","M","M","M","M","B",null,"R","M","?","?","M","?","T","M","M","R","M","$","R","M","M","B"],"character_chosen":"GUARDIAN","items_purchased":["Discovery","expansioncontent:QuickStudy","Membership Card","Singing Bowl","Guardian:EvasiveProtocol"],"campfire_rested":1,"item_purchase_floors":[12,23,46,46,46],"current_hp_per_floor":[88,87,87,81,81,81,81,76,68,68,68,68,68,63,63,46,88,88,87,87,87,77,77,77,77,61,61,61,40,40,22,25,15,88,98,97,87,87,71,71,71,56,14,43,53,43,43,37,31,0,0,0],"gold":157,"neow_bonus":"TEN_PERCENT_HP_BONUS","is_daily":false,"chose_seed":false,"campfire_upgraded":8,"win_rate":0.0,"timestamp":1614021436,"path_taken":["R","M","?","M","?","R","T","M","E","R","M","$","R","?","M","BOSS","R","M","M","?","M","$","T","R","?","?","R","M","?","M","M","BOSS","R","M","?","?","M","?","T","M","M","R","M","?","R","M","M","BOSS"],"items_purchased_type":["Card","Card","Relic","Relic","Card"],"build_version":"2020-12-22","purchased_purges":2,"victory":false,"max_hp_per_floor":[88,88,88,88,88,88,88,88,88,88,88,88,88,88,88,88,88,88,88,88,88,88,88,88,88,88,88,88,88,88,88,88,88,88,98,98,98,98,98,98,98,98,98,98,98,98,98,100,102,102,102,102],"card_choices":[{"not_picked":["Guardian:Gem_Red","Guardian:Recover"],"picked":"Guardian:BodySlam","floor":2.0},{"not_picked":["Guardian:Emergency","Guardian:Repulse"],"picked":"Guardian:ShieldCharger","floor":3.0},{"not_picked":["Guardian:PolyBeam","Guardian:Gem_Crimson"],"picked":"Guardian:BronzeArmor","floor":4.0},{"not_picked":["Guardian:PrimingBeam","Guardian:TimeCapacitor"],"picked":"Guardian:Recover","floor":8.0},{"not_picked":["Guardian:Suspension","Guardian:PrismaticBarrier"],"picked":"Guardian:PiercingHide","floor":9.0},{"not_picked":["Guardian:Reroute","Guardian:ShieldSpikes"],"picked":"Guardian:Gem_Red","floor":11.0},{"not_picked":["Guardian:Repulse","Guardian:PrismaticBeam"],"picked":"Guardian:SentryBeam","floor":12.0},{"not_picked":["Guardian:Preprogram","Guardian:RollAttack"],"picked":"Guardian:Clone","floor":14.0},{"not_picked":["Guardian:ChargeCore","Guardian:Planning"],"picked":"Guardian:Gem_Fragmented","floor":15.0},{"not_picked":["Guardian:RevengeProtocol","Guardian:Gem_Synthetic"],"picked":"Guardian:FastForward","floor":16.0},{"not_picked":["Guardian:Emergency","Guardian:ChargeCore"],"picked":"Guardian:ShieldCharger+1","floor":19.0},{"not_picked":["Guardian:VentSteam","Guardian:ShieldCharger"],"picked":"Guardian:PiercingHide","floor":20.0},{"not_picked":["Guardian:BodySlam","Guardian:Gem_Green"],"picked":"Guardian:TemporalStrike+1","floor":22.0},{"not_picked":["Guardian:Preprogram+1","Guardian:Gem_Purple"],"picked":"Guardian:Gem_Red","floor":23.0},{"not_picked":["Guardian:Suspension","Guardian:RollAttack+1"],"picked":"Guardian:PrismaticBeam+1","floor":27},{"not_picked":["Guardian:Incinerate","Guardian:WalkerClaw"],"picked":"Guardian:TemporalStrike+1","floor":29},{"not_picked":["Guardian:ConstructionForm","Guardian:SpikerProtocol"],"picked":"Guardian:DecasProtection","floor":30},{"not_picked":["Guardian:Preprogram","Guardian:PiercingHide+1","Guardian:PrimingBeam"],"picked":"SKIP","floor":31},{"not_picked":["Guardian:ChargeCore+1","Guardian:Reroute","Guardian:TemporalStrike"],"picked":"SKIP","floor":32},{"not_picked":["Guardian:ExploitGems","Guardian:ConstructionForm"],"picked":"Guardian:Gem_Orange","floor":33},{"not_picked":["Guardian:ShieldCharger","Guardian:Recover+1"],"picked":"Guardian:Gem_Yellow","floor":36},{"not_picked":["expansioncontent:PolyBeam","expansioncontent:HyperBeam"],"picked":"expansioncontent:InvincibleStrength","floor":37},{"not_picked":["expansioncontent:Chronoboost","expansioncontent:AwakenDeath"],"picked":"expansioncontent:Hexaburn","floor":37},{"not_picked":["expansioncontent:PolyBeam","expansioncontent:HyperBeam"],"picked":"expansioncontent:Hexaburn","floor":37},{"not_picked":["Guardian:Reroute+1","Guardian:VentSteam","Guardian:PiercingHide+1"],"picked":"SKIP","floor":39},{"not_picked":["Guardian:Gem_Lightblue","Guardian:PrimingBeam+1"],"picked":"Guardian:Gem_Cyan","floor":42},{"not_picked":["Guardian:RollAttack+1","Guardian:CrystalBeam"],"picked":"Guardian:Gem_Orange","floor":43},{"not_picked":["Guardian:TemporalStrike+1","Guardian:BronzeArmor+1"],"picked":"Guardian:BodySlam+1","floor":45},{"not_picked":["Guardian:Gem_Green","Guardian:Incinerate+1"],"picked":"Guardian:Gem_Lightblue","floor":46},{"not_picked":["Guardian:Harden","Guardian:TemporalShield","Guardian:PrismaticBarrier+1"],"picked":"Singing Bowl","floor":48},{"not_picked":["Guardian:Gem_Lightblue","Guardian:PolyBeam+1","Guardian:PrismaticBarrier+1"],"picked":"Singing Bowl","floor":49}],"player_experience":993666,"relics_obtained":[{"floor":7.0,"key":"Vajra"},{"floor":9.0,"key":"Pen Nib"},{"floor":14.0,"key":"Odd Mushroom"},{"floor":41,"key":"PreservedInsect"}],"event_choices":[{"damage_healed":0.0,"max_hp_gain":0.0,"max_hp_loss":0.0,"gold_gain":0.0,"event_name":"Mushrooms","player_choice":"Fought Mushrooms","floor":14.0,"gold_loss":0.0,"damage_taken":0.0},{"damage_healed":0,"gold_gain":0,"player_choice":"Ignored","damage_taken":0,"max_hp_gain":0,"max_hp_loss":0,"event_name":"Mysterious Sphere","floor":40,"gold_loss":0}],"is_beta":false,"boss_relics":[{"not_picked":["Fusion Hammer","Guardian:StasisSlotReductionRelic"],"picked":"SlaversCollar"},{"not_picked":["Coffee Dripper","Runic Pyramid"],"picked":"Astrolabe"}],"items_purged_floors":[27,46],"is_endless":false,"potions_floor_spawned":[8,9,11,14,29,30,31,36,43,48],"killed_by":"WA_ARCHETYPE_DIVINITY","ascension_level":0}}