{"host":"q57ekfojy3i00x9o","time":1614000703,"event":{"mods":["Act Like it!","Arknights","Aspiration","BaseMod","Colored Map","Energized Spire","Hermit","Minty Spire (QoL Compilation)","Quick Restart","Ruina","Spicy Shops","Spikes Relics","StSLib","slay the spire mod where everything is the same but ironclad has a cowboy hat"],"gold_per_floor":[109,159,159,207,156,156,72,103,103,103,135,147,162,50,50,129,129,140,140,159,8,24,56,67,86,86,86,101,101,117,117,117,117,117],"floor_reached":33,"language":"RUS","playtime":573,"items_purged":[],"score":618,"play_id":"a4f31fda-f20e-4a18-a7dd-b683a2fde035","local_time":"20210222183143","is_ascension_mode":true,"campfire_choices":[{"data":"ats:Poison Spread","floor":6,"key":"SMITH"},{"data":"ats:Flexible Camouflage","floor":15,"key":"SMITH"},{"floor":27,"key":"REST"},{"data":"ats:Nebulous Foxfire","floor":29,"key":"SMITH"},{"floor":32,"key":"REST"}],"circlet_count":0,"master_deck":["AscendersBane","ats:Strike C+1","ats:Strike G+1","ats:Strike S+1","ats:Strike V+1","ats:Armor Crushing Shot+1","ats:Defend","ats:Defend","ats:Defend","ats:Defend","ats:Emotion Absorption","ats:Poison Spread+1","ats:Cat Scratch+1","ats:Red Shift+1","ats:Soul Rend","ats:Explosion Area Strengthen","ats:Blood Oath","ats:Flexible Camouflage+1","ats:Thermite Blade","ats:Leaping Hammer","ats:Nebulous Foxfire+1","ats:Leaping Hammer","ats:Explosion Area Strengthen","Trip","ats:Consecutive Shot Auto","ats:Consecutive Shot Auto","ats:Thorns+1","ats:Shell Defense","ats:Consecutive Shot Auto"],"relics":["ats:Sanity","NeowsBlessing","Regal Pillow","ats:Originium","Vajra","Blood Vial","Sozu","Bag of Preparation","Potion Belt"],"acts_visited":["Exordium","TheCity"],"potions_floor_usage":[25],"damage_taken":[{"damage":0,"enemies":"Jaw Worm","floor":1,"turns":1},{"damage":0,"enemies":"Gremlin Nob","floor":8,"turns":1},{"damage":0,"enemies":"Lagavulin","floor":11,"turns":1},{"damage":4,"enemies":"Cultist","floor":12,"turns":3},{"damage":5,"enemies":"Small Slimes","floor":13,"turns":2},{"damage":51,"enemies":"Hexaghost","floor":16,"turns":8},{"damage":22,"enemies":"Shell Parasite","floor":18,"turns":4},{"damage":0,"enemies":"Chosen","floor":20,"turns":2},{"damage":23,"enemies":"Centurion and Healer","floor":22,"turns":5},{"damage":47,"enemies":"Slavers","floor":23,"turns":4},{"damage":15,"enemies":"3 Cultists","floor":24,"turns":4},{"damage":4,"enemies":"Cultist and Chosen","floor":25,"turns":3},{"damage":11,"enemies":"Snake Plant","floor":28,"turns":2},{"damage":22,"enemies":"3 Cultists","floor":30,"turns":4},{"damage":98,"enemies":"Collector","floor":33,"turns":7}],"seed_played":"-4675638411596926276","potions_obtained":[{"floor":12,"key":"DuplicationPotion"},{"floor":13,"key":"Ancient Potion"}],"is_trial":false,"path_per_floor":["M","?","$","T","$","R","$","E","T","?","E","M","M","$","R","B",null,"M","?","M","$","M","E","M","M","T","R","M","R","M","?","R","B"],"character_chosen":"DOCTOR_CLASS","items_purchased":["ats:Cat Scratch","ats:Red Shift","ats:Thermite Blade","ats:Leaping Hammer","ats:Explosion Area Strengthen","Trip"],"campfire_rested":2,"item_purchase_floors":[5,7,14,14,21,21],"current_hp_per_floor":[65,58,58,58,58,58,58,58,58,58,58,66,65,65,65,37,63,53,53,58,58,64,24,27,32,32,68,62,62,45,45,72,0,0],"gold":117,"neow_bonus":"THREE_ENEMY_KILL","is_daily":false,"chose_seed":false,"campfire_upgraded":3,"win_rate":0.0,"timestamp":1614000703,"path_taken":["M","?","$","?","$","R","$","E","T","?","E","M","?","?","R","BOSS","M","?","M","$","M","E","M","M","T","R","M","R","M","?","R","BOSS"],"items_purchased_type":["Card","Card","Card","Card","Card","Card"],"build_version":"2020-12-22","purchased_purges":0,"victory":false,"max_hp_per_floor":[72,72,72,72,72,72,72,72,72,72,72,72,72,72,72,72,72,72,72,72,72,72,72,72,72,72,72,72,72,72,72,72,72,72],"card_choices":[{"not_picked":["ats:Spore Proliferation","ats:Counter Healing Mode"],"picked":"ats:Poison Spread","floor":1},{"not_picked":["ats:Shadow Raid","ats:Apocalypse"],"picked":"ats:Soul Rend","floor":8},{"not_picked":["ats:Shadow Raid","ats:Revitalization"],"picked":"ats:Explosion Area Strengthen","floor":11},{"not_picked":["ats:Flame Of Heaven","ats:Beaten Up"],"picked":"ats:Blood Oath","floor":12},{"not_picked":["ats:Leaping Hammer","ats:Burning Ground"],"picked":"ats:Flexible Camouflage","floor":13},{"not_picked":["ats:Fractured Body","ats:Calcification"],"picked":"ats:Nebulous Foxfire","floor":16},{"not_picked":["ats:Phantom","ats:Explosion Area Strengthen"],"picked":"ats:Leaping Hammer","floor":18},{"not_picked":["ats:Shadow Raid","ats:Directed Diagnosis","ats:Very Hot Blade"],"picked":"SKIP","floor":20},{"not_picked":["ats:Very Hot Blade","ats:Serious Mode"],"picked":"ats:Consecutive Shot Auto","floor":22},{"not_picked":["ats:Closed Bolt Burst Fire","ats:Echo Reverb"],"picked":"ats:Consecutive Shot Auto","floor":23},{"not_picked":["ats:Assault Order+1","ats:Shell Defense"],"picked":"ats:Thorns+1","floor":24},{"not_picked":["ats:Very Hot Blade","ats:Ignite"],"picked":"ats:Shell Defense","floor":25},{"not_picked":["ats:Revitalization","ats:Beaten Up"],"picked":"ats:Consecutive Shot Auto","floor":28},{"not_picked":["ats:Guardian Obelisk","ats:Encircling Forest","ats:Revitalization"],"picked":"SKIP","floor":30}],"player_experience":786758,"relics_obtained":[{"floor":4,"key":"Regal Pillow"},{"floor":8,"key":"ats:Originium"},{"floor":8,"key":"Vajra"},{"floor":9,"key":"Art of War"},{"floor":11,"key":"ats:Originium"},{"floor":11,"key":"Blood Vial"},{"floor":23,"key":"ats:Originium"},{"floor":23,"key":"Bag of Preparation"},{"floor":26,"key":"Potion Belt"}],"event_choices":[{"damage_healed":0,"gold_gain":50,"player_choice":"Touch","damage_taken":7,"max_hp_gain":0,"max_hp_loss":0,"event_name":"FaceTrader","floor":2,"gold_loss":0},{"damage_healed":0,"gold_gain":0,"player_choice":"Ignored","damage_taken":0,"max_hp_gain":0,"max_hp_loss":0,"event_name":"Vampires","floor":31,"gold_loss":0}],"is_beta":false,"boss_relics":[{"not_picked":["Empty Cage","SacredBark"],"picked":"Sozu"}],"items_purged_floors":[],"is_endless":false,"potions_floor_spawned":[12,13,23,24,28],"killed_by":"Collector","ascension_level":18}}