{"host":"dz37y7s0f4dytpbs","time":1614019089,"event":{"mods":["2.2 Compatiblity","AchievementEnabler","BaseMod","BetterRewards","Colored Map","Custom Start","Keyboard Shortcuts","Marisa£¨Ùöéë¡¡Øª×âÞÞ£©","Minty Spire (QoL Compilation)","Permanent Neow","StSLib","SuperFastMode","everything is the same but u backflip on backflip"],"gold_per_floor":[67,142,142,155,155,183,183,194,271,12,12,39,139,165,177,292,304,329,357,369,381,403,446,458,395,430,467,479,523,569,116,116,217,217,237,237,255,265,282,282,311,533,533,533,578,591,501,51,51,51,51,51,3,28,28],"floor_reached":56,"language":"KOR","playtime":5043,"items_purged":["Strike_G","Strike_G","Strike_G","Defend_G","Strike_G","Defend_G"],"score":2533,"play_id":"43f8f2fa-9665-47ae-9ef9-5481c1c60ab0","local_time":"20210223033809","is_ascension_mode":true,"campfire_choices":[{"data":"Footwork","floor":11.0,"key":"SMITH"},{"data":"Neutralize","floor":15.0,"key":"SMITH"},{"data":"Catalyst","floor":28.0,"key":"SMITH"},{"data":"Night Terror","floor":32.0,"key":"SMITH"},{"data":"Tools of the Trade","floor":40.0,"key":"SMITH"},{"floor":44.0,"key":"RECALL"},{"data":"Acrobatics","floor":49,"key":"SMITH"},{"data":"Accuracy","floor":52,"key":"SMITH"}],"circlet_count":0,"master_deck":["AscendersBane","Defend_G","Survivor","Neutralize+1","Blade Dance","Accuracy+1","Footwork+1","Backflip","Blur","Footwork+1","Deflect","Dodge and Roll","Escape Plan","Deadly Poison","Deflect","Venomology","Acrobatics+1","Necronomicurse","Catalyst+1","Venomology","Setup+1","Night Terror+1","PiercingWail","Tools of the Trade+1","Blade Dance","Tactician","Cloak And Dagger+1","Escape Plan+1","Underhanded Strike+1","Backflip","Deadly Poison+1","Reflex+1"],"relics":["Ring of the Serpent","Bronze Scales","TungstenRod","Anchor","Vajra","Oddly Smooth Stone","Juzu Bracelet","WarpedTongs","PreservedInsect","Bottled Tornado","Kunai","Mercury Hourglass","MawBank","Necronomicon","Akabeko","Ancient Tea Set","Pen Nib","Bag of Preparation","Bird Faced Urn","Red Mask","Singing Bowl","HoveringKite","Darkstone Periapt","CatCart","Bottled Lightning","Lantern"],"acts_visited":["Exordium","TheCity","TheBeyond","TheEnding"],"potions_floor_usage":[50,50,50,54,54,55,55,55,55,55],"damage_taken":[{"damage":0.0,"enemies":"Jaw Worm","floor":1.0,"turns":4.0},{"damage":0.0,"enemies":"Cultist","floor":4.0,"turns":4.0},{"damage":0.0,"enemies":"Lagavulin","floor":6.0,"turns":7.0},{"damage":0.0,"enemies":"Small Slimes","floor":8.0,"turns":2.0},{"damage":0.0,"enemies":"3 Sentries","floor":12.0,"turns":7.0},{"damage":0.0,"enemies":"Lagavulin","floor":14.0,"turns":6.0},{"damage":0.0,"enemies":"The Guardian","floor":16.0,"turns":10.0},{"damage":2.0,"enemies":"Chosen","floor":18.0,"turns":5.0},{"damage":0.0,"enemies":"3 Byrds","floor":19.0,"turns":2.0},{"damage":0.0,"enemies":"Sentry and Sphere","floor":22.0,"turns":6.0},{"damage":3.0,"enemies":"Gremlin Leader","floor":23.0,"turns":7.0},{"damage":0.0,"enemies":"Slavers","floor":27.0,"turns":6.0},{"damage":0.0,"enemies":"Gremlin Leader","floor":29.0,"turns":6.0},{"damage":0.0,"enemies":"Masked Bandits","floor":30.0,"turns":2.0},{"damage":15.0,"enemies":"Collector","floor":33.0,"turns":12.0},{"damage":1.0,"enemies":"3 Darklings","floor":35.0,"turns":4.0},{"damage":0.0,"enemies":"Orb Walker","floor":37.0,"turns":4.0},{"damage":1.0,"enemies":"Sphere and 2 Shapes","floor":38.0,"turns":6.0},{"damage":0.0,"enemies":"4 Shapes","floor":39.0,"turns":5.0},{"damage":0.0,"enemies":"Reptomancer","floor":41.0,"turns":7.0},{"damage":0.0,"enemies":"Orin","floor":45.0,"turns":9.0},{"damage":0.0,"enemies":"Spire Growth","floor":46.0,"turns":5.0},{"damage":0,"enemies":"Awakened One","floor":50,"turns":12},{"damage":0,"enemies":"Shield and Spear","floor":54,"turns":4},{"damage":1,"enemies":"The Heart","floor":55,"turns":5}],"seed_played":"-3772058482910410471","potions_obtained":[{"floor":1.0,"key":"Energy Potion"},{"floor":14.0,"key":"Dexterity Potion"},{"floor":19.0,"key":"AttackPotion"},{"floor":30.0,"key":"LiquidBronze"},{"floor":33.0,"key":"ColorlessPotion"},{"floor":41.0,"key":"Energy Potion"},{"floor":46.0,"key":"GhostInAJar"}],"is_trial":false,"path_per_floor":["M","?","?","M","?","E","?","M","T","$","R","E","?","E","R","B",null,"M","M","?","?","M","E","?","?","T","E","R","E","?","$","R","B",null,"M","?","M","M","M","R","E","?","T","R","?","M","?","$","R","B",null,"R","$","E","B",null],"character_chosen":"THE_SILENT","items_purchased":["Blade Dance","Accuracy","Bronze Scales","TungstenRod","Footwork","Backflip","Anchor","Vajra","Oddly Smooth Stone","Blur","Juzu Bracelet","Footwork","Kunai","Cloak And Dagger","Singing Bowl","Bottled Lightning","AttackPotion"],"campfire_rested":0,"item_purchase_floors":[0,0,0,0,0,0,0,0,0,0,0,0,10,31,31,48,53],"current_hp_per_floor":[63,53,53,53,58,58,52,52,52,52,52,52,52,52,52,52,69,67,67,55,55,55,52,52,52,52,52,52,52,56,56,56,47,68,74,74,75,75,75,75,75,75,75,75,75,75,75,75,75,75,75,75,75,75,74],"gold":28,"neow_bonus":"","is_daily":false,"chose_seed":false,"campfire_upgraded":7,"win_rate":0.0,"timestamp":1614019089,"path_taken":["M","?","?","M","?","E","?","M","T","$","R","E","?","E","R","BOSS","M","M","?","?","M","E","?","?","T","E","R","E","?","$","R","BOSS","M","?","M","M","M","R","E","?","T","R","?","M","?","$","R","BOSS","R","$","E","BOSS"],"items_purchased_type":["Card","Card","Relic","Relic","Card","Card","Relic","Relic","Relic","Card","Relic","Card","Relic","Card","Relic","Relic","Potion"],"build_version":"2020-12-22","purchased_purges":6,"victory":true,"max_hp_per_floor":[70,70,70,70,75,75,75,75,75,75,75,75,75,75,75,75,75,75,75,75,75,75,75,75,75,75,75,75,75,75,75,75,75,75,75,75,75,75,75,75,75,75,75,75,75,75,75,75,75,75,75,75,75,75,75],"card_choices":[{"not_picked":["Skewer","Dagger Throw","Finisher"],"picked":"SKIP","floor":1.0},{"not_picked":["Caltrops","Sucker Punch"],"picked":"Deflect","floor":4.0},{"not_picked":["Acrobatics","Storm of Steel"],"picked":"Dodge and Roll","floor":6.0},{"not_picked":["Flechettes","Backflip"],"picked":"Escape Plan","floor":8.0},{"not_picked":["Flechettes","Outmaneuver"],"picked":"Deadly Poison","floor":12.0},{"not_picked":["Riddle With Holes","Bane"],"picked":"Deflect","floor":14.0},{"not_picked":["A Thousand Cuts","Phantasmal Killer"],"picked":"Venomology","floor":16.0},{"not_picked":["Sucker Punch","Dagger Throw"],"picked":"Acrobatics","floor":18.0},{"not_picked":["Underhanded Strike","Poisoned Stab","Deadly Poison"],"picked":"SKIP","floor":19.0},{"not_picked":["Bouncing Flask","Terror"],"picked":"Catalyst","floor":22.0},{"not_picked":["PiercingWail","Prepared"],"picked":"Venomology","floor":23.0},{"not_picked":["Acrobatics","Deadly Poison"],"picked":"Setup+1","floor":27.0},{"not_picked":["Cloak And Dagger","Phantasmal Killer"],"picked":"Night Terror","floor":29.0},{"not_picked":["Deflect","Backflip"],"picked":"PiercingWail","floor":30.0},{"not_picked":["A Thousand Cuts","Adrenaline"],"picked":"Tools of the Trade","floor":33.0},{"not_picked":["Slice+1","All Out Attack+1"],"picked":"Blade Dance","floor":35.0},{"not_picked":["Quick Slash+1","Deadly Poison"],"picked":"Tactician","floor":37.0},{"not_picked":["Dagger Throw+1","Dagger Spray"],"picked":"Cloak And Dagger+1","floor":38.0},{"not_picked":["A Thousand Cuts","Slice+1"],"picked":"Escape Plan+1","floor":39.0},{"not_picked":["Unload","Terror+1"],"picked":"Underhanded Strike+1","floor":41.0},{"not_picked":["Quick Slash","Eviscerate+1"],"picked":"Backflip","floor":45.0},{"not_picked":["Flying Knee","Quick Slash"],"picked":"Deadly Poison+1","floor":46.0},{"not_picked":["Slice+1","Quick Slash+1"],"picked":"Reflex+1","floor":54}],"player_experience":340832,"relics_obtained":[{"floor":6.0,"key":"PreservedInsect"},{"floor":9.0,"key":"Bottled Tornado"},{"floor":12.0,"key":"Mercury Hourglass"},{"floor":14.0,"key":"MawBank"},{"floor":20.0,"key":"Necronomicon"},{"floor":23.0,"key":"Akabeko"},{"floor":26.0,"key":"Pen Nib"},{"floor":27.0,"key":"Bag of Preparation"},{"floor":29.0,"key":"Bird Faced Urn"},{"floor":30.0,"key":"Red Mask"},{"floor":41.0,"key":"Darkstone Periapt"},{"floor":45.0,"key":"CatCart"},{"floor":54,"key":"Lantern"}],"event_choices":[{"damage_healed":0.0,"max_hp_gain":0.0,"max_hp_loss":0.0,"gold_gain":75.0,"event_name":"World of Goop","player_choice":"Gather Gold","floor":2.0,"gold_loss":0.0,"damage_taken":11.0},{"damage_healed":0.0,"max_hp_gain":0.0,"max_hp_loss":0.0,"gold_gain":0.0,"event_name":"Accursed Blacksmith","player_choice":"Rummage","floor":3.0,"gold_loss":0.0,"damage_taken":0.0,"relics_obtained":["WarpedTongs"],"cards_obtained":["Pain"]},{"damage_healed":0.0,"max_hp_gain":5.0,"max_hp_loss":0.0,"gold_gain":0.0,"event_name":"Big Fish","player_choice":"Donut","floor":5.0,"gold_loss":0.0,"damage_taken":0.0},{"cards_removed":["Pain"],"damage_healed":0.0,"max_hp_gain":0.0,"max_hp_loss":0.0,"gold_gain":0.0,"event_name":"Golden Wing","player_choice":"Card Removal","floor":7.0,"gold_loss":0.0,"damage_taken":7.0},{"damage_healed":0.0,"max_hp_gain":0.0,"max_hp_loss":0.0,"gold_gain":100.0,"event_name":"Golden Shrine","player_choice":"Pray","floor":13.0,"gold_loss":0.0,"damage_taken":0.0},{"damage_healed":0.0,"max_hp_gain":0.0,"max_hp_loss":0.0,"gold_gain":0.0,"event_name":"Cursed Tome","player_choice":"Obtained Book","floor":20.0,"gold_loss":0.0,"damage_taken":16.0},{"cards_removed":["Defend_G"],"damage_healed":0.0,"max_hp_gain":0.0,"max_hp_loss":0.0,"gold_gain":0.0,"event_name":"Back to Basics","player_choice":"Elegance","floor":21.0,"gold_loss":0.0,"damage_taken":0.0},{"damage_healed":0.0,"max_hp_gain":0.0,"max_hp_loss":0.0,"gold_gain":0.0,"event_name":"WeMeetAgain","player_choice":"Gave Potion","floor":24.0,"gold_loss":0.0,"damage_taken":0.0,"relics_obtained":["Ancient Tea Set"]},{"cards_removed":["Defend_G"],"damage_healed":0.0,"max_hp_gain":0.0,"max_hp_loss":0.0,"gold_gain":0.0,"event_name":"Beggar","player_choice":"Gave Gold","floor":25.0,"gold_loss":75.0,"damage_taken":0.0},{"damage_healed":0.0,"max_hp_gain":0.0,"max_hp_loss":0.0,"gold_gain":0.0,"event_name":"Masked Bandits","player_choice":"Fought Bandits","floor":30.0,"gold_loss":0.0,"damage_taken":0.0},{"cards_removed":["Cloak And Dagger"],"damage_healed":0.0,"max_hp_gain":0.0,"max_hp_loss":0.0,"gold_gain":0.0,"event_name":"Falling","player_choice":"Removed Skill","floor":36.0,"gold_loss":0.0,"damage_taken":0.0},{"damage_healed":0.0,"max_hp_gain":0.0,"max_hp_loss":0.0,"gold_gain":222.0,"event_name":"Tomb of Lord Red Mask","player_choice":"Wore Mask","floor":42.0,"gold_loss":0.0,"damage_taken":0.0},{"damage_healed":0.0,"max_hp_gain":0.0,"max_hp_loss":0.0,"gold_gain":0.0,"event_name":"OrinTheCat","player_choice":"Fight","floor":45.0,"gold_loss":0.0,"damage_taken":0.0},{"cards_removed":["Strike_G"],"damage_healed":0,"gold_gain":0,"player_choice":"Upgrade and Remove","damage_taken":0,"max_hp_gain":0,"max_hp_loss":0,"event_name":"Designer","floor":47,"gold_loss":90,"cards_upgraded":["Footwork"]}],"is_beta":false,"boss_relics":[{"not_picked":["Snecko Eye","Velvet Choker"],"picked":"Ring of the Serpent"},{"not_picked":["Tiny House","Fusion Hammer"],"picked":"HoveringKite"}],"items_purged_floors":[0,0,0,0,31,48],"is_endless":false,"potions_floor_spawned":[1,14,19,30,33,38,41,46],"ascension_level":10}}