{"host":"1vy6j31128f61x2z","time":1614013731,"event":{"mods":["AchievementEnabler","BaseMod","Colored Powertips","Minty Spire (QoL Compilation)","Permanent Neow"],"gold_per_floor":[119,119,135,14,14,14,44,44,44,44,62,82,117,130,130,235,235,245,261,261,42,42,72,72,72,122,149,174,174,194,224,224,326,326,346,346,53,67,81,106,106,122,145,171,171,187,187,219,219,219],"floor_reached":51,"language":"ENG","playtime":2356,"items_purged":["Defend_R"],"score":1350,"play_id":"61e97e56-000e-461b-9431-9391f9b07b29","local_time":"20210222120851","is_ascension_mode":true,"campfire_choices":[{"data":"Inflame","floor":6.0,"key":"SMITH"},{"data":"Entrench","floor":8.0,"key":"SMITH"},{"data":"True Grit","floor":10.0,"key":"SMITH"},{"data":"Body Slam","floor":15.0,"key":"SMITH"},{"data":"Heavy Blade","floor":24.0,"key":"SMITH"},{"data":"J.A.X.","floor":29.0,"key":"SMITH"},{"data":"Dual Wield","floor":32.0,"key":"SMITH"},{"data":"Offering","floor":41.0,"key":"SMITH"},{"data":"Burning Pact","floor":45,"key":"SMITH"},{"floor":49,"key":"REST"}],"circlet_count":0,"master_deck":["Strike_R+1","Strike_R+1","Strike_R+1","Strike_R+1","Strike_R+1","Defend_R+1","Defend_R+1","Bash+1","Perfected Strike+1","Entrench+1","Fire Breathing+1","Inflame+1","Spot Weakness+1","True Grit+1","Cleave+1","Body Slam+1","Disarm+1","Armaments+1","Reaper+1","Dual Wield+1","Heavy Blade+1","J.A.X.+1","Ghostly+1","Ghostly+1","Ghostly+1","Ghostly+1","Ghostly+1","Burning Pact+1","Offering+1","Corruption+1","Pummel+1","Shockwave+1","Shrug It Off+1","True Grit+1","Power Through+1","Limit Break+1","Parasite"],"relics":["Burning Blood","NeowsBlessing","Orichalcum","Strawberry","PreservedInsect","Sozu","Lee\u0027s Waffle","Mummified Hand","Vajra","Ginger","Whetstone","Ancient Tea Set","Mark of Pain","Gremlin Horn","Toxic Egg 2","Blood Vial","White Beast Statue","Mark of the Bloom","Self Forming Clay"],"acts_visited":["Exordium","TheCity","TheBeyond"],"potions_floor_usage":[50,50],"damage_taken":[{"damage":0.0,"enemies":"Small Slimes","floor":1.0,"turns":1.0},{"damage":0.0,"enemies":"Cultist","floor":3.0,"turns":1.0},{"damage":0.0,"enemies":"3 Sentries","floor":7.0,"turns":2.0},{"damage":2.0,"enemies":"Jaw Worm","floor":11.0,"turns":4.0},{"damage":3.0,"enemies":"2 Fungi Beasts","floor":12.0,"turns":4.0},{"damage":7.0,"enemies":"Gremlin Nob","floor":13.0,"turns":4.0},{"damage":11.0,"enemies":"Looter","floor":14.0,"turns":4.0},{"damage":39.0,"enemies":"Slime Boss","floor":16.0,"turns":9.0},{"damage":29.0,"enemies":"2 Thieves","floor":18.0,"turns":4.0},{"damage":17.0,"enemies":"Spheric Guardian","floor":19.0,"turns":5.0},{"damage":1.0,"enemies":"Slavers","floor":23.0,"turns":6.0},{"damage":0.0,"enemies":"Gremlin Leader","floor":27.0,"turns":6.0},{"damage":6.0,"enemies":"Snecko","floor":30.0,"turns":8.0},{"damage":16.0,"enemies":"Book of Stabbing","floor":31.0,"turns":5.0},{"damage":51.0,"enemies":"Collector","floor":33.0,"turns":9.0},{"damage":22.0,"enemies":"3 Shapes","floor":35.0,"turns":8.0},{"damage":6.0,"enemies":"3 Darklings","floor":38.0,"turns":6.0},{"damage":6.0,"enemies":"Transient","floor":39.0,"turns":5.0},{"damage":1.0,"enemies":"Reptomancer","floor":40.0,"turns":3.0},{"damage":2.0,"enemies":"Maw","floor":42.0,"turns":7.0},{"damage":3,"enemies":"Nemesis","floor":44,"turns":7},{"damage":14,"enemies":"Writhing Mass","floor":46,"turns":5},{"damage":3,"enemies":"Reptomancer","floor":48,"turns":6},{"damage":21,"enemies":"Awakened One","floor":50,"turns":8}],"seed_played":"-5710573916889088774","potions_obtained":[{"floor":5.0,"key":"HeartOfIron"},{"floor":5.0,"key":"Strength Potion"},{"floor":5.0,"key":"Fire Potion"},{"floor":16.0,"key":"Strength Potion"}],"is_trial":false,"path_per_floor":["M","?","M","$","?","R","E","R","T","R","M","M","E","M","R","B",null,"M","M","?","$","?","E","R","?","T","E","T","R","M","E","R","B",null,"M","?","$","M","M","E","R","M","T","E","R","M","?","E","R","B",null],"character_chosen":"IRONCLAD","items_purchased":["Inflame","Spot Weakness","Lee\u0027s Waffle","Gremlin Horn","Shockwave"],"campfire_rested":1,"item_purchase_floors":[4,4,21,37,37],"current_hp_per_floor":[78,78,80,80,80,80,80,80,87,87,87,87,86,81,81,48,77,68,57,57,94,47,47,47,47,47,47,47,47,47,37,37,8,37,33,33,33,39,47,47,47,47,47,47,47,41,41,38,38,17],"gold":219,"neow_bonus":"THREE_ENEMY_KILL","is_daily":false,"chose_seed":false,"campfire_upgraded":9,"win_rate":0.0,"timestamp":1614013731,"path_taken":["M","?","?","$","?","R","E","R","T","R","?","M","E","M","R","BOSS","M","M","?","$","?","E","R","?","T","E","?","R","M","E","R","BOSS","M","?","$","M","M","E","R","M","T","E","R","M","?","E","R","BOSS"],"items_purchased_type":["Card","Card","Relic","Relic","Card"],"build_version":"2020-12-22","purchased_purges":1,"victory":true,"max_hp_per_floor":[80,80,80,80,80,80,80,80,87,87,87,87,87,87,87,87,87,87,87,87,94,47,47,47,47,47,47,47,47,47,47,47,47,47,47,47,47,47,47,47,47,47,47,47,47,47,47,47,47,47],"card_choices":[{"not_picked":["Dual Wield","Clash"],"picked":"Perfected Strike","floor":1.0},{"not_picked":["Heavy Blade","Brutality"],"picked":"Fire Breathing","floor":3.0},{"not_picked":["Second Wind","Heavy Blade"],"picked":"True Grit","floor":7.0},{"not_picked":["Evolve","Warcry"],"picked":"Cleave","floor":11.0},{"not_picked":["Flex","Cleave"],"picked":"Body Slam","floor":12.0},{"not_picked":["Exhume","Warcry"],"picked":"Disarm","floor":13.0},{"not_picked":["Clash","Carnage"],"picked":"Armaments","floor":14.0},{"not_picked":["Immolate","Feed"],"picked":"Reaper","floor":16.0},{"not_picked":["Sentinel","Anger"],"picked":"Dual Wield","floor":18.0},{"not_picked":["Pommel Strike","Warcry"],"picked":"Heavy Blade","floor":19.0},{"not_picked":["Pommel Strike","Wild Strike"],"picked":"Burning Pact","floor":23.0},{"not_picked":["Twin Strike","Clothesline","Havoc"],"picked":"SKIP","floor":27.0},{"not_picked":["Shockwave+1","Entrench+1"],"picked":"Offering","floor":30.0},{"not_picked":["Sword Boomerang","Sever Soul","Warcry+1"],"picked":"SKIP","floor":31.0},{"not_picked":["Feed","Demon Form"],"picked":"Corruption","floor":33.0},{"not_picked":["Infernal Blade","Warcry"],"picked":"Pummel+1","floor":35.0},{"not_picked":["True Grit","Rampage+1"],"picked":"Shrug It Off+1","floor":38.0},{"not_picked":["Flex+1","Armaments+1"],"picked":"True Grit+1","floor":39.0},{"not_picked":["Headbutt","Armaments+1","Dual Wield+1"],"picked":"SKIP","floor":40.0},{"not_picked":["Twin Strike","Rampage"],"picked":"Power Through+1","floor":42.0},{"not_picked":["Reckless Charge","Pommel Strike+1"],"picked":"Limit Break+1","floor":44},{"not_picked":["Pommel Strike","Headbutt","True Grit+1"],"picked":"SKIP","floor":46},{"not_picked":["Blood for Blood+1","Iron Wave+1","Combust+1"],"picked":"SKIP","floor":48}],"player_experience":117467,"relics_obtained":[{"floor":7.0,"key":"Orichalcum"},{"floor":9.0,"key":"Strawberry"},{"floor":13.0,"key":"PreservedInsect"},{"floor":23.0,"key":"Mummified Hand"},{"floor":26.0,"key":"Vajra"},{"floor":27.0,"key":"Ginger"},{"floor":28.0,"key":"Whetstone"},{"floor":31.0,"key":"Ancient Tea Set"},{"floor":40.0,"key":"Toxic Egg 2"},{"floor":43.0,"key":"Blood Vial"},{"floor":44,"key":"White Beast Statue"},{"floor":48,"key":"Self Forming Clay"}],"event_choices":[{"damage_healed":0.0,"max_hp_gain":0.0,"max_hp_loss":0.0,"gold_gain":0.0,"cards_transformed":["Defend_R"],"event_name":"Transmorgrifier","player_choice":"Transformed","floor":2.0,"gold_loss":0.0,"damage_taken":0.0,"cards_obtained":["Entrench"]},{"damage_healed":0.0,"max_hp_gain":0.0,"max_hp_loss":0.0,"gold_gain":0.0,"event_name":"Lab","player_choice":"Got Potions","floor":5.0,"gold_loss":0.0,"damage_taken":0.0},{"damage_healed":0.0,"max_hp_gain":0.0,"max_hp_loss":0.0,"gold_gain":0.0,"event_name":"Drug Dealer","player_choice":"Obtain J.A.X.","floor":20.0,"gold_loss":0.0,"damage_taken":0.0,"cards_obtained":["J.A.X."]},{"damage_healed":0.0,"max_hp_gain":0.0,"max_hp_loss":47.0,"gold_gain":0.0,"event_name":"Ghosts","player_choice":"Became a Ghost","floor":22.0,"gold_loss":0.0,"damage_taken":0.0,"cards_obtained":["Ghostly","Ghostly","Ghostly","Ghostly","Ghostly"]},{"damage_healed":0.0,"max_hp_gain":0.0,"max_hp_loss":0.0,"gold_gain":0.0,"event_name":"Vampires","player_choice":"Ignored","floor":25.0,"gold_loss":0.0,"damage_taken":0.0},{"damage_healed":0.0,"max_hp_gain":0.0,"max_hp_loss":0.0,"gold_gain":0.0,"event_name":"Mysterious Sphere","player_choice":"Ignored","floor":36.0,"gold_loss":0.0,"damage_taken":0.0},{"damage_healed":0,"gold_gain":0,"player_choice":"Upgrade","damage_taken":0,"relics_obtained":["Mark of the Bloom"],"max_hp_gain":0,"max_hp_loss":0,"event_name":"MindBloom","floor":47,"gold_loss":0,"cards_upgraded":["Strike_R","Strike_R","Strike_R","Strike_R","Strike_R","Defend_R","Defend_R","Bash","Fire Breathing","Spot Weakness","Disarm","Armaments","Reaper","Ghostly","Ghostly","Ghostly","Ghostly","Ghostly","Corruption","Shockwave"]}],"is_beta":false,"boss_relics":[{"not_picked":["Black Star","Astrolabe"],"picked":"Sozu"},{"not_picked":["Cursed Key","Velvet Choker"],"picked":"Mark of Pain"}],"items_purged_floors":[21],"is_endless":false,"potions_floor_spawned":[7,11,12,16,19,23,33,38,40,46,48],"ascension_level":7}}