{"host":"epc8efk9vrywpcsw","time":1614012945,"event":{"mods":["BaseMod","Minty Spire (QoL Compilation)","Relic Stats","StSLib"],"gold_per_floor":[119,135,135,210,210,240,240,258,258,271,271,303,303,338,338,338,338],"floor_reached":16,"language":"ENG","playtime":349,"items_purged":[],"score":286,"play_id":"d892bc07-3c96-4482-a862-f3f5f474935f","local_time":"20210222175545","is_ascension_mode":true,"campfire_choices":[{"data":"Bullet Time","floor":7,"key":"SMITH"},{"data":"Blade Dance","floor":11,"key":"SMITH"},{"floor":13,"key":"REST"},{"data":"Terror","floor":15,"key":"SMITH"}],"circlet_count":0,"master_deck":["AscendersBane","Strike_G","Strike_G","Strike_G","Strike_G","Defend_G","Defend_G","Defend_G","Defend_G","Defend_G","Survivor","Neutralize+1","Flying Knee","Dagger Spray","Bullet Time+1","Endless Agony","Blade Dance+1","Terror+1"],"relics":["Ring of the Snake","NeowsBlessing","Boot","InkBottle","Toy Ornithopter","Dream Catcher"],"acts_visited":["Exordium"],"potions_floor_usage":[12,14,16],"damage_taken":[{"damage":0,"enemies":"Small Slimes","floor":1,"turns":1},{"damage":0,"enemies":"2 Louse","floor":2,"turns":1},{"damage":0,"enemies":"3 Sentries","floor":6,"turns":1},{"damage":0,"enemies":"Cultist","floor":8,"turns":4},{"damage":7,"enemies":"2 Fungi Beasts","floor":10,"turns":3},{"damage":20,"enemies":"Lagavulin","floor":12,"turns":6},{"damage":20,"enemies":"Gremlin Nob","floor":14,"turns":4},{"damage":11,"enemies":"Hexaghost","floor":16,"turns":9}],"seed_played":"682209623796098979","potions_obtained":[{"floor":2,"key":"Strength Potion"},{"floor":8,"key":"BlessingOfTheForge"},{"floor":14,"key":"GamblersBrew"}],"is_trial":false,"path_per_floor":["M","M","?","?","?","E","R","M","T","M","R","E","R","E","R","B"],"character_chosen":"THE_SILENT","items_purchased":[],"campfire_rested":1,"item_purchase_floors":[],"current_hp_per_floor":[59,59,59,48,48,48,48,48,48,41,41,21,40,25,25,19,19],"gold":338,"neow_bonus":"THREE_ENEMY_KILL","is_daily":false,"chose_seed":false,"campfire_upgraded":3,"win_rate":0.0,"timestamp":1614012945,"path_taken":["M","M","?","?","?","E","R","M","T","?","R","E","R","E","R","BOSS"],"items_purchased_type":[],"build_version":"2020-12-22","purchased_purges":0,"victory":false,"max_hp_per_floor":[66,66,66,66,66,66,66,66,66,66,66,66,66,66,66,66,66],"relic_stats":{"Dream Catcher":0,"counters":[8,29],"Boot":[19],"obtain_stats":[{"Dream Catcher":14,"NeowsBlessing":0,"Boot":6,"InkBottle":9,"Toy Ornithopter":12,"Ring of the Snake":0},{"Dream Catcher":7,"NeowsBlessing":0,"Boot":3,"InkBottle":4,"Toy Ornithopter":6,"Ring of the Snake":0},{"Dream Catcher":20,"NeowsBlessing":0,"Boot":3,"InkBottle":7,"Toy Ornithopter":16,"Ring of the Snake":0}],"InkBottle":[8],"Toy Ornithopter":10,"Ring of the Snake":[16]},"card_choices":[{"not_picked":["PiercingWail","Outmaneuver"],"picked":"Flying Knee","floor":1},{"not_picked":["Acrobatics","Backflip"],"picked":"Dagger Spray","floor":2},{"not_picked":["Caltrops","Underhanded Strike"],"picked":"Bullet Time","floor":6},{"not_picked":["Flying Knee","Dash"],"picked":"Endless Agony","floor":8},{"not_picked":["Acrobatics","Deadly Poison"],"picked":"Blade Dance","floor":10},{"not_picked":["Concentrate","Crippling Poison","Prepared"],"picked":"SKIP","floor":12},{"not_picked":["Infinite Blades","Underhanded Strike"],"picked":"Terror","floor":14}],"player_experience":539029,"relics_obtained":[{"floor":6,"key":"Boot"},{"floor":9,"key":"InkBottle"},{"floor":12,"key":"Toy Ornithopter"},{"floor":14,"key":"Dream Catcher"}],"event_choices":[{"damage_healed":0,"gold_gain":0,"player_choice":"Grow","damage_taken":0,"max_hp_gain":0,"max_hp_loss":0,"event_name":"Living Wall","floor":3,"gold_loss":0,"cards_upgraded":["Neutralize"]},{"damage_healed":0,"gold_gain":75,"player_choice":"Gather Gold","damage_taken":11,"max_hp_gain":0,"max_hp_loss":0,"event_name":"World of Goop","floor":4,"gold_loss":0},{"cards_removed":["Strike_G"],"damage_healed":0,"gold_gain":0,"player_choice":"Offered Basic","damage_taken":0,"max_hp_gain":0,"max_hp_loss":0,"event_name":"Bonfire Elementals","floor":5,"gold_loss":0}],"is_beta":false,"boss_relics":[],"items_purged_floors":[],"is_endless":false,"potions_floor_spawned":[2,8,14],"killed_by":"Hexaghost","ascension_level":20}}