{"host":"ut3qe46kys7sl3ey","time":1614034883,"event":{"mods":["2.2 Compatiblity","AchievementEnabler","Bard","BaseMod","Bestiary","Better Altar","Better Match","Better Note","Better Sensory Stone","Better Skull","Better Third Choice","BetterRewards","Block Reminder","Colored Map","Colored Powertips","Curses Come First","DeckTracker","Downfall","Energized Spire","Friendly Minions","Highlight Path","Hubris","Infinite Spire","Minty Spire (QoL Compilation)","Permanent Neow","Quick Restart","Random Character Button","Relic Sorter","Relic Stats","Reliquary","Replay The Spire","StSLib","The Blue Laboratory","The Bug Knight","The Construct","The Cursed","The Jungle","The Mystic","The Spell Scribe","Unceasing Turn Reminder","Unknown Chances","Wandering Minibosses"],"gold_per_floor":[368,382,400,88,98,129,145,176,176,46,46,46,46,59,59,159,159,173,173,173],"floor_reached":19,"language":"ENG","playtime":1702,"items_purged":["Strike_B"],"score":204,"play_id":"d612d79a-f75d-48ed-9dec-8aa9c37a22a0","local_time":"20210223010123","is_ascension_mode":false,"campfire_choices":[{"data":"Specialist","floor":11,"key":"SMITH"},{"data":"Defragment","floor":13,"key":"SMITH"},{"data":"Redo","floor":15,"key":"SMITH"}],"circlet_count":0,"master_deck":["Strike_B","Strike_B","Strike_B","Defend_B","Defend_B","Defend_B","Defend_B","Zap","Dualcast","hubris:PowerSurge","Sunder","BootSequence","ReplayGash","Self Repair","Redo","Self Repair","Redo+1","Defragment+1","Specialist+1","Conserve Battery","BootSequence","Amplify","Auto Shields+1"],"relics":["Cracked Core","Kunai","Replay:Ringing Soul","Thread and Needle","Bottled Tornado","Replay:Bronze Core"],"acts_visited":["Exordium","TheCity"],"potions_floor_usage":[],"damage_taken":[{"damage":0,"enemies":"Cultist","floor":1,"turns":4},{"damage":3,"enemies":"Jaw Worm","floor":2,"turns":3},{"damage":0,"enemies":"2 Louse","floor":3,"turns":2},{"damage":28,"enemies":"Gremlin Gang","floor":5,"turns":7},{"damage":9,"enemies":"HollowMod:MossKnight","floor":6,"turns":8},{"damage":3,"enemies":"Red Slaver","floor":7,"turns":3},{"damage":37,"enemies":"Lagavulin","floor":8,"turns":8},{"damage":0,"enemies":"3 Louse","floor":14,"turns":3},{"damage":35,"enemies":"Fading Forest","floor":16,"turns":11},{"damage":77,"enemies":"Spheric Guardian","floor":18,"turns":8},{"damage":39,"enemies":"Chosen","floor":19,"turns":6}],"seed_played":"-1030458421225573394","potions_obtained":[{"floor":5,"key":"blueLaboratory:NullPotion"},{"floor":6,"key":"blueLaboratory:HorrorPotion"},{"floor":7,"key":"SpeedPotion"},{"floor":14,"key":"blueLaboratory:BottleOfRum"},{"floor":16,"key":"Energy Potion"}],"is_trial":false,"path_per_floor":["M","M","M","$","M","E","M","E","T","$","R","T","R","M","R","B",null,"M","M"],"character_chosen":"DEFECT","items_purchased":["BootSequence","ReplayGash","Self Repair","Specialist","Conserve Battery"],"campfire_rested":0,"item_purchase_floors":[4,4,4,10,10],"current_hp_per_floor":[54,51,51,51,30,28,39,19,19,22,22,22,22,39,39,43,87,34,0,0],"gold":173,"neow_bonus":"TWO_FIFTY_GOLD","is_daily":false,"chose_seed":false,"campfire_upgraded":3,"win_rate":0.0,"timestamp":1614034883,"path_taken":["M","M","M","$","M","E","M","E","T","$","R","?","R","M","R","BOSS","M","M"],"items_purchased_type":["Card","Card","Card","Card","Card"],"build_version":"2020-12-22","purchased_purges":1,"victory":false,"max_hp_per_floor":[75,75,75,75,75,75,75,78,78,81,81,81,81,84,84,87,87,90,90,90],"relic_stats":{"counters":[11,63],"Kunai":[2],"obtain_stats":[{"Replay:Ringing Soul":8,"Replay:Bronze Core":17,"Thread and Needle":9,"Kunai":6,"Bottled Tornado":12,"Cracked Core":0},{"Replay:Ringing Soul":7,"Replay:Bronze Core":9,"Thread and Needle":7,"Kunai":5,"Bottled Tornado":7,"Cracked Core":0},{"Replay:Ringing Soul":35,"Replay:Bronze Core":49,"Thread and Needle":35,"Kunai":24,"Bottled Tornado":35,"Cracked Core":0}]},"card_choices":[{"not_picked":["Self Repair","Turbo"],"picked":"hubris:PowerSurge","floor":1},{"not_picked":["Sweeping Beam","Aggregate","Panic Button"],"picked":"SKIP","floor":2},{"not_picked":["ReplaySolidLightProjector","Hologram"],"picked":"Sunder","floor":3},{"not_picked":["BasicCrystalCard","Rebound"],"picked":"Redo","floor":5},{"not_picked":["Barrage","Skim"],"picked":"Self Repair","floor":6},{"not_picked":["Coolheaded","Barrage"],"picked":"Redo","floor":7},{"not_picked":["Coolheaded","hubris:DoWhile"],"picked":"Defragment","floor":8},{"not_picked":["Barrage","Hello World"],"picked":"BootSequence","floor":14},{"not_picked":["Creative AI","Multi-Cast"],"picked":"Amplify","floor":16},{"not_picked":["Stack+1","Rebound+1"],"picked":"Auto Shields+1","floor":18}],"player_experience":216912,"relics_obtained":[{"floor":6,"key":"Kunai"},{"floor":8,"key":"Replay:Ringing Soul"},{"floor":9,"key":"Thread and Needle"},{"floor":12,"key":"Bottled Tornado"}],"event_choices":[],"is_beta":false,"boss_relics":[{"not_picked":["ChewingGum","hubris:HollowSoul"],"picked":"Replay:Bronze Core"}],"items_purged_floors":[4],"is_endless":false,"potions_floor_spawned":[5,6,7,14,16],"killed_by":"Chosen","ascension_level":0}}