{"host":"eksvfr80mef7di1h","time":1614037983,"event":{"mods":["AchievementEnabler","BaseMod","Colored Map","Minty Spire (QoL Compilation)","StSLib","SuperFastMode"],"gold_per_floor":[118,131,143,159,159,159,176,188,188,188,100,100,125,137,137,238,238,248,268,282,282,295,295,295,295,295,314,333,371,215,233,233,328,328,352,41,63,63,77,77,77,0,54,54,54,54,85,85,85,85,85],"floor_reached":50,"language":"ENG","playtime":1380,"items_purged":[],"score":484,"play_id":"4ee58207-69cd-4463-8626-3cfdd5aedd3a","local_time":"20210223005303","is_ascension_mode":false,"campfire_choices":[{"data":"Self Repair","floor":10,"key":"SMITH"},{"data":"Zap","floor":15,"key":"SMITH"},{"data":"Scrape","floor":23,"key":"SMITH"},{"data":"White Noise","floor":32,"key":"SMITH"},{"data":"White Noise","floor":40,"key":"SMITH"},{"data":"Beam Cell","floor":45,"key":"SMITH"},{"data":"FTL","floor":49,"key":"SMITH"}],"circlet_count":0,"master_deck":["Strike_B+1","Strike_B+1","Strike_B+1","Defend_B+1","Defend_B+1","Defend_B+1","Zap+1","Dualcast","Streamline+1","Scrape+1","Self Repair+1","Rebound","FTL+1","Flash of Steel","Steam","Gash","Beam Cell+1","Conserve Battery","Scrape+1","White Noise+1","Steam+1","Steam+1","White Noise+1"],"relics":["Cracked Core","Du-Vu Doll","StrikeDummy","Whetstone","Empty Cage","Anchor","CeramicFish","PreservedInsect","Coffee Dripper","FossilizedHelix","Red Mask","Bag of Preparation","Shuriken"],"acts_visited":["Exordium","TheCity","TheBeyond"],"potions_floor_usage":[14,16,20,20,33,47,50,50],"damage_taken":[{"damage":0,"enemies":"Jaw Worm","floor":1,"turns":3},{"damage":0,"enemies":"2 Louse","floor":2,"turns":1},{"damage":0,"enemies":"Cultist","floor":3,"turns":3},{"damage":9,"enemies":"Blue Slaver","floor":4,"turns":4},{"damage":19,"enemies":"2 Fungi Beasts","floor":7,"turns":3},{"damage":10,"enemies":"Looter","floor":8,"turns":3},{"damage":5,"enemies":"3 Louse","floor":14,"turns":2},{"damage":35,"enemies":"The Guardian","floor":16,"turns":9},{"damage":26,"enemies":"3 Byrds","floor":18,"turns":4},{"damage":5,"enemies":"Chosen","floor":19,"turns":3},{"damage":0,"enemies":"Snecko","floor":20,"turns":2},{"damage":26,"enemies":"Snake Plant","floor":22,"turns":3},{"damage":0,"enemies":"Centurion and Healer","floor":27,"turns":4},{"damage":0,"enemies":"Cultist and Chosen","floor":28,"turns":4},{"damage":18,"enemies":"Book of Stabbing","floor":29,"turns":4},{"damage":11,"enemies":"Snake Plant","floor":31,"turns":3},{"damage":56,"enemies":"Collector","floor":33,"turns":10},{"damage":15,"enemies":"Orb Walker","floor":35,"turns":3},{"damage":0,"enemies":"3 Darklings","floor":37,"turns":3},{"damage":24,"enemies":"Sphere and 2 Shapes","floor":39,"turns":5},{"damage":26,"enemies":"Nemesis","floor":47,"turns":7},{"damage":90,"enemies":"Awakened One","floor":50,"turns":9}],"seed_played":"3972192400939909605","potions_obtained":[{"floor":2,"key":"DuplicationPotion"},{"floor":4,"key":"Dexterity Potion"},{"floor":8,"key":"LiquidMemories"},{"floor":14,"key":"Explosive Potion"},{"floor":18,"key":"LiquidMemories"},{"floor":22,"key":"Dexterity Potion"},{"floor":31,"key":"PotionOfCapacity"},{"floor":33,"key":"SkillPotion"}],"is_trial":false,"path_per_floor":["M","M","M","M","?","?","M","M","T","R","$","?","T","M","R","B",null,"M","M","M","?","M","R","?","?","T","M","M","E","$","M","R","B",null,"M","$","M","?","M","R","?","?","T","$","R","$","E","$","R","B"],"character_chosen":"DEFECT","items_purchased":["Flash of Steel","PreservedInsect","FossilizedHelix"],"campfire_rested":0,"item_purchase_floors":[11,30,36],"current_hp_per_floor":[54,54,54,52,57,57,45,42,42,42,42,42,42,57,57,32,80,64,69,79,64,48,48,48,48,48,58,68,60,60,59,59,13,85,80,80,85,85,71,71,71,71,71,71,71,71,55,55,55,0,0],"gold":85,"neow_bonus":"ONE_RARE_RELIC","is_daily":false,"chose_seed":false,"campfire_upgraded":7,"win_rate":0.0,"timestamp":1614037983,"path_taken":["M","M","M","M","?","?","M","M","T","R","$","?","?","M","R","BOSS","M","M","M","?","M","R","?","?","T","M","M","E","$","M","R","BOSS","M","$","M","?","M","R","?","?","T","$","R","$","E","?","R","BOSS"],"items_purchased_type":["Card","Relic","Relic"],"build_version":"2020-12-22","purchased_purges":0,"victory":false,"max_hp_per_floor":[75,75,75,75,80,80,80,80,80,80,80,80,80,80,80,80,80,80,80,80,85,85,85,85,85,85,85,85,85,85,85,85,85,85,85,85,85,85,85,85,81,81,81,81,81,81,81,81,81,81,81],"card_choices":[{"not_picked":["Leap","Redo"],"picked":"Streamline","floor":1},{"not_picked":["Loop","Aggregate"],"picked":"Scrape","floor":2},{"not_picked":["Compile Driver","Stack"],"picked":"Self Repair","floor":3},{"not_picked":["Leap","Fusion","Turbo"],"picked":"SKIP","floor":4},{"not_picked":["Steam Power","Coolheaded"],"picked":"Rebound","floor":7},{"not_picked":["Scrape","Streamline"],"picked":"FTL","floor":8},{"not_picked":["Capacitor","Undo"],"picked":"Steam","floor":14},{"not_picked":["Beam Cell","Go for the Eyes"],"picked":"Gash","floor":18},{"not_picked":["Rip and Tear","Rebound"],"picked":"Beam Cell","floor":19},{"not_picked":["Steam","Compile Driver+1"],"picked":"Conserve Battery","floor":20},{"not_picked":["Hologram","Sunder"],"picked":"Scrape","floor":22},{"not_picked":["Stack","Amplify","Rebound"],"picked":"SKIP","floor":27},{"not_picked":["Steam","Sunder"],"picked":"White Noise","floor":28},{"not_picked":["Aggregate","Tempest"],"picked":"Steam+1","floor":29},{"not_picked":["Stack+1","Leap+1","Ball Lightning"],"picked":"SKIP","floor":31},{"not_picked":["Melter","Coolheaded"],"picked":"Steam+1","floor":35},{"not_picked":["Genetic Algorithm+1","Compile Driver+1"],"picked":"White Noise","floor":37},{"not_picked":["Barrage+1","Steam+1","Ball Lightning+1"],"picked":"SKIP","floor":39},{"not_picked":["Defragment+1","Undo","Blizzard+1"],"picked":"SKIP","floor":47}],"player_experience":184863,"relics_obtained":[{"floor":9,"key":"StrikeDummy"},{"floor":13,"key":"Whetstone"},{"floor":26,"key":"Anchor"},{"floor":29,"key":"CeramicFish"},{"floor":43,"key":"Bag of Preparation"},{"floor":47,"key":"Shuriken"}],"event_choices":[{"damage_healed":0,"gold_gain":0,"player_choice":"Donut","damage_taken":0,"max_hp_gain":5,"max_hp_loss":0,"event_name":"Big Fish","floor":5,"gold_loss":0},{"damage_healed":0,"gold_gain":0,"player_choice":"Grow","damage_taken":0,"max_hp_gain":0,"max_hp_loss":0,"event_name":"Living Wall","floor":6,"gold_loss":0,"cards_upgraded":["Streamline"]},{"damage_healed":0,"gold_gain":0,"player_choice":"Ignored","damage_taken":0,"max_hp_gain":0,"max_hp_loss":0,"event_name":"Liars Game","floor":12,"gold_loss":0},{"damage_healed":0,"gold_gain":0,"player_choice":"Shed Blood","damage_taken":20,"max_hp_gain":5,"max_hp_loss":0,"event_name":"Forgotten Altar","floor":21,"gold_loss":0},{"damage_healed":0,"gold_gain":0,"player_choice":"Ignored","damage_taken":0,"max_hp_gain":0,"max_hp_loss":0,"event_name":"Ghosts","floor":24,"gold_loss":0},{"damage_healed":0,"gold_gain":0,"player_choice":"Simplicity","damage_taken":0,"max_hp_gain":0,"max_hp_loss":0,"event_name":"Back to Basics","floor":25,"gold_loss":0,"cards_upgraded":["Strike_B","Strike_B","Defend_B","Defend_B","Defend_B"]},{"damage_healed":0,"gold_gain":0,"player_choice":"Memory 1","damage_taken":0,"max_hp_gain":0,"max_hp_loss":0,"event_name":"SensoryStone","floor":38,"gold_loss":0},{"damage_healed":0,"gold_gain":0,"player_choice":"Max HP","damage_taken":0,"max_hp_gain":0,"max_hp_loss":4,"event_name":"Winding Halls","floor":41,"gold_loss":0},{"damage_healed":0,"gold_gain":0,"player_choice":"Paid","damage_taken":0,"relics_obtained":["Red Mask"],"max_hp_gain":0,"max_hp_loss":0,"event_name":"Tomb of Lord Red Mask","floor":42,"gold_loss":77}],"is_beta":false,"boss_relics":[{"not_picked":["Runic Dome","Astrolabe"],"picked":"Empty Cage"},{"not_picked":["Philosopher\u0027s Stone","Black Star"],"picked":"Coffee Dripper"}],"items_purged_floors":[],"is_endless":false,"potions_floor_spawned":[2,4,8,14,18,22,31,33,37],"killed_by":"Awakened One","ascension_level":0}}