{"host":"f14d6hm2349s9jse","time":1614019504,"event":{"mods":["2.2 Compatiblity","BaseMod","Lobotomy","Minty Spire (QoL Compilation)","StSLib"],"gold_per_floor":[117,267,267,267,287,320,320,337,416,416,416,449,464,464,464,464,464],"floor_reached":16,"language":"ENG","playtime":1140,"items_purged":[],"score":216,"play_id":"5319ac14-de3c-4827-ac3c-301e5707d430","local_time":"20210222134504","is_ascension_mode":true,"campfire_choices":[{"floor":7,"key":"REST"},{"data":"LikeWater","floor":10,"key":"SMITH"},{"floor":15,"key":"REST"}],"circlet_count":0,"master_deck":["AscendersBane","Strike_P","Strike_P","Strike_P","Strike_P","Defend_P","Defend_P","Defend_P","Eruption","Vigilance","Rudolta","LikeWater+1","UniverseFragment","Judgement","Alriune","Freischutz","WaveOfTheHand","QueenBee","PunishingBird","Regret","TalkToTheHand"],"relics":["PureWater","CogitoBucket","Dream Catcher","CloakClasp","Kunai","Happy Flower","SkinProphecy","Shuriken"],"acts_visited":["Exordium"],"potions_floor_usage":[6,12],"damage_taken":[{"damage":0,"enemies":"Cultist","floor":1,"turns":3},{"damage":4,"enemies":"Jaw Worm","floor":5,"turns":3},{"damage":12,"enemies":"Lagavulin","floor":6,"turns":9},{"damage":11,"enemies":"2 Louse","floor":8,"turns":4},{"damage":17,"enemies":"3 Sentries","floor":12,"turns":13},{"damage":13,"enemies":"Gremlin Gang","floor":13,"turns":4},{"damage":29,"enemies":"Hexaghost","floor":16,"turns":7}],"seed_played":"-1259594661829892067","potions_obtained":[{"floor":1,"key":"GamblersBrew"},{"floor":5,"key":"Ambrosia"},{"floor":12,"key":"Strength Potion"}],"is_trial":false,"path_per_floor":["M","?","?","?","M","E","R","M","T","R","?","E","M","?","R","B"],"character_chosen":"WATCHER","items_purchased":[],"campfire_rested":2,"item_purchase_floors":[],"current_hp_per_floor":[61,61,50,50,46,34,54,43,43,43,43,26,13,13,33,0,0],"gold":464,"neow_bonus":"","is_daily":false,"chose_seed":false,"campfire_upgraded":1,"win_rate":0.0,"timestamp":1614019504,"path_taken":["M","?","?","?","M","E","R","M","T","R","?","E","?","?","R","BOSS"],"items_purchased_type":[],"build_version":"2020-12-22","purchased_purges":0,"victory":false,"max_hp_per_floor":[68,68,68,68,68,68,68,68,68,68,68,68,68,68,68,70,70],"card_choices":[{"not_picked":["CherryBlossoms","Wellcheers"],"picked":"Rudolta","floor":1},{"not_picked":["InnerPeace","FlurryOfBlows","ClearTheMind"],"picked":"SKIP","floor":1},{"not_picked":["Crescendo","FlurryOfBlows"],"picked":"LikeWater","floor":5},{"not_picked":["OldLady","SpiderBud"],"picked":"UniverseFragment","floor":5},{"not_picked":["FlyingSleeves","WindmillStrike"],"picked":"Judgement","floor":6},{"not_picked":["SpiderBud","ShyLook"],"picked":"Alriune","floor":6},{"not_picked":["MHz","ShyLook"],"picked":"Freischutz","floor":8},{"not_picked":["Consecrate","MentalFortress","Crescendo"],"picked":"SKIP","floor":8},{"not_picked":["Alpha","BowlingBash"],"picked":"WaveOfTheHand","floor":12},{"not_picked":["MeatLantern","Bloodbath"],"picked":"QueenBee","floor":12},{"not_picked":["LittleHelper","HeroicMonk"],"picked":"PunishingBird","floor":13},{"not_picked":["FearNoEvil","FlyingSleeves","BowlingBash"],"picked":"SKIP","floor":13},{"not_picked":["WheelKick","EmptyFist"],"picked":"TalkToTheHand","floor":15}],"player_experience":2469525,"relics_obtained":[{"floor":6,"key":"CloakClasp"},{"floor":9,"key":"Kunai"},{"floor":12,"key":"Happy Flower"}],"event_choices":[{"damage_healed":0,"gold_gain":150,"player_choice":"AGREE","damage_taken":0,"max_hp_gain":0,"max_hp_loss":0,"event_name":"Liars Game","floor":2,"gold_loss":0,"cards_obtained":["Doubt"]},{"damage_healed":0,"gold_gain":0,"player_choice":"Success","damage_taken":11,"relics_obtained":["Dream Catcher"],"max_hp_gain":0,"max_hp_loss":0,"event_name":"Scrap Ooze","floor":3,"gold_loss":0},{"cards_removed":["Doubt"],"damage_healed":0,"gold_gain":0,"player_choice":"Forget","damage_taken":0,"max_hp_gain":0,"max_hp_loss":0,"event_name":"Living Wall","floor":4,"gold_loss":0},{"cards_removed":["Defend_P"],"damage_healed":0,"gold_gain":0,"player_choice":"Purged","damage_taken":0,"max_hp_gain":0,"max_hp_loss":0,"event_name":"Purifier","floor":11,"gold_loss":0},{"damage_healed":0,"gold_gain":0,"player_choice":"Box","damage_taken":0,"relics_obtained":["Shuriken"],"max_hp_gain":0,"max_hp_loss":0,"event_name":"Big Fish","floor":14,"gold_loss":0,"cards_obtained":["Regret"]}],"is_beta":false,"boss_relics":[],"items_purged_floors":[],"is_endless":false,"potions_floor_spawned":[1,5,12],"killed_by":"Hexaghost","ascension_level":20}}