{"host":"og21o26alpnbwmz8","time":1614005151,"event":{"mods":["2.2 Compatiblity","A Magickal Journey","Act Like it!","Aspiration","BaseMod","Conspire","Downfall","Gensokyo","GungeonMod","Halation","Hubris","Jedi Mod","Mimic Mod","Minty Spire (QoL Compilation)","Pale of the Ancients","Reliquary","Replay The Spire","Shop Mod","Spikes Relics","StSLib","The Alterego","The Animator","The Blue Laboratory","The Bug Knight","The Exalted","The Florist","The Poker Player","The Saiyan","Waifu the Spire","Yuri Mod"],"gold_per_floor":[93,93,110,35,35,35,67,67,67,84,101,101,176,193,193,297,297,313,0,0,0,49,49,62,74,101,118,147,147,47,57,57,57,57],"floor_reached":33,"language":"ENG","playtime":1226,"items_purged":["Saiyan:SAIYA_Strike","Saiyan:SAIYA_Strike"],"score":340,"play_id":"c29e606a-be40-40f0-9406-a65e9cc65069","local_time":"20210222094551","is_ascension_mode":false,"campfire_choices":[{"data":"Riddle With Holes","floor":6,"key":"SMITH"},{"data":"Saiyan:Quickening","floor":8,"key":"SMITH"},{"data":"Saiyan:Flurry","floor":12,"key":"SMITH"},{"data":"Saiyan:RuthlessBlow","floor":15,"key":"SMITH"},{"data":"Saiyan:SAIYA_Defend","floor":23,"key":"SMITH"},{"data":"Saiyan:BackAttack","floor":29,"key":"SMITH"},{"floor":32,"key":"REST"}],"circlet_count":0,"master_deck":["Saiyan:SAIYA_Defend+1","Saiyan:SAIYA_Defend+1","Saiyan:SAIYA_Defend","Saiyan:EnergyBlast+1","Saiyan:KaioKen","Saiyan:RuthlessBlow+1","Saiyan:Quickening+1","Saiyan:DoubleMasenko+1","Riddle With Holes+1","Grand Finale+1","Night Terror+1","Saiyan:Flurry+1","Saiyan:PowerUp+1","Saiyan:BackAttack+1"],"relics":["SaiyanSoul","SaiyanHeart","halation:PrussianBluePaint","Bromod:ArcaneEnergize","bronze:DecasWashers","reliquary:SilkGlove","SnailShell","halation:BlackBeret"],"acts_visited":["Exordium","Exordium"],"potions_floor_usage":[],"damage_taken":[{"damage":0,"enemies":"Cultist","floor":1,"turns":3},{"damage":0,"enemies":"2 Louse","floor":3,"turns":2},{"damage":0,"enemies":"Gremlin Nob","floor":7,"turns":2},{"damage":3,"enemies":"Small Slimes","floor":10,"turns":2},{"damage":1,"enemies":"Exordium Wildlife","floor":11,"turns":2},{"damage":0,"enemies":"2 Fungi Beasts","floor":14,"turns":3},{"damage":0,"enemies":"Slime Boss","floor":16,"turns":6},{"damage":23,"enemies":"Gensokyo:3_Dogs","floor":18,"turns":6},{"damage":0,"enemies":"Gensokyo:2_Gloops","floor":24,"turns":2},{"damage":0,"enemies":"Gensokyo:Wraith","floor":25,"turns":3},{"damage":14,"enemies":"Gensokyo:3_Gloops","floor":27,"turns":5},{"damage":15,"enemies":"Gensokyo:Koishi","floor":28,"turns":6},{"damage":19,"enemies":"Gensokyo:Mirror_and_Dog","floor":31,"turns":5},{"damage":39,"enemies":"Gensokyo:Kaguya","floor":33,"turns":8}],"seed_played":"-1246013403088603888","potions_obtained":[{"floor":10,"key":"blueLaboratory:PyrophylliteBrew"},{"floor":11,"key":"Elixir"},{"floor":14,"key":"blueLaboratory:PhilterOfMotion"}],"is_trial":false,"path_per_floor":["M","?","M","$","?","R","E","R","T","M","M","R","?","M","R","B",null,"M","?","?","?","T","R","M","M","T","M","E","R","$","M","R","B"],"character_chosen":"SAIYAJIN","items_purchased":[],"campfire_rested":1,"item_purchase_floors":[],"current_hp_per_floor":[61,61,63,63,63,63,64,64,64,61,60,60,49,50,50,51,66,43,43,43,43,43,43,44,44,44,35,21,21,21,5,26,0,0],"gold":57,"neow_bonus":"UPGRADE_CARD","is_daily":false,"chose_seed":false,"campfire_upgraded":6,"win_rate":0.0,"timestamp":1614005151,"path_taken":["M","?","?","$","?","R","E","R","T","M","?","R","?","M","R","BOSS","M","?","?","?","?","R","?","M","T","M","E","R","?","M","R","BOSS"],"items_purchased_type":[],"build_version":"2020-12-22","purchased_purges":2,"victory":false,"max_hp_per_floor":[61,61,63,63,63,63,64,64,64,64,64,64,64,65,65,66,66,66,66,66,61,61,61,62,62,62,67,68,68,68,71,71,73,73],"card_choices":[{"not_picked":["Saiyan:RemoveWeights","Saiyan:SaiyanHubris"],"picked":"Saiyan:Quickening","floor":1},{"not_picked":["Saiyan:KameHameHa","Saiyan:Endure"],"picked":"Saiyan:DoubleMasenko","floor":3},{"not_picked":["Saiyan:ThirstForFight","Saiyan:DragonFist","Saiyan:Furor"],"picked":"SKIP","floor":7},{"not_picked":["Saiyan:DoubleMasenko","Saiyan:Planning","Saiyan:KameHameHa"],"picked":"SKIP","floor":10},{"not_picked":["Saiyan:Planning","Saiyan:Scouter"],"picked":"Saiyan:Flurry","floor":11},{"not_picked":["Saiyan:KameHameHa","Saiyan:TurtleShell","Saiyan:Planning"],"picked":"SKIP","floor":14},{"not_picked":["Saiyan:Furor","Saiyan:Planning"],"picked":"Saiyan:PowerUp+1","floor":18},{"not_picked":["Saiyan:BigBangAttack","Saiyan:PowerUp","Saiyan:RemoveWeights"],"picked":"SKIP","floor":24},{"not_picked":["Saiyan:Endure","Saiyan:GenkiDama","Saiyan:PlotArmor"],"picked":"SKIP","floor":25},{"not_picked":["Saiyan:WarmUp","Saiyan:RemoveWeights"],"picked":"Saiyan:BackAttack","floor":27},{"not_picked":["Saiyan:AugmentedBlast","Saiyan:FinalFlash+1","Saiyan:DoubleMasenko"],"picked":"SKIP","floor":28},{"not_picked":["Saiyan:KiExplosion","Saiyan:ReverberatingForce","Saiyan:RemoveWeights"],"picked":"SKIP","floor":31}],"player_experience":422107,"relics_obtained":[{"floor":2,"key":"halation:PrussianBluePaint"},{"floor":22,"key":"reliquary:SilkGlove"},{"floor":26,"key":"SnailShell"},{"floor":28,"key":"halation:BlackBeret"}],"event_choices":[{"damage_healed":0,"gold_gain":0,"player_choice":"Relic","damage_taken":0,"max_hp_gain":0,"max_hp_loss":0,"event_name":"Wheel of Change","floor":2,"gold_loss":0},{"damage_healed":0,"gold_gain":75,"player_choice":"Gather Gold","damage_taken":11,"max_hp_gain":0,"max_hp_loss":0,"event_name":"World of Goop","floor":13,"gold_loss":0}],"is_beta":false,"boss_relics":[{"not_picked":["reliquary:KinkedSpring","CosmicIsotope"],"picked":"Bromod:ArcaneEnergize"}],"items_purged_floors":[4,30],"is_endless":false,"potions_floor_spawned":[10,11,14,18,24,28],"killed_by":"Gensokyo:Kaguya","ascension_level":0}}