{"host":"e4udrxcgdvpx3wcj","time":1614029765,"event":{"mods":["Act Like it!","Aspiration","Astrologer","BaseMod","Gensokyo","Highlight Path","Infinite Spire","Koishi","Marisa????????","Minty Spire (QoL Compilation)","Replay The Spire","StSLib","SuperFastMode","The Bug Knight","The Construct","The Jungle","The Runesmith","The Servant 0.9.4","TheBandit"],"gold_per_floor":[110,110,40,40,53,370,370,396,396,410,430,447,447,479,479,550,550,565,581,600,612,612,612,612],"floor_reached":22,"language":"ENG","playtime":1420,"items_purged":[],"score":358,"play_id":"8b68e27a-cd96-4f51-8ff4-cb3162083898","local_time":"20210222163605","is_ascension_mode":true,"campfire_choices":[{"data":"wariomod:SpacialMastery","floor":7,"key":"SMITH"},{"data":"wariomod:ShipSmash","floor":15,"key":"SMITH"}],"circlet_count":0,"master_deck":["AscendersBane","wariomod:Strike","wariomod:Strike","wariomod:Strike","wariomod:Strike","wariomod:Defend","wariomod:Defend","wariomod:Defend","wariomod:Defend","wariomod:Step","wariomod:Leap","wariomod:SpacialMastery+1","wariomod:Immortalize","wariomod:SmackSlam","wariomod:ShipSmash+1","wariomod:ChargeForth","wariomod:Hopshield","wariomod:PoisonBombs","wariomod:BlastDash","wariomod:Immortalize","wariomod:MassiveParty","wariomod:Bomblaster","wariomod:RacingSpeed","wariomod:Bomblaster","wariomod:SilenceBombs"],"relics":["wariomod:TheHat","Ring of Peace","Ring of Hypnosis","Lantern","Replay:Mystery Machine","infinitespire:Lychee Nut","Strawberry","aspiration:FetidBarrel"],"acts_visited":["Gensokyo:Gensokyo","Gensokyo:Gensokyoer"],"potions_floor_usage":[20],"damage_taken":[{"damage":9.0,"enemies":"Gensokyo:2_Kodama","floor":1.0,"turns":3.0},{"damage":6.0,"enemies":"Gensokyo:3_Fairies","floor":5.0,"turns":5.0},{"damage":6,"enemies":"Gensokyo:Gryphon","floor":6,"turns":4},{"damage":12,"enemies":"Gensokyo:Mamizou","floor":8,"turns":9},{"damage":2,"enemies":"Gensokyo:3_Kodama","floor":10,"turns":4},{"damage":0,"enemies":"Gensokyo:VengefulSpirit","floor":11,"turns":4},{"damage":0,"enemies":"Gensokyo:LivingMonolith","floor":12,"turns":3},{"damage":0,"enemies":"Gensokyo:Aya","floor":14,"turns":4},{"damage":11,"enemies":"Gensokyo:Kokoro","floor":16,"turns":8},{"damage":0,"enemies":"Gensokyo:2_Gloops","floor":18,"turns":3},{"damage":16,"enemies":"Gensokyo:AngelMirror","floor":19,"turns":4},{"damage":4,"enemies":"Gensokyo:Monolith_and_Dog","floor":20,"turns":5},{"damage":41,"enemies":"Gensokyo:Slime_Group","floor":21,"turns":5},{"damage":30,"enemies":"Gensokyo:3_Gloops","floor":22,"turns":3}],"seed_played":"-1705191340483640229","potions_obtained":[{"floor":6,"key":"Elixir"},{"floor":10,"key":"Energy Potion"},{"floor":21,"key":"Ancient Potion"}],"is_trial":false,"path_per_floor":["M","?","COS","?","M","M","R","E","T","M","M","M","?","E","R","B",null,"M","M","M","M","M"],"character_chosen":"THE_BANDIT","items_purchased":[],"campfire_rested":0,"item_purchase_floors":[],"current_hp_per_floor":[63,63,63,71,65,59,59,47,47,51,57,60,57,63,63,56,64,67,52,54,19,0,0,0],"gold":612,"neow_bonus":"ONE_RANDOM_RARE_CARD","is_daily":false,"chose_seed":false,"campfire_upgraded":2,"win_rate":0.0,"timestamp":1614029765,"path_taken":["M","?","COS","?","M","M","R","E","T","M","?","M","?","E","R","BOSS","M","M","M","M","M"],"items_purchased_type":[],"build_version":"2020-12-22","purchased_purges":0,"victory":false,"max_hp_per_floor":[80,80,80,80,80,80,80,80,60,60,60,60,67,67,67,67,67,67,67,67,67,67,67,67],"card_choices":[{"not_picked":["wariomod:Boomsmack","wariomod:DoubleDash"],"picked":"wariomod:Immortalize","floor":1.0},{"not_picked":["wariomod:SpikeSlash","wariomod:Smackflip"],"picked":"wariomod:SmackSlam","floor":5.0},{"not_picked":["wariomod:DoubleDip","wariomod:ThatsNotAll"],"picked":"wariomod:ShipSmash","floor":6},{"not_picked":["wariomod:Goblast","wariomod:DamnedStrength"],"picked":"wariomod:ChargeForth","floor":8},{"not_picked":["wariomod:BoomBoom","wariomod:HappyHop"],"picked":"wariomod:Hopshield","floor":10},{"not_picked":["wariomod:DoubleDip","wariomod:NullJump"],"picked":"wariomod:PoisonBombs","floor":11},{"not_picked":["wariomod:Hopshield","wariomod:ThatsNotAll"],"picked":"wariomod:BlastDash","floor":12},{"not_picked":["wariomod:SimpleShield","wariomod:ChargeForth"],"picked":"wariomod:Immortalize","floor":14},{"not_picked":["wariomod:AbandonGame","wariomod:ShipSmash"],"picked":"wariomod:MassiveParty","floor":16},{"not_picked":["wariomod:CursedSpaces","wariomod:TreasureDig"],"picked":"wariomod:Bomblaster","floor":18},{"not_picked":["wariomod:DoubleDip+1","wariomod:CursedSpaces"],"picked":"wariomod:RacingSpeed","floor":19},{"not_picked":["wariomod:ChargeForth+1","wariomod:SmackSlam"],"picked":"wariomod:Bomblaster","floor":20},{"not_picked":["wariomod:SmackSlam","wariomod:Leapslam"],"picked":"wariomod:SilenceBombs","floor":21}],"player_experience":2435998,"relics_obtained":[{"floor":2.0,"key":"Ring of Peace"},{"floor":2.0,"key":"Ring of Hypnosis"},{"floor":8,"key":"Replay:Mystery Machine"},{"floor":9,"key":"infinitespire:Lychee Nut"},{"floor":14,"key":"aspiration:FetidBarrel"}],"event_choices":[],"is_beta":false,"boss_relics":[{"not_picked":["Snecko Heart","Runic Dome","ChewingGum"]}],"items_purged_floors":[],"is_endless":false,"potions_floor_spawned":[6,10,11,14,19,21],"killed_by":"Gensokyo:3_Gloops","ascension_level":13}}