{"host":"1vy6j31128f61x2z","time":1614008463,"event":{"mods":["AchievementEnabler","BaseMod","Colored Powertips","Minty Spire (QoL Compilation)","Permanent Neow"],"gold_per_floor":[114,84,98,108,56,91,91,119,119,144,144,144,30,51,51,181,181,199,109,109,208,227,227,227,227],"floor_reached":24,"language":"ENG","playtime":1043,"items_purged":["Strike_G"],"score":276,"play_id":"8db339b3-6f9a-4e9a-bd63-12cb490320da","local_time":"20210222104103","is_ascension_mode":true,"campfire_choices":[{"data":"All Out Attack","floor":7.0,"key":"SMITH"},{"floor":11,"key":"REST"},{"data":"Noxious Fumes","floor":15,"key":"SMITH"},{"data":"Footwork","floor":23,"key":"SMITH"}],"circlet_count":0,"master_deck":["Strike_G","Strike_G","Strike_G","Strike_G","Defend_G","Defend_G","Defend_G","Defend_G","Defend_G","Survivor","Neutralize","Deadly Poison","Poisoned Stab","Flying Knee","Blade Dance","All Out Attack+1","Noxious Fumes+1","Infinite Blades","Well Laid Plans","Die Die Die","Acrobatics","Noxious Fumes","Deflect","Footwork+1","Cloak And Dagger+1"],"relics":["Black Star","Gremlin Horn","Mercury Hourglass","The Specimen","MealTicket","Darkstone Periapt","Lantern","Blood Vial","Golden Idol","SlaversCollar"],"acts_visited":["Exordium","TheCity"],"potions_floor_usage":[8,8,10,24,24],"damage_taken":[{"damage":0.0,"enemies":"Jaw Worm","floor":1.0,"turns":6.0},{"damage":5.0,"enemies":"Cultist","floor":3.0,"turns":5.0},{"damage":12.0,"enemies":"Small Slimes","floor":4.0,"turns":4.0},{"damage":19.0,"enemies":"Gremlin Nob","floor":6.0,"turns":4.0},{"damage":27,"enemies":"Lagavulin","floor":8,"turns":6},{"damage":10,"enemies":"3 Sentries","floor":10,"turns":4},{"damage":1,"enemies":"2 Fungi Beasts","floor":14,"turns":2},{"damage":12,"enemies":"Slime Boss","floor":16,"turns":7},{"damage":23,"enemies":"2 Thieves","floor":18,"turns":3},{"damage":25,"enemies":"Shell Parasite","floor":22,"turns":7},{"damage":45,"enemies":"Book of Stabbing","floor":24,"turns":5}],"seed_played":"5475060888868481283","potions_obtained":[{"floor":2.0,"key":"ColorlessPotion"},{"floor":2.0,"key":"FearPotion"},{"floor":4.0,"key":"Regen Potion"},{"floor":6.0,"key":"Explosive Potion"},{"floor":14,"key":"Weak Potion"},{"floor":22,"key":"Regen Potion"}],"is_trial":false,"path_per_floor":["M","?","M","M","$","E","R","E","T","E","R","?","$","M","R","B",null,"M","$","?","?","M","R","E"],"character_chosen":"THE_SILENT","items_purchased":["Blade Dance","Infinite Blades","Noxious Fumes","Deflect"],"campfire_rested":1,"item_purchase_floors":[5,13,19,19],"current_hp_per_floor":[63,63,58,46,46,27,27,15,15,5,26,26,41,42,42,32,57,36,51,51,51,28,28,0,0],"gold":227,"neow_bonus":"BOSS_RELIC","is_daily":false,"chose_seed":false,"campfire_upgraded":3,"win_rate":0.0,"timestamp":1614008463,"path_taken":["M","?","M","M","?","E","R","E","T","E","R","?","$","M","R","BOSS","M","$","?","?","M","R","E"],"items_purchased_type":["Card","Card","Card","Card"],"build_version":"2020-12-22","purchased_purges":1,"victory":false,"max_hp_per_floor":[70,70,70,70,70,70,70,70,70,70,70,65,65,65,65,65,65,65,65,65,65,65,65,65,65],"card_choices":[{"not_picked":["Acrobatics","Crippling Poison"],"picked":"Deadly Poison","floor":1.0},{"not_picked":["Choke","Acrobatics"],"picked":"Poisoned Stab","floor":3.0},{"not_picked":["Quick Slash","Prepared"],"picked":"Flying Knee","floor":4.0},{"not_picked":["Sucker Punch","Riddle With Holes"],"picked":"All Out Attack","floor":6.0},{"not_picked":["Blade Dance","Slice"],"picked":"Noxious Fumes","floor":8},{"not_picked":["Sucker Punch","Tools of the Trade","Underhanded Strike"],"picked":"SKIP","floor":10},{"not_picked":["Flying Knee","Dodge and Roll"],"picked":"Well Laid Plans","floor":14},{"not_picked":["Unload","Venomology"],"picked":"Die Die Die","floor":16},{"not_picked":["Blade Dance","Poisoned Stab"],"picked":"Acrobatics","floor":18},{"not_picked":["Poisoned Stab","Eviscerate"],"picked":"Cloak And Dagger+1","floor":22}],"player_experience":115503,"relics_obtained":[{"floor":6.0,"key":"Gremlin Horn"},{"floor":6.0,"key":"Mercury Hourglass"},{"floor":8,"key":"The Specimen"},{"floor":8,"key":"MealTicket"},{"floor":9,"key":"Darkstone Periapt"},{"floor":10,"key":"Lantern"},{"floor":10,"key":"Blood Vial"}],"event_choices":[{"damage_healed":0.0,"max_hp_gain":0.0,"max_hp_loss":0.0,"gold_gain":0.0,"event_name":"The Woman in Blue","player_choice":"Bought 2 Potions","floor":2.0,"gold_loss":0.0,"damage_taken":0.0},{"damage_healed":0,"gold_gain":0,"player_choice":"Lose Max HP","damage_taken":0,"relics_obtained":["Golden Idol"],"max_hp_gain":0,"max_hp_loss":5,"event_name":"Golden Idol","floor":12,"gold_loss":0},{"damage_healed":0,"gold_gain":0,"player_choice":"Read","damage_taken":0,"max_hp_gain":0,"max_hp_loss":0,"event_name":"The Library","floor":20,"gold_loss":0,"cards_obtained":["Footwork"]},{"damage_healed":0,"gold_gain":99,"player_choice":"Stole From Cult","damage_taken":0,"max_hp_gain":0,"max_hp_loss":0,"event_name":"Nest","floor":21,"gold_loss":0}],"is_beta":false,"boss_relics":[{"not_picked":["Runic Pyramid","Velvet Choker"],"picked":"SlaversCollar"}],"items_purged_floors":[13],"is_endless":false,"potions_floor_spawned":[4,6,14,22],"killed_by":"Book of Stabbing","ascension_level":6}}