{"host":"04hh9gplt9wkfmr1","time":1614012304,"event":{"mods":["AchievementEnabler","BaseMod","Colored Map","KOR Keyword Fix","Minty Spire (QoL Compilation)","Rare Cards Sparkle","SuperFastMode"],"gold_per_floor":[111,131,147,160,175,202,202,233,281,281,291,291,316,336,336,441,441,454,454,454,469,568,602,602,612,637,637,671,430,430,430,430,533,533,543,543,53,104,0,0,26,26,26,26,39,39,56,67,67,67],"floor_reached":51,"language":"KOR","playtime":1202,"items_purged":["Defend_R","Defend_R"],"score":984,"play_id":"85b8d56e-296c-46d3-804a-c43410fa1140","local_time":"20210223014504","is_ascension_mode":true,"campfire_choices":[{"data":"Perfected Strike","floor":7.0,"key":"SMITH"},{"floor":10.0,"key":"REST"},{"data":"Perfected Strike","floor":12.0,"key":"SMITH"},{"data":"Inflame","floor":15.0,"key":"SMITH"},{"data":"Berserk","floor":24.0,"key":"SMITH"},{"data":"Bash","floor":27.0,"key":"SMITH"},{"data":"Offering","floor":30.0,"key":"SMITH"},{"data":"J.A.X.","floor":32.0,"key":"SMITH"},{"data":"Armaments","floor":40.0,"key":"SMITH"},{"data":"Feed","floor":42.0,"key":"SMITH"},{"data":"Metallicize","floor":44.0,"key":"SMITH"},{"data":"Exhume","floor":46.0,"key":"SMITH"},{"data":"Exhume","floor":49.0,"key":"SMITH"}],"circlet_count":0,"master_deck":["Strike_R","Strike_R","Strike_R","Strike_R","Strike_R","Defend_R","Bash+1","Perfected Strike+1","Inflame+1","Twin Strike+1","Perfected Strike+1","Twin Strike","Berserk+1","Headbutt+1","Ghostly+1","Ghostly","Ghostly","Ghostly","Ghostly","Twin Strike+1","Offering+1","Rage+1","J.A.X.+1","Feed+1","Armaments+1","Exhume+1","Exhume+1","Metallicize+1","Dual Wield+1"],"relics":["Burning Blood","Happy Flower","The Courier","Regal Pillow","Omamori","Velvet Choker","StrikeDummy","Toy Ornithopter","Whetstone","War Paint","Calling Bell","Strawberry","Molten Egg 2","Charon\u0027s Ashes","Nunchaku","Pocketwatch","Red Mask","Shuriken","Bottled Lightning"],"acts_visited":["Exordium","TheCity","TheBeyond","TheBeyond"],"potions_floor_usage":[50,50,50],"damage_taken":[{"damage":1.0,"enemies":"Cultist","floor":1.0,"turns":4.0},{"damage":9.0,"enemies":"2 Louse","floor":2.0,"turns":4.0},{"damage":20.0,"enemies":"Small Slimes","floor":3.0,"turns":6.0},{"damage":9.0,"enemies":"3 Louse","floor":4.0,"turns":3.0},{"damage":16.0,"enemies":"Blue Slaver","floor":5.0,"turns":4.0},{"damage":30.0,"enemies":"Lagavulin","floor":6.0,"turns":6.0},{"damage":16.0,"enemies":"Gremlin Nob","floor":8.0,"turns":3.0},{"damage":13.0,"enemies":"Large Slime","floor":11.0,"turns":5.0},{"damage":1.0,"enemies":"2 Fungi Beasts","floor":14.0,"turns":3.0},{"damage":20.0,"enemies":"Slime Boss","floor":16.0,"turns":8.0},{"damage":17.0,"enemies":"3 Byrds","floor":18.0,"turns":4.0},{"damage":2.0,"enemies":"Chosen","floor":21.0,"turns":5.0},{"damage":7.0,"enemies":"Gremlin Leader","floor":23.0,"turns":7.0},{"damage":20.0,"enemies":"Shelled Parasite and Fungi","floor":25.0,"turns":4.0},{"damage":9.0,"enemies":"Book of Stabbing","floor":28.0,"turns":5.0},{"damage":29.0,"enemies":"Collector","floor":33.0,"turns":7.0},{"damage":10.0,"enemies":"3 Darklings","floor":35.0,"turns":6.0},{"damage":7.0,"enemies":"2 Orb Walkers","floor":38.0,"turns":5.0},{"damage":4.0,"enemies":"Nemesis","floor":41.0,"turns":7.0},{"damage":2.0,"enemies":"3 Shapes","floor":45.0,"turns":2.0},{"damage":5.0,"enemies":"Sphere and 2 Shapes","floor":47.0,"turns":4.0},{"damage":4.0,"enemies":"4 Shapes","floor":48.0,"turns":4.0},{"damage":51,"enemies":"Awakened One","floor":50,"turns":11}],"seed_played":"-9199032551744807532","potions_obtained":[{"floor":4.0,"key":"SkillPotion"},{"floor":6.0,"key":"BloodPotion"},{"floor":8.0,"key":"PowerPotion"},{"floor":11.0,"key":"CultistPotion"},{"floor":23.0,"key":"DistilledChaos"},{"floor":28.0,"key":"Block Potion"},{"floor":38.0,"key":"ColorlessPotion"},{"floor":41.0,"key":"Ancient Potion"},{"floor":45.0,"key":"PowerPotion"}],"is_trial":false,"path_per_floor":["M","M","M","M","M","E","R","E","T","R","M","R","T","M","R","B",null,"M","?","?","M","?","E","R","M","T","R","E","$","R","?","R","B",null,"M","?","$","?","?","R","E","R","T","R","M","R","M","M","R","B",null],"character_chosen":"IRONCLAD","items_purchased":["Rage","War Paint","Armaments","Exhume","Exhume","Nunchaku","Metallicize"],"campfire_rested":1,"item_purchase_floors":[29,29,37,37,37,37,37],"current_hp_per_floor":[85,82,68,65,55,31,31,21,21,62,72,72,72,77,77,63,82,71,54,46,46,46,45,45,31,31,31,28,28,28,28,28,15,51,47,47,47,46,46,46,51,51,51,51,55,55,60,68,68,27],"gold":67,"neow_bonus":"TEN_PERCENT_HP_BONUS","is_daily":false,"chose_seed":false,"campfire_upgraded":12,"win_rate":0.0,"timestamp":1614012304,"path_taken":["M","M","M","M","M","E","R","E","T","R","M","R","?","M","R","BOSS","M","?","?","M","?","E","R","M","T","R","E","?","R","?","R","BOSS","M","?","$","?","?","R","E","R","T","R","M","R","M","M","R","BOSS"],"items_purchased_type":["Card","Relic","Card","Card","Card","Relic","Card"],"build_version":"2020-12-22","purchased_purges":2,"victory":true,"max_hp_per_floor":[88,88,88,88,88,88,88,88,88,88,88,88,88,88,88,88,88,88,93,46,46,46,46,46,46,46,46,46,46,46,46,46,46,53,53,53,53,53,53,53,56,56,56,56,56,56,60,68,68,72],"card_choices":[{"not_picked":["Havoc","Cleave","Wild Strike"],"picked":"SKIP","floor":1.0},{"not_picked":["Havoc","Shrug It Off","Power Through"],"picked":"SKIP","floor":2.0},{"not_picked":["Flex","Dropkick"],"picked":"Perfected Strike","floor":3.0},{"not_picked":["Ghostly Armor","Clothesline"],"picked":"Inflame","floor":4.0},{"not_picked":["Juggernaut","Combust"],"picked":"Twin Strike","floor":5.0},{"not_picked":["Blood for Blood","Wild Strike","Anger"],"picked":"SKIP","floor":6.0},{"not_picked":["Intimidate","True Grit"],"picked":"Perfected Strike","floor":8.0},{"not_picked":["Sword Boomerang","Brutality","Flex"],"picked":"SKIP","floor":11.0},{"not_picked":["Inflame","Pummel"],"picked":"Twin Strike","floor":14.0},{"not_picked":["Fiend Fire","Impervious"],"picked":"Berserk","floor":16.0},{"not_picked":["Cleave+1","Ghostly Armor+1"],"picked":"Headbutt+1","floor":18.0},{"not_picked":["Sword Boomerang","Body Slam","Cleave+1"],"picked":"SKIP","floor":21.0},{"not_picked":["Anger","Body Slam+1"],"picked":"Twin Strike","floor":23.0},{"not_picked":["Thunderclap+1","Anger","True Grit"],"picked":"SKIP","floor":25.0},{"not_picked":["Evolve","Limit Break"],"picked":"Offering","floor":28.0},{"not_picked":["Fiend Fire","Corruption"],"picked":"Feed","floor":33.0},{"not_picked":["Fire Breathing+1","Shrug It Off+1","Dark Embrace+1"],"picked":"SKIP","floor":35.0},{"not_picked":["Havoc+1","Cleave+1","Anger+1"],"picked":"SKIP","floor":41.0},{"not_picked":["Second Wind+1","Rupture","Intimidate+1"],"picked":"SKIP","floor":45.0},{"not_picked":["Cleave+1","Fire Breathing"],"picked":"Dual Wield+1","floor":47.0},{"not_picked":["Shockwave","Warcry+1","Body Slam+1"],"picked":"SKIP","floor":48.0}],"player_experience":171832,"relics_obtained":[{"floor":6.0,"key":"Happy Flower"},{"floor":8.0,"key":"The Courier"},{"floor":9.0,"key":"Regal Pillow"},{"floor":13.0,"key":"Omamori"},{"floor":23.0,"key":"StrikeDummy"},{"floor":26.0,"key":"Toy Ornithopter"},{"floor":28.0,"key":"Whetstone"},{"floor":34.0,"key":"Strawberry"},{"floor":34.0,"key":"Molten Egg 2"},{"floor":34.0,"key":"Charon\u0027s Ashes"},{"floor":38.0,"key":"Pocketwatch"},{"floor":41.0,"key":"Shuriken"},{"floor":43.0,"key":"Bottled Lightning"}],"event_choices":[{"damage_healed":0.0,"max_hp_gain":5.0,"max_hp_loss":0.0,"gold_gain":0.0,"event_name":"Forgotten Altar","player_choice":"Shed Blood","floor":19.0,"gold_loss":0.0,"damage_taken":22.0},{"damage_healed":0.0,"max_hp_gain":0.0,"max_hp_loss":47.0,"gold_gain":0.0,"event_name":"Ghosts","player_choice":"Became a Ghost","floor":20.0,"gold_loss":0.0,"damage_taken":0.0,"cards_obtained":["Ghostly","Ghostly","Ghostly","Ghostly","Ghostly"]},{"damage_healed":0.0,"max_hp_gain":0.0,"max_hp_loss":0.0,"gold_gain":99.0,"event_name":"Nest","player_choice":"Stole From Cult","floor":22.0,"gold_loss":0.0,"damage_taken":0.0},{"damage_healed":0.0,"max_hp_gain":0.0,"max_hp_loss":0.0,"gold_gain":0.0,"event_name":"Drug Dealer","player_choice":"Obtain J.A.X.","floor":31.0,"gold_loss":0.0,"damage_taken":0.0,"cards_obtained":["J.A.X."]},{"cards_removed":["Defend_R"],"damage_healed":0.0,"max_hp_gain":0.0,"max_hp_loss":0.0,"gold_gain":0.0,"event_name":"Falling","player_choice":"Removed Skill","floor":36.0,"gold_loss":0.0,"damage_taken":0.0},{"damage_healed":0.0,"max_hp_gain":0.0,"max_hp_loss":0.0,"gold_gain":0.0,"event_name":"Mysterious Sphere","player_choice":"Fight","floor":38.0,"gold_loss":0.0,"damage_taken":0.0},{"damage_healed":0.0,"max_hp_gain":0.0,"max_hp_loss":0.0,"gold_gain":0.0,"event_name":"Tomb of Lord Red Mask","player_choice":"Paid","floor":39.0,"gold_loss":104.0,"damage_taken":0.0,"relics_obtained":["Red Mask"]}],"is_beta":false,"boss_relics":[{"not_picked":["Mark of Pain","Astrolabe"],"picked":"Velvet Choker"},{"not_picked":["Runic Cube","Fusion Hammer"],"picked":"Calling Bell"}],"items_purged_floors":[29,37],"is_endless":false,"potions_floor_spawned":[4,6,8,11,23,28,38,41,45],"ascension_level":7}}