{"host":"luxqpzmfgmumo25y","time":1614036181,"event":{"mods":["BaseMod","Colored Map","Colored Powertips","DeckTracker","Downfall","Googly Eyes","Minty Spire (QoL Compilation)","StSLib"],"gold_per_floor":[99,118,180,180,193,205,255,273,36,36,36,66,77,94,106,206,206,206,47,58,73,88,105,105,105,105,105,105,105,124,24,38,38,38,38],"floor_reached":33,"language":"ENG","playtime":2590,"items_purged":["downfall:Malfunctioning","Bite"],"score":276,"play_id":"af9a4085-9529-403b-b232-60d6e3634749","local_time":"20210223002301","is_ascension_mode":false,"campfire_choices":[{"floor":11.0,"key":"REST"},{"data":"sneckomod:Mudshield","floor":18.0,"key":"SMITH"},{"floor":25.0,"key":"REST"},{"data":"sneckomod:CheapStock","floor":27.0,"key":"SMITH"},{"data":"sneckomod:Cheat","floor":29.0,"key":"SMITH"}],"circlet_count":0,"master_deck":["sneckomod:Defend+1","sneckomod:Defend","sneckomod:Defend+1","sneckomod:TailWhip","sneckomod:SnekBite","sneckomod:Unknown","Corpse Explosion","sneckomod:SlitherStrike","sneckomod:WideSting","sneckomod:UnknownBlock","sneckomod:Unknown3Cost","sneckomod:IronFang","sneckomod:SnakeSap","sneckomod:Unknown2Cost+1","sneckomod:Unknown1Cost+1","sneckomod:Unknown0Cost+1","sneckomod:Cheat+1","sneckomod:Mudshield+1","sneckomod:ImprovisedAttack","sneckomod:UnknownCommonSkill+1","sneckomod:IronFang","sneckomod:SnekBeam+1","sneckomod:CheapStock+1","Bite","Bite","Bite","Bite","sneckomod:UnknownRarePower+1","sneckomod:Unknown0Cost+1","sneckomod:SerpentIdol+1"],"relics":["sneckomod:SneckoSoul","Boot","Bag of Marbles","sneckomod:LoadedDie","Question Card","sneckomod:UnknownEgg","SlaversCollar","Membership Card","Sundial"],"acts_visited":["Exordium","TheCity"],"potions_floor_usage":[33,33],"damage_taken":[{"damage":6.0,"enemies":"2 Louse","floor":2.0,"turns":2.0},{"damage":0.0,"enemies":"3 Sentries","floor":3.0,"turns":2.0},{"damage":10.0,"enemies":"Small Slimes","floor":5.0,"turns":3.0},{"damage":11.0,"enemies":"Jaw Worm","floor":6.0,"turns":3.0},{"damage":30.0,"enemies":"Exordium Thugs","floor":8.0,"turns":3.0},{"damage":5.0,"enemies":"downfall:FleeingMerchant","floor":9.0,"turns":4.0},{"damage":1.0,"enemies":"Lagavulin","floor":12.0,"turns":6.0},{"damage":13.0,"enemies":"Gremlin Gang","floor":13.0,"turns":2.0},{"damage":10.0,"enemies":"downfall:LooterAlt","floor":14.0,"turns":2.0},{"damage":0.0,"enemies":"Blue Slaver","floor":15.0,"turns":3.0},{"damage":10.0,"enemies":"DF_ARCHETYPE_STREAMLINE","floor":16.0,"turns":11.0},{"damage":3.0,"enemies":"downfall:FleeingMerchant","floor":19.0,"turns":4.0},{"damage":16.0,"enemies":"Shell Parasite","floor":20.0,"turns":6.0},{"damage":16.0,"enemies":"downfall:LooterAlt2","floor":21.0,"turns":3.0},{"damage":25.0,"enemies":"Chosen and Byrds","floor":22.0,"turns":8.0},{"damage":20.0,"enemies":"Snake Plant","floor":23.0,"turns":4.0},{"damage":37.0,"enemies":"Sentry and Sphere","floor":30.0,"turns":9.0},{"damage":20.0,"enemies":"downfall:FleeingMerchant","floor":31.0,"turns":4.0},{"damage":16,"enemies":"Chosen and Byrds","floor":32,"turns":6},{"damage":24,"enemies":"SI_MIRROR_ARCHETYPE","floor":33,"turns":4}],"seed_played":"8149429624385857175","potions_obtained":[{"floor":2.0,"key":"DistilledChaos"},{"floor":3.0,"key":"BlessingOfTheForge"},{"floor":13.0,"key":"BlessingOfTheForge"},{"floor":14.0,"key":"BlessingOfTheForge"},{"floor":16.0,"key":"Fire Potion"},{"floor":20.0,"key":"Block Potion"},{"floor":22.0,"key":"CultistPotion"},{"floor":32,"key":"BlessingOfTheForge"}],"is_trial":false,"path_per_floor":["R","M","?","?","M","M","T","M","$","T","R","E","M","M","M","B",null,"R","$","M","M","M","M","T","R","?","R","?","R","M","$","M","B"],"character_chosen":"THE_SNECKO","items_purchased":["sneckomod:LoadedDie","Membership Card","sneckomod:Unknown0Cost+1"],"campfire_rested":2,"item_purchase_floors":[9,19,31],"current_hp_per_floor":[99,93,93,93,83,72,72,42,37,37,66,65,52,42,42,32,99,99,96,80,64,39,19,19,48,81,81,69,69,36,25,15,0,0,0],"gold":38,"neow_bonus":"TEN_PERCENT_HP_BONUS","is_daily":false,"chose_seed":false,"campfire_upgraded":3,"win_rate":0.0,"timestamp":1614036181,"path_taken":["R","M","?","?","M","M","T","M","$","?","R","E","M","?","M","BOSS","R","$","M","?","M","M","T","R","?","R","?","R","M","$","M","BOSS"],"items_purchased_type":["Relic","Relic","Card"],"build_version":"2020-12-22","purchased_purges":2,"victory":false,"max_hp_per_floor":[99,99,99,99,99,99,99,99,99,99,99,99,99,99,99,99,99,99,99,99,99,99,99,99,99,99,99,69,69,69,69,69,69,69,69],"card_choices":[{"not_picked":["sneckomod:DiceCrush","sneckomod:QuickBite"],"picked":"sneckomod:SlitherStrike","floor":2.0},{"not_picked":["sneckomod:SoulDraw","sneckomod:DiceBlock"],"picked":"sneckomod:WideSting","floor":5.0},{"not_picked":["sneckomod:UnknownVulnerable","sneckomod:CheapStock"],"picked":"sneckomod:UnknownBlock","floor":6.0},{"not_picked":["sneckomod:MasterEye","sneckomod:UnknownDraw"],"picked":"sneckomod:Unknown3Cost","floor":8.0},{"not_picked":["sneckomod:UnknownCommonAttack","sneckomod:Nope"],"picked":"sneckomod:IronFang","floor":9.0},{"not_picked":["sneckomod:SerpentIdol","sneckomod:SlitherStrike","sneckomod:DiceBlock"],"picked":"sneckomod:SnakeSap","floor":12.0},{"not_picked":["sneckomod:DiceCrush","sneckomod:SoulDraw","sneckomod:SoulRoll"],"picked":"sneckomod:Unknown2Cost+1","floor":13.0},{"not_picked":["sneckomod:UnknownCommonSkill+1","sneckomod:SoulExchange","sneckomod:DiceCrush"],"picked":"sneckomod:Unknown1Cost+1","floor":14.0},{"not_picked":["sneckomod:QuickMove","sneckomod:ImprovisedAttack","sneckomod:UnknownCommonSkill+1"],"picked":"sneckomod:Unknown0Cost+1","floor":14.0},{"not_picked":["sneckomod:SoulDraw","sneckomod:UnknownBlock+1","sneckomod:DefensiveFlair"],"picked":"sneckomod:Cheat","floor":15.0},{"not_picked":["sneckomod:Restock","sneckomod:UnknownRareSkill+1","sneckomod:SoulExchange"],"picked":"sneckomod:Mudshield","floor":16.0},{"not_picked":["sneckomod:UnknownVulnerable+1","sneckomod:UnknownUncommonPower+1","sneckomod:SnakeSap"],"picked":"sneckomod:ImprovisedAttack","floor":19.0},{"not_picked":["sneckomod:DiceCrush","sneckomod:UnknownDraw+1","sneckomod:SoulDraw"],"picked":"sneckomod:UnknownCommonSkill+1","floor":20.0},{"not_picked":["sneckomod:Nope+1","sneckomod:UnknownWeak+1","sneckomod:UnknownUncommonSkill+1"],"picked":"sneckomod:IronFang","floor":21.0},{"not_picked":["sneckomod:Unknown2Cost+1","sneckomod:DiceBlock","sneckomod:UnknownUncommonAttack+1"],"picked":"sneckomod:SnekBeam+1","floor":22.0},{"not_picked":["sneckomod:SnakeSap","sneckomod:DefensiveFlair","sneckomod:Unknown2Cost+1"],"picked":"sneckomod:CheapStock","floor":23.0},{"not_picked":["sneckomod:Unknown2Cost+1","sneckomod:UnknownClassGREEN+1","sneckomod:IronFang"],"picked":"sneckomod:UnknownRarePower+1","floor":30.0},{"not_picked":["sneckomod:SerpentMind","sneckomod:DangerNoodle","sneckomod:SoulDraw+1","sneckomod:SnekBeam"],"picked":"SKIP","floor":31.0},{"not_picked":["sneckomod:UnknownClassHEXA_GHOST_PURPLE+1","sneckomod:DiceBlock+1","sneckomod:Unknown1Cost+1"],"picked":"sneckomod:SerpentIdol+1","floor":32}],"player_experience":224077,"relics_obtained":[{"floor":3.0,"key":"Boot"},{"floor":7.0,"key":"Bag of Marbles"},{"floor":10.0,"key":"Question Card"},{"floor":12.0,"key":"sneckomod:UnknownEgg"},{"floor":24.0,"key":"Sundial"}],"event_choices":[{"damage_healed":33.0,"max_hp_gain":0.0,"max_hp_loss":0.0,"gold_gain":0.0,"event_name":"The Library","player_choice":"Heal","floor":26.0,"gold_loss":0.0,"damage_taken":0.0},{"damage_healed":0.0,"max_hp_gain":0.0,"max_hp_loss":30.0,"gold_gain":0.0,"event_name":"Vampires","player_choice":"Became a vampire","floor":28.0,"gold_loss":0.0,"damage_taken":0.0,"cards_obtained":["Bite","Bite","Bite","Bite","Bite"]}],"is_beta":false,"boss_relics":[{"not_picked":["SacredBark","Coffee Dripper"],"picked":"SlaversCollar"}],"items_purged_floors":[9,31],"is_endless":false,"potions_floor_spawned":[2,3,13,14,16,20,22,32],"killed_by":"SI_MIRROR_ARCHETYPE","ascension_level":0}}