{"host":"og21o26alpnbwmz8","time":1614037796,"event":{"mods":["2.2 Compatiblity","Act Like it!","Aspiration","BaseMod","Conspire","Downfall","Gensokyo","GungeonMod","Halation","Hubris","Jedi Mod","Mimic Mod","Minty Spire (QoL Compilation)","Pale of the Ancients","Reliquary","Replay The Spire","Shop Mod","Spikes Relics","StSLib","The Alterego","The Animator","The Blue Laboratory","The Bug Knight","The Exalted","The Marked","The Poker Player","Waifu the Spire","Yuri Mod"],"gold_per_floor":[197,211,230,240,240,253,253,268,287,314,334,134,134,134,153,153,153,153],"floor_reached":16,"language":"ENG","playtime":702,"items_purged":[],"score":106,"play_id":"84e9704a-06d1-4faf-8a8c-f8861af639ac","local_time":"20210222184956","is_ascension_mode":false,"campfire_choices":[{"data":"Guardian:TwinSlam","floor":12,"key":"SMITH"}],"circlet_count":0,"master_deck":["Guardian:Strike_Guardian","Guardian:Strike_Guardian","Guardian:Defend_Guardian","Guardian:Defend_Guardian","Guardian:Defend_Guardian","Guardian:Defend_Guardian","Guardian:CurlUp","Guardian:TwinSlam+1","Guardian:RollAttack","Guardian:Gem_Synthetic","Guardian:PiercingHide"],"relics":["Guardian:ModeShifter","Calipers","downfall:HeartBlessingGreen","downfall:HeartBlessingBlue","Guardian:PickAxe"],"acts_visited":["Exordium"],"potions_floor_usage":[10],"damage_taken":[{"damage":1,"enemies":"Cultist","floor":2,"turns":4},{"damage":2,"enemies":"Small Slimes","floor":3,"turns":6},{"damage":0,"enemies":"2 Louse","floor":4,"turns":2},{"damage":12,"enemies":"Exordium Thugs","floor":6,"turns":7},{"damage":4,"enemies":"2 Fungi Beasts","floor":8,"turns":4},{"damage":24,"enemies":"Large Slime","floor":9,"turns":7},{"damage":20,"enemies":"3 Sentries","floor":10,"turns":9},{"damage":2,"enemies":"downfall:LooterAlt","floor":11,"turns":4},{"damage":11,"enemies":"downfall:LooterAlt","floor":13,"turns":5},{"damage":0,"enemies":"3 Louse","floor":15,"turns":4},{"damage":20,"enemies":"IC_STATUS_ARCHETYPE","floor":16,"turns":8}],"seed_played":"-6008448816522021369","potions_obtained":[{"floor":2,"key":"blueLaboratory:TrueEctoplasm"},{"floor":3,"key":"champ:CounterPotion"},{"floor":11,"key":"LiquidBronze"},{"floor":15,"key":"blueLaboratory:BubblePotion"}],"is_trial":false,"path_per_floor":["R","M","M","M","?","M","T","M","M","E","M","R","?","?","M","B"],"character_chosen":"GUARDIAN","items_purchased":[],"campfire_rested":0,"item_purchase_floors":[],"current_hp_per_floor":[80,79,77,77,77,65,65,61,37,17,15,25,14,14,14,0,0,0],"gold":153,"neow_bonus":"REMOVE_CARD","is_daily":false,"chose_seed":false,"campfire_upgraded":1,"win_rate":0.0,"timestamp":1614037796,"path_taken":["R","M","M","M","?","M","T","M","?","E","M","R","?","?","M","BOSS"],"items_purchased_type":[],"build_version":"2020-12-22","purchased_purges":0,"victory":false,"max_hp_per_floor":[80,80,80,80,80,80,80,80,80,80,80,90,90,90,90,90,90,90],"card_choices":[{"not_picked":["Guardian:TemporalShield","Guardian:Gem_Green"],"picked":"Guardian:Gem_Red","floor":2},{"not_picked":["Guardian:PrismaticBarrier","Guardian:PrimingBeam"],"picked":"Guardian:Gem_Synthetic","floor":3},{"not_picked":["Guardian:TimeBomb","Guardian:TemporalShield","Guardian:Gem_Green"],"picked":"SKIP","floor":4},{"not_picked":["Guardian:BronzeArmor","Guardian:PiercingHide"],"picked":"Guardian:RollAttack","floor":6},{"not_picked":["Guardian:WalkerClaw","Guardian:BodySlam"],"picked":"Guardian:Gem_Lightblue","floor":8},{"not_picked":["Guardian:PrismaticBarrier","Guardian:Gem_Crimson","Guardian:Repulse"],"picked":"SKIP","floor":9},{"not_picked":["Guardian:Recover","Guardian:WalkerClaw"],"picked":"Guardian:Gem_Cyan","floor":10},{"not_picked":["Guardian:BronzeArmor","Guardian:DonusPower","Guardian:WalkerClaw"],"picked":"SKIP","floor":11},{"not_picked":["Guardian:CrystalBeam","Guardian:ShieldCharger"],"picked":"Guardian:PiercingHide","floor":15}],"player_experience":434326,"relics_obtained":[{"floor":10,"key":"Calipers"}],"event_choices":[{"cards_removed":["Guardian:Strike_Guardian"],"damage_healed":0,"gold_gain":0,"player_choice":"Card Removal","damage_taken":0,"max_hp_gain":0,"max_hp_loss":0,"event_name":"The Cleric","floor":14,"gold_loss":0}],"is_beta":false,"boss_relics":[],"items_purged_floors":[],"is_endless":false,"potions_floor_spawned":[2,3,11,15],"killed_by":"IC_STATUS_ARCHETYPE","ascension_level":0}}