{"host":"a6m4v7p1efmaozv7","time":1614014870,"event":{"mods":["BaseMod","Colored Map","Colored Powertips","DeckTracker","Keyboard Shortcuts","Minty Spire (QoL Compilation)","Permanent Neow","Relic Stats","StSLib","SuperFastMode"],"gold_per_floor":[110,137,147,147,157,157,172,172,172,35,35,35,61,61,61,61,61],"floor_reached":16,"language":"ENG","playtime":260,"items_purged":["Strike_G"],"score":196,"play_id":"7e44247a-a005-4f60-9ef5-598e5c51e766","local_time":"20210223022750","is_ascension_mode":true,"campfire_choices":[{"data":"Neutralize","floor":6.0,"key":"SMITH"},{"data":"All Out Attack","floor":8.0,"key":"SMITH"},{"data":"Masterful Stab","floor":12.0,"key":"SMITH"},{"floor":15.0,"key":"REST"}],"circlet_count":0,"master_deck":["AscendersBane","Strike_G","Strike_G","Defend_G","Defend_G","Defend_G","Defend_G","Survivor","Neutralize+1","Masterful Stab+1","Outmaneuver","Crippling Poison","Deadly Poison","All Out Attack+1","Finesse","After Image","Escape Plan"],"relics":["Ring of the Snake","Bag of Marbles","The Courier","HornCleat"],"acts_visited":["Exordium"],"potions_floor_usage":[16,16],"damage_taken":[{"damage":1.0,"enemies":"Cultist","floor":1.0,"turns":4.0},{"damage":0.0,"enemies":"Small Slimes","floor":3.0,"turns":2.0},{"damage":9.0,"enemies":"Jaw Worm","floor":5.0,"turns":4.0},{"damage":0.0,"enemies":"2 Fungi Beasts","floor":7.0,"turns":2.0},{"damage":5.0,"enemies":"3 Sentries","floor":13.0,"turns":4.0},{"damage":35,"enemies":"Slime Boss","floor":16,"turns":11}],"seed_played":"-5951829815412624323","potions_obtained":[{"floor":3.0,"key":"Poison Potion"},{"floor":13.0,"key":"Explosive Potion"}],"is_trial":false,"path_per_floor":["M","T","M","?","M","R","M","R","T","$","?","R","E","$","R","B"],"character_chosen":"THE_SILENT","items_purchased":["Finesse"],"campfire_rested":1,"item_purchase_floors":[10],"current_hp_per_floor":[43,43,43,36,27,27,27,27,27,27,27,27,22,22,41,6,6],"gold":61,"neow_bonus":"TRANSFORM_TWO_CARDS","is_daily":false,"chose_seed":false,"campfire_upgraded":3,"win_rate":0.0,"timestamp":1614014870,"path_taken":["M","?","M","?","M","R","M","R","T","?","?","R","E","$","R","BOSS"],"items_purchased_type":["Card"],"build_version":"2020-12-22","purchased_purges":1,"victory":false,"max_hp_per_floor":[66,66,66,66,66,66,66,66,66,66,66,66,66,66,66,66,66],"relic_stats":{"counters":[6,27],"obtain_stats":[{"HornCleat":13,"The Courier":9,"Bag of Marbles":2,"Ring of the Snake":0},{"HornCleat":5,"The Courier":4,"Bag of Marbles":1,"Ring of the Snake":0},{"HornCleat":16,"The Courier":12,"Bag of Marbles":4,"Ring of the Snake":0}],"Ring of the Snake":[12]},"card_choices":[{"not_picked":["Cloak And Dagger","Quick Slash"],"picked":"Crippling Poison","floor":1.0},{"not_picked":["Dagger Throw","Outmaneuver","Crippling Poison"],"picked":"SKIP","floor":3.0},{"not_picked":["Riddle With Holes","Poisoned Stab"],"picked":"Deadly Poison","floor":5.0},{"not_picked":["Prepared","Slice","All Out Attack"],"picked":"SKIP","floor":7.0},{"not_picked":["Prepared","Slice"],"picked":"All Out Attack","floor":7.0},{"not_picked":["Dagger Spray","Flechettes"],"picked":"Escape Plan","floor":13.0}],"player_experience":2022308,"relics_obtained":[{"floor":2.0,"key":"Bag of Marbles"},{"floor":9.0,"key":"The Courier"},{"floor":13.0,"key":"HornCleat"}],"event_choices":[{"cards_removed":["Strike_G"],"damage_healed":0.0,"max_hp_gain":0.0,"max_hp_loss":0.0,"gold_gain":0.0,"event_name":"Golden Wing","player_choice":"Card Removal","floor":4.0,"gold_loss":0.0,"damage_taken":7.0},{"damage_healed":0.0,"max_hp_gain":0.0,"max_hp_loss":0.0,"gold_gain":0.0,"event_name":"Match and Keep!","player_choice":"1 cards matched","floor":11.0,"gold_loss":0.0,"damage_taken":0.0,"cards_obtained":["After Image"]}],"is_beta":false,"boss_relics":[],"items_purged_floors":[10],"is_endless":false,"potions_floor_spawned":[3,13],"killed_by":"Slime Boss","ascension_level":20}}