{"host":"xc18ixkpjvqrt8st","time":1614015080,"event":{"mods":["Act Like it!","BaseMod","Better Match","Better Third Choice","Conspire","Hallownest","Hermit","Hubris","Jorbs\u0027s Wanderer Trilogy","Minty Spire (QoL Compilation)","Reliquary","Robot Space Explorer","Shade Mod","Shop Mod","Spicy Shops","Spire Arcade","StSLib","The Animator","The Jungle","The Sage"],"gold_per_floor":[22,22,38,38,38,38,38,75,124,124,148,166,166,41,41,139,139,168,178,178,178,193,193,193,193,193,223,223,27,37,37,37,37,37],"floor_reached":33,"language":"ENG","playtime":1356,"items_purged":[],"score":312,"play_id":"a3bafd50-26bc-49bc-a595-17f4849e15b5","local_time":"20210222113120","is_ascension_mode":true,"campfire_choices":[{"floor":6,"key":"RECALL"},{"floor":10,"key":"REST"},{"floor":15,"key":"REST"},{"floor":23,"key":"REST"},{"floor":28,"key":"REST"},{"floor":32,"key":"REST"}],"circlet_count":0,"master_deck":["animator:Strike","animator:Strike","animator:Strike","animator:Defend","animator:Defend","animator:Shinoa","animator:Mikaela","animator:Priestess","animator:Entoma+3","animator:Gillette","animator:Konayuki","animator:Konayuki","animator:Shichika","Normality","animator:ChaikaBohdan+1","animator:AcuraShin+1","animator:Urushihara+1","animator:LimeBell+1","animator:HigakiRinne+1","animator:CrowleyEusford+1","animator:Genos+1","animator:Konayuki","animator:Nanami","animator:TakanashiRikka","animator:CowGirl","hubris:NaturalOne"],"relics":["animator:LivingPicture","animator:TheMissingPiece","hubris:ToyBattleship","hubris:OldNail","Odd Mushroom","Molten Egg 2","Astrolabe","MutagenicStrength","hubris:Icosahedron","animator:WizardHat","Question Card"],"acts_visited":["Exordium","TheCity"],"potions_floor_usage":[16,19,27,31,31,33],"damage_taken":[{"damage":4,"enemies":"2 Louse","floor":1,"turns":4},{"damage":2,"enemies":"conspire:RoseBush","floor":3,"turns":3},{"damage":68,"enemies":"Gremlin Nob","floor":8,"turns":8},{"damage":21,"enemies":"The Mushroom Lair","floor":11,"turns":6},{"damage":0,"enemies":"Small Slimes","floor":12,"turns":5},{"damage":10,"enemies":"Slime Boss","floor":16,"turns":9},{"damage":11,"enemies":"conspire:FuzzyDice","floor":18,"turns":7},{"damage":35,"enemies":"Shell Parasite","floor":19,"turns":5},{"damage":13,"enemies":"Cultist and Chosen","floor":22,"turns":6},{"damage":43,"enemies":"conspire:Head Lice","floor":27,"turns":6},{"damage":18,"enemies":"conspire:HollyBat","floor":30,"turns":8},{"damage":0,"enemies":"3 Cultists","floor":31,"turns":2},{"damage":48,"enemies":"hubris:MusketHawk","floor":33,"turns":7}],"seed_played":"6011763533024643071","potions_obtained":[{"floor":3,"key":"FairyPotion"},{"floor":12,"key":"AttackPotion"},{"floor":16,"key":"AttackPotion"},{"floor":22,"key":"Fire Potion"},{"floor":27,"key":"PowerPotion"}],"is_trial":false,"path_per_floor":["M","?","M","$","?","R","$","E","T","R","?","M","?","$","R","B",null,"M","M","?","?","M","R","?","T","T","E","R","$","M","M","R","B"],"character_chosen":"THE_ANIMATOR","items_purchased":["Molten Egg 2","animator:ChaikaBohdan+1","animator:TakanashiRikka"],"campfire_rested":5,"item_purchase_floors":[14,14,29],"current_hp_per_floor":[74,74,72,72,72,72,72,4,4,27,6,8,8,8,32,25,83,72,37,37,37,24,48,75,75,75,32,56,56,39,41,66,18,18],"gold":37,"neow_bonus":"TWENTY_PERCENT_HP_BONUS","is_daily":false,"chose_seed":false,"campfire_upgraded":0,"win_rate":0.0,"timestamp":1614015080,"path_taken":["M","?","M","$","?","R","$","E","T","R","?","M","?","?","R","BOSS","M","M","?","?","M","R","?","?","T","E","R","?","?","M","R","BOSS"],"items_purchased_type":["Relic","Card","Card"],"build_version":"2020-12-22","purchased_purges":0,"victory":false,"max_hp_per_floor":[78,78,78,78,78,78,78,78,78,78,78,80,80,80,80,83,83,83,83,83,83,83,83,83,83,83,83,83,83,84,86,86,86,86],"card_choices":[{"not_picked":["animator:Guy","animator:NarberalGamma"],"picked":"animator:Priestess","floor":1},{"not_picked":["animator:MumenRider","animator:SilverFang"],"picked":"animator:Entoma","floor":3},{"not_picked":["animator:Shinoa","animator:Sonic"],"picked":"animator:Gillette","floor":8},{"not_picked":["animator:Togame","animator:Sebas"],"picked":"animator:Konayuki","floor":11},{"not_picked":["animator:Togame","animator:Azekura"],"picked":"animator:Konayuki","floor":12},{"not_picked":["animator:GoblinSlayer+1","animator:Albedo+1"],"picked":"animator:AcuraShin+1","floor":16},{"not_picked":["animator:Emonzaemon+1","animator:GuildGirl"],"picked":"animator:CrowleyEusford+1","floor":18},{"not_picked":["animator:Togame+1","animator:Sebas+1"],"picked":"animator:Genos+1","floor":19},{"not_picked":["animator:Azekura","animator:DolaStephanie"],"picked":"animator:Konayuki","floor":22},{"not_picked":["animator:Konayuki","animator:Togame"],"picked":"animator:Nanami","floor":27},{"not_picked":["animator:Bozes+1","animator:GuildGirl","animator:Genos+1"],"picked":"animator:CowGirl","floor":30}],"player_experience":679540,"relics_obtained":[{"floor":8,"key":"hubris:ToyBattleship"},{"floor":9,"key":"hubris:OldNail"},{"floor":11,"key":"Odd Mushroom"},{"floor":26,"key":"animator:WizardHat"},{"floor":27,"key":"Question Card"}],"event_choices":[{"damage_healed":0,"gold_gain":0,"player_choice":"Ignored","damage_taken":0,"max_hp_gain":0,"max_hp_loss":0,"event_name":"Golden Wing","floor":5,"gold_loss":0},{"damage_healed":0,"gold_gain":0,"player_choice":"Fought Mushrooms","damage_taken":0,"max_hp_gain":0,"max_hp_loss":0,"event_name":"Mushrooms","floor":11,"gold_loss":0},{"damage_healed":0,"gold_gain":0,"player_choice":"Inject Mutagens","damage_taken":0,"relics_obtained":["MutagenicStrength"],"max_hp_gain":0,"max_hp_loss":0,"event_name":"Drug Dealer","floor":20,"gold_loss":0},{"damage_healed":27,"gold_gain":0,"player_choice":"Heal","damage_taken":0,"max_hp_gain":0,"max_hp_loss":0,"event_name":"The Library","floor":24,"gold_loss":0}],"is_beta":false,"boss_relics":[{"not_picked":["hubris:BlackHole","animator:CrumblingOrb"],"picked":"Astrolabe"}],"items_purged_floors":[],"is_endless":false,"potions_floor_spawned":[3,12,16,22,27],"killed_by":"hubris:MusketHawk","ascension_level":2}}