{"host":"avq773cl9g5msfol","time":1614011065,"event":{"mods":["100% Spire Juice","AchievementEnabler","Act Like it!","Ascension Unlocker","Aspiration","Astrologer","Bard","Bartender","BaseMod","Better Altar","Better Third Choice","BetterRewards","CapriCore","ChefMod","Colored Map","Colored Powertips","Conspire","Dio Mod","Downfall","Elementarium","Energized Spire","Extra Virgin Snecko Oil","Gensokyo","GifTheSpireLib","Hallownest","Hermit","Highlight Path","Hubris","Humility","Infinite Spire","Jorbs\u0027s Wanderer Trilogy","Koishi","Magitek Elite","Marisa????????","Marked Mod","Menagerie","Minty Spire (QoL Compilation)","Pale of the Ancients","Potionbrewer","Quarter Circle Forward PUNCH!","Rare Cards Sparkle","Reimu??????","Relic Stats","Reliquary","Remilia??????","Replay The Spire","Robot Space Explorer","SacredBarkPlus","Shade Mod","Shapeshifter Mod","Somnambulant","Spicy Shops","Spire Arcade","StSLib","The Administrix","The Blue Laboratory","The Bug Knight","The Construct","The Cursed","The Disciple","The Dragon Tamer","The Exalted","The Hayseed","The Hierophant","The Hydrologist","The Immortal","The Marked","The Mystic","The Problem Sleuth","The Runesmith","The Senshi","The Vixen","The Wild Card","TheFirefly","Wandering Minibosses","Wide Potions","vexMod"],"gold_per_floor":[137,137,170,190,204,237,237,237,237,719,664,714,733,752,752,825,825,835,868,848,861,861,861,887,903,903,903,1003,1035,1054,764,764,861,861,872,891,906,918,930,960,408,438,438,457,474,300,300,300,300,300,300],"floor_reached":52,"language":"ENG","playtime":3253,"items_purged":["LeisurelyOfLord+1","downfall:Haunted","TheCursedMod:Dregs"],"score":3313,"play_id":"344e4173-078b-4ac1-8024-93c7531f32e7","local_time":"20210222232425","is_ascension_mode":true,"campfire_choices":[{"data":"ScarletShoot","floor":8,"key":"SMITH"},{"floor":15,"key":"REST"},{"data":"EternalNight","floor":23,"key":"SMITH"},{"data":"Elementarium:GildedEssence","floor":27,"key":"SMITH"},{"floor":32,"key":"DIG"},{"data":"Gensokyo:Apocalypse","floor":47,"key":"SMITH"},{"floor":49,"key":"REST"}],"circlet_count":0,"master_deck":["AscendersBane","RedMoon+1","ScarletShoot+1","TwelveNightmare+1","BloodyHallows+1","BombardNight+1","UnstableMagic+1","KillingBlow+1","BloodySeventeenLaser+1","DiffusionOfMisfortune+1","ScarletCoffin+1","CharismaGuard+1","ScarletImprint+1","UnderTheZenith+1","FitfulNightmare+1","VampireFantasy+1","LeisurelyOfLord+1","Good Instincts+1","ReincarnationDial+1","RedNightlessCastle+1","ScarletSymphony+1","FavorOfDestiny+1","StarOfDavid+1","BloodyCatastrophe+1","MillenniumVampire+1","ForecastOfChange+1","Sadistic Nature+1","Specialist+1","VampireKiss+1","HeartBreak+1","BatForm+1","Elementarium:GildedEssence+1","EternalNight+1","MiserableFate+1","DemonKingCradle+1","Gensokyo:Apocalypse+1","Gensokyo:GapWoman"],"relics":["ScarletHat","Golden Egg","Quantum Egg","Lee\u0027s Waffle","Membership Card","OrangePellets","CaptainsWheel","champ:DeflectingBracers","aspiration:FetidBarrel","Replay:Rubber Ducky","Incense Burner","Runesmith:AutoHammer","hubris:64BitClover","ReplayFunnel","wanderingMiniBosses:LockLocket","Bromod:ArcaneMomentum","reliquary:WeakTea","Bromod:ArcaneGrace","Ancient Tea Set","downfall:ExtraCursedKey","Bronze Scales","infinitespire:FocusingShard","conspire:Boomerang","ClockworkSouvenir","qcfpunch:Black_Training_Shirt","Anchor","Vajra","Elementarium:ElementariumTrophy","qcfpunch:Wrestler\u0027s_Cloak","Silver_Glasses","reliquary:RoseTintedGlasses","Counterbalance","Guardian:BottledAnomaly","theSenshi:SpiralHeartMoonRodRelic","infinitespire:Beetle Shell"],"acts_visited":["Menagerie:Menagerie","Elementarium:Elementarium","Gensokyo:Gensokyoest"],"potions_floor_usage":[0,2,10,18,33,33,40,42,42,51,51,51],"damage_taken":[{"damage":0,"enemies":"Menagerie:StygianBoar","floor":1,"turns":3},{"damage":1,"enemies":"Menagerie:Hydra","floor":3,"turns":3},{"damage":9,"enemies":"Menagerie:MonstrousExperiment","floor":4,"turns":3},{"damage":4,"enemies":"Menagerie:2_RABBITS","floor":5,"turns":2},{"damage":12,"enemies":"Menagerie:VoidReaper","floor":6,"turns":2},{"damage":3,"enemies":"Menagerie:MeltingSalamander","floor":10,"turns":6},{"damage":25,"enemies":"Menagerie:Hydra","floor":12,"turns":2},{"damage":0,"enemies":"Menagerie:3_RABBITS","floor":13,"turns":2},{"damage":2,"enemies":"Menagerie:MENAGERIE_WILDLIFE","floor":14,"turns":2},{"damage":10,"enemies":"Menagerie:Suneater","floor":16,"turns":2},{"damage":0,"enemies":"Elementarium:2_ELEMENTALS","floor":18,"turns":2},{"damage":4,"enemies":"Elementarium:ElementalPortal","floor":19,"turns":4},{"damage":16,"enemies":"Elementarium:MUD_AND_TAR_GOLEMS","floor":21,"turns":2},{"damage":22,"enemies":"Elementarium:FIRE_NOBILITY","floor":24,"turns":3},{"damage":4,"enemies":"Elementarium:3_ELEMENTALS","floor":25,"turns":3},{"damage":1,"enemies":"Elementarium:FIRE_SANCTUM_HERALD","floor":28,"turns":2},{"damage":25,"enemies":"Elementarium:FIRE_SANCTUM_FIRELORD","floor":28,"turns":2},{"damage":0,"enemies":"Elementarium:WarGolem","floor":29,"turns":3},{"damage":0,"enemies":"Elementarium:STONE_GOLEMS","floor":30,"turns":3},{"damage":4,"enemies":"Elementarium:GoldenDragon","floor":33,"turns":3},{"damage":12,"enemies":"Gensokyo:3_Boulders","floor":35,"turns":3},{"damage":8,"enemies":"Gensokyo:AncientGuardian","floor":36,"turns":2},{"damage":0,"enemies":"Gensokyo:Rafflesia","floor":37,"turns":2},{"damage":4,"enemies":"Gensokyo:3_Boulders","floor":38,"turns":3},{"damage":8,"enemies":"Gensokyo:AtlasGolem","floor":39,"turns":4},{"damage":14,"enemies":"Gensokyo:Kasen","floor":40,"turns":4},{"damage":14,"enemies":"Gensokyo:Doremy","floor":42,"turns":4},{"damage":0,"enemies":"Gensokyo:SeedOfUnknown","floor":44,"turns":3},{"damage":23,"enemies":"Gensokyo:4_Bats","floor":45,"turns":3},{"damage":0,"enemies":"Gensokyo:Shinki","floor":50,"turns":4},{"damage":14,"enemies":"Gensokyo:Scarlet_Devils","floor":51,"turns":5}],"seed_played":"-8828282481991308442","potions_obtained":[{"floor":4,"key":"blueLaboratory:FrostheartPotion"},{"floor":28,"key":"Energy Potion"},{"floor":33,"key":"blueLaboratory:ArtificerPotion"}],"is_trial":false,"path_per_floor":["M","?","E","M","M","E","$","R","T","M","$","E","M","M","R","B",null,"M","E","?","M","?","R","E","M","T","R","?","E","M","$","R_BF","B",null,"M","M","M","M","M","E","COS","E","T","M","M","$","R","?","R","B","B",null],"character_chosen":"REMILIA","items_purchased":["CharismaGuard","ScarletImprint","UnderTheZenith","FitfulNightmare","Lee\u0027s Waffle","VampireFantasy","Membership Card","OrangePellets","LeisurelyOfLord","Good Instincts","ReincarnationDial","RedNightlessCastle","ScarletSymphony","FavorOfDestiny","StarOfDavid","BloodyCatastrophe","CaptainsWheel","qcfpunch:Challenger_Coin","potionbrewer:BlacksmithPotion","Energy Potion","MillenniumVampire","champ:DeflectingBracers","aspiration:FetidBarrel","ForecastOfChange","Sadistic Nature","Specialist","Replay:Rubber Ducky","Incense Burner","Runesmith:AutoHammer","hubris:64BitClover","qcfpunch:Challenger_Coin","ClockworkSouvenir","qcfpunch:Black_Training_Shirt","Anchor","infinitespire:Beetle Shell","Adrenaline Potion"],"campfire_rested":2,"item_purchase_floors":[0,0,0,0,0,0,0,0,0,0,0,0,0,0,0,0,0,0,0,0,0,0,0,0,0,0,0,0,0,0,11,31,31,31,46,46],"current_hp_per_floor":[77,77,76,67,63,54,54,54,54,71,71,48,48,46,69,64,74,75,73,73,58,58,58,39,35,35,35,13,15,15,15,15,20,63,54,47,47,52,54,47,47,45,45,53,57,57,57,57,77,77,77],"gold":300,"neow_bonus":"","is_daily":false,"chose_seed":false,"campfire_upgraded":4,"win_rate":0.0,"timestamp":1614011065,"path_taken":["M","?","E","M","?","E","?","R","T","M","$","E","M","M","R","BOSS","M","E","?","M","?","R","E","M","T","R","?","E","?","$","R_BF","BOSS","M","?","M","M","M","E","COS","E","T","M","?","?","R","?","R","BOSS","BOSS"],"items_purchased_type":["Card","Card","Card","Card","Relic","Card","Relic","Relic","Card","Card","Card","Card","Card","Card","Card","Card","Relic","Potion","Potion","Potion","Card","Relic","Relic","Card","Card","Card","Relic","Relic","Relic","Relic","Potion","Relic","Relic","Relic","Relic","Potion"],"build_version":"2020-12-22","purchased_purges":3,"victory":true,"max_hp_per_floor":[77,77,77,77,77,77,77,77,77,77,77,77,77,77,77,77,77,77,77,77,77,77,77,77,77,77,77,77,77,77,77,77,77,77,77,77,77,77,77,77,77,77,77,77,77,77,77,77,77,77,77],"relic_stats":{"OrangePellets":[40],"Lee\u0027s Waffle":14,"counters":[235,812],"Bronze Scales":[88],"obtain_stats":[{"ScarletDevilRocket":34,"theSenshi:SpiralHeartMoonRodRelic":42,"vexMod:RockOfEvil":34,"Replay:Wanted Poster":34,"conspire:GlowingRock":6,"infinitespire:ShieldingShard":0,"Replay:Bronze Core":34,"downfall:ExtraCursedKey":22,"qcfpunch:Red_Cyclone_Teachings":26,"aspiration:DSix":44,"HollowMod:QueensCombRelic":6,"DemoMod:OrangeGuonStone":0,"Pen Nib":27,"Akabeko":27,"infinitespire:EvilPickle":37,"potionbrewer:Torch":0,"qcfpunch:Broken_Tusk":46,"paleoftheancients:SoulOfTheShowman":53,"vexMod:PlasmaPancake":11,"Mythril_Glove":38,"hubris:EmptyBottle":0,"Hallownest:GodTamersBeastRelic":37,"Ancient Tea Set":19,"Cleaning_Rag":40,"infinitespire:Bottled Soul":20,"AntiCross":6,"hubris:CuriousFeather":0,"DemoMod:GnawedKey":0,"qcfpunch:Cattail":44,"Guardian:BottledAnomaly":41,"wanderingMiniBosses:LockLocket":10,"InkBottle":28,"Potion Belt":0,"Lee\u0027s Waffle":0,"Runesmith:Nanobots":6,"hubris:64BitClover":9,"Golden Idol":13,"Guardian:GemstoneGun":0,"qcfpunch:Black_Training_Shirt":31,"PreservedInsect":0,"infinitespire:Lucky Rock":6,"hubris:Towel":1,"Runesmith:AutoHammer":0,"hubris:BottledRain":29,"Ice Cream":0,"DemoMod:BlueGuonStone":48,"Calipers":0,"ZunR:ReiMu":21,"DemoMod:GlassGuonStoneRelic":11,"DemoMod:RiddleOfLead":34,"RedLine:ReiMu":17,"Girya":9,"paleoftheancients:KeyRelic":51,"Choco_Feather":8,"wanderingMiniBosses:MasterThiefsPresence":22,"OrangePellets":42,"infinitespire:EmpoweringShard":43,"Mirror":40,"aspiration:TomeofQuesting":43,"Yang":0,"Juzu Bracelet":0,"Replay:Mystery Machine":13,"Bow_fan:ReiMu":0,"PrismaticShard":31,"conspire:TopHat":26,"DemoMod:SevenLeafClover":0,"Nunchaku":0,"Hallownest:BeastSealRelic":39,"hubris:KleinBottle":46,"Hallownest:SalubrasBlessingRelic":10,"qcfpunch:Army_Boots":13,"aspiration:RunicSpoon":0,"infinitespire:FocusingShard":28,"Medical Kit":46,"wanderingMiniBosses:CarrionFlame":29,"infinitespire:Satchel":30,"Runesmith:UraniumAnvil":34,"Bag of Marbles":40,"Membership Card":0,"DemoMod:Bottle":0,"DemoMod:VorpalBullet":24,"FossilizedHelix":0,"RuthlessExorcism:ReiMu":0,"ReplayTheSpireMod:ShopPack":0,"Golden Egg":0,"infinitespire:BottledMercury":43,"vexMod:MemoryStick":43,"Bromod:ArcaneNullifier":46,"wanderingMiniBosses:OtherGremlinHorn":31,"Ginger":23,"aspiration:RitualStick":19,"Replay:Ringing Soul":26,"Ribbon":0,"vexMod:EndlessSickness":17,"DemoMod:MeltedRock":14,"DemoMod:LamentConfigurum":20,"construct:RocketBooster":24,"Gensokyo:TheCrow":41,"Counterbalance":40,"HollowMod:JonisBlessing":0,"Guardian:PocketSentry":11,"reliquary:WeakTea":16,"aspiration:FrozenJewel":0,"qcfpunch:Combat_Fatigues":8,"SlaversCollar":40,"Elementarium:ElementariumTrophy":33,"Pandora\u0027s Box":0,"energizedSpire:MagnifyingGlass":28,"Lantern":0,"StoneCalendar":40,"AdministrixMod:CrackedTaijitu":0,"wanderingMiniBosses:AbyssPearl":37,"White_Cape":0,"qcfpunch:Crimson_Sash":4,"hubris:EvacipatedBox":0,"ScarletHat":0,"Replay:Rubber Ducky":23,"Silver_Glasses":34,"Matryoshka":0,"FadedRune:ReiMu":0,"Ring of Peace":27,"WingedGreaves":2,"AdministrixMod:DragonsEyeCharm":0,"construct:ClawGrip":17,"DemoMod:WeirdEgg":8,"The Courier":26,"DemoMod:PinkGuonStone":0,"champ:DeflectingBracers":0,"Protect_Vest":49,"infinitespire:CheckeredPen":6,"MawBank":10,"Bromod:ArcaneMomentum":12,"PureWhite:ReiMu":26,"Busted Crown":34,"Bottled Lightning":48,"AdministrixMod:PrescriptionBottle":0,"ReplayTheSpireMod:Lightbulb":23,"wanderingMiniBosses:Inkheart":20,"Elementarium:FlickeringLantern":21,"Toy Ornithopter":44,"DemoMod:GreenGuonStone":0,"hubris:CrystalStatue":0,"Menagerie:HuntersKnife":5,"Vajra":0,"AdministrixMod:ConductorRitualBaton":0,"HornCleat":48,"vexMod:RetaliationKit":31,"chefmod:TrustyPot":0,"DemoMod:Orange":0,"Dead Branch":0,"Oddly Smooth Stone":28,"infinitespire:Beetle Shell":46,"conspire:Boomerang":25,"aspiration:SeaSaltIceCream":4,"Letter Opener":48,"War Paint":29,"paleoftheancients:Timepiece":51,"Bottled Flame":13,"Replay:Baseball":29,"ReplayTheSpireMod:Shallot":4,"energizedSpire:NeverEndingSparkler":17,"Bronze Scales":46,"ReplayTheSpireMod:TigerMarble":9,"hubris:ToyBattleship":14,"FlyPower:ReiMu":0,"hermit:Momento":0,"ReplayFunnel":3,"ReplayTheSpireMod:Ring of Exchange":27,"theSenshi:SuperSailorFukuRelic":0,"SacredBark":34,"conspire:SpecialSausage":3,"Hallownest:DreamNailRelic":3,"hubris:SlimyHat":0,"Incense Burner":0,"DemoMod:WhiteGuonStone":0,"ClockworkSouvenir":0,"Frozen Eye":29,"energizedSpire:CursedPentagram":17,"Bromod:ArcaneTrickery":0,"Bromod:ArcaneTempo":24,"qcfpunch:Wrestler\u0027s_Cloak":0,"reliquary:RoseTintedGlasses":36,"Cracked Core":0,"energizedSpire:RedRose":34,"hubris:DisguiseKit":27,"ReplayTheSpireMod:Ninjato":3,"Bromod:ArcaneGrace":17,"Replay:Towering Pillar of Hats":0,"infinitespire:CursedDice":43,"aspiration:FetidBarrel":0,"Quantum Egg":2,"aspiration:HummingbirdHeart":55,"aspiration:SecretTechniqueScroll":17,"Orichalcum":31,"White Beast Statue":43,"Anchor":0,"CaptainsWheel":5,"infinitespire:WardingShard":6,"vexMod:HeadHunter":0,"LetterFromLob":1,"qcfpunch:Red_Headband":24,"PureWater":0,"aspiration:MarisaSkillbook":17},{"ScarletDevilRocket":92,"theSenshi:SpiralHeartMoonRodRelic":231,"vexMod:RockOfEvil":36,"Replay:Wanted Poster":17,"conspire:GlowingRock":2,"infinitespire:ShieldingShard":78,"Replay:Bronze Core":169,"downfall:ExtraCursedKey":217,"qcfpunch:Red_Cyclone_Teachings":32,"aspiration:DSix":98,"HollowMod:QueensCombRelic":134,"DemoMod:OrangeGuonStone":107,"Pen Nib":64,"Akabeko":145,"infinitespire:EvilPickle":71,"potionbrewer:Torch":182,"qcfpunch:Broken_Tusk":40,"paleoftheancients:SoulOfTheShowman":105,"vexMod:PlasmaPancake":160,"Mythril_Glove":19,"hubris:EmptyBottle":24,"Hallownest:GodTamersBeastRelic":174,"Ancient Tea Set":216,"Cleaning_Rag":200,"infinitespire:Bottled Soul":191,"AntiCross":2,"hubris:CuriousFeather":24,"DemoMod:GnawedKey":43,"qcfpunch:Cattail":72,"Guardian:BottledAnomaly":230,"wanderingMiniBosses:LockLocket":210,"InkBottle":64,"Potion Belt":43,"Lee\u0027s Waffle":43,"Runesmith:Nanobots":81,"hubris:64BitClover":53,"Golden Idol":188,"Guardian:GemstoneGun":43,"qcfpunch:Black_Training_Shirt":223,"PreservedInsect":24,"infinitespire:Lucky Rock":52,"hubris:Towel":108,"Runesmith:AutoHammer":204,"hubris:BottledRain":146,"Ice Cream":157,"DemoMod:BlueGuonStone":101,"Calipers":78,"ZunR:ReiMu":141,"DemoMod:GlassGuonStoneRelic":4,"DemoMod:RiddleOfLead":68,"RedLine:ReiMu":162,"Girya":3,"paleoftheancients:KeyRelic":103,"Choco_Feather":3,"wanderingMiniBosses:MasterThiefsPresence":10,"OrangePellets":39,"infinitespire:EmpoweringShard":127,"Mirror":39,"aspiration:TomeofQuesting":98,"Yang":107,"Juzu Bracelet":0,"Replay:Mystery Machine":28,"Bow_fan:ReiMu":157,"PrismaticShard":168,"conspire:TopHat":63,"DemoMod:SevenLeafClover":0,"Nunchaku":130,"Hallownest:BeastSealRelic":174,"hubris:KleinBottle":127,"Hallownest:SalubrasBlessingRelic":3,"qcfpunch:Army_Boots":84,"aspiration:RunicSpoon":0,"infinitespire:FocusingShard":221,"Medical Kit":201,"wanderingMiniBosses:CarrionFlame":195,"infinitespire:Satchel":121,"Runesmith:UraniumAnvil":123,"Bag of Marbles":151,"Membership Card":24,"DemoMod:Bottle":78,"DemoMod:VorpalBullet":11,"FossilizedHelix":78,"RuthlessExorcism:ReiMu":130,"ReplayTheSpireMod:ShopPack":157,"Golden Egg":0,"infinitespire:BottledMercury":21,"vexMod:MemoryStick":72,"Bromod:ArcaneNullifier":179,"wanderingMiniBosses:OtherGremlinHorn":35,"Ginger":118,"aspiration:RitualStick":141,"Replay:Ringing Soul":11,"Ribbon":130,"vexMod:EndlessSickness":60,"DemoMod:MeltedRock":29,"DemoMod:LamentConfigurum":61,"construct:RocketBooster":32,"Gensokyo:TheCrow":72,"Counterbalance":230,"HollowMod:JonisBlessing":78,"Guardian:PocketSentry":27,"reliquary:WeakTea":214,"aspiration:FrozenJewel":43,"qcfpunch:Combat_Fatigues":187,"SlaversCollar":97,"Elementarium:ElementariumTrophy":36,"Pandora\u0027s Box":24,"energizedSpire:MagnifyingGlass":64,"Lantern":43,"StoneCalendar":20,"AdministrixMod:CrackedTaijitu":78,"wanderingMiniBosses:AbyssPearl":95,"White_Cape":43,"qcfpunch:Crimson_Sash":25,"hubris:EvacipatedBox":130,"ScarletHat":182,"Replay:Rubber Ducky":142,"Silver_Glasses":224,"Matryoshka":130,"FadedRune:ReiMu":157,"Ring of Peace":89,"WingedGreaves":25,"AdministrixMod:DragonsEyeCharm":78,"construct:ClawGrip":115,"DemoMod:WeirdEgg":135,"The Courier":89,"DemoMod:PinkGuonStone":107,"champ:DeflectingBracers":182,"Protect_Vest":41,"infinitespire:CheckeredPen":26,"MawBank":57,"Bromod:ArcaneMomentum":211,"PureWhite:ReiMu":11,"Busted Crown":148,"Bottled Lightning":128,"AdministrixMod:PrescriptionBottle":78,"ReplayTheSpireMod:Lightbulb":88,"wanderingMiniBosses:Inkheart":117,"Elementarium:FlickeringLantern":117,"Toy Ornithopter":177,"DemoMod:GreenGuonStone":43,"hubris:CrystalStatue":43,"Menagerie:HuntersKnife":45,"Vajra":78,"AdministrixMod:ConductorRitualBaton":53,"HornCleat":180,"vexMod:RetaliationKit":16,"chefmod:TrustyPot":130,"DemoMod:Orange":182,"Dead Branch":53,"Oddly Smooth Stone":33,"infinitespire:Beetle Shell":233,"conspire:Boomerang":89,"aspiration:SeaSaltIceCream":25,"Letter Opener":155,"War Paint":14,"paleoftheancients:Timepiece":103,"Bottled Flame":28,"Replay:Baseball":121,"ReplayTheSpireMod:Shallot":25,"energizedSpire:NeverEndingSparkler":190,"Bronze Scales":100,"ReplayTheSpireMod:TigerMarble":26,"hubris:ToyBattleship":161,"FlyPower:ReiMu":157,"hermit:Momento":0,"ReplayFunnel":206,"ReplayTheSpireMod:Ring of Exchange":89,"theSenshi:SuperSailorFukuRelic":182,"SacredBark":92,"conspire:SpecialSausage":50,"Hallownest:DreamNailRelic":1,"hubris:SlimyHat":78,"Incense Burner":204,"DemoMod:WhiteGuonStone":53,"ClockworkSouvenir":24,"Frozen Eye":13,"energizedSpire:CursedPentagram":86,"Bromod:ArcaneTrickery":107,"Bromod:ArcaneTempo":118,"qcfpunch:Wrestler\u0027s_Cloak":78,"reliquary:RoseTintedGlasses":226,"Cracked Core":43,"energizedSpire:RedRose":196,"hubris:DisguiseKit":119,"ReplayTheSpireMod:Ninjato":50,"Bromod:ArcaneGrace":214,"Replay:Towering Pillar of Hats":107,"infinitespire:CursedDice":21,"aspiration:FetidBarrel":204,"Quantum Egg":1,"aspiration:HummingbirdHeart":105,"aspiration:SecretTechniqueScroll":6,"Orichalcum":195,"White Beast Statue":152,"Anchor":107,"CaptainsWheel":133,"infinitespire:WardingShard":46,"vexMod:HeadHunter":0,"LetterFromLob":44,"qcfpunch:Red_Headband":62,"PureWater":107,"aspiration:MarisaSkillbook":140},{"ScarletDevilRocket":319,"theSenshi:SpiralHeartMoonRodRelic":797,"vexMod:RockOfEvil":123,"Replay:Wanted Poster":52,"conspire:GlowingRock":6,"infinitespire:ShieldingShard":264,"Replay:Bronze Core":599,"downfall:ExtraCursedKey":756,"qcfpunch:Red_Cyclone_Teachings":104,"aspiration:DSix":352,"HollowMod:QueensCombRelic":493,"DemoMod:OrangeGuonStone":405,"Pen Nib":209,"Akabeko":522,"infinitespire:EvilPickle":234,"potionbrewer:Torch":638,"qcfpunch:Broken_Tusk":130,"paleoftheancients:SoulOfTheShowman":389,"vexMod:PlasmaPancake":564,"Mythril_Glove":60,"hubris:EmptyBottle":83,"Hallownest:GodTamersBeastRelic":613,"Ancient Tea Set":754,"Cleaning_Rag":705,"infinitespire:Bottled Soul":670,"AntiCross":6,"hubris:CuriousFeather":83,"DemoMod:GnawedKey":147,"qcfpunch:Cattail":236,"Guardian:BottledAnomaly":793,"wanderingMiniBosses:LockLocket":740,"InkBottle":209,"Potion Belt":147,"Lee\u0027s Waffle":147,"Runesmith:Nanobots":273,"hubris:64BitClover":171,"Golden Idol":653,"Guardian:GemstoneGun":147,"qcfpunch:Black_Training_Shirt":772,"PreservedInsect":83,"infinitespire:Lucky Rock":169,"hubris:Towel":406,"Runesmith:AutoHammer":721,"hubris:BottledRain":525,"Ice Cream":554,"DemoMod:BlueGuonStone":365,"Calipers":264,"ZunR:ReiMu":512,"DemoMod:GlassGuonStoneRelic":10,"DemoMod:RiddleOfLead":226,"RedLine:ReiMu":572,"Girya":9,"paleoftheancients:KeyRelic":377,"Choco_Feather":9,"wanderingMiniBosses:MasterThiefsPresence":29,"OrangePellets":127,"infinitespire:EmpoweringShard":473,"Mirror":127,"aspiration:TomeofQuesting":352,"Yang":405,"Juzu Bracelet":0,"Replay:Mystery Machine":92,"Bow_fan:ReiMu":554,"PrismaticShard":591,"conspire:TopHat":204,"DemoMod:SevenLeafClover":0,"Nunchaku":486,"Hallownest:BeastSealRelic":613,"hubris:KleinBottle":473,"Hallownest:SalubrasBlessingRelic":9,"qcfpunch:Army_Boots":280,"aspiration:RunicSpoon":0,"infinitespire:FocusingShard":766,"Medical Kit":708,"wanderingMiniBosses:CarrionFlame":687,"infinitespire:Satchel":457,"Runesmith:UraniumAnvil":463,"Bag of Marbles":536,"Membership Card":83,"DemoMod:Bottle":264,"DemoMod:VorpalBullet":34,"FossilizedHelix":264,"RuthlessExorcism:ReiMu":486,"ReplayTheSpireMod:ShopPack":554,"Golden Egg":0,"infinitespire:BottledMercury":74,"vexMod:MemoryStick":236,"Bromod:ArcaneNullifier":628,"wanderingMiniBosses:OtherGremlinHorn":115,"Ginger":447,"aspiration:RitualStick":512,"Replay:Ringing Soul":34,"Ribbon":486,"vexMod:EndlessSickness":194,"DemoMod:MeltedRock":94,"DemoMod:LamentConfigurum":198,"construct:RocketBooster":104,"Gensokyo:TheCrow":236,"Counterbalance":793,"HollowMod:JonisBlessing":264,"Guardian:PocketSentry":89,"reliquary:WeakTea":748,"aspiration:FrozenJewel":147,"qcfpunch:Combat_Fatigues":651,"SlaversCollar":349,"Elementarium:ElementariumTrophy":123,"Pandora\u0027s Box":83,"energizedSpire:MagnifyingGlass":209,"Lantern":147,"StoneCalendar":71,"AdministrixMod:CrackedTaijitu":264,"wanderingMiniBosses:AbyssPearl":341,"White_Cape":147,"qcfpunch:Crimson_Sash":85,"hubris:EvacipatedBox":486,"ScarletHat":638,"Replay:Rubber Ducky":514,"Silver_Glasses":775,"Matryoshka":486,"FadedRune:ReiMu":554,"Ring of Peace":305,"WingedGreaves":85,"AdministrixMod:DragonsEyeCharm":264,"construct:ClawGrip":435,"DemoMod:WeirdEgg":497,"The Courier":305,"DemoMod:PinkGuonStone":405,"champ:DeflectingBracers":638,"Protect_Vest":131,"infinitespire:CheckeredPen":87,"MawBank":182,"Bromod:ArcaneMomentum":742,"PureWhite:ReiMu":34,"Busted Crown":531,"Bottled Lightning":476,"AdministrixMod:PrescriptionBottle":264,"ReplayTheSpireMod:Lightbulb":298,"wanderingMiniBosses:Inkheart":444,"Elementarium:FlickeringLantern":444,"Toy Ornithopter":622,"DemoMod:GreenGuonStone":147,"hubris:CrystalStatue":147,"Menagerie:HuntersKnife":152,"Vajra":264,"AdministrixMod:ConductorRitualBaton":171,"HornCleat":631,"vexMod:RetaliationKit":45,"chefmod:TrustyPot":486,"DemoMod:Orange":638,"Dead Branch":171,"Oddly Smooth Stone":107,"infinitespire:Beetle Shell":803,"conspire:Boomerang":305,"aspiration:SeaSaltIceCream":85,"Letter Opener":546,"War Paint":39,"paleoftheancients:Timepiece":377,"Bottled Flame":92,"Replay:Baseball":457,"ReplayTheSpireMod:Shallot":85,"energizedSpire:NeverEndingSparkler":669,"Bronze Scales":360,"ReplayTheSpireMod:TigerMarble":87,"hubris:ToyBattleship":567,"FlyPower:ReiMu":554,"hermit:Momento":0,"ReplayFunnel":727,"ReplayTheSpireMod:Ring of Exchange":305,"theSenshi:SuperSailorFukuRelic":638,"SacredBark":319,"conspire:SpecialSausage":167,"Hallownest:DreamNailRelic":1,"hubris:SlimyHat":264,"Incense Burner":721,"DemoMod:WhiteGuonStone":171,"ClockworkSouvenir":83,"Frozen Eye":37,"energizedSpire:CursedPentagram":291,"Bromod:ArcaneTrickery":405,"Bromod:ArcaneTempo":447,"qcfpunch:Wrestler\u0027s_Cloak":264,"reliquary:RoseTintedGlasses":780,"Cracked Core":147,"energizedSpire:RedRose":693,"hubris:DisguiseKit":451,"ReplayTheSpireMod:Ninjato":167,"Bromod:ArcaneGrace":748,"Replay:Towering Pillar of Hats":405,"infinitespire:CursedDice":74,"aspiration:FetidBarrel":721,"Quantum Egg":1,"aspiration:HummingbirdHeart":389,"aspiration:SecretTechniqueScroll":16,"Orichalcum":687,"White Beast Statue":539,"Anchor":405,"CaptainsWheel":491,"infinitespire:WardingShard":157,"vexMod:HeadHunter":0,"LetterFromLob":150,"qcfpunch:Red_Headband":202,"PureWater":405,"aspiration:MarisaSkillbook":509}]},"card_choices":[{"not_picked":["NightDance","DiffusionOfMisfortune","BlasphemousPunishment"],"picked":"SKIP","floor":1},{"not_picked":["BombardNight","EmergencyRegeneration","NightDance"],"picked":"SKIP","floor":3},{"not_picked":["BloodAndWine","MillenniumVampire"],"picked":"VampireKiss","floor":4},{"not_picked":["EndlessAdversity","NightDance","DiffusionOfMisfortune"],"picked":"SKIP","floor":5},{"not_picked":["MillenniumVampire","BloodHunter"],"picked":"HeartBreak","floor":6},{"not_picked":["StarOfDavid","FavorOfDestiny","CharismaGuard"],"picked":"SKIP","floor":10},{"not_picked":["VampireKiss","FavorOfDestiny","BloodAndWine"],"picked":"SKIP","floor":12},{"not_picked":["SuperhumanBloodyKnife","ScarletGensokyo","TwelveNightmare"],"picked":"SKIP","floor":13},{"not_picked":["CharismaGuard","ScarletImprint","RedMagic"],"picked":"SKIP","floor":14},{"not_picked":["HellCatastrophe","CurseOfVladTepes"],"picked":"BatForm","floor":16},{"not_picked":["EndlessAdversity+1","Stigmanizer+1","Maim"],"picked":"SKIP","floor":18},{"not_picked":["EndlessAdversity","FavorOfDestiny","DevilSight"],"picked":"SKIP","floor":19},{"not_picked":["UnstableMagic","Stigmanizer+1"],"picked":"EternalNight","floor":21},{"not_picked":["HellCatastrophe","FavorOfDestiny","UnstableMagic"],"picked":"SKIP","floor":24},{"not_picked":["EndlessAdversity","BloodyTrap"],"picked":"MiserableFate","floor":25},{"not_picked":["FitfulNightmare","UnderTheZenith","BatForm"],"picked":"SKIP","floor":29},{"not_picked":["UnderTheZenith","MastersStateliness+1","ReincarnationDial"],"picked":"SKIP","floor":30},{"not_picked":["TricksterDevil","EquivalentExchange"],"picked":"DemonKingCradle","floor":33},{"not_picked":["BombardNight+1","ScarletDevil","NightDance"],"picked":"SKIP","floor":35},{"not_picked":["GlobalNightmare","ScarletGensokyo","EndlessAdversity"],"picked":"SKIP","floor":36},{"not_picked":["CharismaGuard","VampireKiss","BadLadyScramble"],"picked":"SKIP","floor":37},{"not_picked":["TwelveNightmare+1","MastersStateliness","VampireKiss+1"],"picked":"SKIP","floor":38},{"not_picked":["HunterOfTheNight","BombardNight","NightDance"],"picked":"SKIP","floor":39},{"not_picked":["VampireKiss","BombardNight+1","ScarletDevil"],"picked":"SKIP","floor":40},{"not_picked":["MillenniumVampire","DiffusionOfMisfortune","MastersStateliness"],"picked":"SKIP","floor":42},{"not_picked":["ScarletSymphony","ChaoticDestiny","DevilSight"],"picked":"SKIP","floor":44},{"not_picked":["FavorOfDestiny","BadLadyScramble","HunterOfTheNight"],"picked":"SKIP","floor":45}],"player_experience":1487926,"relics_obtained":[{"floor":3,"key":"ReplayFunnel"},{"floor":10,"key":"wanderingMiniBosses:LockLocket"},{"floor":12,"key":"Bromod:ArcaneMomentum"},{"floor":16,"key":"reliquary:WeakTea"},{"floor":19,"key":"Ancient Tea Set"},{"floor":26,"key":"Bronze Scales"},{"floor":28,"key":"infinitespire:FocusingShard"},{"floor":28,"key":"conspire:Boomerang"},{"floor":32,"key":"Vajra"},{"floor":33,"key":"qcfpunch:Wrestler\u0027s_Cloak"},{"floor":36,"key":"reliquary:RoseTintedGlasses"},{"floor":40,"key":"Counterbalance"},{"floor":42,"key":"theSenshi:SpiralHeartMoonRodRelic"}],"event_choices":[{"damage_healed":0,"gold_gain":0,"player_choice":"Toss","damage_taken":0,"max_hp_gain":0,"max_hp_loss":0,"event_name":"Elementarium:OnrushingOffering","floor":20,"gold_loss":20,"cards_obtained":["Elementarium:GildedEssence"]},{"damage_healed":0,"gold_gain":0,"player_choice":"Fight","damage_taken":0,"max_hp_gain":0,"max_hp_loss":0,"event_name":"Elementarium:FireSanctum","floor":28,"gold_loss":0},{"damage_healed":0,"gold_gain":0,"player_choice":"Confrontation","damage_taken":0,"max_hp_gain":0,"max_hp_loss":0,"event_name":"Elementarium:FireSanctum","floor":28,"gold_loss":0}],"is_beta":false,"boss_relics":[{"not_picked":["Astrolabe","Fusion Hammer"],"picked":"Bromod:ArcaneGrace"},{"not_picked":["Replay:Ancient Bell","bronze:MakeshiftBattery"],"picked":"Silver_Glasses"}],"items_purged_floors":[0,31,46],"is_endless":false,"potions_floor_spawned":[4,5,6,12,14,18,25,28,30,33,37,38,39,42,44],"ascension_level":20,"is_humility":true}}