{"host":"s8caws4n06h39s1x","time":1614025750,"event":{"mods":["BaseMod","Colored Powertips","Highlight Path","Minty Spire (QoL Compilation)","Quick Restart"],"gold_per_floor":[119,119,138,138,138,173,173,192,192,117,152,172,172,203,203,306,306,319,22,22,22,42,42,71,71,96,123,134,165,165,192,192,294,294,306,306,306,318,335,366,420,420,495,521,571,599,599,634,634,634],"floor_reached":51,"language":"ENG","playtime":1698,"items_purged":[],"score":1077,"play_id":"17ce3714-762f-4498-8124-865caca4b55a","local_time":"20210222212910","daily_mods":["SealedDeck","ControlledChaos","Elite Swarm"],"is_ascension_mode":true,"campfire_choices":[{"data":"Creative AI","floor":7,"key":"SMITH"},{"floor":15,"key":"REST"},{"data":"Storm","floor":23,"key":"SMITH"},{"data":"Electrodynamics","floor":25,"key":"SMITH"},{"data":"Biased Cognition","floor":32,"key":"SMITH"},{"data":"Panache","floor":47,"key":"SMITH"},{"data":"Echo Form","floor":49,"key":"SMITH"}],"circlet_count":0,"master_deck":["Leap+1","BootSequence+1","Gash+1","Gash+1","Sweeping Beam+1","Ball Lightning+1","Capacitor","Hello World","Conserve Battery","Storm+1","Creative AI+1","Gash","Storm+1","Electrodynamics+1","Amplify+1","Biased Cognition+1","Heatsinks+1","Amplify+1","Echo Form+1","White Noise+1","Panache+1","Creative AI+1","Biased Cognition","Machine Learning+1","Buffer+1","Creative AI+1"],"relics":["Cracked Core","Frozen Eye","Gremlin Horn","Meat on the Bone","Mummified Hand","Toxic Egg 2","Cables","Inserter","PreservedInsect","Runic Capacitor","Blood Vial","Bottled Tornado","Whetstone","Eternal Feather","Bag of Marbles","MutagenicStrength","Lantern","Empty Cage","Regal Pillow","Torii","Frozen Egg 2","Oddly Smooth Stone","Bird Faced Urn","Prayer Wheel","War Paint"],"acts_visited":["Exordium","TheCity","TheBeyond"],"potions_floor_usage":[11,14],"damage_taken":[{"damage":0,"enemies":"2 Louse","floor":1,"turns":2},{"damage":3,"enemies":"Small Slimes","floor":3,"turns":3},{"damage":2,"enemies":"Gremlin Nob","floor":6,"turns":3},{"damage":0,"enemies":"Cultist","floor":8,"turns":4},{"damage":20,"enemies":"Lagavulin","floor":11,"turns":4},{"damage":2,"enemies":"3 Louse","floor":12,"turns":3},{"damage":5,"enemies":"Gremlin Nob","floor":14,"turns":3},{"damage":0,"enemies":"The Guardian","floor":16,"turns":3},{"damage":0,"enemies":"Spheric Guardian","floor":18,"turns":2},{"damage":0,"enemies":"Chosen","floor":22,"turns":2},{"damage":11,"enemies":"Book of Stabbing","floor":24,"turns":3},{"damage":22,"enemies":"Slavers","floor":27,"turns":2},{"damage":8,"enemies":"Snecko","floor":28,"turns":3},{"damage":2,"enemies":"Book of Stabbing","floor":29,"turns":2},{"damage":0,"enemies":"Gremlin Leader","floor":31,"turns":1},{"damage":5,"enemies":"Automaton","floor":33,"turns":3},{"damage":9,"enemies":"3 Darklings","floor":35,"turns":2},{"damage":8,"enemies":"3 Shapes","floor":38,"turns":2},{"damage":32,"enemies":"Spire Growth","floor":39,"turns":3},{"damage":8,"enemies":"Nemesis","floor":40,"turns":3},{"damage":15,"enemies":"2 Orb Walkers","floor":41,"turns":2},{"damage":0,"enemies":"Reptomancer","floor":44,"turns":2},{"damage":0,"enemies":"Mind Bloom Boss Battle","floor":45,"turns":2},{"damage":14,"enemies":"Giant Head","floor":46,"turns":3},{"damage":7,"enemies":"Reptomancer","floor":48,"turns":2},{"damage":39,"enemies":"Time Eater","floor":50,"turns":3}],"seed_played":"7779482722625288537","potions_obtained":[{"floor":1,"key":"Swift Potion"},{"floor":11,"key":"Fruit Juice"},{"floor":16,"key":"Explosive Potion"},{"floor":22,"key":"Regen Potion"},{"floor":27,"key":"Explosive Potion"}],"is_trial":true,"path_per_floor":["M","?","M","?","?","E","R","M","T","$","E","M","?","E","R","B",null,"M","$","?","?","M","R","E","R","T","E","M","E","?","E","R","B",null,"M","?","?","M","M","E","?","?","T","E","?","E","R","E","R","B",null],"character_chosen":"DEFECT","items_purchased":["Storm","PreservedInsect","Runic Capacitor"],"campfire_rested":1,"item_purchase_floors":[10,19,19],"current_hp_per_floor":[75,80,77,61,61,59,59,59,59,59,56,54,36,43,68,68,85,85,85,85,85,85,85,74,74,74,54,48,48,48,50,62,59,85,76,76,76,70,52,46,45,45,45,47,49,61,76,85,85,62],"gold":634,"neow_bonus":"","is_daily":false,"chose_seed":false,"campfire_upgraded":6,"win_rate":0.0,"timestamp":1614025750,"path_taken":["M","?","M","?","?","E","R","M","T","$","E","?","?","E","R","BOSS","M","$","?","?","M","R","E","R","T","E","M","E","?","E","R","BOSS","M","?","?","M","?","E","?","?","T","E","?","E","R","E","R","BOSS"],"items_purchased_type":["Card","Relic","Relic"],"build_version":"2020-12-22","purchased_purges":0,"victory":true,"max_hp_per_floor":[75,80,80,80,80,80,80,80,80,80,85,85,85,85,85,85,85,85,85,85,85,85,85,85,85,85,85,85,85,85,85,85,85,85,85,85,85,85,85,85,85,85,85,85,85,85,85,85,85,85],"card_choices":[{"not_picked":["Leap","Steam Power"],"picked":"Stack","floor":1},{"not_picked":["Steam","Beam Cell","Go for the Eyes"],"picked":"SKIP","floor":3},{"not_picked":["Machine Learning","Biased Cognition"],"picked":"Creative AI","floor":6},{"not_picked":["Sweeping Beam","Barrage"],"picked":"Gash","floor":8},{"not_picked":["Buffer","Rainbow"],"picked":"Electrodynamics","floor":11},{"not_picked":["Redo","Streamline","Barrage"],"picked":"SKIP","floor":12},{"not_picked":["Thunder Strike","All For One"],"picked":"Amplify+1","floor":14},{"not_picked":["Meteor Strike","Reboot+1"],"picked":"Biased Cognition","floor":16},{"not_picked":["Consume+1","Compile Driver"],"picked":"Heatsinks+1","floor":18},{"not_picked":["Melter+1","Fusion+1","Tempest+1"],"picked":"SKIP","floor":22},{"not_picked":["Buffer","Reboot+1","Creative AI"],"picked":"SKIP","floor":24},{"not_picked":["All For One","Fission+1","Rainbow+1"],"picked":"SKIP","floor":27},{"not_picked":["Compile Driver+1","Cold Snap","Reinforced Body+1"],"picked":"SKIP","floor":28},{"not_picked":["Thunder Strike","All For One"],"picked":"Amplify+1","floor":29},{"not_picked":["Rainbow+1","Core Surge","Multi-Cast+1"],"picked":"SKIP","floor":31},{"not_picked":["Core Surge","Rainbow+1"],"picked":"Echo Form","floor":33},{"not_picked":["Beam Cell","Coolheaded+1"],"picked":"White Noise+1","floor":35},{"not_picked":["Purity+1","Master of Strategy+1"],"picked":"Panache","floor":36},{"not_picked":["Redo+1","Cold Snap+1","Hologram+1"],"picked":"SKIP","floor":38},{"not_picked":["BootSequence+1","Go for the Eyes","Redo+1"],"picked":"SKIP","floor":39},{"not_picked":["Multi-Cast+1","Core Surge"],"picked":"Biased Cognition","floor":40},{"not_picked":["Seek+1","Rainbow+1"],"picked":"Machine Learning+1","floor":44},{"not_picked":["Seek+1","Machine Learning+1"],"picked":"Buffer+1","floor":46},{"not_picked":["All For One","Machine Learning+1"],"picked":"Creative AI+1","floor":48}],"player_experience":498323,"relics_obtained":[{"floor":6,"key":"Gremlin Horn"},{"floor":9,"key":"Meat on the Bone"},{"floor":11,"key":"Mummified Hand"},{"floor":14,"key":"Cables"},{"floor":24,"key":"Bottled Tornado"},{"floor":26,"key":"Whetstone"},{"floor":27,"key":"Eternal Feather"},{"floor":29,"key":"Bag of Marbles"},{"floor":31,"key":"Lantern"},{"floor":40,"key":"Regal Pillow"},{"floor":41,"key":"Torii"},{"floor":43,"key":"Frozen Egg 2"},{"floor":44,"key":"Oddly Smooth Stone"},{"floor":45,"key":"Bird Faced Urn"},{"floor":46,"key":"Prayer Wheel"},{"floor":48,"key":"War Paint"}],"event_choices":[{"damage_healed":0,"gold_gain":0,"player_choice":"Donut","damage_taken":0,"max_hp_gain":5,"max_hp_loss":0,"event_name":"Big Fish","floor":2,"gold_loss":0},{"damage_healed":0,"gold_gain":0,"player_choice":"Entered Light","damage_taken":16,"max_hp_gain":0,"max_hp_loss":0,"event_name":"Shining Light","floor":4,"gold_loss":0,"cards_upgraded":["Gash","Storm"]},{"damage_healed":0,"gold_gain":0,"player_choice":"Upgraded","damage_taken":0,"max_hp_gain":0,"max_hp_loss":0,"event_name":"Upgrade Shrine","floor":5,"gold_loss":0,"cards_upgraded":["Gash"]},{"damage_healed":0,"gold_gain":0,"player_choice":"Success","damage_taken":18,"relics_obtained":["Toxic Egg 2"],"max_hp_gain":0,"max_hp_loss":0,"event_name":"Scrap Ooze","floor":13,"gold_loss":0},{"damage_healed":0,"gold_gain":0,"player_choice":"Stole Relic","damage_taken":0,"relics_obtained":["Blood Vial"],"max_hp_gain":0,"max_hp_loss":0,"event_name":"Addict","floor":20,"gold_loss":0,"cards_obtained":["Shame"]},{"damage_healed":0,"gold_gain":0,"player_choice":"Ignored","damage_taken":0,"max_hp_gain":0,"max_hp_loss":0,"event_name":"Vampires","floor":21,"gold_loss":0},{"damage_healed":0,"gold_gain":0,"player_choice":"Inject Mutagens","damage_taken":0,"relics_obtained":["MutagenicStrength"],"max_hp_gain":0,"max_hp_loss":0,"event_name":"Drug Dealer","floor":30,"gold_loss":0},{"damage_healed":0,"gold_gain":0,"player_choice":"Memory 1","damage_taken":0,"max_hp_gain":0,"max_hp_loss":0,"event_name":"SensoryStone","floor":36,"gold_loss":0},{"damage_healed":0,"gold_gain":0,"player_choice":"Copied","damage_taken":0,"max_hp_gain":0,"max_hp_loss":0,"event_name":"Duplicator","floor":37,"gold_loss":0,"cards_obtained":["Creative AI"]},{"damage_healed":0,"gold_gain":0,"player_choice":"Fight","damage_taken":0,"max_hp_gain":0,"max_hp_loss":0,"event_name":"Mysterious Sphere","floor":41,"gold_loss":0},{"damage_healed":0,"gold_gain":0,"player_choice":"Ignored","damage_taken":0,"max_hp_gain":0,"max_hp_loss":0,"event_name":"Tomb of Lord Red Mask","floor":42,"gold_loss":0},{"damage_healed":0,"gold_gain":0,"player_choice":"Fight","damage_taken":0,"max_hp_gain":0,"max_hp_loss":0,"event_name":"MindBloom","floor":45,"gold_loss":0}],"is_beta":false,"boss_relics":[{"not_picked":["Calling Bell","Snecko Eye"],"picked":"Inserter"},{"not_picked":["Busted Crown","SlaversCollar"],"picked":"Empty Cage"}],"items_purged_floors":[],"is_endless":false,"potions_floor_spawned":[1,11,16,22,27,31,33,35,41,45,46,48],"ascension_level":1}}