{"host":"qx22gp6oc7p3276t","time":1614009793,"event":{"mods":["AchievementEnabler","BaseMod","Colored Map","Colored Powertips","Minty Spire (QoL Compilation)","Relic Sorter","StSLib","UnlockEverythingMod"],"gold_per_floor":[110,35,35,46,64,74,74,74,74,105,121,121,121,146,146,146,146],"floor_reached":16,"language":"ENG","playtime":1010,"items_purged":["Injury"],"score":110,"play_id":"fd4e08d5-974b-474e-8bc8-78822e266148","local_time":"20210222170313","is_ascension_mode":false,"campfire_choices":[{"data":"Distraction","floor":7.0,"key":"SMITH"},{"data":"Cloak And Dagger","floor":13,"key":"SMITH"},{"data":"Adrenaline","floor":15,"key":"SMITH"}],"circlet_count":0,"master_deck":["Strike_G","Strike_G","Strike_G","Strike_G","Strike_G","Defend_G","Defend_G","Defend_G","Defend_G","Defend_G","Survivor","Neutralize","Unload","Dagger Spray","Underhanded Strike","Distraction+1","Deflect","Backstab","Cloak And Dagger+1","Adrenaline+1"],"relics":["Ring of the Snake","Tough Bandages","Unceasing Top","HornCleat"],"acts_visited":["Exordium"],"potions_floor_usage":[14],"damage_taken":[{"damage":0.0,"enemies":"Small Slimes","floor":1.0,"turns":4.0},{"damage":0.0,"enemies":"2 Louse","floor":4.0,"turns":2.0},{"damage":11.0,"enemies":"Jaw Worm","floor":5.0,"turns":2.0},{"damage":1.0,"enemies":"Exordium Wildlife","floor":6.0,"turns":3.0},{"damage":33.0,"enemies":"Gremlin Nob","floor":10.0,"turns":5.0},{"damage":4.0,"enemies":"Exordium Thugs","floor":11.0,"turns":5.0},{"damage":9,"enemies":"Lagavulin","floor":14,"turns":6},{"damage":20,"enemies":"Hexaghost","floor":16,"turns":9}],"seed_played":"-405376737843163306","potions_obtained":[{"floor":5.0,"key":"LiquidMemories"},{"floor":11.0,"key":"DuplicationPotion"},{"floor":14,"key":"SpeedPotion"}],"is_trial":false,"path_per_floor":["M","$","?","M","M","M","R","?","T","E","M","?","R","E","R","B"],"character_chosen":"THE_SILENT","items_purchased":[],"campfire_rested":0,"item_purchase_floors":[],"current_hp_per_floor":[70,70,70,70,59,58,58,63,63,30,26,26,26,17,17,0,0],"gold":146,"neow_bonus":"THREE_RARE_CARDS","is_daily":false,"chose_seed":false,"campfire_upgraded":3,"win_rate":0.0,"timestamp":1614009793,"path_taken":["M","$","?","M","M","M","R","?","T","E","M","?","R","E","R","BOSS"],"items_purchased_type":[],"build_version":"2020-12-22","purchased_purges":1,"victory":false,"max_hp_per_floor":[70,70,70,70,70,70,70,75,75,75,75,75,75,75,75,75,75],"card_choices":[{"not_picked":["Night Terror","Wraith Form v2"],"picked":"Unload","floor":0.0},{"not_picked":["Blur","Dagger Throw"],"picked":"Dagger Spray","floor":1.0},{"not_picked":["Expertise","Bane"],"picked":"Underhanded Strike","floor":4.0},{"not_picked":["Dagger Throw","Terror"],"picked":"Distraction","floor":5.0},{"not_picked":["Quick Slash","Heel Hook"],"picked":"Deflect","floor":6.0},{"not_picked":["Bane","Dagger Spray"],"picked":"Backstab","floor":10.0},{"not_picked":["Flying Knee","Grand Finale"],"picked":"Cloak And Dagger","floor":11.0},{"not_picked":["Noxious Fumes","Dagger Throw"],"picked":"Adrenaline","floor":14}],"player_experience":410870,"relics_obtained":[{"floor":9.0,"key":"Tough Bandages"},{"floor":10.0,"key":"Unceasing Top"},{"floor":14,"key":"HornCleat"}],"event_choices":[{"damage_healed":0.0,"max_hp_gain":0.0,"max_hp_loss":0.0,"gold_gain":0.0,"event_name":"Liars Game","player_choice":"Ignored","floor":3.0,"gold_loss":0.0,"damage_taken":0.0},{"damage_healed":0.0,"max_hp_gain":5.0,"max_hp_loss":0.0,"gold_gain":0.0,"event_name":"Big Fish","player_choice":"Donut","floor":8.0,"gold_loss":0.0,"damage_taken":0.0},{"damage_healed":0,"gold_gain":0,"player_choice":"Fled","damage_taken":0,"max_hp_gain":0,"max_hp_loss":0,"event_name":"Scrap Ooze","floor":12,"gold_loss":0}],"is_beta":false,"boss_relics":[],"items_purged_floors":[2],"is_endless":false,"potions_floor_spawned":[5,11,14],"killed_by":"Hexaghost","ascension_level":0}}