{"host":"7v9v7e0ijfujyvc8","time":1614034536,"event":{"mods":["AchievementEnabler","Act Like it!","Arknights","BaseMod","Better Altar","Better Note","Better Skull","Better Third Choice","BetterRewards","Bossed Relics","Challenge The Spire","Evolution","Gold Saver","Good Game Mod","Highlight Path","Minty Spire (QoL Compilation)","RNG Fix","Rare Cards Sparkle","Reliquary","Ruina","Shop Mod","Spicy Shops","StSLib","SuperFastMode","Thieving Mod"],"gold_per_floor":[871,889,907,604,616,649,649,666,666,453,453,472,472,487,487,590,590,608,618,263,280,98,133,133,152,206,206,61,61,501,534,534,638,638,655,675,675,378,392,421,438,438,464,484,499,532,259,271,271,271],"floor_reached":51,"language":"ENG","playtime":4938,"items_purged":["ats:Magnetic Hammer","Defend_R","Defend_R","Defend_R"],"score":1176,"play_id":"958b1911-686f-4bad-bea9-c79828f40584","local_time":"20210222235536","is_ascension_mode":false,"campfire_choices":[{"data":"Body Slam","floor":7,"key":"SMITH"},{"data":"1","floor":11,"key":"LIFT"},{"data":"2","floor":15,"key":"LIFT"},{"data":"3","floor":27,"key":"LIFT"},{"data":"Limit Break","floor":29,"key":"SMITH"},{"data":"Body Slam","floor":32,"key":"SMITH"},{"data":"Iron Wave","floor":42,"key":"SMITH"},{"data":"Flex","floor":49,"key":"SMITH"}],"circlet_count":0,"master_deck":["Iron Wave+1","Iron Wave","Iron Wave","Iron Wave","Iron Wave","Bash","Body Slam+1","Shrug It Off","Shrug It Off","Limit Break+1","Body Slam+1","Flex+1"],"relics":["Black Blood","EVO:Axolotl","REME:ComplimentaryCards","Lizard Tail","Membership Card","Blood Vial","CaptainsWheel","Pen Nib","Ornamental Fan","Girya","MerchantsRug","Torii","reliquary:PurpleTingedLeaf","Tiny Chest","TheAbacus","HandDrill","TungstenRod","Centennial Puzzle","Oddly Smooth Stone","reliquary:HotPoker","Omamori","Astrolabe","Nunchaku","Anchor","Chemical X","Vajra","reliquary:WeakTea","Ginger","Shuriken","Sling"],"acts_visited":["Exordium","Exordium","TheBeyond"],"potions_floor_usage":[3],"damage_taken":[{"damage":2,"enemies":"Jaw Worm","floor":1,"turns":4},{"damage":0,"enemies":"Cultist","floor":2,"turns":4},{"damage":0,"enemies":"2 Louse","floor":3,"turns":4},{"damage":0,"enemies":"Exordium Wildlife","floor":5,"turns":8},{"damage":32,"enemies":"Lagavulin","floor":6,"turns":12},{"damage":0,"enemies":"3 Louse","floor":8,"turns":3},{"damage":0,"enemies":"Large Slime","floor":12,"turns":3},{"damage":0,"enemies":"2 Fungi Beasts","floor":14,"turns":3},{"damage":53,"enemies":"Hexaghost","floor":16,"turns":9},{"damage":0,"enemies":"ruina:3_Bats","floor":18,"turns":5},{"damage":0,"enemies":"ruina:2_Scarecrows","floor":19,"turns":4},{"damage":0,"enemies":"ruina:KnightOfDespair","floor":21,"turns":3},{"damage":15,"enemies":"ruina:Mountain","floor":23,"turns":6},{"damage":0,"enemies":"ruina:KingOfGreed","floor":25,"turns":3},{"damage":0,"enemies":"ruina:ServantOfWrath","floor":31,"turns":5},{"damage":0,"enemies":"ruina:Red_and_Wolf","floor":33,"turns":7},{"damage":0,"enemies":"3 Shapes","floor":35,"turns":10},{"damage":0,"enemies":"Orb Walker","floor":36,"turns":2},{"damage":0,"enemies":"Spire Growth","floor":39,"turns":2},{"damage":29,"enemies":"Reptomancer","floor":40,"turns":3},{"damage":0,"enemies":"4 Shapes","floor":41,"turns":2},{"damage":14,"enemies":"Writhing Mass","floor":44,"turns":3},{"damage":0,"enemies":"Maw","floor":45,"turns":5},{"damage":0,"enemies":"Giant Head","floor":46,"turns":5},{"damage":0,"enemies":"3 Darklings","floor":48,"turns":3},{"damage":0,"enemies":"Donu and Deca","floor":50,"turns":5}],"seed_played":"6604044180457293340","potions_obtained":[{"floor":1,"key":"Block Potion"},{"floor":3,"key":"Fruit Juice"},{"floor":12,"key":"Ancient Potion"},{"floor":14,"key":"Energy Potion"},{"floor":31,"key":"AttackPotion"},{"floor":39,"key":"BloodPotion"}],"is_trial":false,"path_per_floor":["M","M","M","$","M","E","R","M","T","$","R","M","?","M","R","B",null,"M","M","$","M","$","E","?","M","T","R","$","R","?","E","R","B",null,"M","M","?","$","M","E","M","R","T","M","M","E","$","M","R","B",null],"character_chosen":"IRONCLAD","items_purchased":["Lizard Tail","Membership Card","Blood Vial","CaptainsWheel","Girya","MerchantsRug","Torii","reliquary:PurpleTingedLeaf","Tiny Chest","TheAbacus","HandDrill","Flex","TungstenRod","reliquary:HotPoker","Nunchaku","Anchor","Chemical X","Shuriken","Sling"],"campfire_rested":0,"item_purchase_floors":[0,4,4,4,10,10,20,20,20,20,20,22,22,28,38,38,38,47,47],"current_hp_per_floor":[80,80,85,85,85,59,59,67,67,67,67,75,80,85,85,38,85,85,85,85,85,85,83,79,79,79,79,79,79,45,61,61,78,79,79,79,75,75,75,58,73,73,73,73,75,75,75,75,75,75],"gold":271,"neow_bonus":"","is_daily":false,"chose_seed":false,"campfire_upgraded":5,"win_rate":0.0,"timestamp":1614034536,"path_taken":["M","M","M","$","M","E","R","M","T","$","R","M","?","M","R","BOSS","M","M","$","M","$","E","?","M","T","R","$","R","?","E","R","BOSS","M","M","?","$","M","E","M","R","T","M","M","E","$","M","R","BOSS"],"items_purchased_type":["Relic","Relic","Relic","Relic","Relic","Relic","Relic","Relic","Relic","Relic","Relic","Card","Relic","Relic","Relic","Relic","Relic","Relic","Relic"],"build_version":"2020-12-22","purchased_purges":4,"victory":true,"max_hp_per_floor":[80,80,85,85,85,85,85,85,85,85,85,85,85,85,85,85,85,85,85,85,85,85,85,79,79,79,79,79,79,79,79,79,79,79,79,79,75,75,75,75,75,75,75,75,75,75,75,75,75,75],"card_choices":[{"not_picked":["Fire Breathing","Dual Wield"],"picked":"Body Slam","floor":1},{"not_picked":["Pummel","Infernal Blade"],"picked":"Shrug It Off","floor":2},{"not_picked":["Evolve","Sword Boomerang","Warcry"],"picked":"SKIP","floor":3},{"not_picked":["Pummel","Twin Strike","Carnage"],"picked":"SKIP","floor":5},{"not_picked":["Sword Boomerang","True Grit","Cleave"],"picked":"SKIP","floor":6},{"not_picked":["Feel No Pain","Havoc"],"picked":"Shrug It Off","floor":8},{"not_picked":["Bloodletting","Heavy Blade","Burning Pact"],"picked":"SKIP","floor":12},{"not_picked":["Heavy Blade","Armaments","Anger"],"picked":"SKIP","floor":14},{"not_picked":["Corruption","Offering"],"picked":"Limit Break","floor":16},{"not_picked":["Rampage","Pummel","Rupture"],"picked":"SKIP","floor":18},{"not_picked":["Power Through+1","Twin Strike","Inflame"],"picked":"SKIP","floor":19},{"not_picked":["Whirlwind","Shrug It Off"],"picked":"Body Slam","floor":21},{"not_picked":["Dark Embrace","Twin Strike","Blood for Blood"],"picked":"SKIP","floor":23},{"not_picked":["Thunderclap","Twin Strike","Anger+1"],"picked":"SKIP","floor":25},{"not_picked":["Perfected Strike","Burning Pact+1","Clash+1"],"picked":"SKIP","floor":31},{"not_picked":["Heavy Blade","Armaments","Dual Wield"],"picked":"SKIP","floor":35},{"not_picked":["Body Slam","Iron Wave","Disarm+1"],"picked":"SKIP","floor":36},{"not_picked":["Battle Trance+1","Carnage+1","Wild Strike"],"picked":"SKIP","floor":39},{"not_picked":["Armaments+1","Reaper","Seeing Red"],"picked":"SKIP","floor":40},{"not_picked":["Clash","Headbutt","Pummel+1"],"picked":"SKIP","floor":41},{"not_picked":["True Grit","Armaments","Anger"],"picked":"SKIP","floor":44},{"not_picked":["Havoc+1","Rupture","Searing Blow+1"],"picked":"SKIP","floor":45},{"not_picked":["Thunderclap+1","Impervious","Battle Trance"],"picked":"SKIP","floor":46},{"not_picked":["Cleave","Body Slam","Seeing Red+1"],"picked":"SKIP","floor":48}],"player_experience":65628,"relics_obtained":[{"floor":6,"key":"Pen Nib"},{"floor":9,"key":"Ornamental Fan"},{"floor":23,"key":"Centennial Puzzle"},{"floor":26,"key":"Oddly Smooth Stone"},{"floor":31,"key":"Omamori"},{"floor":40,"key":"Vajra"},{"floor":43,"key":"reliquary:WeakTea"},{"floor":46,"key":"Ginger"}],"event_choices":[{"cards_removed":["True Grit"],"damage_healed":5,"gold_gain":0,"player_choice":"Offered Common","damage_taken":0,"max_hp_gain":0,"max_hp_loss":0,"event_name":"Bonfire Elementals","floor":13,"gold_loss":0},{"cards_removed":["True Grit"],"damage_healed":5,"gold_gain":0,"player_choice":"Offered Special","damage_taken":0,"max_hp_gain":0,"max_hp_loss":0,"event_name":"Bonfire Elementals","floor":13,"gold_loss":0},{"damage_healed":0,"gold_gain":440,"player_choice":"GO GO GO GO ","damage_taken":43,"relics_obtained":[],"max_hp_gain":0,"max_hp_loss":0,"event_name":"betterSkull:BetterSkull","floor":30,"gold_loss":0,"cards_upgraded":[]},{"damage_healed":0,"gold_gain":0,"player_choice":"Max HP","damage_taken":0,"max_hp_gain":0,"max_hp_loss":4,"event_name":"Winding Halls","floor":37,"gold_loss":0}],"is_beta":false,"boss_relics":[{"not_picked":["reliquary:RedCape","Snecko Eye"],"picked":"Black Blood"},{"not_picked":["Fusion Hammer","Busted Crown"],"picked":"Astrolabe"}],"items_purged_floors":[28,38,38,47],"is_endless":false,"potions_floor_spawned":[1,3,12,14,16,18,31,36,39,40],"ascension_level":0}}