{"host":"3j2m8n0ywf988fwb","time":1614027060,"event":{"mods":["2.2 Compatiblity","AchievementEnabler","Act Like it!","BaseMod","Beaked The Cultist","Better Altar","Better Match","Better Note","Better Sensory Stone","Better Skull","Better Third Choice","Colored Map","Colored Powertips","Dark Map","Hallownest","HexUI Lib","Highlight Path","Marked Mod","Minty Spire (QoL Compilation)","Random Character Button","Relic Stats","Robot Space Explorer","Ruina","Shapeshifter Mod","Shop Mod","Somnambulant","StSLib","The Bug Knight","The Servant 0.9.4","Unceasing Turn Reminder","Weighted Paths","everything is the same but u backflip on backflip"],"gold_per_floor":[112,127,127,127,77,116,116,130,177,277,316,332,367,337,337,337,337],"floor_reached":16,"language":"ENG","playtime":629,"items_purged":[],"score":136,"play_id":"890b8ee8-a1b6-4225-a844-563eb7313f8e","local_time":"20210222145100","is_ascension_mode":true,"campfire_choices":[{"data":"beaked:Ceremony","floor":7,"key":"SMITH"}],"circlet_count":0,"master_deck":["beaked:Strike_Y","beaked:Strike_Y","beaked:Strike_Y","beaked:Strike_Y","beaked:Strike_Y","beaked:Defend_Y","beaked:Defend_Y","beaked:Defend_Y","beaked:Defend_Y","beaked:Ceremony+1","beaked:Ceremony","beaked:Ceremony","beaked:Devastation","beaked:Foresight","beaked:CursingBlood","beaked:Pecker","beaked:Replenish","beaked:AwakenedForm","beaked:MachineEssence"],"relics":["beaked:MendingPlumage","PreservedInsect","Golden Idol","Bag of Marbles","Potion Belt","Ancient Tea Set","MealTicket"],"acts_visited":["Exordium"],"potions_floor_usage":[12,14],"damage_taken":[{"damage":5,"enemies":"Cultist","floor":1,"turns":5},{"damage":5,"enemies":"2 Louse","floor":2,"turns":6},{"damage":4,"enemies":"Lagavulin","floor":6,"turns":7},{"damage":3,"enemies":"Small Slimes","floor":8,"turns":5},{"damage":16,"enemies":"HollowMod:MossKnight","floor":11,"turns":7},{"damage":9,"enemies":"Red Slaver","floor":12,"turns":4},{"damage":45,"enemies":"3 Sentries","floor":13,"turns":8},{"damage":2,"enemies":"Looter","floor":14,"turns":4},{"damage":72,"enemies":"The Guardian","floor":16,"turns":6}],"seed_played":"-1630702178116466510","potions_obtained":[{"floor":2,"key":"Dexterity Potion"},{"floor":8,"key":"Fire Potion"},{"floor":11,"key":"Energy Potion"}],"is_trial":false,"path_per_floor":["M","M","?","?","?","E","R","M","T","?","E","M","E","M","R","B"],"character_chosen":"BEAKED_THE_CULTIST","items_purchased":[],"campfire_rested":0,"item_purchase_floors":[],"current_hp_per_floor":[49,50,50,38,38,50,50,50,50,45,48,50,23,32,32,0,0],"gold":337,"neow_bonus":"TRANSFORM_CARD","is_daily":false,"chose_seed":false,"campfire_upgraded":1,"win_rate":0.0,"timestamp":1614027060,"path_taken":["M","M","?","?","?","E","R","M","T","?","E","M","E","M","R","BOSS"],"items_purchased_type":[],"build_version":"2020-12-22","purchased_purges":0,"victory":false,"max_hp_per_floor":[50,50,50,50,50,50,50,50,50,50,50,50,50,50,50,50,50],"relic_stats":{"counters":[9,52],"Golden Idol":29,"MealTicket":0,"PreservedInsect":82,"obtain_stats":[{"Potion Belt":9,"Golden Idol":4,"MealTicket":13,"PreservedInsect":3,"Bag of Marbles":6,"beaked:MendingPlumage":0,"Ancient Tea Set":11},{"Potion Belt":4,"Golden Idol":2,"MealTicket":7,"PreservedInsect":2,"Bag of Marbles":3,"beaked:MendingPlumage":0,"Ancient Tea Set":5},{"Potion Belt":23,"Golden Idol":11,"MealTicket":42,"PreservedInsect":11,"Bag of Marbles":18,"beaked:MendingPlumage":0,"Ancient Tea Set":30}]},"card_choices":[{"not_picked":["beaked:FeelMyPain","beaked:Overexert"],"picked":"beaked:Foresight","floor":1},{"not_picked":["beaked:Tradeoff","beaked:Poke"],"picked":"beaked:CursingBlood","floor":2},{"not_picked":["beaked:BarbedWire","beaked:MimicHuntress"],"picked":"beaked:Pecker","floor":6},{"not_picked":["beaked:Redirect","beaked:Devastation","beaked:SurvivalInstinct"],"picked":"SKIP","floor":8},{"not_picked":["beaked:Poke","beaked:Evade"],"picked":"beaked:Replenish","floor":11},{"not_picked":["beaked:Windmill","beaked:MaddeningMurmurs"],"picked":"beaked:AwakenedForm","floor":12},{"not_picked":["beaked:Poke","beaked:Tradeoff"],"picked":"beaked:MachineEssence","floor":13},{"not_picked":["beaked:Struggle","beaked:HuntressSpirit","beaked:TuckingFeathers"],"picked":"SKIP","floor":14}],"player_experience":1050571,"relics_obtained":[{"floor":6,"key":"Bag of Marbles"},{"floor":9,"key":"Potion Belt"},{"floor":11,"key":"Ancient Tea Set"},{"floor":13,"key":"MealTicket"}],"event_choices":[{"damage_healed":0,"gold_gain":0,"player_choice":"Box","damage_taken":0,"relics_obtained":["PreservedInsect"],"max_hp_gain":0,"max_hp_loss":0,"event_name":"Big Fish","floor":3,"gold_loss":0,"cards_obtained":["Regret"]},{"damage_healed":0,"gold_gain":0,"player_choice":"Take Damage","damage_taken":12,"relics_obtained":["Golden Idol"],"max_hp_gain":0,"max_hp_loss":0,"event_name":"Golden Idol","floor":4,"gold_loss":0},{"cards_removed":["Regret"],"damage_healed":0,"gold_gain":0,"player_choice":"Card Removal","damage_taken":0,"max_hp_gain":0,"max_hp_loss":0,"event_name":"The Cleric","floor":5,"gold_loss":50}],"is_beta":false,"boss_relics":[],"items_purged_floors":[],"is_endless":false,"potions_floor_spawned":[2,8,11],"killed_by":"The Guardian","ascension_level":3}}