{"host":"1a8lb11wemezctea","time":1614035620,"event":{"mods":["BaseMod","Colored Powertips","Highlight Path","Minty Spire (QoL Compilation)"],"gold_per_floor":[115,128,128,128,128,162,43,43,43,79,103,124,145,164,164,294,294,315,336,336,219,318,349,129,129,207,207,227,261,296,344,356,497,509,534,609,621,75,88,88,128,153,153,153,153,174,192,228,228,228,228,228,28,66,66,66],"floor_reached":55,"language":"ENG","playtime":4317,"items_purged":["Strike_R","Strike_R+1","Strike_R+1"],"score":1167,"play_id":"bc9e40f2-9231-4e2d-bfe8-d3006d5f8520","local_time":"20210222181340","is_ascension_mode":true,"campfire_choices":[{"floor":8,"key":"REST"},{"data":"Rupture","floor":15,"key":"SMITH"},{"data":"Limit Break","floor":25,"key":"SMITH"},{"data":"Exhume","floor":27,"key":"SMITH"},{"data":"Offering","floor":32,"key":"SMITH"},{"floor":40,"key":"RECALL"},{"floor":49,"key":"REST"},{"floor":52,"key":"REST"}],"circlet_count":0,"master_deck":["Defend_R","Defend_R+1","Defend_R+1","Bash","Reaper","Bloodletting","Hemokinesis+1","Rupture+1","Shrug It Off","Limit Break+1","Sword Boomerang","Battle Trance","Thunderclap","Exhume+1","Heavy Blade+1","Dual Wield+1","Rage+1","Offering+1","Disarm","Blood for Blood+1","Master of Strategy","Flame Barrier+1","Double Tap","Feel No Pain","Twin Strike","Blind","Finesse","Thinking Ahead","True Grit+1","Entrench+1","Body Slam+1"],"relics":["Burning Blood","Golden Idol","Smiling Mask","Question Card","War Paint","Astrolabe","Boot","Pantograph","MawBank","Regal Pillow","Fusion Hammer","Calipers","Shuriken","Akabeko","Bottled Flame","Vajra"],"acts_visited":["Exordium","TheCity","TheBeyond","TheEnding"],"potions_floor_usage":[16,16,16,19,23,29,50,50,50,54,55,55],"damage_taken":[{"damage":8,"enemies":"2 Louse","floor":1,"turns":3},{"damage":14,"enemies":"Jaw Worm","floor":2,"turns":5},{"damage":33,"enemies":"Lagavulin","floor":6,"turns":6},{"damage":25,"enemies":"3 Sentries","floor":10,"turns":8},{"damage":5,"enemies":"Small Slimes","floor":11,"turns":3},{"damage":5,"enemies":"Exordium Wildlife","floor":12,"turns":3},{"damage":8,"enemies":"Looter","floor":13,"turns":3},{"damage":5,"enemies":"2 Fungi Beasts","floor":14,"turns":2},{"damage":31,"enemies":"The Guardian","floor":16,"turns":7},{"damage":12,"enemies":"3 Byrds","floor":18,"turns":8},{"damage":38,"enemies":"Shell Parasite","floor":19,"turns":5},{"damage":51,"enemies":"Slavers","floor":23,"turns":5},{"damage":53,"enemies":"Cultist and Chosen","floor":28,"turns":6},{"damage":22,"enemies":"Book of Stabbing","floor":29,"turns":5},{"damage":17,"enemies":"Shelled Parasite and Fungi","floor":30,"turns":2},{"damage":29,"enemies":"Slavers","floor":31,"turns":3},{"damage":83,"enemies":"Automaton","floor":33,"turns":8},{"damage":39,"enemies":"3 Shapes","floor":35,"turns":5},{"damage":50,"enemies":"2 Orb Walkers","floor":36,"turns":4},{"damage":9,"enemies":"Orb Walker","floor":39,"turns":4},{"damage":16,"enemies":"Nemesis","floor":41,"turns":3},{"damage":23,"enemies":"Sphere and 2 Shapes","floor":42,"turns":4},{"damage":21,"enemies":"Spire Growth","floor":46,"turns":4},{"damage":15,"enemies":"Transient","floor":47,"turns":5},{"damage":45,"enemies":"Giant Head","floor":48,"turns":7},{"damage":49,"enemies":"Time Eater","floor":50,"turns":8},{"damage":89,"enemies":"Shield and Spear","floor":54,"turns":8},{"damage":86,"enemies":"The Heart","floor":55,"turns":6}],"seed_played":"6214459623305478838","potions_obtained":[{"floor":6,"key":"ElixirPotion"},{"floor":11,"key":"SneckoOil"},{"floor":12,"key":"FearPotion"},{"floor":13,"key":"Weak Potion"},{"floor":18,"key":"Energy Potion"},{"floor":19,"key":"SteroidPotion"},{"floor":28,"key":"BlessingOfTheForge"},{"floor":39,"key":"EssenceOfSteel"},{"floor":42,"key":"EssenceOfSteel"}],"is_trial":false,"path_per_floor":["M","M","?","?","?","E","$","R","T","E","M","M","M","M","R","B",null,"M","M","?","$","?","E","$","R","T","R","M","E","M","E","R","B",null,"M","?","?","$","M","R","E","M","T","?","$","M","M","E","R","B",null,"R","$","E","B"],"character_chosen":"IRONCLAD","items_purchased":["Rupture","Shrug It Off","Disarm","Master of Strategy","Twin Strike","Shuriken","Blind","Block Potion","DistilledChaos","LiquidBronze","LiquidBronze","BloodPotion"],"campfire_rested":3,"item_purchase_floors":[7,7,21,24,38,38,38,38,38,53,53,53],"current_hp_per_floor":[78,70,50,50,34,13,13,37,37,30,39,50,48,55,55,54,74,88,59,59,59,59,65,65,65,65,65,70,58,49,41,41,13,80,65,69,69,69,71,71,102,102,102,97,97,89,87,99,102,59,91,102,102,49,0,0],"gold":66,"neow_bonus":"ONE_RANDOM_RARE_CARD","is_daily":false,"chose_seed":false,"campfire_upgraded":4,"win_rate":0.0,"timestamp":1614035620,"path_taken":["M","M","?","?","?","E","$","R","T","E","?","M","M","M","R","BOSS","M","M","?","$","?","E","$","R","T","R","?","E","M","E","R","BOSS","M","?","?","$","M","R","E","M","T","?","?","M","?","E","R","BOSS","R","$","E","BOSS"],"items_purchased_type":["Card","Card","Card","Card","Card","Relic","Card","Potion","Potion","Potion","Potion","Potion"],"build_version":"2020-12-22","purchased_purges":3,"victory":false,"max_hp_per_floor":[80,80,80,80,80,80,80,80,80,80,80,80,80,80,80,80,80,89,92,92,92,92,95,95,95,95,95,98,102,102,102,102,102,102,102,102,102,102,102,102,102,102,102,102,102,102,102,102,102,102,102,102,102,102,102,102],"card_choices":[{"not_picked":["Flex","Headbutt"],"picked":"Bloodletting","floor":1},{"not_picked":["Anger","Clothesline"],"picked":"Hemokinesis","floor":2},{"not_picked":["Havoc","Bloodletting","Combust"],"picked":"SKIP","floor":6},{"not_picked":["Combust","Spot Weakness","Intimidate"],"picked":"Limit Break","floor":10},{"not_picked":["Sword Boomerang","Warcry","Clash","Wild Strike"],"picked":"SKIP","floor":11},{"not_picked":["Warcry","Clash","Wild Strike"],"picked":"Sword Boomerang","floor":11},{"not_picked":["Pummel","Sever Soul","Thunderclap"],"picked":"Battle Trance","floor":12},{"not_picked":["Havoc","Wild Strike","Cleave"],"picked":"Thunderclap","floor":13},{"not_picked":["Shrug It Off","Body Slam","Sword Boomerang"],"picked":"Feed","floor":14},{"not_picked":["Impervious","Corruption","Double Tap"],"picked":"Exhume","floor":16},{"not_picked":["Body Slam","Burning Pact","Clothesline","Warcry"],"picked":"SKIP","floor":18},{"not_picked":["Perfected Strike+1","Heavy Blade","Iron Wave"],"picked":"Offering","floor":19},{"not_picked":["Battle Trance","Clash","Berserk"],"picked":"Blood for Blood+1","floor":23},{"not_picked":["Sword Boomerang","Reckless Charge+1","Body Slam"],"picked":"Flame Barrier+1","floor":28},{"not_picked":["Seeing Red","Havoc","Entrench","Juggernaut"],"picked":"SKIP","floor":29},{"not_picked":["Flex","Thunderclap","Clash","Havoc"],"picked":"SKIP","floor":30},{"not_picked":["Flex","Thunderclap","Clash","Havoc"],"picked":"SKIP","floor":30},{"not_picked":["Flex","Thunderclap","Clash","Havoc"],"picked":"SKIP","floor":30},{"not_picked":["Dropkick","Anger","Fiend Fire","Clash"],"picked":"SKIP","floor":31},{"not_picked":["Immolate","Limit Break","Reaper"],"picked":"Double Tap","floor":33},{"not_picked":["Havoc+1","Infernal Blade","Thunderclap","Blood for Blood"],"picked":"SKIP","floor":35},{"not_picked":["True Grit","Thunderclap+1","Second Wind"],"picked":"Feel No Pain","floor":36},{"not_picked":["Feel No Pain","Clash","Rage+1","Carnage+1"],"picked":"SKIP","floor":39},{"not_picked":["Feel No Pain","Clash","Rage+1","Carnage+1"],"picked":"SKIP","floor":39},{"not_picked":["Sword Boomerang+1","Armaments+1","Hemokinesis","Carnage"],"picked":"SKIP","floor":41},{"not_picked":["Heavy Blade+1","Hemokinesis+1","Sword Boomerang","Spot Weakness"],"picked":"SKIP","floor":42},{"not_picked":["Thinking Ahead","Madness","Trip"],"picked":"Finesse","floor":44},{"not_picked":["Enlightenment","Trip","Mind Blast"],"picked":"Thinking Ahead","floor":44},{"not_picked":["Flame Barrier","Cleave","Heavy Blade"],"picked":"True Grit+1","floor":46},{"not_picked":["Twin Strike+1","Iron Wave+1","Warcry+1","Clothesline"],"picked":"SKIP","floor":47},{"not_picked":["Thunderclap+1","Armaments","Hemokinesis"],"picked":"Entrench+1","floor":48},{"not_picked":["Armaments+1","Evolve","Barricade"],"picked":"Body Slam+1","floor":54}],"player_experience":300525,"relics_obtained":[{"floor":6,"key":"Smiling Mask"},{"floor":9,"key":"Question Card"},{"floor":10,"key":"War Paint"},{"floor":23,"key":"Boot"},{"floor":26,"key":"Pantograph"},{"floor":29,"key":"MawBank"},{"floor":31,"key":"Regal Pillow"},{"floor":36,"key":"Calipers"},{"floor":41,"key":"Akabeko"},{"floor":48,"key":"Bottled Flame"},{"floor":54,"key":"Vajra"}],"event_choices":[{"damage_healed":0,"gold_gain":0,"player_choice":"Take Damage","damage_taken":20,"relics_obtained":["Golden Idol"],"max_hp_gain":0,"max_hp_loss":0,"event_name":"Golden Idol","floor":3,"gold_loss":0},{"damage_healed":0,"gold_gain":0,"player_choice":"Grow","damage_taken":0,"max_hp_gain":0,"max_hp_loss":0,"event_name":"Living Wall","floor":4,"gold_loss":0,"cards_upgraded":["Hemokinesis"]},{"damage_healed":0,"gold_gain":0,"player_choice":"Entered Light","damage_taken":16,"max_hp_gain":0,"max_hp_loss":0,"event_name":"Shining Light","floor":5,"gold_loss":0,"cards_upgraded":["Strike_R","Strike_R"]},{"damage_healed":0,"gold_gain":0,"player_choice":"Ignored","damage_taken":0,"max_hp_gain":0,"max_hp_loss":0,"event_name":"Ghosts","floor":20,"gold_loss":0},{"damage_healed":0,"gold_gain":99,"player_choice":"Stole From Cult","damage_taken":0,"max_hp_gain":0,"max_hp_loss":0,"event_name":"Nest","floor":22,"gold_loss":0},{"damage_healed":0,"gold_gain":0,"player_choice":"Fight","damage_taken":0,"max_hp_gain":0,"max_hp_loss":0,"event_name":"Mysterious Sphere","floor":36,"gold_loss":0},{"cards_removed":["Feed"],"damage_healed":0,"gold_gain":0,"player_choice":"Removed Attack","damage_taken":0,"max_hp_gain":0,"max_hp_loss":0,"event_name":"Falling","floor":37,"gold_loss":0},{"damage_healed":0,"gold_gain":0,"player_choice":"Memory 2","damage_taken":5,"max_hp_gain":0,"max_hp_loss":0,"event_name":"SensoryStone","floor":44,"gold_loss":0}],"is_beta":false,"boss_relics":[{"not_picked":["Velvet Choker","Runic Cube"],"picked":"Astrolabe"},{"not_picked":["Tiny House","Black Star"],"picked":"Fusion Hammer"}],"items_purged_floors":[21,24,38],"is_endless":false,"potions_floor_spawned":[6,11,12,13,18,19,28,39,42,46,48],"killed_by":"The Heart","ascension_level":9}}