{"host":"krw8kyiy0um8ye49","time":1614026528,"event":{"mods":["BaseMod","Colored Map","Minty Spire (QoL Compilation)","Permanent Neow","Reliquary","StSLib","Uncapped"],"gold_per_floor":[219,219,238,238,255,255,255,286,310,324,338,338,364,136,136,233,233,243,174,174,174,193,193,193,193],"floor_reached":24,"language":"ENG","playtime":1055,"items_purged":["Strike_R"],"score":292,"play_id":"ab191c40-0d80-4643-bd7f-129bbc3f7baf","local_time":"20210222214208","is_ascension_mode":true,"campfire_choices":[{"data":"Searing Blow+1","floor":6,"key":"SMITH"},{"data":"Searing Blow+3","floor":12,"key":"SMITH"},{"floor":15,"key":"REST"},{"data":"Feed","floor":23,"key":"SMITH"}],"circlet_count":0,"master_deck":["Strike_R","Strike_R","Strike_R","Strike_R","Defend_R","Defend_R","Defend_R","Defend_R","Bash","Searing Blow+4","Sentinel","Intimidate","Rage","Sever Soul","Thunderclap","Feed+1","Shrug It Off","Metallicize"],"relics":["Burning Blood","Centennial Puzzle","Vajra","Omamori","Lantern","reliquary:RustamsPendant","MutagenicStrength"],"acts_visited":["Exordium","TheCity"],"potions_floor_usage":[8,16,16,24],"damage_taken":[{"damage":0,"enemies":"Small Slimes","floor":1,"turns":3},{"damage":11,"enemies":"Cultist","floor":3,"turns":4},{"damage":9,"enemies":"Jaw Worm","floor":5,"turns":3},{"damage":20,"enemies":"3 Sentries","floor":8,"turns":9},{"damage":8,"enemies":"Blue Slaver","floor":10,"turns":3},{"damage":15,"enemies":"Exordium Wildlife","floor":11,"turns":4},{"damage":27,"enemies":"Lagavulin","floor":13,"turns":5},{"damage":0,"enemies":"Slime Boss","floor":16,"turns":5},{"damage":7,"enemies":"Chosen","floor":18,"turns":3},{"damage":23,"enemies":"3 Byrds","floor":22,"turns":7},{"damage":65,"enemies":"Book of Stabbing","floor":24,"turns":7}],"seed_played":"-2531327928834421055","potions_obtained":[{"floor":3,"key":"SkillPotion"},{"floor":11,"key":"Fire Potion"},{"floor":13,"key":"AttackPotion"},{"floor":16,"key":"Block Potion"}],"is_trial":false,"path_per_floor":["M","?","M","$","M","R","?","E","T","M","M","R","E","$","R","B",null,"M","$","?","?","M","R","E"],"character_chosen":"IRONCLAD","items_purchased":["Lantern","Metallicize"],"campfire_rested":1,"item_purchase_floors":[14,19],"current_hp_per_floor":[80,80,75,75,72,72,72,58,58,56,47,47,26,26,50,56,80,79,79,79,79,62,62,0,0],"gold":193,"neow_bonus":"HUNDRED_GOLD","is_daily":false,"chose_seed":false,"campfire_upgraded":3,"win_rate":0.0,"timestamp":1614026528,"path_taken":["M","?","M","$","M","R","?","E","T","?","M","R","E","?","R","BOSS","M","$","?","?","M","R","E"],"items_purchased_type":["Relic","Card"],"build_version":"2020-12-22","purchased_purges":1,"victory":false,"max_hp_per_floor":[80,80,80,80,80,80,80,80,80,80,80,80,80,80,80,80,80,80,80,80,80,80,80,80,80],"card_choices":[{"not_picked":["Iron Wave","Headbutt"],"picked":"Searing Blow","floor":1},{"not_picked":["Searing Blow","Hemokinesis"],"picked":"Sentinel","floor":3},{"not_picked":["Pommel Strike","Perfected Strike"],"picked":"Intimidate","floor":5},{"not_picked":["Perfected Strike","Juggernaut"],"picked":"Rage","floor":8},{"not_picked":["Body Slam","Rage"],"picked":"Sever Soul","floor":10},{"not_picked":["Twin Strike","Shockwave"],"picked":"Thunderclap","floor":11},{"not_picked":["Sever Soul","Havoc","Headbutt"],"picked":"SKIP","floor":13},{"not_picked":["Exhume","Barricade"],"picked":"Feed","floor":16},{"not_picked":["Havoc","Twin Strike"],"picked":"Shrug It Off","floor":18},{"not_picked":["Shrug It Off","Headbutt","Flex"],"picked":"SKIP","floor":22}],"player_experience":195102,"relics_obtained":[{"floor":8,"key":"Centennial Puzzle"},{"floor":9,"key":"Vajra"},{"floor":13,"key":"Omamori"}],"event_choices":[{"damage_healed":0,"gold_gain":0,"player_choice":"Grow","damage_taken":0,"max_hp_gain":0,"max_hp_loss":0,"event_name":"Living Wall","floor":2,"gold_loss":0,"cards_upgraded":["Searing Blow"]},{"damage_healed":0,"gold_gain":0,"player_choice":"Upgraded","damage_taken":0,"max_hp_gain":0,"max_hp_loss":0,"event_name":"Upgrade Shrine","floor":7,"gold_loss":0,"cards_upgraded":["Searing Blow"]},{"damage_healed":0,"gold_gain":0,"player_choice":"Ignored","damage_taken":0,"max_hp_gain":0,"max_hp_loss":0,"event_name":"Vampires","floor":20,"gold_loss":0},{"damage_healed":0,"gold_gain":0,"player_choice":"Inject Mutagens","damage_taken":0,"relics_obtained":["MutagenicStrength"],"max_hp_gain":0,"max_hp_loss":0,"event_name":"Drug Dealer","floor":21,"gold_loss":0}],"is_beta":false,"boss_relics":[{"not_picked":["reliquary:WritOfMandamus","Ectoplasm"],"picked":"reliquary:RustamsPendant"}],"items_purged_floors":[14],"is_endless":false,"potions_floor_spawned":[3,11,13,16],"killed_by":"Book of Stabbing","ascension_level":3}}