{"host":"dh4nu8nelr2izibb","time":1614022908,"event":{"mods":["BaseMod","Better Skull","Better Third Choice","Card Filter","Card Forge","Curses Come First","Displayed Cursed Tome","HololiveMod","Marisa????????","Minty Spire (QoL Compilation)","Poor People Problems","Quick Restart","Relic Filter","Reliquary","StSLib","The Servant 0.9.4","WarShipGirlsR/????R mod","Yakumo Yukari mod"],"gold_per_floor":[415,432,450,450,410,410,444,458,481,481,493,521,23,37,37,110,110,129,129,139,139,158,158,69,82,82,92,118,118,147,158,158,229,229,240,265,278,128,128,128,147,174,174,174,174,207,60,60,60],"floor_reached":48,"language":"ENG","playtime":2164,"items_purged":["Strike_G","Strike_G"],"score":1199,"play_id":"54dcaff7-f717-4310-bb9b-1ba1294db669","local_time":"20210222144148","is_ascension_mode":true,"campfire_choices":[{"floor":6.0,"key":"REST"},{"floor":10.0,"key":"REST"},{"floor":15.0,"key":"REST"},{"data":"Glass Knife","floor":23.0,"key":"SMITH"},{"data":"All Out Attack","floor":29.0,"key":"SMITH"},{"data":"Acrobatics","floor":32.0,"key":"SMITH"},{"data":"A Thousand Cuts","floor":40.0,"key":"SMITH"},{"floor":44,"key":"REST"}],"circlet_count":0,"master_deck":["AscendersBane","Strike_G","Defend_G","Defend_G","Defend_G+1","Survivor","Neutralize+1","Dagger Spray+1","Cloak And Dagger","Footwork+1","Backflip","Blade Dance","Sucker Punch+1","Malaise+1","Eviscerate","Acrobatics+1","Blade Dance","Dash","Glass Knife+1","Underhanded Strike","PiercingWail","All Out Attack+1","Terror+1","Cloak And Dagger","Dagger Throw","Tactician","A Thousand Cuts+1","Predator","Acrobatics","Blade Dance","Malaise","Terror","Deflect","Acrobatics"],"relics":["Ring of the Snake","Hammer of Thor","Seething Fire","Anvil of the Gods","Old Coin","reliquary:Firecrackers","Lantern","Sundial","Ninja Scroll","reliquary:RedCape","Enchiridion","The Courier","War Paint","Question Card","Cursed Key","Shovel","Prayer Wheel","reliquary:Aerogel","reliquary:WeakTea"],"acts_visited":["Exordium","TheCity","TheBeyond"],"potions_floor_usage":[42,48,48],"damage_taken":[{"damage":6.0,"enemies":"2 Louse","floor":1.0,"turns":4.0},{"damage":8.0,"enemies":"Small Slimes","floor":2.0,"turns":5.0},{"damage":6.0,"enemies":"Cultist","floor":3.0,"turns":4.0},{"damage":0.0,"enemies":"Looter","floor":5.0,"turns":4.0},{"damage":34.0,"enemies":"3 Sentries","floor":7.0,"turns":11.0},{"damage":0.0,"enemies":"2 Fungi Beasts","floor":8.0,"turns":3.0},{"damage":0.0,"enemies":"Gremlin Gang","floor":11.0,"turns":3.0},{"damage":27.0,"enemies":"Lagavulin","floor":12.0,"turns":8.0},{"damage":4.0,"enemies":"Exordium Thugs","floor":14.0,"turns":3.0},{"damage":0.0,"enemies":"The Guardian","floor":16.0,"turns":14.0},{"damage":0.0,"enemies":"Spheric Guardian","floor":18.0,"turns":1.0},{"damage":14.0,"enemies":"2 Thieves","floor":20.0,"turns":3.0},{"damage":5.0,"enemies":"Centurion and Healer","floor":22.0,"turns":6.0},{"damage":12.0,"enemies":"Snake Plant","floor":25.0,"turns":4.0},{"damage":0.0,"enemies":"Snecko","floor":27.0,"turns":3.0},{"damage":0.0,"enemies":"Slavers","floor":28.0,"turns":5.0},{"damage":2.0,"enemies":"Gremlin Leader","floor":30.0,"turns":4.0},{"damage":0.0,"enemies":"Centurion and Healer","floor":31.0,"turns":4.0},{"damage":34.0,"enemies":"Collector","floor":33.0,"turns":7.0},{"damage":0.0,"enemies":"3 Shapes","floor":35.0,"turns":3.0},{"damage":1.0,"enemies":"Mind Bloom Boss Battle","floor":36.0,"turns":6.0},{"damage":0.0,"enemies":"Orb Walker","floor":37.0,"turns":2.0},{"damage":0,"enemies":"Transient","floor":41,"turns":6},{"damage":54,"enemies":"Reptomancer","floor":42,"turns":5},{"damage":17,"enemies":"Nemesis","floor":46,"turns":5},{"damage":19,"enemies":"Maw","floor":48,"turns":4}],"seed_played":"599434887415979653","potions_obtained":[{"floor":2.0,"key":"Ancient Potion"},{"floor":8.0,"key":"Fruit Juice"},{"floor":11.0,"key":"Explosive Potion"},{"floor":12.0,"key":"Fruit Juice"},{"floor":14.0,"key":"FearPotion"},{"floor":18.0,"key":"Swift Potion"},{"floor":20.0,"key":"AttackPotion"},{"floor":25.0,"key":"Fire Potion"},{"floor":27.0,"key":"ColorlessPotion"},{"floor":33.0,"key":"Ancient Potion"},{"floor":35.0,"key":"DuplicationPotion"},{"floor":46,"key":"EntropicBrew"}],"is_trial":false,"path_per_floor":["M","M","M","?","M","R","E","M","T","R","M","E","$","M","R","B",null,"M","?","M","?","M","R","$","M","T","M","E","R","E","M","R","B",null,"M","?","M","$","?","R","M","E","T","R","?","E","$","M"],"character_chosen":"THE_SILENT","items_purchased":["Ninja Scroll","Eviscerate","Acrobatics","Blade Dance","Terror","Predator","Terror","Deflect","Acrobatics"],"campfire_rested":4,"item_purchase_floors":[13,13,13,13,24,38,47,47,47],"current_hp_per_floor":[38,30,24,24,24,43,9,14,14,35,35,13,13,9,31,31,65,65,44,30,76,71,71,71,59,59,59,59,59,57,57,57,23,63,63,62,62,62,62,62,62,8,8,30,30,13,13,0,0],"gold":60,"neow_bonus":"ONE_RARE_RELIC","is_daily":false,"chose_seed":false,"campfire_upgraded":4,"win_rate":0.0,"timestamp":1614022908,"path_taken":["M","M","M","?","M","R","E","M","T","R","M","E","$","M","R","BOSS","M","?","M","?","M","R","$","M","T","M","E","R","E","?","R","BOSS","M","?","M","$","?","R","M","E","T","R","?","E","$","M"],"items_purchased_type":["Relic","Card","Card","Card","Card","Card","Card","Card","Card"],"build_version":"2020-12-22","purchased_purges":2,"victory":false,"max_hp_per_floor":[66,66,66,66,66,66,66,71,71,71,71,76,76,76,76,76,76,76,76,76,76,76,76,76,76,76,76,76,76,76,76,76,76,76,76,76,76,76,76,76,76,76,76,76,76,76,76,76,76],"card_choices":[{"not_picked":["Dagger Throw","Expertise"],"picked":"Dagger Spray","floor":1.0},{"not_picked":["Deadly Poison","Acrobatics"],"picked":"Cloak And Dagger","floor":2.0},{"not_picked":["Poisoned Stab","Predator"],"picked":"Footwork","floor":3.0},{"not_picked":["Choke","Bane"],"picked":"Backflip","floor":5.0},{"not_picked":["Quick Slash","Wraith Form v2"],"picked":"Blade Dance","floor":7.0},{"not_picked":["Escape Plan","Riddle With Holes"],"picked":"Footwork","floor":8.0},{"not_picked":["Blur","Dagger Spray"],"picked":"Sucker Punch","floor":11.0},{"not_picked":["Dash","Endless Agony"],"picked":"Malaise","floor":12.0},{"not_picked":["Outmaneuver","Underhanded Strike"],"picked":"Dash","floor":14.0},{"not_picked":["Malaise","Storm of Steel"],"picked":"Glass Knife","floor":16.0},{"not_picked":["Poisoned Stab","Distraction"],"picked":"Underhanded Strike","floor":18.0},{"not_picked":["Heel Hook","Infinite Blades"],"picked":"PiercingWail","floor":20.0},{"not_picked":["Quick Slash","Deadly Poison"],"picked":"All Out Attack","floor":22.0},{"not_picked":["Bane","Dagger Spray"],"picked":"Cloak And Dagger","floor":25.0},{"not_picked":["Choke","Bane"],"picked":"Dagger Throw","floor":27.0},{"not_picked":["Flechettes+1","Quick Slash","Blur"],"picked":"SKIP","floor":28.0},{"not_picked":["Tactician","Slice+1","Bouncing Flask"],"picked":"SKIP","floor":30.0},{"not_picked":["Dash","Malaise","Dagger Spray"],"picked":"Tactician","floor":31.0},{"not_picked":["Burst","Night Terror","Storm of Steel"],"picked":"A Thousand Cuts","floor":33.0},{"not_picked":["Dodge and Roll","Quick Slash+1","Flying Knee","Acrobatics"],"picked":"SKIP","floor":35.0},{"not_picked":["Catalyst","Riddle With Holes","Dodge and Roll","Prepared+1"],"picked":"SKIP","floor":37.0},{"not_picked":["Infinite Blades","Slice+1","Outmaneuver+1"],"picked":"Acrobatics","floor":41},{"not_picked":["Heel Hook+1","Cloak And Dagger","Dodge and Roll"],"picked":"Blade Dance","floor":42},{"not_picked":["Calculated Gamble+1","Bane","Well Laid Plans"],"picked":"Malaise","floor":46}],"player_experience":1200903,"relics_obtained":[{"floor":7.0,"key":"reliquary:Firecrackers"},{"floor":9.0,"key":"Lantern"},{"floor":12.0,"key":"Sundial"},{"floor":26.0,"key":"The Courier"},{"floor":28.0,"key":"War Paint"},{"floor":30.0,"key":"Question Card"},{"floor":36.0,"key":"Shovel"},{"floor":42,"key":"Prayer Wheel"},{"floor":43,"key":"reliquary:Aerogel"},{"floor":46,"key":"reliquary:WeakTea"}],"event_choices":[{"damage_healed":0.0,"max_hp_gain":0.0,"max_hp_loss":0.0,"gold_gain":0.0,"event_name":"betterThird:BetterScrap","player_choice":"LEAVE","floor":4.0,"gold_loss":0.0,"damage_taken":0.0,"cards_obtained":["Rage"]},{"damage_healed":0.0,"max_hp_gain":0.0,"max_hp_loss":0.0,"gold_gain":0.0,"event_name":"Cursed Tome","player_choice":"Obtained Book","floor":19.0,"gold_loss":0.0,"damage_taken":21.0},{"cards_removed":["Footwork"],"damage_healed":46.0,"max_hp_gain":0.0,"max_hp_loss":0.0,"gold_gain":0.0,"event_name":"Bonfire Elementals","player_choice":"Offered Uncommon","floor":21.0,"gold_loss":0.0,"damage_taken":0.0},{"damage_healed":0.0,"max_hp_gain":0.0,"max_hp_loss":0.0,"gold_gain":0.0,"event_name":"MindBloom","player_choice":"Fight","floor":36.0,"gold_loss":0.0,"damage_taken":0.0},{"cards_removed":["Writhe"],"damage_healed":0,"gold_gain":0,"player_choice":"Purged","damage_taken":0,"max_hp_gain":0,"max_hp_loss":0,"event_name":"Purifier","floor":45,"gold_loss":0}],"is_beta":false,"boss_relics":[{"not_picked":["Velvet Choker","Pandora\u0027s Box"],"picked":"reliquary:RedCape"},{"not_picked":["Calling Bell","Hololive_TopUpMoneyS"],"picked":"Cursed Key"}],"items_purged_floors":[13,38],"is_endless":false,"potions_floor_spawned":[2,8,11,12,14,18,20,25,27,33,35,46],"killed_by":"Maw","ascension_level":19}}