{"host":"9glxjasd35ghdaim","time":1614031093,"event":{"mods":["Act Like it!","AlwaysNeverKeys","Aspiration","BaseMod","Better Third Choice","CCEM2","CapriCore","Colored Map","Colored Powertips","Dark Map","Displayed Cursed Tome","Downfall","Evolution","GifTheSpireLib","Marked Mod","Minty Spire (QoL Compilation)","Permanent Neow","Quick Restart","Random Character Button","Reliquary","StS++","StSLib","Unceasing Turn Reminder","??????REMEMod"],"gold_per_floor":[99,118,118,118,6,6,30,30,42,67,105,124,124,144,162,274,274,174,202,227,118,133,171,171,171,171,171,193,216,236,278,297,401,401,401,426,444,457,508,546,546,565,565,615,635,459,471,489,513,513],"floor_reached":51,"language":"ENG","playtime":5283,"items_purged":[],"score":829,"play_id":"800c9fd1-ced6-4bd9-b7ae-24ae45c69f22","local_time":"20210222165813","is_ascension_mode":false,"campfire_choices":[{"data":"hexamod:Sear","floor":1,"key":"SMITH"},{"data":"hexamod:Float","floor":8,"key":"SMITH"},{"data":"hexamod:SpectersWail","floor":13,"key":"SMITH"},{"floor":18,"key":"REST"},{"floor":26,"key":"REST"},{"floor":35,"key":"REST"}],"circlet_count":0,"master_deck":["hexamod:Strike","hexamod:Strike","hexamod:Strike","hexamod:Strike","hexamod:Defend","hexamod:Defend","hexamod:Defend","hexamod:Defend+1","hexamod:Sear+1","hexamod:Float+1","Fiend Fire","hexamod:FirstSeal","hexamod:ChargedBarrage+1","hexamod:SecondSeal","hexamod:FastForward+1","hexamod:Hexaguard+1","hexamod:SoulSteal+1","hexamod:FastForward+1","hexamod:SpectersWail+1","hexamod:BurningTouch+1","hexamod:UnleashSpirits","hexamod:TurnItUp+1","hexamod:GhostShield+1","hexamod:GhostShield+1","hexamod:Firestarter","hexamod:SpectersWail","hexamod:ThermalTransfer","hexamod:BurningTouch+1","downfall:Bewildered","hexamod:GhostflameBarrier+1","hexamod:WildfireWeapon","hexamod:RecurringNightmare+1","hexamod:AdvancingGuard+1","hexamod:ThermalTransfer","hexamod:TimeWarp","hexamod:BurningTouch+1","hexamod:SpectersWail","hexamod:Hexaguard+1","Parasite","hexamod:SpectersWail+1","hexamod:Hexaguard+1","hexamod:ThirdSeal","hexamod:FourthSeal","hexamod:RadiantFlame+1","hexamod:FastForward+1","hexamod:SkipABeat+1","hexamod:FastForward+1","hexamod:NecessarySacrifice+1","hexamod:SkipABeat+1","hexamod:Incineration","StSpp:MindBarrier+1","hexamod:SixthSeal","hexamod:GhostLash+1","hexamod:FastForward+1"],"relics":["hexamod:SpiritBrand","EVO:Axolotl","REME_ComplimentaryCards","CCEMRelics:SelfSharpeningBlade","Toxic Egg 2","Bronze Scales","reliquary:Spinner","Fusion Hammer","downfall:HeartBlessingGreen","CCEMRelics:D6","Unceasing Top","sneckomod:BabySnecko","White Beast Statue","aspiration:SecretTechniqueScroll","Mercury Hourglass","CCEMRelics:GlassOfMilk","CCEMRelics:OrganicArmor","Centennial Puzzle"],"acts_visited":["Exordium","TheCity","TheBeyond"],"potions_floor_usage":[5,11,11,11,16,16,21,31,32,33,38,39,44,46,46,47,50],"damage_taken":[{"damage":13,"enemies":"Jaw Worm","floor":2,"turns":3},{"damage":0,"enemies":"downfall:FleeingMerchant","floor":5,"turns":4},{"damage":8,"enemies":"2 Louse","floor":9,"turns":2},{"damage":0,"enemies":"Small Slimes","floor":10,"turns":3},{"damage":15,"enemies":"3 Sentries","floor":11,"turns":6},{"damage":11,"enemies":"Exordium Thugs","floor":12,"turns":4},{"damage":2,"enemies":"3 Louse","floor":14,"turns":2},{"damage":7,"enemies":"Exordium Wildlife","floor":15,"turns":3},{"damage":30,"enemies":"WA_ARCHETYPE_RETAIN","floor":16,"turns":6},{"damage":14,"enemies":"downfall:LooterAlt2","floor":19,"turns":3},{"damage":0,"enemies":"Chosen","floor":20,"turns":3},{"damage":0,"enemies":"downfall:FleeingMerchant","floor":21,"turns":4},{"damage":14,"enemies":"3 Cultists","floor":22,"turns":4},{"damage":48,"enemies":"Book of Stabbing","floor":23,"turns":7},{"damage":13,"enemies":"Centurion and Healer","floor":28,"turns":3},{"damage":0,"enemies":"Chosen and Byrds","floor":29,"turns":3},{"damage":0,"enemies":"Snecko","floor":30,"turns":4},{"damage":27,"enemies":"Slavers","floor":31,"turns":4},{"damage":10,"enemies":"Snake Plant","floor":32,"turns":3},{"damage":9,"enemies":"IC_MUSHROOM_ARCHETYPE","floor":33,"turns":5},{"damage":18,"enemies":"Orb Walker","floor":36,"turns":4},{"damage":0,"enemies":"3 Darklings","floor":37,"turns":3},{"damage":21,"enemies":"Jaw Worm Horde","floor":38,"turns":3},{"damage":0,"enemies":"Writhing Mass","floor":39,"turns":6},{"damage":10,"enemies":"Reptomancer","floor":40,"turns":5},{"damage":9,"enemies":"4 Shapes","floor":42,"turns":4},{"damage":0,"enemies":"4 Shapes","floor":44,"turns":6},{"damage":0,"enemies":"Spire Growth","floor":45,"turns":4},{"damage":0,"enemies":"downfall:FleeingMerchant","floor":46,"turns":4},{"damage":7,"enemies":"3 Darklings","floor":47,"turns":3},{"damage":0,"enemies":"4 Shapes","floor":48,"turns":4},{"damage":0,"enemies":"Spire Growth","floor":49,"turns":3},{"damage":43,"enemies":"DF_ARCHETYPE_ORBS","floor":50,"turns":9}],"seed_played":"-7062158732893960558","potions_obtained":[{"floor":2,"key":"Fire Potion"},{"floor":10,"key":"StSpp:ScatteredWeakPotion"},{"floor":12,"key":"Ancient Potion"},{"floor":14,"key":"Energy Potion"},{"floor":16,"key":"bronze:BurnAndBuffPotion"},{"floor":19,"key":"sneckomod:MuddlingPotion"},{"floor":23,"key":"FairyPotion"},{"floor":28,"key":"LiquidMemories"},{"floor":31,"key":"champ:CounterPotion"},{"floor":32,"key":"REME_GoldPotion"},{"floor":33,"key":"SpeedPotion"},{"floor":36,"key":"Block Potion"},{"floor":37,"key":"SmokeBomb"},{"floor":38,"key":"REME_GoldPotion"},{"floor":39,"key":"hexamod:InfernoChargePotion"},{"floor":40,"key":"FairyPotion"},{"floor":42,"key":"AttackPotion"},{"floor":44,"key":"Fruit Juice"},{"floor":44,"key":"ColorlessPotion"},{"floor":46,"key":"Explosive Potion"},{"floor":47,"key":"CultistPotion"}],"is_trial":false,"path_per_floor":["R","M","?","?","$","?","T","R","M","M","E","M","R","M","M","B",null,"R","M","M","$","M","E","T","?","R","?","M","M","M","E","M","B",null,"R","M","M","M","M","E","T","M","?","?","M","$","M","M","M","B",null],"character_chosen":"THE_SPIRIT","items_purchased":["hexamod:SecondSeal","hexamod:FastForward+1","hexamod:Firestarter","hexamod:SpectersWail","hexamod:SkipABeat+1","hexamod:Incineration","hexamod:InfernoChargePotion","Centennial Puzzle","StSpp:MindBarrier+1"],"campfire_rested":3,"item_purchase_floors":[5,5,21,21,46,46,46,46,46],"current_hp_per_floor":[70,57,62,62,69,69,69,69,61,68,60,56,56,54,47,24,75,75,68,75,75,68,27,27,27,49,49,36,36,36,16,6,29,75,75,64,71,57,64,61,61,59,59,71,71,71,64,71,71,35],"gold":513,"neow_bonus":"RANDOM_COMMON_RELIC","is_daily":false,"chose_seed":false,"campfire_upgraded":3,"win_rate":0.0,"timestamp":1614031093,"path_taken":["R","M","?","?","$","?","T","R","?","M","E","M","R","M","M","BOSS","R","M","M","$","M","E","T","?","R","?","?","M","M","E","M","BOSS","R","M","M","M","M","E","T","M","?","?","M","$","M","M","M","BOSS"],"items_purchased_type":["Card","Card","Card","Card","Card","Card","Potion","Relic","Card"],"build_version":"2020-12-22","purchased_purges":0,"victory":true,"max_hp_per_floor":[70,70,75,75,75,75,75,75,75,75,75,75,75,75,75,75,75,75,75,75,75,75,75,75,75,75,75,75,75,75,75,75,75,75,75,75,75,75,75,75,75,75,75,80,80,80,80,80,80,80],"card_choices":[{"not_picked":["hexamod:ThermalTransfer","hexamod:ShieldOfDarkness"],"picked":"hexamod:FirstSeal","floor":2},{"not_picked":["hexamod:SwordOfDarkness","hexamod:HauntingEcho"],"picked":"hexamod:ChargedBarrage+1","floor":5},{"not_picked":["hexamod:StepThrough","hexamod:NecessarySacrifice+1"],"picked":"hexamod:Hexaguard+1","floor":9},{"not_picked":["hexamod:Hexaguard+1","hexamod:UnlimitedPower+1"],"picked":"hexamod:SoulSteal+1","floor":10},{"not_picked":["hexamod:HeatCrush","hexamod:Firestarter"],"picked":"hexamod:FastForward+1","floor":11},{"not_picked":["hexamod:NightmareGuise+1","hexamod:EmpoweredFlame"],"picked":"hexamod:SpectersWail","floor":12},{"not_picked":["hexamod:NightmareStrike","hexamod:InspiringFlames+1"],"picked":"hexamod:BurningTouch+1","floor":14},{"not_picked":["hexamod:SecondSeal","hexamod:GhostOfSpirePast"],"picked":"hexamod:UnleashSpirits","floor":15},{"not_picked":["hexamod:GhostOfSpirePresent","hexamod:UnleashSpirits"],"picked":"hexamod:TurnItUp+1","floor":16},{"not_picked":["hexamod:InspiringFlames+1","hexamod:HeatCrush"],"picked":"hexamod:GhostShield+1","floor":19},{"not_picked":["hexamod:RainOfEmbers","hexamod:Hexaguard+1"],"picked":"hexamod:GhostShield+1","floor":20},{"not_picked":["hexamod:FirstSeal","hexamod:Again+1","hexamod:ShieldOfDarkness+1"],"picked":"SKIP","floor":21},{"not_picked":["hexamod:ShieldOfDarkness+1","hexamod:SwordOfDarkness"],"picked":"hexamod:ThermalTransfer","floor":22},{"not_picked":["hexamod:RetreatToShadows+1","hexamod:HeatMetal"],"picked":"hexamod:BurningTouch+1","floor":23},{"not_picked":["hexamod:HauntingEcho","hexamod:ShieldOfDarkness+1"],"picked":"hexamod:GhostflameBarrier+1","floor":28},{"not_picked":["hexamod:NightmareGuise+1","hexamod:NightmareStrike"],"picked":"hexamod:WildfireWeapon","floor":29},{"not_picked":["hexamod:Firestarter","hexamod:SpectralAdrenaline+1"],"picked":"hexamod:RecurringNightmare+1","floor":30},{"not_picked":["hexamod:SwordOfDarkness","hexamod:SearingWound+1"],"picked":"hexamod:AdvancingGuard+1","floor":31},{"not_picked":["hexamod:Haunt+1","hexamod:SpectersWail"],"picked":"hexamod:ThermalTransfer","floor":32},{"not_picked":["hexamod:UnleashSpirits","hexamod:TurnItUp+1"],"picked":"hexamod:TimeWarp","floor":33},{"not_picked":["hexamod:PhantomCloak+1","hexamod:SwordOfDarkness+1"],"picked":"hexamod:BurningTouch+1","floor":36},{"not_picked":["hexamod:SwordOfDarkness","hexamod:GhostLash"],"picked":"hexamod:SpectersWail","floor":37},{"not_picked":["hexamod:CatchUp+1","hexamod:SwordOfDarkness"],"picked":"hexamod:Hexaguard+1","floor":38},{"not_picked":["hexamod:BurningTouch+1","hexamod:WildfireWeapon"],"picked":"hexamod:SpectersWail+1","floor":39},{"not_picked":["hexamod:FirstSeal","hexamod:SwordOfDarkness"],"picked":"hexamod:ThermalTransfer","floor":40},{"not_picked":["hexamod:SpectersWail","hexamod:GhostShield+1"],"picked":"hexamod:Hexaguard+1","floor":42},{"not_picked":["hexamod:TimeWarp","hexamod:ShieldOfDarkness+1"],"picked":"hexamod:RadiantFlame+1","floor":44},{"not_picked":["hexamod:Hexaguard+1","hexamod:SkipABeat+1"],"picked":"hexamod:FastForward+1","floor":44},{"not_picked":["hexamod:SwordOfDarkness","hexamod:ThermalTransfer+1"],"picked":"hexamod:SkipABeat+1","floor":45},{"not_picked":["hexamod:EmpoweredFlame","hexamod:NightmareGuise+1"],"picked":"hexamod:FastForward+1","floor":45},{"not_picked":["hexamod:Hexaguard+1","hexamod:WildfireWeapon"],"picked":"hexamod:NecessarySacrifice+1","floor":46},{"not_picked":["hexamod:NightmareGuise+1","hexamod:ShieldOfDarkness+1"],"picked":"hexamod:SixthSeal","floor":47},{"not_picked":["hexamod:NightmareStrike","hexamod:RetreatToShadows+1"],"picked":"hexamod:GhostLash+1","floor":48},{"not_picked":["hexamod:HeatMetal","hexamod:GhostShield+1","hexamod:FourthSeal"],"picked":"SKIP","floor":48},{"not_picked":["hexamod:SpectersWail+1","hexamod:ShieldOfDarkness+1"],"picked":"hexamod:FastForward+1","floor":49}],"player_experience":234977,"relics_obtained":[{"floor":7,"key":"Bronze Scales"},{"floor":11,"key":"reliquary:Spinner"},{"floor":23,"key":"CCEMRelics:D6"},{"floor":24,"key":"Unceasing Top"},{"floor":31,"key":"White Beast Statue"},{"floor":40,"key":"Mercury Hourglass"},{"floor":41,"key":"CCEMRelics:GlassOfMilk"},{"floor":44,"key":"CCEMRelics:OrganicArmor"}],"event_choices":[{"damage_healed":0,"gold_gain":0,"player_choice":"Donut","damage_taken":0,"max_hp_gain":5,"max_hp_loss":0,"event_name":"Big Fish","floor":3,"gold_loss":0},{"damage_healed":0,"gold_gain":0,"player_choice":"Ignored","damage_taken":0,"max_hp_gain":0,"max_hp_loss":0,"event_name":"Vampires","floor":27,"gold_loss":0}],"is_beta":false,"boss_relics":[{"not_picked":["bronze:MakeshiftBattery","aspiration:DefectSkillbook"],"picked":"Fusion Hammer"},{"not_picked":["REME_ChargedStone","aspiration:WatcherSkillbook"],"picked":"aspiration:SecretTechniqueScroll"}],"items_purged_floors":[],"is_endless":false,"potions_floor_spawned":[2,10,12,14,16,19,23,28,31,32,33,36,37,38,39,40,42,44,45,46,47,48,49],"ascension_level":0}}