{"host":"ytx76dzs4hscrr3d","time":1614016619,"event":{"mods":["2.2 Compatiblity","AchievementEnabler","BaseMod","DeckTracker","Highlight Path","Minty Spire (QoL Compilation)","Random Character Button","Reliquary","Robot Space Explorer","Spire Arcade","StSLib"],"gold_per_floor":[116,116,116,136,150,177,177,193,193,20,40,67,67,142,142,238,238,211,211,227,35,49,49,49,49,49,84,94,110,136,153,153,251,251,268,268,32,32,0,0,31,45,127,127,158,158,191,202,202,202,202,202,32,63,63,63],"floor_reached":55,"language":"ENG","playtime":7882,"items_purged":[],"score":914,"play_id":"5138e925-47e0-4422-850c-6d9a4aec918c","local_time":"20210222185659","is_ascension_mode":true,"campfire_choices":[{"floor":7,"key":"RECALL"},{"floor":13,"key":"REST"},{"data":"RobotSpaceExplorer:Pulsar","floor":15,"key":"SMITH"},{"data":"RobotSpaceExplorer:Blaster","floor":24,"key":"SMITH"},{"floor":32,"key":"REST"},{"data":"Panache","floor":40,"key":"SMITH"},{"data":"RobotSpaceExplorer:MiniBoosters","floor":44,"key":"SMITH"},{"floor":49,"key":"REST"},{"data":"RobotSpaceExplorer:Autoloader","floor":52,"key":"SMITH"}],"circlet_count":0,"master_deck":["RobotSpaceExplorer:Strike","RobotSpaceExplorer:Strike","RobotSpaceExplorer:Strike","RobotSpaceExplorer:Defend","RobotSpaceExplorer:Defend","RobotSpaceExplorer:Defend","RobotSpaceExplorer:Defend","RobotSpaceExplorer:Scan","RobotSpaceExplorer:MiniLasers","RobotSpaceExplorer:Pulsar","RobotSpaceExplorer:Pulsar+1","RobotSpaceExplorer:GlueShot","RobotSpaceExplorer:SelfCleaning","RobotSpaceExplorer:MiniBoosters+1","RobotSpaceExplorer:PowerGlove","Finesse","RobotSpaceExplorer:DualCore","RobotSpaceExplorer:ShovelStrike","RobotSpaceExplorer:Blaster+1","RobotSpaceExplorer:MiniDrones","RitualDagger","RobotSpaceExplorer:MiniDrones","Panache+1","RobotSpaceExplorer:Electroshield","RobotSpaceExplorer:Fix","RobotSpaceExplorer:DoubleFind","RobotSpaceExplorer:Pulsar+1","RobotSpaceExplorer:SurgingShield","RobotSpaceExplorer:RigExplosive","RobotSpaceExplorer:Autoloader+1","RobotSpaceExplorer:StarLightning","RobotSpaceExplorer:FrostMissile","RobotSpaceExplorer:ImprovisedAttack","RobotSpaceExplorer:ScrapShield","RobotSpaceExplorer:FranticSearch","RobotSpaceExplorer:MiniBoosters+1","RobotSpaceExplorer:ExhaustFan","RobotSpaceExplorer:GlueSpray","RobotSpaceExplorer:MiniDrones"],"relics":["RobotSpaceExplorer:RoboCore","Strawberry","reliquary:HotPoker","Kunai","SlaversCollar","RobotSpaceExplorer:BottledGravity","TungstenRod","reliquary:RoseTintedGlasses","Busted Crown","reliquary:Knoch","Red Mask","Unceasing Top","Bottled Lightning","reliquary:PrincelyHelmet","Oddly Smooth Stone","Ice Cream"],"acts_visited":["Exordium","TheCity","TheBeyond","TheEnding"],"potions_floor_usage":[22,23,29,31,33,33,41,42,42,45,47,47,47,47,54,55,55,55,55],"damage_taken":[{"damage":1,"enemies":"Cultist","floor":1,"turns":5},{"damage":0,"enemies":"2 Louse","floor":4,"turns":2},{"damage":0,"enemies":"Small Slimes","floor":5,"turns":3},{"damage":28,"enemies":"Lagavulin","floor":6,"turns":13},{"damage":0,"enemies":"2 Fungi Beasts","floor":8,"turns":4},{"damage":0,"enemies":"Looter","floor":11,"turns":4},{"damage":19,"enemies":"3 Sentries","floor":12,"turns":10},{"damage":29,"enemies":"The Guardian","floor":16,"turns":12},{"damage":19,"enemies":"2 Thieves","floor":18,"turns":5},{"damage":2,"enemies":"Shell Parasite","floor":20,"turns":6},{"damage":10,"enemies":"3 Cultists","floor":22,"turns":6},{"damage":0,"enemies":"Slavers","floor":23,"turns":1},{"damage":8,"enemies":"Book of Stabbing","floor":27,"turns":7},{"damage":0,"enemies":"Shelled Parasite and Fungi","floor":28,"turns":6},{"damage":0,"enemies":"Snecko","floor":29,"turns":4},{"damage":0,"enemies":"Gremlin Leader","floor":30,"turns":6},{"damage":13,"enemies":"Snake Plant","floor":31,"turns":6},{"damage":58,"enemies":"Collector","floor":33,"turns":11},{"damage":0,"enemies":"3 Shapes","floor":35,"turns":6},{"damage":0,"enemies":"Giant Head","floor":41,"turns":8},{"damage":0,"enemies":"3 Darklings","floor":42,"turns":4},{"damage":30,"enemies":"Nemesis","floor":45,"turns":7},{"damage":9,"enemies":"Reptomancer","floor":47,"turns":5},{"damage":0,"enemies":"4 Shapes","floor":48,"turns":4},{"damage":33,"enemies":"Time Eater","floor":50,"turns":14},{"damage":19,"enemies":"Shield and Spear","floor":54,"turns":8},{"damage":79,"enemies":"The Heart","floor":55,"turns":9}],"seed_played":"-5742849936306815355","potions_obtained":[{"floor":5,"key":"Swift Potion"},{"floor":6,"key":"Ancient Potion"},{"floor":16,"key":"SmokeBomb"},{"floor":20,"key":"Dexterity Potion"},{"floor":27,"key":"Dexterity Potion"},{"floor":28,"key":"BlessingOfTheForge"},{"floor":31,"key":"GamblersBrew"},{"floor":33,"key":"EssenceOfSteel"},{"floor":45,"key":"CultistPotion"},{"floor":54,"key":"RobotSpaceExplorer:LiquidFusion"}],"is_trial":false,"path_per_floor":["M","?","?","M","M","E","R","M","T","$","M","E","R","?","R","B",null,"M","?","M","$","M","E","R","?","T","E","M","M","E","M","R","B",null,"M","?","$","?","?","R","E","M","T","R","E","?","E","M","R","B",null,"R","$","E","B"],"character_chosen":"RobotSpaceExplorer","items_purchased":["RobotSpaceExplorer:PowerGlove","Finesse","Panache","RobotSpaceExplorer:StarLightning","reliquary:Knoch","RobotSpaceExplorer:ExhaustFan","RobotSpaceExplorer:GlueSpray","RobotSpaceExplorer:MiniDrones"],"campfire_rested":3,"item_purchase_floors":[10,10,21,37,37,53,53,53],"current_hp_per_floor":[81,70,75,75,75,47,47,47,47,47,47,28,56,45,45,16,94,75,69,67,67,57,57,57,57,57,49,53,53,57,48,76,24,94,94,94,94,94,94,94,94,94,94,94,64,64,59,59,87,58,94,94,94,79,0,0],"gold":63,"neow_bonus":"TEN_PERCENT_HP_BONUS","is_daily":false,"chose_seed":false,"campfire_upgraded":5,"win_rate":0.0,"timestamp":1614016619,"path_taken":["M","?","?","M","M","E","R","M","T","$","M","E","R","?","R","BOSS","M","?","M","$","M","E","R","?","T","E","M","M","E","M","R","BOSS","M","?","$","?","?","R","E","M","T","R","E","?","E","M","R","BOSS","R","$","E","BOSS"],"items_purchased_type":["Card","Card","Card","Card","Relic","Card","Card","Card"],"build_version":"2020-12-22","purchased_purges":0,"victory":false,"max_hp_per_floor":[82,89,94,94,94,94,94,94,94,94,94,94,94,94,94,94,94,94,94,94,94,94,94,94,94,94,94,94,94,94,94,94,94,94,94,94,94,94,94,94,94,94,94,94,94,94,94,94,94,94,94,94,94,94,94,94],"card_choices":[{"not_picked":["RobotSpaceExplorer:DualCore","RobotSpaceExplorer:GlueShot"],"picked":"RobotSpaceExplorer:Pulsar","floor":1},{"not_picked":["RobotSpaceExplorer:SlimeMissile","RobotSpaceExplorer:StunGrenade"],"picked":"RobotSpaceExplorer:Pulsar","floor":4},{"not_picked":["RobotSpaceExplorer:Electroshield","RobotSpaceExplorer:SwiftStep"],"picked":"RobotSpaceExplorer:GlueShot","floor":5},{"not_picked":["RobotSpaceExplorer:ShovelStrike","RobotSpaceExplorer:Explosion"],"picked":"RobotSpaceExplorer:SelfCleaning","floor":6},{"not_picked":["RobotSpaceExplorer:StunGrenade","RobotSpaceExplorer:ScrapMissile"],"picked":"RobotSpaceExplorer:MiniBoosters","floor":8},{"not_picked":["RobotSpaceExplorer:SwiftStep","RobotSpaceExplorer:FrostMissile"],"picked":"RobotSpaceExplorer:DualCore","floor":11},{"not_picked":["RobotSpaceExplorer:Probe","RobotSpaceExplorer:GearShield"],"picked":"RobotSpaceExplorer:ShovelStrike","floor":12},{"not_picked":["RobotSpaceExplorer:Wormhole","RobotSpaceExplorer:Arsenal"],"picked":"RobotSpaceExplorer:Blaster","floor":16},{"not_picked":["RobotSpaceExplorer:SwiftStep","RobotSpaceExplorer:SurgingShield+1"],"picked":"RobotSpaceExplorer:MiniDrones","floor":18},{"not_picked":["RobotSpaceExplorer:FrostMissile","RobotSpaceExplorer:Probe"],"picked":"RobotSpaceExplorer:MiniDrones","floor":20},{"not_picked":["RobotSpaceExplorer:ShovelStrike","RobotSpaceExplorer:PowerGlove"],"picked":"RobotSpaceExplorer:Electroshield","floor":22},{"not_picked":["RobotSpaceExplorer:LaserBurst","RobotSpaceExplorer:Counterblock"],"picked":"RobotSpaceExplorer:Fix","floor":27},{"not_picked":["RobotSpaceExplorer:Electropulse","RobotSpaceExplorer:ShockKick+1"],"picked":"RobotSpaceExplorer:DoubleFind","floor":28},{"not_picked":["RobotSpaceExplorer:DualCore+1","RobotSpaceExplorer:PlasmaMissile"],"picked":"RobotSpaceExplorer:Pulsar+1","floor":29},{"not_picked":["RobotSpaceExplorer:Smokescreen","RobotSpaceExplorer:Arsenal"],"picked":"RobotSpaceExplorer:SurgingShield","floor":30},{"not_picked":["RobotSpaceExplorer:Ammunition","RobotSpaceExplorer:ExhaustFan+1"],"picked":"RobotSpaceExplorer:RigExplosive","floor":31},{"not_picked":["RobotSpaceExplorer:Asteroid","RobotSpaceExplorer:Multitool"],"picked":"RobotSpaceExplorer:Autoloader","floor":33},{"not_picked":[],"picked":"RobotSpaceExplorer:Probe","floor":35},{"not_picked":[],"picked":"RobotSpaceExplorer:FrostMissile","floor":41},{"not_picked":[],"picked":"RobotSpaceExplorer:ImprovisedAttack","floor":42},{"not_picked":[],"picked":"RobotSpaceExplorer:ScrapShield","floor":45},{"not_picked":[],"picked":"RobotSpaceExplorer:FranticSearch","floor":47},{"not_picked":[],"picked":"RobotSpaceExplorer:MiniBoosters+1","floor":48},{"not_picked":["RobotSpaceExplorer:SurgingShield"],"picked":"SKIP","floor":54}],"player_experience":409384,"relics_obtained":[{"floor":6,"key":"reliquary:HotPoker"},{"floor":12,"key":"Kunai"},{"floor":26,"key":"RobotSpaceExplorer:BottledGravity"},{"floor":27,"key":"TungstenRod"},{"floor":30,"key":"reliquary:RoseTintedGlasses"},{"floor":41,"key":"Unceasing Top"},{"floor":43,"key":"Bottled Lightning"},{"floor":45,"key":"reliquary:PrincelyHelmet"},{"floor":47,"key":"Oddly Smooth Stone"},{"floor":54,"key":"Ice Cream"}],"event_choices":[{"damage_healed":0,"gold_gain":0,"player_choice":"Success","damage_taken":18,"relics_obtained":["Strawberry"],"max_hp_gain":0,"max_hp_loss":0,"event_name":"Scrap Ooze","floor":2,"gold_loss":0},{"damage_healed":0,"gold_gain":0,"player_choice":"Donut","damage_taken":0,"max_hp_gain":5,"max_hp_loss":0,"event_name":"Big Fish","floor":3,"gold_loss":0},{"damage_healed":0,"gold_gain":75,"player_choice":"Gather Gold","damage_taken":11,"max_hp_gain":0,"max_hp_loss":0,"event_name":"World of Goop","floor":14,"gold_loss":0},{"damage_healed":0,"gold_gain":0,"player_choice":"Joined the Cult","damage_taken":6,"max_hp_gain":0,"max_hp_loss":0,"event_name":"Nest","floor":19,"gold_loss":0,"cards_obtained":["RitualDagger"]},{"damage_healed":0,"gold_gain":0,"player_choice":"Ignored","damage_taken":0,"max_hp_gain":0,"max_hp_loss":0,"event_name":"Ghosts","floor":25,"gold_loss":0},{"cards_removed":["RobotSpaceExplorer:Probe"],"damage_healed":0,"gold_gain":0,"player_choice":"Removed Attack","damage_taken":0,"max_hp_gain":0,"max_hp_loss":0,"event_name":"Falling","floor":36,"gold_loss":0},{"damage_healed":0,"gold_gain":0,"player_choice":"Paid","damage_taken":0,"relics_obtained":["Red Mask"],"max_hp_gain":0,"max_hp_loss":0,"event_name":"Tomb of Lord Red Mask","floor":39,"gold_loss":32},{"cards_removed":["RobotSpaceExplorer:Strike"],"damage_healed":0,"gold_gain":0,"player_choice":"Purged","damage_taken":0,"max_hp_gain":0,"max_hp_loss":0,"event_name":"Purifier","floor":46,"gold_loss":0}],"is_beta":false,"boss_relics":[{"not_picked":["Velvet Choker","Sozu"],"picked":"SlaversCollar"},{"not_picked":["RobotSpaceExplorer:Reprocessor","reliquary:Craggleroot"],"picked":"Busted Crown"}],"items_purged_floors":[],"is_endless":false,"potions_floor_spawned":[5,6,16,20,27,28,31,33,35,41,45,54],"killed_by":"The Heart","ascension_level":1}}