{"host":"og21o26alpnbwmz8","time":1614023772,"event":{"mods":["2.2 Compatiblity","A Magickal Journey","Act Like it!","Aspiration","BaseMod","Conspire","Downfall","Gensokyo","GungeonMod","Halation","Hubris","Jedi Mod","Magitek Elite","Mimic Mod","Minty Spire (QoL Compilation)","Pale of the Ancients","Reliquary","Replay The Spire","Shop Mod","Spikes Relics","StSLib","The Alterego","The Animator","The Blue Laboratory","The Bug Knight","The Exalted","The Florist","The Poker Player","The Saiyan","Waifu the Spire","Yuri Mod"],"gold_per_floor":[116,116,128,158,173,200,200,228,228,228,255,271,285,304,304,304,304],"floor_reached":16,"language":"ENG","playtime":723,"items_purged":[],"score":149,"play_id":"fc4cf3dc-9eb7-4fdc-b325-43aa6721a3db","local_time":"20210222145612","is_ascension_mode":false,"campfire_choices":[{"data":"animator:EmiyaShirou","floor":15,"key":"SMITH"}],"circlet_count":0,"master_deck":["animator:Strike_Fate","animator:Defend_Fate","animator:Strike","animator:Strike","animator:Defend+1","animator:Defend+1","animator:Alexander","animator:Rider","animator:FeridBathory","animator:EmiyaShirou+1","animator:Lancer","animator:TsurugaMeisai"],"relics":["animator:LivingPicture","animator:TheMissingPiece","hubris:Towel","PreservedInsect","animator:Buoy","Replay:Bottled Eggs","HornCleat","TungstenRod"],"acts_visited":["Exordium"],"potions_floor_usage":[],"damage_taken":[{"damage":0,"enemies":"Small Slimes","floor":1,"turns":3},{"damage":0,"enemies":"2 Louse","floor":3,"turns":2},{"damage":1,"enemies":"Cultist","floor":4,"turns":5},{"damage":2,"enemies":"Red Slaver","floor":5,"turns":4},{"damage":11,"enemies":"3 Sentries","floor":6,"turns":8},{"damage":28,"enemies":"Gremlin Nob","floor":8,"turns":4},{"damage":0,"enemies":"3 Sentries","floor":11,"turns":7},{"damage":0,"enemies":"Large Slime","floor":12,"turns":7},{"damage":1,"enemies":"Blue Slaver","floor":13,"turns":4},{"damage":0,"enemies":"3 Louse","floor":14,"turns":4},{"damage":0,"enemies":"Fading Forest","floor":16,"turns":4}],"seed_played":"9187411868167465592","potions_obtained":[{"floor":1,"key":"Energy Potion"},{"floor":3,"key":"Energy Potion"},{"floor":5,"key":"blueLaboratory:CorrosionFlask"}],"is_trial":false,"path_per_floor":["M","?","M","M","M","E","?","E","T","T","E","M","M","M","R","B"],"character_chosen":"THE_ANIMATOR","items_purchased":[],"campfire_rested":0,"item_purchase_floors":[],"current_hp_per_floor":[60,60,60,59,57,47,47,19,19,19,19,19,18,18,18,18,18],"gold":304,"neow_bonus":"REMOVE_TWO","is_daily":false,"chose_seed":false,"campfire_upgraded":1,"win_rate":0.0,"timestamp":1614023772,"path_taken":["M","?","M","M","M","E","?","E","T","?","E","M","M","M","R","BOSS"],"items_purchased_type":[],"build_version":"2020-12-22","purchased_purges":0,"victory":false,"max_hp_per_floor":[60,60,60,60,60,61,61,61,61,61,61,61,61,61,61,61,61],"card_choices":[{"not_picked":["animator:CowGirl","animator:AcuraAkari","animator:Guy"],"picked":"SKIP","floor":1},{"not_picked":["animator:Benimaru","animator:Kuribayashi"],"picked":"animator:FeridBathory","floor":3},{"not_picked":["animator:UneriGinkaku","animator:Viivi"],"picked":"animator:EmiyaShirou","floor":4},{"not_picked":["animator:TukaLunaMarceau","animator:CowGirl","animator:Witch"],"picked":"SKIP","floor":5},{"not_picked":["animator:YaoHaDucy","animator:ChaikaTrabant"],"picked":"animator:Lancer","floor":6},{"not_picked":["animator:AcuraAkari","animator:Shigure","animator:TsurugaMeisai"],"picked":"SKIP","floor":8},{"not_picked":["animator:Berserker","animator:ShinjiMatou","animator:Konayuki"],"picked":"SKIP","floor":11},{"not_picked":["animator:Fredrika","animator:Kaijin","animator:RoryMercury"],"picked":"SKIP","floor":12},{"not_picked":["animator:Priestess","animator:Shichika"],"picked":"animator:TsurugaMeisai","floor":13},{"not_picked":["animator:Spearman","animator:LeleiLaLalena","animator:Mitsuba"],"picked":"SKIP","floor":14}],"player_experience":437180,"relics_obtained":[{"floor":6,"key":"PreservedInsect"},{"floor":8,"key":"animator:Buoy"},{"floor":9,"key":"Replay:Bottled Eggs"},{"floor":10,"key":"HornCleat"},{"floor":11,"key":"TungstenRod"}],"event_choices":[],"is_beta":false,"boss_relics":[],"items_purged_floors":[],"is_endless":false,"potions_floor_spawned":[1,3,5,8,13],"killed_by":"Fading Forest","ascension_level":0}}