{"host":"9ywz5nv8iwwl28k0","time":1614021181,"event":{"mods":["BaseMod","Block Reminder","Colored Map","Downfall","Highlight Path","Minty Spire (QoL Compilation)","Relic Stats","StSLib"],"gold_per_floor":[99,117,127,127,137,171,196,196,230,230,246,279,292,305,325,423,423,423,434,449,459,472,472,498,583,583,583,915,915,133,148,163,265,265,265,282,14,14,28,28,28,62,62,79,79,111,122,137,155,155],"floor_reached":51,"language":"ENG","playtime":2695,"items_purged":["hexamod:Defend","hexamod:Defend"],"score":1063,"play_id":"1c200407-704c-4223-987e-7b96e9c6830b","local_time":"20210222201301","is_ascension_mode":true,"campfire_choices":[{"data":"hexamod:Float","floor":1,"key":"SMITH"},{"data":"hexamod:GhostflameBarrier","floor":10,"key":"SMITH"},{"data":"hexamod:GhostOfSpirePresent","floor":18,"key":"SMITH"},{"floor":23,"key":"REST"},{"data":"hexamod:GiftsFromTheDead","floor":26,"key":"SMITH"},{"data":"expansioncontent:QuickStudy","floor":35,"key":"SMITH"},{"data":"hexamod:SearingWound","floor":40,"key":"SMITH"}],"circlet_count":0,"master_deck":["hexamod:Defend+1","hexamod:Defend+1","hexamod:Sear+1","hexamod:Float+1","hexamod:SearingWound+1","hexamod:GhostflameBarrier+1","hexamod:SpectralAdrenaline+1","hexamod:SwordOfDarkness+1","hexamod:FastForward+1","hexamod:SpectersWail+1","hexamod:Hexaguard+1","hexamod:ThirdSeal","hexamod:Incineration+1","hexamod:GhostOfSpirePresent+1","hexamod:GiftsFromTheDead+1","hexamod:ThermalTransfer+1","hexamod:FirstSeal","hexamod:FlamesFromBeyond+1","hexamod:BacktrackSmack+1","Bite+1","Bite+1","Bite+1","Bite+1","Bite+1","expansioncontent:QuickStudy+1","hexamod:FourthSeal","hexamod:SixthSeal","hexamod:FlameSwitch+1","expansioncontent:QuickStudy+1","hexamod:HexaLevel+1","hexamod:RetreatToShadows+1"],"relics":["hexamod:SpiritBrand","Dream Catcher","Vajra","Singing Bowl","Molten Egg 2","bronze:MakeshiftBattery","Bag of Preparation","Old Coin","hexamod:InflammatoryLetter","Pear","Runic Pyramid","Slimebound:StickyStick","Peace Pipe","Bottled Tornado","Ancient Tea Set","bronze:BronzeIdol"],"acts_visited":["Exordium","TheCity","TheBeyond"],"potions_floor_usage":[9,9,15,16,16,16,20,21,38,38,47,50,50,50],"damage_taken":[{"damage":2,"enemies":"Jaw Worm","floor":2,"turns":3},{"damage":1,"enemies":"Cultist","floor":3,"turns":4},{"damage":4,"enemies":"Small Slimes","floor":5,"turns":4},{"damage":24,"enemies":"Lagavulin","floor":6,"turns":6},{"damage":0,"enemies":"3 Sentries","floor":9,"turns":9},{"damage":0,"enemies":"2 Fungi Beasts","floor":11,"turns":3},{"damage":20,"enemies":"Lagavulin","floor":12,"turns":5},{"damage":0,"enemies":"Blue Slaver","floor":13,"turns":3},{"damage":0,"enemies":"Large Slime","floor":14,"turns":3},{"damage":2,"enemies":"3 Louse","floor":15,"turns":3},{"damage":11,"enemies":"WA_ARCHETYPE_RETAIN","floor":16,"turns":6},{"damage":0,"enemies":"Chosen","floor":19,"turns":4},{"damage":18,"enemies":"3 Cultists","floor":20,"turns":5},{"damage":26,"enemies":"Snake Plant","floor":21,"turns":3},{"damage":9,"enemies":"Centurion and Healer","floor":22,"turns":6},{"damage":31,"enemies":"Book of Stabbing","floor":28,"turns":5},{"damage":0,"enemies":"downfall:FleeingMerchant","floor":30,"turns":4},{"damage":0,"enemies":"3 Cultists","floor":31,"turns":3},{"damage":0,"enemies":"Cultist and Chosen","floor":32,"turns":4},{"damage":70,"enemies":"DF_ARCHETYPE_CLAW","floor":33,"turns":8},{"damage":16,"enemies":"3 Shapes","floor":36,"turns":1},{"damage":0,"enemies":"downfall:FleeingMerchant","floor":37,"turns":4},{"damage":6,"enemies":"3 Darklings","floor":38,"turns":2},{"damage":15,"enemies":"Jaw Worm Horde","floor":39,"turns":4},{"damage":1,"enemies":"Giant Head","floor":42,"turns":6},{"damage":17,"enemies":"Sphere and 2 Shapes","floor":44,"turns":4},{"damage":36,"enemies":"Nemesis","floor":46,"turns":5},{"damage":43,"enemies":"Writhing Mass","floor":47,"turns":5},{"damage":43,"enemies":"3 Darklings","floor":48,"turns":3},{"damage":6,"enemies":"Jaw Worm Horde","floor":49,"turns":3},{"damage":61,"enemies":"SI_POISON_ARCHETYPE","floor":50,"turns":14}],"seed_played":"-4785279328382191451","potions_obtained":[{"floor":3,"key":"Weak Potion"},{"floor":4,"key":"SpeedPotion"},{"floor":4,"key":"Strength Potion"},{"floor":4,"key":"GamblersBrew"},{"floor":9,"key":"ColorlessPotion"},{"floor":12,"key":"PowerPotion"},{"floor":15,"key":"DistilledChaos"},{"floor":16,"key":"Weak Potion"},{"floor":19,"key":"champ:CounterPotion"},{"floor":21,"key":"FearPotion"},{"floor":27,"key":"CultistPotion"},{"floor":32,"key":"SmokeBomb"},{"floor":42,"key":"Regen Potion"},{"floor":42,"key":"hexamod:DoubleChargePotion"},{"floor":47,"key":"hexamod:EctoCoolerPotion"}],"is_trial":false,"path_per_floor":["R","M","M","?","M","E","T","?","E","R","M","E","M","M","M","B",null,"R","M","M","M","M","R","T","?","R","?","E","?","$","M","M","B",null,"R","M","$","M","M","R","T","E","?","M","?","E","M","M","M","B",null],"character_chosen":"THE_SPIRIT","items_purchased":["hexamod:InflammatoryLetter","Pear","expansioncontent:QuickStudy","Slimebound:StickyStick"],"campfire_rested":1,"item_purchase_floors":[30,30,30,37],"current_hp_per_floor":[70,68,67,67,63,39,39,39,41,41,43,23,23,23,21,10,58,58,60,46,20,22,47,47,33,33,33,13,13,46,56,74,38,70,70,58,79,76,85,85,85,93,93,97,97,79,79,50,53,17],"gold":155,"neow_bonus":"ONE_RANDOM_RARE_CARD","is_daily":false,"chose_seed":false,"campfire_upgraded":6,"win_rate":0.0,"timestamp":1614021181,"path_taken":["R","M","M","?","?","E","T","?","E","R","M","E","M","M","M","BOSS","R","M","M","M","M","R","T","?","R","?","E","?","?","M","M","BOSS","R","M","$","M","M","R","T","E","?","M","?","E","M","M","M","BOSS"],"items_purchased_type":["Relic","Relic","Card","Relic"],"build_version":"2020-12-22","purchased_purges":2,"victory":true,"max_hp_per_floor":[70,70,70,70,70,70,70,70,72,72,74,74,74,74,74,74,74,74,76,80,80,84,84,84,84,84,84,88,61,75,79,81,81,81,81,85,87,87,89,89,89,93,93,97,97,99,103,105,105,105],"relic_stats":{"Peace Pipe":0,"Dream Catcher":1,"Singing Bowl":52,"counters":[31,142],"Bag of Preparation":[32],"obtain_stats":[{"Pear":30,"Singing Bowl":9,"Vajra":7,"hexamod:InflammatoryLetter":30,"Bag of Preparation":24,"Bottled Tornado":42,"Ancient Tea Set":43,"Old Coin":28,"bronze:BronzeIdol":46,"Peace Pipe":41,"Dream Catcher":6,"Slimebound:StickyStick":37,"Molten Egg 2":12,"hexamod:SpiritBrand":0,"bronze:MakeshiftBattery":17,"Runic Pyramid":34},{"Pear":17,"Singing Bowl":5,"Vajra":4,"hexamod:InflammatoryLetter":17,"Bag of Preparation":15,"Bottled Tornado":25,"Ancient Tea Set":25,"Old Coin":16,"bronze:BronzeIdol":27,"Peace Pipe":24,"Dream Catcher":4,"Slimebound:StickyStick":22,"Molten Egg 2":7,"hexamod:SpiritBrand":0,"bronze:MakeshiftBattery":11,"Runic Pyramid":20},{"Pear":76,"Singing Bowl":26,"Vajra":17,"hexamod:InflammatoryLetter":76,"Bag of Preparation":67,"Bottled Tornado":108,"Ancient Tea Set":108,"Old Coin":72,"bronze:BronzeIdol":117,"Peace Pipe":102,"Dream Catcher":17,"Slimebound:StickyStick":96,"Molten Egg 2":34,"hexamod:SpiritBrand":0,"bronze:MakeshiftBattery":49,"Runic Pyramid":91}]},"card_choices":[{"not_picked":["hexamod:ShieldOfDarkness","hexamod:InspiringFlames"],"picked":"hexamod:GhostflameBarrier","floor":2},{"not_picked":["hexamod:GhostLash","hexamod:DynamicBlow"],"picked":"hexamod:SpectralAdrenaline","floor":3},{"not_picked":["hexamod:Firestarter","hexamod:ThermalTransfer"],"picked":"hexamod:SwordOfDarkness","floor":5},{"not_picked":["hexamod:ShieldOfDarkness","hexamod:PowerFromBeyond"],"picked":"hexamod:FastForward","floor":6},{"not_picked":["hexamod:HeatMetal","hexamod:SoulSteal","hexamod:CatchUp"],"picked":"Singing Bowl","floor":9},{"not_picked":["hexamod:NecessarySacrifice","hexamod:Firestarter","hexamod:InspiringFlames"],"picked":"Singing Bowl","floor":11},{"not_picked":["hexamod:BurningTouch","hexamod:PhantomFireball+1"],"picked":"hexamod:SpectersWail+1","floor":12},{"not_picked":["hexamod:FastForward","hexamod:Firestarter+1"],"picked":"hexamod:Hexaguard","floor":13},{"not_picked":["hexamod:PhantomFireball+1","hexamod:ThermalTransfer+1"],"picked":"hexamod:ThirdSeal","floor":14},{"not_picked":["hexamod:RadiantFlame","hexamod:GiftsFromTheDead"],"picked":"hexamod:Incineration+1","floor":15},{"not_picked":["hexamod:GhostflameInferno","hexamod:SearingWound"],"picked":"hexamod:GhostOfSpirePresent","floor":16},{"not_picked":["hexamod:UnleashSpirits+1","hexamod:UnlimitedPower"],"picked":"hexamod:GiftsFromTheDead","floor":16},{"not_picked":["hexamod:Firestarter+1","hexamod:NightmareGuise"],"picked":"hexamod:ThermalTransfer+1","floor":19},{"not_picked":["hexamod:BurningTouch+1","hexamod:Rewind","hexamod:BacktrackSmack+1"],"picked":"Singing Bowl","floor":19},{"not_picked":["hexamod:ShieldOfDarkness","hexamod:SpectersWail+1","hexamod:SuperheatedStrike+1"],"picked":"Singing Bowl","floor":20},{"not_picked":["hexamod:SoulSteal","hexamod:AdvancingGuard","hexamod:GhostLash+1"],"picked":"Singing Bowl","floor":20},{"not_picked":["hexamod:Hexaguard","hexamod:BurningTouch"],"picked":"hexamod:FirstSeal","floor":21},{"not_picked":["hexamod:HauntingEcho+1","hexamod:InspiringFlames"],"picked":"hexamod:FlamesFromBeyond+1","floor":21},{"not_picked":["hexamod:SpectralAdrenaline","hexamod:RainOfEmbers+1","hexamod:HauntingEcho+1"],"picked":"Singing Bowl","floor":22},{"not_picked":["hexamod:GhostOfSpirePresent","hexamod:NecessarySacrifice","hexamod:ExtraCrispy"],"picked":"Singing Bowl","floor":22},{"not_picked":["hexamod:HauntingEcho+1","hexamod:GhostShield"],"picked":"hexamod:BacktrackSmack+1","floor":23},{"not_picked":["hexamod:FirstSeal","hexamod:WildfireWeapon","hexamod:ShieldOfDarkness"],"picked":"Singing Bowl","floor":28},{"not_picked":["hexamod:SuperheatedStrike+1","hexamod:InspiringFlames+1","hexamod:AdvancingGuard"],"picked":"Singing Bowl","floor":28},{"not_picked":["hexamod:SpectralAdrenaline","hexamod:ThirdSeal","hexamod:Firestarter+1"],"picked":"Singing Bowl","floor":30},{"not_picked":["hexamod:BurningTouch","hexamod:NecessarySacrifice","hexamod:SkipABeat"],"picked":"Singing Bowl","floor":30},{"not_picked":["hexamod:FlamesFromBeyond","hexamod:NightmareGuise","hexamod:RetreatToShadows+1"],"picked":"Singing Bowl","floor":31},{"not_picked":["hexamod:InspiringFlames","hexamod:BurningTouch","hexamod:NightmareStrike+1"],"picked":"Singing Bowl","floor":31},{"not_picked":["hexamod:PhantomCloak","hexamod:NightmareStrike+1","hexamod:Firestarter+1"],"picked":"Singing Bowl","floor":32},{"not_picked":["hexamod:SwordOfDarkness+1","hexamod:NightmareStrike+1"],"picked":"hexamod:FourthSeal","floor":32},{"not_picked":["hexamod:ForkedFlame+1","hexamod:Toasty+1"],"picked":"hexamod:SixthSeal","floor":33},{"not_picked":["hexamod:TimeWarp+1","hexamod:SixthSeal"],"picked":"hexamod:FlameSwitch","floor":33},{"not_picked":["hexamod:ShieldOfDarkness","hexamod:SpectersWail+1","hexamod:EtherealExpedition"],"picked":"Singing Bowl","floor":36},{"not_picked":["hexamod:SpectersWail+1","hexamod:RetreatToShadows+1","hexamod:BacktrackSmack+1"],"picked":"Singing Bowl","floor":36},{"not_picked":["hexamod:GhostLash+1","hexamod:Hexaguard+1","hexamod:ApocalypseNow"],"picked":"Singing Bowl","floor":37},{"not_picked":["hexamod:GhostLash+1","hexamod:PhantomFireball+1","hexamod:Again+1"],"picked":"Singing Bowl","floor":39},{"not_picked":["hexamod:SuperheatedStrike+1","hexamod:BacktrackSmack+1","hexamod:CatchUp"],"picked":"Singing Bowl","floor":42},{"not_picked":["hexamod:ThermalTransfer+1","hexamod:SoulSteal","hexamod:NightmareStrike+1"],"picked":"Singing Bowl","floor":42},{"not_picked":["hexamod:SuperheatedStrike+1","hexamod:Rewind","hexamod:AdvancingGuard+1"],"picked":"Singing Bowl","floor":44},{"not_picked":["hexamod:InspiringFlames","hexamod:DynamicBlow+1","hexamod:ShieldOfDarkness"],"picked":"Singing Bowl","floor":44},{"not_picked":["hexamod:DynamicBlow+1","hexamod:ShieldOfDarkness+1"],"picked":"hexamod:HexaLevel","floor":46},{"not_picked":["hexamod:SoulSteal+1","hexamod:BurningTouch","hexamod:PhantomCloak+1"],"picked":"Singing Bowl","floor":46},{"not_picked":["hexamod:SoulSteal+1","hexamod:RadiantFlame+1","hexamod:ShieldOfDarkness+1"],"picked":"Singing Bowl","floor":47},{"not_picked":["hexamod:RecurringNightmare","hexamod:SwordOfDarkness+1","hexamod:SkipABeat+1"],"picked":"Singing Bowl","floor":47},{"not_picked":["hexamod:Hexaguard+1","hexamod:Firestarter+1","hexamod:FourthSeal"],"picked":"Singing Bowl","floor":48},{"not_picked":["hexamod:RainOfEmbers+1","hexamod:GhostShield+1"],"picked":"hexamod:RetreatToShadows+1","floor":49}],"player_experience":1591534,"relics_obtained":[{"floor":6,"key":"Dream Catcher"},{"floor":7,"key":"Vajra"},{"floor":9,"key":"Singing Bowl"},{"floor":12,"key":"Molten Egg 2"},{"floor":24,"key":"Bag of Preparation"},{"floor":28,"key":"Old Coin"},{"floor":41,"key":"Peace Pipe"},{"floor":42,"key":"Bottled Tornado"},{"floor":43,"key":"Ancient Tea Set"},{"floor":46,"key":"bronze:BronzeIdol"}],"event_choices":[{"damage_healed":0,"gold_gain":0,"player_choice":"Got Potions","damage_taken":0,"max_hp_gain":0,"max_hp_loss":0,"event_name":"Lab","floor":4,"gold_loss":0},{"cards_removed":["hexamod:Strike"],"damage_healed":0,"gold_gain":0,"player_choice":"Card Removal","damage_taken":0,"max_hp_gain":0,"max_hp_loss":0,"event_name":"The Cleric","floor":8,"gold_loss":0},{"damage_healed":0,"gold_gain":0,"player_choice":"Became a vampire","damage_taken":0,"max_hp_gain":0,"max_hp_loss":27,"event_name":"Vampires","floor":29,"gold_loss":0,"cards_obtained":["Bite","Bite","Bite","Bite","Bite"]}],"is_beta":false,"boss_relics":[{"not_picked":["Runic Dome","Black Star"],"picked":"bronze:MakeshiftBattery"},{"not_picked":["expansioncontent:StudyCardRelic","Pandora\u0027s Box"],"picked":"Runic Pyramid"}],"items_purged_floors":[30,37],"is_endless":false,"potions_floor_spawned":[3,9,12,13,15,16,19,21,32,36,42,47],"ascension_level":5}}