{"host":"Vegetablebread","time":1614024860,"event":{"mods":["BaseMod","Bestiary","Downfall","Minty Spire (QoL Compilation)","Relic Stats","Slay the Relics Exporter","StSLib"],"gold_per_floor":[99,99,8,8,8,33,86,96,96,115,15,46,97,97,116,211,211,211,227,227,238,34,34,34,34,47,60,60,60,60,70,89,191,191,191,204,223,243,243,257,257,257,292,292,137,137,137,137,152,152],"floor_reached":51,"language":"ENG","playtime":5151,"items_purged":["Doubt"],"score":705,"play_id":"2542a85e-e9ad-4e64-8112-58b7d0431b9f","local_time":"20210222121420","is_ascension_mode":false,"campfire_choices":[{"data":"sneckomod:TailWhip","floor":1,"key":"SMITH"},{"data":"sneckomod:CheapStock","floor":18,"key":"SMITH"},{"floor":28,"key":"REST"},{"data":"Coolheaded","floor":30,"key":"SMITH"},{"data":"sneckomod:TrashToTreasure","floor":35,"key":"SMITH"},{"data":"sneckomod:SerpentMind","floor":42,"key":"SMITH"},{"data":"sneckomod:Rotation","floor":47,"key":"SMITH"}],"circlet_count":0,"master_deck":["sneckomod:TailWhip+1","sneckomod:SnekBite","sneckomod:ImprovisedAttack","sneckomod:SlitherStrike","expansioncontent:YouAreMine","sneckomod:CheapStock+1","Omniscience","sneckomod:MorePower","sneckomod:SoulExchange","Ghostly","Ghostly","Ghostly","Ghostly","Ghostly","CutThroughFate+1","Coolheaded+1","sneckomod:TrashToTreasure+1","Reboot+1","sneckomod:SerpentMind+1","sneckomod:UnknownExhaust","sneckomod:Rotation+1","sneckomod:RainOfDice","sneckomod:CheapStock"],"relics":["sneckomod:SneckoSoul","downfall:HeartsMalice","Akabeko","Mercury Hourglass","Anchor","downfall:HeartBlessingGreen","Question Card","Bag of Preparation","Blue Candle","Empty Cage","DollysMirror","Ginger","Pandora\u0027s Box","StrikeDummy","Ornamental Fan","Gremlin Horn","Oddly Smooth Stone"],"acts_visited":["Exordium","TheCity","TheBeyond"],"potions_floor_usage":[12,16,31,31,50,50],"damage_taken":[{"damage":0,"enemies":"2 Louse","floor":2,"turns":1},{"damage":0,"enemies":"downfall:FleeingMerchant","floor":3,"turns":1},{"damage":0,"enemies":"3 Sentries","floor":6,"turns":1},{"damage":0,"enemies":"Jaw Worm","floor":8,"turns":1},{"damage":0,"enemies":"Small Slimes","floor":10,"turns":1},{"damage":0,"enemies":"Lagavulin","floor":12,"turns":3},{"damage":0,"enemies":"Gremlin Gang","floor":15,"turns":3},{"damage":22,"enemies":"DF_ARCHETYPE_STREAMLINE","floor":16,"turns":6},{"damage":41,"enemies":"downfall:LooterAlt2","floor":19,"turns":7},{"damage":0,"enemies":"Spheric Guardian","floor":21,"turns":2},{"damage":5,"enemies":"downfall:FleeingMerchant","floor":22,"turns":4},{"damage":7,"enemies":"Centurion and Healer","floor":26,"turns":14},{"damage":16,"enemies":"Cultist and Chosen","floor":27,"turns":8},{"damage":0,"enemies":"3 Cultists","floor":31,"turns":4},{"damage":0,"enemies":"Sentry and Sphere","floor":32,"turns":4},{"damage":6,"enemies":"SI_MIRROR_ARCHETYPE","floor":33,"turns":7},{"damage":0,"enemies":"3 Darklings","floor":36,"turns":4},{"damage":1,"enemies":"Orb Walker","floor":37,"turns":7},{"damage":2,"enemies":"Jaw Worm Horde","floor":38,"turns":4},{"damage":10,"enemies":"4 Shapes","floor":40,"turns":10},{"damage":7,"enemies":"3 Darklings","floor":43,"turns":4},{"damage":0,"enemies":"downfall:FleeingMerchant","floor":45,"turns":4},{"damage":0,"enemies":"Transient","floor":49,"turns":5},{"damage":3,"enemies":"IC_BLOCK_ARCHETYPE","floor":50,"turns":4}],"seed_played":"1790477554938724135","potions_obtained":[{"floor":6,"key":"sneckomod:CheatPotion"},{"floor":8,"key":"Fire Potion"},{"floor":15,"key":"sneckomod:DiceRollPotion"},{"floor":16,"key":"AttackPotion"},{"floor":21,"key":"DuplicationPotion"},{"floor":33,"key":"PowerPotion"},{"floor":40,"key":"Weak Potion"}],"is_trial":false,"path_per_floor":["R","M","$","?","?","E","T","M","R","M","R","E","T","?","M","B",null,"R","M","?","M","$","?","T","R","M","M","R","?","R","M","M","B",null,"R","M","M","M","?","M","T","R","M","?","$","?","R","?","M","B",null],"character_chosen":"THE_SNECKO","items_purchased":["expansioncontent:YouAreMine","DollysMirror","sneckomod:Memorize","Gremlin Horn","Oddly Smooth Stone"],"campfire_rested":1,"item_purchase_floors":[3,22,22,45,45],"current_hp_per_floor":[90,90,90,65,65,65,65,65,65,65,65,65,65,60,60,38,90,90,49,100,100,95,50,50,50,43,27,42,42,42,42,42,36,50,50,50,49,53,53,43,43,43,36,56,56,56,56,56,56,53],"gold":152,"neow_bonus":"THREE_ENEMY_KILL","is_daily":false,"chose_seed":false,"campfire_upgraded":6,"win_rate":0.0,"timestamp":1614024860,"path_taken":["R","M","$","?","?","E","T","M","R","M","R","E","?","?","M","BOSS","R","M","?","?","$","?","T","R","M","M","R","?","R","M","M","BOSS","R","M","M","M","?","M","T","R","M","?","$","?","R","?","M","BOSS"],"items_purchased_type":["Card","Relic","Card","Relic","Relic"],"build_version":"2020-12-18","purchased_purges":1,"victory":true,"max_hp_per_floor":[90,90,90,90,90,90,90,90,90,90,90,90,90,90,90,90,90,90,90,100,100,100,50,50,50,50,50,50,50,50,50,50,50,50,50,50,50,56,56,56,56,56,56,56,56,56,56,56,56,56],"relic_stats":{"Gremlin Horn":[1,1],"counters":[24,105],"Ornamental Fan":[120],"Blue Candle":[0],"Pandora\u0027s Box":["sneckomod:UnknownExhaust","sneckomod:Rotation","sneckomod:RainOfDice"],"Bag of Preparation":[36],"Ginger":[15],"Question Card":27,"obtain_stats":[{"Gremlin Horn":45,"Blue Candle":14,"Oddly Smooth Stone":45,"downfall:HeartsMalice":0,"downfall:HeartBlessingGreen":11,"Bag of Preparation":13,"Ginger":24,"sneckomod:SneckoSoul":0,"Question Card":12,"Empty Cage":17,"Akabeko":4,"Mercury Hourglass":6,"Anchor":7,"DollysMirror":22,"Ornamental Fan":41,"Pandora\u0027s Box":34,"StrikeDummy":39},{"Gremlin Horn":22,"Blue Candle":6,"Oddly Smooth Stone":22,"downfall:HeartsMalice":0,"downfall:HeartBlessingGreen":5,"Bag of Preparation":6,"Ginger":11,"sneckomod:SneckoSoul":0,"Question Card":6,"Empty Cage":8,"Akabeko":2,"Mercury Hourglass":3,"Anchor":3,"DollysMirror":11,"Ornamental Fan":20,"Pandora\u0027s Box":16,"StrikeDummy":19},{"Gremlin Horn":96,"Blue Candle":5,"Oddly Smooth Stone":96,"downfall:HeartsMalice":0,"downfall:HeartBlessingGreen":2,"Bag of Preparation":5,"Ginger":27,"sneckomod:SneckoSoul":0,"Question Card":5,"Empty Cage":14,"Akabeko":0,"Mercury Hourglass":0,"Anchor":0,"DollysMirror":27,"Ornamental Fan":88,"Pandora\u0027s Box":63,"StrikeDummy":78}],"Mercury Hourglass":[411]},"card_choices":[{"not_picked":["sneckomod:UnendingSupply","sneckomod:UnknownExhaust"],"picked":"sneckomod:ImprovisedAttack","floor":2},{"not_picked":["sneckomod:QuickBite","sneckomod:RainOfDice"],"picked":"sneckomod:SlitherStrike","floor":3},{"not_picked":["sneckomod:Nope","sneckomod:SerpentIdol","sneckomod:SlitherStrike"],"picked":"SKIP","floor":6},{"not_picked":["sneckomod:QuickMove","sneckomod:UnknownCommonAttack","sneckomod:Unknown2Cost"],"picked":"SKIP","floor":8},{"not_picked":["sneckomod:QuickMove","sneckomod:UnknownCommonAttack","sneckomod:Unknown2Cost"],"picked":"SKIP","floor":8},{"not_picked":["sneckomod:SoulRoll","sneckomod:UnknownCommonSkill","sneckomod:UnknownBlock"],"picked":"SKIP","floor":10},{"not_picked":["sneckomod:ImprovisedGuard","sneckomod:DiceCrush","sneckomod:SoulDraw"],"picked":"SKIP","floor":12},{"not_picked":["sneckomod:QuickBite","sneckomod:Nope","sneckomod:CheapStock"],"picked":"sneckomod:MorePower","floor":15},{"not_picked":["sneckomod:UnknownWeak+1","sneckomod:UnknownExhaust+1"],"picked":"sneckomod:UnknownDraw+1","floor":16},{"not_picked":["sneckomod:UnlimitedRolls","sneckomod:Unknown3Cost","sneckomod:UnknownRarePower"],"picked":"sneckomod:SoulExchange","floor":16},{"not_picked":["sneckomod:UnknownClassBLUE","sneckomod:UnknownCommonAttack","sneckomod:IronFang"],"picked":"sneckomod:UnknownDraw","floor":19},{"not_picked":["sneckomod:WideSting","sneckomod:MasterEye+1","sneckomod:UnknownBlock+1","sneckomod:SerpentIdol+1"],"picked":"SKIP","floor":21},{"not_picked":["sneckomod:SoulExchange","sneckomod:QuickBite+1","sneckomod:UnknownClassPURPLE+1"],"picked":"sneckomod:Memorize","floor":22},{"not_picked":["sneckomod:UnknownExhaust+1","sneckomod:UnknownCommonAttack","sneckomod:UnknownVulnerable","sneckomod:UnknownUncommonAttack+1"],"picked":"SKIP","floor":26},{"not_picked":["sneckomod:UnlimitedRolls","sneckomod:UnknownUncommonSkill","sneckomod:UnknownUncommonPower","sneckomod:UnknownCommonSkill"],"picked":"SKIP","floor":27},{"not_picked":["sneckomod:Unknown2Cost","sneckomod:UnknownUncommonAttack","sneckomod:UnknownClassBLUE+1"],"picked":"sneckomod:TrashToTreasure","floor":31},{"not_picked":["sneckomod:DiceBoulder+1","sneckomod:IronFang","sneckomod:ImprovisedGuard+1","sneckomod:SnekBeam"],"picked":"SKIP","floor":32},{"not_picked":["sneckomod:UnlimitedRolls","sneckomod:UnknownRarePower","sneckomod:UnknownBoss"],"picked":"sneckomod:SerpentMind","floor":33},{"not_picked":["sneckomod:UnknownCommonSkill+1","sneckomod:UnendingSupply","sneckomod:IronFang+1","sneckomod:SoulRoll"],"picked":"SKIP","floor":36},{"not_picked":["sneckomod:UnknownWeak+1","sneckomod:UnknownBlock","sneckomod:UnendingSupply+1","sneckomod:SoulDraw"],"picked":"SKIP","floor":37},{"not_picked":["sneckomod:SoulRoll+1","sneckomod:UnknownVulnerable","sneckomod:UnknownExhaust","sneckomod:UnendingSupply"],"picked":"SKIP","floor":38},{"not_picked":["sneckomod:UnknownStrike+1","sneckomod:SerpentIdol+1","sneckomod:ImprovisedGuard"],"picked":"sneckomod:CheapStock","floor":40},{"not_picked":["sneckomod:Rotation","sneckomod:UnknownCommonAttack+1","sneckomod:QuickMove","sneckomod:DiceBlock+1"],"picked":"SKIP","floor":43},{"not_picked":["sneckomod:UnknownClassPURPLE","sneckomod:ImprovisedGuard+1","sneckomod:SoulDraw","sneckomod:UnknownDraw+1"],"picked":"SKIP","floor":45},{"not_picked":["sneckomod:UnknownCommonSkill","sneckomod:UnknownUncommonSkill","sneckomod:UnknownClassPURPLE","sneckomod:Memorize"],"picked":"SKIP","floor":49}],"player_experience":10676249,"relics_obtained":[{"floor":6,"key":"Mercury Hourglass"},{"floor":7,"key":"Anchor"},{"floor":12,"key":"Question Card"},{"floor":13,"key":"Bag of Preparation"},{"floor":24,"key":"Ginger"},{"floor":39,"key":"StrikeDummy"},{"floor":41,"key":"Ornamental Fan"}],"event_choices":[{"damage_healed":0,"gold_gain":0,"player_choice":"Success","damage_taken":25,"relics_obtained":["Akabeko"],"max_hp_gain":0,"max_hp_loss":0,"event_name":"Scrap Ooze","floor":4,"gold_loss":0},{"damage_healed":0,"gold_gain":0,"cards_transformed":["sneckomod:Strike"],"player_choice":"Change","damage_taken":0,"max_hp_gain":0,"max_hp_loss":0,"event_name":"Living Wall","floor":5,"gold_loss":0,"cards_obtained":["sneckomod:CheapStock"]},{"cards_removed":["Slimebound:TagTeam"],"damage_healed":41,"gold_gain":0,"player_choice":"Offered Rare","damage_taken":0,"max_hp_gain":10,"max_hp_loss":0,"event_name":"Bonfire Elementals","floor":20,"gold_loss":0},{"damage_healed":0,"gold_gain":0,"player_choice":"Became a Ghost","damage_taken":0,"max_hp_gain":0,"max_hp_loss":50,"event_name":"Ghosts","floor":23,"gold_loss":0,"cards_obtained":["Ghostly","Ghostly","Ghostly","Ghostly","Ghostly"]},{"damage_healed":0,"gold_gain":0,"player_choice":"Ignored","damage_taken":0,"max_hp_gain":0,"max_hp_loss":0,"event_name":"Mysterious Sphere","floor":48,"gold_loss":0}],"is_beta":true,"boss_relics":[{"not_picked":["Fusion Hammer","SacredBark"],"picked":"Empty Cage"},{"not_picked":["sneckomod:SneckoBoss","Tiny House"],"picked":"Pandora\u0027s Box"}],"items_purged_floors":[45],"is_endless":false,"potions_floor_spawned":[6,8,15,16,21,33,40,49],"ascension_level":0}}