{"host":"5bsc0nab6whpyrbj","time":1614013866,"event":{"mods":["BaseMod","Highlight Path","Minty Spire (QoL Compilation)"],"gold_per_floor":[112,112,65,65,83,113,113,113,168,90,90,104,104,122,122,224,224,235,247,247,247,293,328,328,343,343,353,353,353],"floor_reached":28,"language":"ENG","playtime":592,"items_purged":[],"score":261,"play_id":"daed41d3-7e0c-4c8e-ac20-017b2f87df4b","local_time":"20210222121106","is_ascension_mode":false,"campfire_choices":[{"floor":11.0,"key":"REST"},{"floor":13.0,"key":"REST"},{"data":"Static Discharge","floor":15.0,"key":"SMITH"}],"circlet_count":0,"master_deck":["Strike_B","Strike_B","Defend_B+1","Defend_B+1","Defend_B","Defend_B","Zap","Dualcast","Thunder Strike","Barrage+1","Finesse","Zap","Gash","Ball Lightning","Static Discharge+1","Gash+1","Barrage","Biased Cognition","Biased Cognition","Gash+1","Gash+1"],"relics":["Cracked Core","MealTicket","Emotion Chip","War Paint","Nuclear Battery","Whetstone","Potion Belt","HornCleat"],"acts_visited":["Exordium","TheCity"],"potions_floor_usage":[28,28],"damage_taken":[{"damage":6.0,"enemies":"Jaw Worm","floor":1.0,"turns":3.0},{"damage":6.0,"enemies":"Cultist","floor":5.0,"turns":3.0},{"damage":37.0,"enemies":"3 Sentries","floor":6.0,"turns":6.0},{"damage":16.0,"enemies":"2 Louse","floor":12.0,"turns":3.0},{"damage":11.0,"enemies":"2 Fungi Beasts","floor":14.0,"turns":3.0},{"damage":27.0,"enemies":"The Guardian","floor":16.0,"turns":7.0},{"damage":10.0,"enemies":"Chosen","floor":18.0,"turns":4.0},{"damage":12.0,"enemies":"Shell Parasite","floor":19.0,"turns":2.0},{"damage":16.0,"enemies":"Book of Stabbing","floor":23.0,"turns":2.0},{"damage":22.0,"enemies":"Snake Plant","floor":25.0,"turns":2.0},{"damage":17.0,"enemies":"Centurion and Healer","floor":27.0,"turns":4.0},{"damage":7,"enemies":"Cultist and Chosen","floor":28,"turns":4}],"seed_played":"515771474924094629","potions_obtained":[{"floor":5.0,"key":"BlessingOfTheForge"},{"floor":6.0,"key":"Swift Potion"},{"floor":14.0,"key":"CultistPotion"},{"floor":16.0,"key":"GamblersBrew"},{"floor":23.0,"key":"EssenceOfSteel"},{"floor":27.0,"key":"Dexterity Potion"}],"is_trial":false,"path_per_floor":["M","?","$","?","M","E","?","?","T","$","R","M","R","M","R","B",null,"M","M","?","?","T","E","?","M","T","M","M"],"character_chosen":"DEFECT","items_purchased":["Gash","Static Discharge"],"campfire_rested":2,"item_purchase_floors":[3,10],"current_hp_per_floor":[69,69,69,74,68,31,31,28,28,43,67,51,75,64,64,37,80,70,58,58,58,58,42,42,20,20,3,0,0],"gold":353,"neow_bonus":"ONE_RANDOM_RARE_CARD","is_daily":false,"chose_seed":false,"campfire_upgraded":1,"win_rate":0.0,"timestamp":1614013866,"path_taken":["M","?","?","?","M","E","?","?","T","$","R","M","R","M","R","BOSS","M","M","?","?","?","E","?","M","T","?","M"],"items_purchased_type":["Card","Card"],"build_version":"2020-12-22","purchased_purges":0,"victory":false,"max_hp_per_floor":[75,75,75,80,80,80,80,80,80,80,80,80,80,80,80,80,80,80,80,80,80,80,80,80,80,80,80,80,80],"card_choices":[{"not_picked":["Go for the Eyes","Fusion"],"picked":"Barrage","floor":1.0},{"not_picked":["Sweeping Beam","Stack"],"picked":"Ball Lightning","floor":5.0},{"not_picked":["FTL","Fission","Streamline"],"picked":"SKIP","floor":6.0},{"not_picked":["Tempest","Cold Snap"],"picked":"Gash","floor":12.0},{"not_picked":["Undo","Redo"],"picked":"Barrage","floor":14.0},{"not_picked":["Rainbow","Reboot"],"picked":"Biased Cognition","floor":16.0},{"not_picked":["Turbo","Coolheaded","Leap"],"picked":"SKIP","floor":18.0},{"not_picked":["Hologram","Compile Driver+1","Blizzard"],"picked":"SKIP","floor":19.0},{"not_picked":["Compile Driver","Rip and Tear","Streamline"],"picked":"SKIP","floor":23.0},{"not_picked":["Go for the Eyes","Cold Snap","Steam"],"picked":"SKIP","floor":25.0},{"not_picked":["Reinforced Body","Compile Driver"],"picked":"Gash+1","floor":27.0}],"player_experience":94163,"relics_obtained":[{"floor":6.0,"key":"MealTicket"},{"floor":9.0,"key":"War Paint"},{"floor":22.0,"key":"Whetstone"},{"floor":23.0,"key":"Potion Belt"},{"floor":26.0,"key":"HornCleat"}],"event_choices":[{"damage_healed":0.0,"max_hp_gain":0.0,"max_hp_loss":0.0,"gold_gain":0.0,"event_name":"Match and Keep!","player_choice":"2 cards matched","floor":2.0,"gold_loss":0.0,"damage_taken":0.0,"cards_obtained":["Finesse","Zap"]},{"damage_healed":0.0,"max_hp_gain":5.0,"max_hp_loss":0.0,"gold_gain":0.0,"event_name":"Big Fish","player_choice":"Donut","floor":4.0,"gold_loss":0.0,"damage_taken":0.0},{"damage_healed":0.0,"max_hp_gain":0.0,"max_hp_loss":0.0,"gold_gain":0.0,"event_name":"Dead Adventurer","player_choice":"Searched \u00270\u0027 times","floor":7.0,"gold_loss":0.0,"damage_taken":0.0},{"damage_healed":0.0,"max_hp_gain":0.0,"max_hp_loss":0.0,"gold_gain":0.0,"event_name":"Dead Adventurer","player_choice":"Searched \u00270\u0027 times","floor":7.0,"gold_loss":0.0,"damage_taken":0.0},{"damage_healed":0.0,"max_hp_gain":0.0,"max_hp_loss":0.0,"gold_gain":0.0,"event_name":"Scrap Ooze","player_choice":"Success","floor":8.0,"gold_loss":0.0,"damage_taken":3.0,"relics_obtained":["Emotion Chip"]},{"damage_healed":0.0,"max_hp_gain":0.0,"max_hp_loss":0.0,"gold_gain":0.0,"cards_transformed":["Strike_B","Strike_B"],"event_name":"Drug Dealer","player_choice":"Became Test Subject","floor":20.0,"gold_loss":0.0,"damage_taken":0.0,"cards_obtained":["Biased Cognition","Glacier"]},{"cards_removed":["Glacier"],"damage_healed":0.0,"max_hp_gain":0.0,"max_hp_loss":0.0,"gold_gain":0.0,"event_name":"Back to Basics","player_choice":"Elegance","floor":21.0,"gold_loss":0.0,"damage_taken":0.0},{"damage_healed":0.0,"max_hp_gain":0.0,"max_hp_loss":0.0,"gold_gain":0.0,"event_name":"Duplicator","player_choice":"Copied","floor":24.0,"gold_loss":0.0,"damage_taken":0.0,"cards_obtained":["Gash"]}],"is_beta":false,"boss_relics":[{"not_picked":["Velvet Choker","Runic Dome"],"picked":"Nuclear Battery"}],"items_purged_floors":[],"is_endless":false,"potions_floor_spawned":[5,6,14,16,23,27],"killed_by":"Cultist and Chosen","ascension_level":0}}