{"host":"e4udrxcgdvpx3wcj","time":1614028278,"event":{"mods":["Act Like it!","Aspiration","Astrologer","BaseMod","Gensokyo","Highlight Path","Infinite Spire","Koishi","Marisa????????","Minty Spire (QoL Compilation)","Replay The Spire","StSLib","SuperFastMode","The Bug Knight","The Construct","The Jungle","The Runesmith","The Servant 0.9.4","TheBandit"],"gold_per_floor":[114,114,128,303,303,303,339,339,390,390,428,428,25,105,105,198,198,221,221,16,40,40,40,40,40],"floor_reached":23,"language":"ENG","playtime":1122,"items_purged":[],"score":318,"play_id":"0bf745fe-237e-4c36-809a-847140196f6e","local_time":"20210222161118","is_ascension_mode":true,"campfire_choices":[{"data":"wariomod:BlastDash","floor":6,"key":"SMITH"},{"data":"wariomod:Step","floor":8,"key":"SMITH"},{"floor":10,"key":"REST"},{"data":"wariomod:BlastDash","floor":12,"key":"SMITH"}],"circlet_count":0,"master_deck":["AscendersBane","wariomod:Strike","wariomod:Strike","wariomod:Strike","wariomod:Defend","wariomod:Defend","wariomod:Defend","wariomod:Defend","wariomod:Step+1","wariomod:Leap","wariomod:BlastDash+1","wariomod:TreasureDig","Doubt","wariomod:BlastDash+1","wariomod:EnergizedBombs+1","wariomod:BlastDash+1","wariomod:DropBash+1","wariomod:DoubleDash","wariomod:WipeClean+1","wariomod:EndlessBlast","wariomod:Hopshield","wariomod:SmallSprint"],"relics":["wariomod:TheHat","MealTicket","Golden Idol","Pondfish Scales","Replay:Wax Seal","Boot","Omamori","DollysMirror","SacredBark","Medical Kit"],"acts_visited":["Exordium","TheCity"],"potions_floor_usage":[7,11],"damage_taken":[{"damage":11,"enemies":"Small Slimes","floor":1,"turns":3},{"damage":0,"enemies":"Cultist","floor":3,"turns":4},{"damage":17,"enemies":"3 Sentries","floor":7,"turns":7},{"damage":16,"enemies":"Lagavulin","floor":11,"turns":7},{"damage":55,"enemies":"Fading Forest","floor":16,"turns":11},{"damage":29,"enemies":"Shell Parasite","floor":18,"turns":8},{"damage":41,"enemies":"Spheric Guardian","floor":21,"turns":6},{"damage":27,"enemies":"Slavers","floor":23,"turns":2}],"seed_played":"-1314847172206436756","potions_obtained":[{"floor":3,"key":"Fire Potion"},{"floor":7,"key":"LiquidMemories"}],"is_trial":false,"path_per_floor":["M","?","M","?","?","R","E","R","T","R","E","R","$","?","R","B",null,"M","?","$","M","$","E"],"character_chosen":"THE_BANDIT","items_purchased":["Omamori","DollysMirror","wariomod:DropBash+1","wariomod:DoubleDash","Medical Kit","wariomod:Hopshield"],"campfire_rested":1,"item_purchase_floors":[13,13,13,13,20,20],"current_hp_per_floor":[61,61,61,61,41,41,24,24,24,48,32,32,47,47,71,25,66,37,37,52,11,26,0,0,0],"gold":40,"neow_bonus":"RANDOM_COMMON_RELIC","is_daily":false,"chose_seed":false,"campfire_upgraded":3,"win_rate":0.0,"timestamp":1614028278,"path_taken":["M","?","?","?","?","R","E","R","T","R","E","R","$","?","R","BOSS","M","?","?","M","$","E"],"items_purchased_type":["Relic","Relic","Card","Card","Relic","Card"],"build_version":"2020-12-22","purchased_purges":0,"victory":false,"max_hp_per_floor":[80,80,80,80,80,80,80,80,80,80,80,80,80,80,80,80,80,80,80,80,80,80,80,80,80],"card_choices":[{"not_picked":["wariomod:NullJump","wariomod:TrekTime"],"picked":"wariomod:BlastDash","floor":1},{"not_picked":["wariomod:SimpleShield","wariomod:DamnedStrength"],"picked":"wariomod:TreasureDig","floor":3},{"not_picked":["wariomod:BodyBlock","wariomod:SelfImprison"],"picked":"wariomod:BlastDash","floor":7},{"not_picked":["wariomod:SmallSprint","wariomod:SimpleShield"],"picked":"wariomod:EnergizedBombs","floor":11},{"not_picked":["wariomod:BoomAndDoom","wariomod:Enshrine"],"picked":"wariomod:WipeClean","floor":16},{"not_picked":["wariomod:BumRush","wariomod:PayItForwards"],"picked":"wariomod:EndlessBlast","floor":18},{"not_picked":["wariomod:BlastDash","wariomod:AwfulLook"],"picked":"wariomod:SmallSprint","floor":21}],"player_experience":2434876,"relics_obtained":[{"floor":7,"key":"Pondfish Scales"},{"floor":9,"key":"Replay:Wax Seal"},{"floor":11,"key":"Boot"}],"event_choices":[{"cards_removed":["wariomod:Strike"],"damage_healed":0,"gold_gain":0,"player_choice":"Purged","damage_taken":0,"max_hp_gain":0,"max_hp_loss":0,"event_name":"Purifier","floor":2,"gold_loss":0},{"damage_healed":0,"gold_gain":175,"player_choice":"AGREE","damage_taken":0,"max_hp_gain":0,"max_hp_loss":0,"event_name":"Liars Game","floor":4,"gold_loss":0,"cards_obtained":["Doubt"]},{"damage_healed":0,"gold_gain":0,"player_choice":"Take Damage","damage_taken":20,"relics_obtained":["Golden Idol"],"max_hp_gain":0,"max_hp_loss":0,"event_name":"Golden Idol","floor":5,"gold_loss":0},{"damage_healed":0,"gold_gain":0,"player_choice":"Upgraded","damage_taken":0,"max_hp_gain":0,"max_hp_loss":0,"event_name":"Upgrade Shrine","floor":19,"gold_loss":0,"cards_upgraded":["wariomod:WipeClean"]}],"is_beta":false,"boss_relics":[{"not_picked":["ReplayTheSpireMod:DimensionalGlitch","aspiration:RitualDagger"],"picked":"SacredBark"}],"items_purged_floors":[],"is_endless":false,"potions_floor_spawned":[3,7],"killed_by":"Slavers","ascension_level":13}}