{"host":"l1pzlbpva2o8t11s","time":1614030130,"event":{"mods":["AchievementEnabler","BaseMod","Block Reminder","Colored Map","Minty Spire (QoL Compilation)","Random Character Button","Relic Stats","StSLib","The Jungle"],"gold_per_floor":[109,123,123,133,148,180,180,180,251,279,279,295,295,307,307,406,406,424,443,368,47,62,97,97,129,129,129,129,143,168,185,185,185,185],"floor_reached":33,"language":"ENG","playtime":1939,"items_purged":[],"score":333,"play_id":"ef34b85d-37f3-455e-9040-2537599515e6","local_time":"20210222224210","is_ascension_mode":true,"campfire_choices":[{"floor":7,"key":"REST"},{"floor":11,"key":"REST"},{"floor":13,"key":"REST"},{"data":"Defragment","floor":15,"key":"SMITH"},{"floor":24,"key":"REST"},{"floor":28,"key":"REST"},{"floor":32,"key":"REST"}],"circlet_count":0,"master_deck":["Strike_B","Strike_B","Strike_B","Defend_B+1","Defend_B","Defend_B+1","Defend_B","Zap+1","Dualcast","Loop","Heatsinks","Ball Lightning","Defragment+1","Defragment","Sunder","Static Discharge","Ball Lightning","Ball Lightning","White Noise"],"relics":["Cracked Core","Lizard Tail","Darkstone Periapt","Omamori","Inserter","Mummified Hand","Mercury Hourglass","Matryoshka","Oddly Smooth Stone","Centennial Puzzle","Ancient Tea Set"],"acts_visited":["Exordium","TheCity"],"potions_floor_usage":[5,10,19,23,23,33],"damage_taken":[{"damage":2,"enemies":"Small Slimes","floor":1,"turns":4},{"damage":1,"enemies":"Cultist","floor":2,"turns":3},{"damage":0,"enemies":"Jaw Worm","floor":4,"turns":3},{"damage":5,"enemies":"Exordium Thugs","floor":5,"turns":5},{"damage":41,"enemies":"3 Sentries","floor":6,"turns":7},{"damage":32,"enemies":"Gremlin Nob","floor":10,"turns":4},{"damage":11,"enemies":"Large Slime","floor":12,"turns":5},{"damage":2,"enemies":"Looter","floor":14,"turns":3},{"damage":16,"enemies":"The Guardian","floor":16,"turns":7},{"damage":7,"enemies":"Chosen","floor":18,"turns":4},{"damage":15,"enemies":"3 Byrds","floor":19,"turns":4},{"damage":16,"enemies":"Cultist and Chosen","floor":22,"turns":5},{"damage":23,"enemies":"Book of Stabbing","floor":23,"turns":4},{"damage":36,"enemies":"Gremlin Leader","floor":25,"turns":5},{"damage":0,"enemies":"Snecko","floor":29,"turns":3},{"damage":33,"enemies":"Book of Stabbing","floor":30,"turns":4},{"damage":5,"enemies":"Snake Plant","floor":31,"turns":3},{"damage":17,"enemies":"Collector","floor":33,"turns":3}],"seed_played":"-1781076215341117575","potions_obtained":[{"floor":2,"key":"ColorlessPotion"},{"floor":6,"key":"Regen Potion"},{"floor":10,"key":"FairyPotion"},{"floor":16,"key":"Energy Potion"},{"floor":18,"key":"Fire Potion"},{"floor":19,"key":"Fire Potion"},{"floor":30,"key":"Ancient Potion"},{"floor":31,"key":"SteroidPotion"}],"is_trial":false,"path_per_floor":["M","M","?","M","M","E","R","?","T","E","R","M","R","M","R","B",null,"M","M","?","$","M","E","R","E","T","?","R","M","E","M","R","B"],"character_chosen":"DEFECT","items_purchased":["Mummified Hand","Static Discharge"],"campfire_rested":6,"item_purchase_floors":[21,21],"current_hp_per_floor":[73,72,57,57,52,11,33,33,33,13,35,24,46,44,44,28,75,68,53,53,53,37,14,36,22,22,22,44,44,11,6,28,11,11],"gold":185,"neow_bonus":"UPGRADE_CARD","is_daily":false,"chose_seed":false,"campfire_upgraded":1,"win_rate":0.0,"timestamp":1614030130,"path_taken":["M","M","?","M","M","E","R","?","T","E","R","M","R","M","R","BOSS","M","M","?","$","M","E","R","E","T","?","R","M","E","M","R","BOSS"],"items_purchased_type":["Relic","Card"],"build_version":"2020-12-22","purchased_purges":0,"victory":false,"max_hp_per_floor":[75,75,75,75,75,75,75,75,75,75,75,75,75,75,75,75,75,75,75,75,75,75,75,75,75,75,75,75,75,75,75,75,75,75],"relic_stats":{"Darkstone Periapt":0,"Lizard Tail":0,"Centennial Puzzle":[9],"Inserter":[17],"counters":[18,76],"Mummified Hand":[38],"obtain_stats":[{"Darkstone Periapt":9,"Lizard Tail":6,"Centennial Puzzle":26,"Inserter":17,"Matryoshka":25,"Mummified Hand":21,"Oddly Smooth Stone":26,"Omamori":10,"Cracked Core":0,"Ancient Tea Set":30,"Mercury Hourglass":23},{"Darkstone Periapt":5,"Lizard Tail":5,"Centennial Puzzle":14,"Inserter":9,"Matryoshka":14,"Mummified Hand":11,"Oddly Smooth Stone":14,"Omamori":6,"Cracked Core":0,"Ancient Tea Set":16,"Mercury Hourglass":13},{"Darkstone Periapt":22,"Lizard Tail":22,"Centennial Puzzle":63,"Inserter":41,"Matryoshka":63,"Mummified Hand":49,"Oddly Smooth Stone":63,"Omamori":26,"Cracked Core":0,"Ancient Tea Set":70,"Mercury Hourglass":58}],"Mercury Hourglass":[78]},"card_choices":[{"not_picked":["Go for the Eyes","Stack","Sweeping Beam"],"picked":"SKIP","floor":1},{"not_picked":["White Noise","Streamline"],"picked":"Loop","floor":2},{"not_picked":["Streamline","FTL"],"picked":"Heatsinks","floor":4},{"not_picked":["Melter","Reinforced Body","Heatsinks"],"picked":"SKIP","floor":5},{"not_picked":["Self Repair","Redo"],"picked":"Ball Lightning","floor":6},{"not_picked":["Beam Cell","Glacier","Blizzard"],"picked":"SKIP","floor":10},{"not_picked":["Turbo","Aggregate","BootSequence"],"picked":"SKIP","floor":12},{"not_picked":["Conserve Battery","Cold Snap"],"picked":"Defragment","floor":14},{"not_picked":["Conserve Battery","Turbo"],"picked":"Defragment","floor":18},{"not_picked":["Beam Cell","Conserve Battery"],"picked":"Sunder","floor":19},{"not_picked":["Steam+1","Aggregate+1","Skim"],"picked":"SKIP","floor":22},{"not_picked":["Multi-Cast","Steam Power","Barrage+1"],"picked":"SKIP","floor":23},{"not_picked":["Steam","Leap"],"picked":"Ball Lightning","floor":25},{"not_picked":["Fusion","Meteor Strike"],"picked":"Ball Lightning","floor":29},{"not_picked":["Reinforced Body+1","Rebound"],"picked":"White Noise","floor":30},{"not_picked":["Force Field","Reinforced Body","Recycle"],"picked":"SKIP","floor":31}],"player_experience":203726,"relics_obtained":[{"floor":6,"key":"Lizard Tail"},{"floor":9,"key":"Darkstone Periapt"},{"floor":10,"key":"Omamori"},{"floor":23,"key":"Mercury Hourglass"},{"floor":25,"key":"Matryoshka"},{"floor":26,"key":"Oddly Smooth Stone"},{"floor":26,"key":"Centennial Puzzle"},{"floor":30,"key":"Ancient Tea Set"}],"event_choices":[{"damage_healed":0,"gold_gain":0,"player_choice":"Entered Light","damage_taken":15,"max_hp_gain":0,"max_hp_loss":0,"event_name":"Shining Light","floor":3,"gold_loss":0,"cards_upgraded":["Defend_B","Defend_B"]},{"damage_healed":0,"gold_gain":0,"player_choice":"0 cards matched","damage_taken":0,"max_hp_gain":0,"max_hp_loss":0,"event_name":"Match and Keep!","floor":8,"gold_loss":0,"cards_obtained":[]},{"cards_removed":["Strike_B"],"damage_healed":0,"gold_gain":0,"player_choice":"Gave Gold","damage_taken":0,"max_hp_gain":0,"max_hp_loss":0,"event_name":"Beggar","floor":20,"gold_loss":75},{"damage_healed":0,"gold_gain":0,"player_choice":"Ignored","damage_taken":0,"max_hp_gain":0,"max_hp_loss":0,"event_name":"Ghosts","floor":27,"gold_loss":0}],"is_beta":false,"boss_relics":[{"not_picked":["Busted Crown","Cursed Key"],"picked":"Inserter"}],"items_purged_floors":[],"is_endless":false,"potions_floor_spawned":[2,6,10,16,18,19,30,31],"killed_by":"Collector","ascension_level":1}}