{"host":"28p8ce41sjwa6lzf","time":1614013662,"event":{"mods":["BaseMod","Bestiary","Colored Map","Colored Powertips","Dark Map","Highlight Path","Minty Spire (QoL Compilation)","Permanent Neow","Quick Restart","Random Character Button","Rare Cards Sparkle","Relic Stats","StSLib","Unceasing Turn Reminder"],"gold_per_floor":[359,123,48,59,6,6,6,37,37,48,64,95,95,107,107,107,107],"floor_reached":16,"language":"ENG","playtime":2110,"items_purged":["Pain"],"score":220,"play_id":"b18a4209-667c-4c23-8295-ae97c998adb5","local_time":"20210222110742","is_ascension_mode":true,"campfire_choices":[{"data":"Well Laid Plans","floor":6.0,"key":"SMITH"},{"floor":13,"key":"REST"},{"floor":15,"key":"DIG"}],"circlet_count":0,"master_deck":["AscendersBane","Strike_G","Strike_G+1","Strike_G","Strike_G","Defend_G","Defend_G","Defend_G","Defend_G","Defend_G","Survivor","Neutralize+1","Deadly Poison+1","Well Laid Plans+1","Malaise","All Out Attack","Deadly Poison","PiercingWail"],"relics":["Ring of the Snake","Orichalcum","Shovel","Matryoshka","Bottled Flame","Whetstone"],"acts_visited":["Exordium"],"potions_floor_usage":[],"damage_taken":[{"damage":1.0,"enemies":"2 Louse","floor":1.0,"turns":3.0},{"damage":2.0,"enemies":"Cultist","floor":4.0,"turns":5.0},{"damage":29.0,"enemies":"Gremlin Nob","floor":8.0,"turns":6.0},{"damage":1.0,"enemies":"Small Slimes","floor":10.0,"turns":3.0},{"damage":0.0,"enemies":"Looter","floor":11.0,"turns":4.0},{"damage":21,"enemies":"3 Sentries","floor":12,"turns":10},{"damage":4,"enemies":"Red Slaver","floor":14,"turns":5},{"damage":20,"enemies":"Slime Boss","floor":16,"turns":8}],"seed_played":"-9071250693667616413","potions_obtained":[{"floor":4.0,"key":"SpeedPotion"}],"is_trial":false,"path_per_floor":["M","$","?","M","$","R","?","E","T","M","M","E","R","M","R","B"],"character_chosen":"THE_SILENT","items_purchased":["Orichalcum","Block Potion"],"campfire_rested":1,"item_purchase_floors":[2,5],"current_hp_per_floor":[58,58,58,56,56,56,56,27,27,26,26,5,24,20,20,0,0],"gold":107,"neow_bonus":"TWO_FIFTY_GOLD","is_daily":false,"chose_seed":false,"campfire_upgraded":1,"win_rate":0.0,"timestamp":1614013662,"path_taken":["M","$","?","M","$","R","?","E","T","M","?","E","R","M","R","BOSS"],"items_purchased_type":["Relic","Potion"],"build_version":"2020-12-22","purchased_purges":1,"victory":false,"max_hp_per_floor":[66,66,66,66,66,66,66,66,66,66,66,66,66,66,66,66,66],"relic_stats":{"Shovel":1,"counters":[8,44],"Whetstone":["Strike_G","Neutralize"],"Orichalcum":[138],"obtain_stats":[{"Bottled Flame":12,"Shovel":8,"Matryoshka":9,"Whetstone":15,"Orichalcum":2,"Ring of the Snake":0},{"Bottled Flame":6,"Shovel":3,"Matryoshka":3,"Whetstone":7,"Orichalcum":1,"Ring of the Snake":0},{"Bottled Flame":31,"Shovel":14,"Matryoshka":14,"Whetstone":36,"Orichalcum":3,"Ring of the Snake":0}],"Ring of the Snake":[16]},"card_choices":[{"not_picked":["Deflect","Sucker Punch"],"picked":"Deadly Poison","floor":1.0},{"not_picked":["Quick Slash","Prepared"],"picked":"Well Laid Plans","floor":4.0},{"not_picked":["Underhanded Strike","Escape Plan","Bane"],"picked":"SKIP","floor":8.0},{"not_picked":["Deflect","Expertise"],"picked":"Malaise","floor":10.0},{"not_picked":["Flying Knee","Slice"],"picked":"All Out Attack","floor":11.0},{"not_picked":["Setup","Dagger Throw"],"picked":"Deadly Poison","floor":12},{"not_picked":["Underhanded Strike","Well Laid Plans"],"picked":"PiercingWail","floor":14}],"player_experience":1365039,"relics_obtained":[{"floor":8.0,"key":"Shovel"},{"floor":9.0,"key":"Matryoshka"},{"floor":12,"key":"Bottled Flame"},{"floor":15,"key":"Whetstone"}],"event_choices":[{"cards_removed":["Strike_G"],"damage_healed":0.0,"max_hp_gain":0.0,"max_hp_loss":0.0,"gold_gain":0.0,"event_name":"The Cleric","player_choice":"Card Removal","floor":3.0,"gold_loss":75.0,"damage_taken":0.0},{"damage_healed":0.0,"max_hp_gain":0.0,"max_hp_loss":0.0,"gold_gain":0.0,"event_name":"Accursed Blacksmith","player_choice":"Forge","floor":7.0,"gold_loss":0.0,"damage_taken":0.0,"cards_upgraded":["Deadly Poison"]}],"is_beta":false,"boss_relics":[],"items_purged_floors":[2],"is_endless":false,"potions_floor_spawned":[4],"killed_by":"Slime Boss","ascension_level":20}}