{"host":"dslyow1zalefsrv0","time":1614015101,"event":{"mods":["2.2 Compatiblity","Act Like it!","BaseMod","Better Match","Better Note","Better Sensory Stone","Better Third Choice","BetterRewards","Colored Powertips","Googly Eyes","GungeonMod","Hallownest","Hermit","Jorbs\u0027s Wanderer Trilogy","Minty Spire (QoL Compilation)","Potionbrewer","Quick Restart","Rare Cards Sparkle","Replay The Spire","Shop Mod","StSLib","The Bladedancer","The Blue Laboratory","The Bug Knight","The Hierophant","The Necromancer","The Servant 0.9.4","The Wild Card","Wide Potions"],"gold_per_floor":[109,53,70,80,114,147,162,182,182,193,207,42,55,66,137,232,232,250,267,280,148,160,186,186,199,199,199,211,211,211,211,211,314,314,330,73,85,105,124,124,139,163,190,224,236,250,550,562,562,562,562],"floor_reached":50,"language":"ENG","playtime":2897,"items_purged":["Strike_G","Strike_G"],"score":706,"play_id":"00dddf43-ec3c-46f1-a0fe-b3ff55d818e1","local_time":"20210222113141","is_ascension_mode":false,"campfire_choices":[{"floor":24,"key":"REST"},{"floor":27,"key":"REST"},{"floor":29,"key":"REST"},{"floor":32,"key":"REST"},{"data":"Apotheosis","floor":40,"key":"SMITH"},{"floor":49,"key":"REST"}],"circlet_count":0,"master_deck":["Strike_G","Strike_G","Strike_G","Defend_G","Defend_G","Defend_G","Defend_G","Defend_G","Survivor","Neutralize","Blade Dance","Hidden Blade","Cloak And Dagger","Replay:Bag of Tricks","Deadly Poison","Dagger Throw","Cloak And Dagger","Blade Dance","Blade Dance","Footwork","Dagger Spray","Backstab","Backstab","Apotheosis+1","Bane","Deadly Poison","Envenom","Blur","Toxin Wave+1","Cloak And Dagger","Infinite Blades+1","Venomology","Fluid Movement","Burst","ReplayTheSpireMod:Shiv Toss+1","Accuracy","Noxious Fumes","Deadly Poison+1","Dagger Spray","Backstab","Noxious Fumes+1"],"relics":["Ring of the Snake","NeowsBlessing","Prayer Wheel","DemoMod:WhiteGuonStone","DemoMod:DecoyRelic","WristBlade","Orichalcum","ReplayTheSpireMod:Shallot","CultistMask","Replay:Baseball","Snake Skull","Oddly Smooth Stone","Replay:Kaleidoscope"],"acts_visited":["Exordium","TheCity","TheBeyond"],"potions_floor_usage":[6,7,8,10,16,16,20,23,25,33,38,44,45,50,50],"damage_taken":[{"damage":0,"enemies":"Jaw Worm","floor":1,"turns":1},{"damage":0,"enemies":"Cultist","floor":3,"turns":1},{"damage":0,"enemies":"2 Louse","floor":4,"turns":1},{"damage":20,"enemies":"Gremlin Nob","floor":6,"turns":5},{"damage":0,"enemies":"Lots of Slimes","floor":7,"turns":3},{"damage":0,"enemies":"2 Fungi Beasts","floor":8,"turns":3},{"damage":0,"enemies":"3 Louse","floor":10,"turns":3},{"damage":0,"enemies":"Red Slaver","floor":11,"turns":4},{"damage":0,"enemies":"Lots of Slimes","floor":13,"turns":2},{"damage":0,"enemies":"Blue Slaver","floor":14,"turns":3},{"damage":22,"enemies":"Hexaghost","floor":16,"turns":9},{"damage":9,"enemies":"2 Thieves","floor":18,"turns":3},{"damage":0,"enemies":"Spheric Guardian","floor":19,"turns":3},{"damage":11,"enemies":"Centurion and Healer","floor":20,"turns":5},{"damage":19,"enemies":"Sentry and Sphere","floor":22,"turns":6},{"damage":28,"enemies":"Gremlin Leader","floor":23,"turns":6},{"damage":3,"enemies":"3 Cultists","floor":25,"turns":4},{"damage":2,"enemies":"Centurion and Healer","floor":28,"turns":5},{"damage":11,"enemies":"Pondfish","floor":33,"turns":10},{"damage":0,"enemies":"3 Shapes","floor":35,"turns":4},{"damage":0,"enemies":"Orb Walker","floor":37,"turns":2},{"damage":0,"enemies":"Transient","floor":38,"turns":5},{"damage":16,"enemies":"3 Darklings","floor":39,"turns":4},{"damage":4,"enemies":"4 Shapes","floor":41,"turns":8},{"damage":8,"enemies":"Giant Head","floor":44,"turns":6},{"damage":17,"enemies":"Sphere and 2 Shapes","floor":45,"turns":6},{"damage":7,"enemies":"Transient","floor":46,"turns":5},{"damage":0,"enemies":"4 Shapes","floor":48,"turns":5},{"damage":39,"enemies":"Time Eater","floor":50,"turns":4}],"seed_played":"-6701479106517923184","potions_obtained":[{"floor":5,"key":"PowerPotion"},{"floor":5,"key":"Flashbang"},{"floor":6,"key":"potionbrewer:InfectionPotion"},{"floor":7,"key":"blueLaboratory:StoneskinPotion"},{"floor":10,"key":"blueLaboratory:LouseDecoction"},{"floor":11,"key":"blueLaboratory:PhilterOfMotion"},{"floor":19,"key":"GamblersBrew"},{"floor":22,"key":"blueLaboratory:StoneskinPotion"},{"floor":28,"key":"blueLaboratory:AbyssPotion"},{"floor":38,"key":"blueLaboratory:HorrorPotion"},{"floor":39,"key":"Fire Potion"}],"is_trial":false,"path_per_floor":["M","?","M","M","?","E","M","M","T","M","M","$","M","M","R","B",null,"M","M","M","$","M","E","R","M","T","R","M","R","?","?","R","B",null,"M","$","M","M","M","R","M","T","T","E","M","M","?","M","R","B"],"character_chosen":"THE_SILENT","items_purchased":["Apotheosis","Infinite Blades+1","Replay:Baseball"],"campfire_rested":5,"item_purchase_floors":[12,21,36],"current_hp_per_floor":[70,70,70,70,70,50,50,50,50,50,50,50,50,50,50,28,70,61,61,50,50,31,3,24,21,21,42,40,61,61,61,70,59,70,70,70,70,70,54,54,50,50,50,42,25,18,18,18,39,0,0],"gold":562,"neow_bonus":"THREE_ENEMY_KILL","is_daily":false,"chose_seed":false,"campfire_upgraded":1,"win_rate":0.0,"timestamp":1614015101,"path_taken":["M","?","?","M","?","E","M","M","T","M","?","$","M","M","R","BOSS","M","M","M","$","M","E","R","M","T","R","M","R","?","?","R","BOSS","M","$","M","M","M","R","M","?","T","E","?","M","?","M","R","BOSS"],"items_purchased_type":["Card","Card","Relic"],"build_version":"2020-12-22","purchased_purges":2,"victory":false,"max_hp_per_floor":[70,70,70,70,70,70,70,70,70,70,70,70,70,70,70,70,70,70,70,70,70,70,70,70,70,70,70,70,70,70,70,70,70,70,70,70,70,70,70,70,70,70,70,70,70,70,70,70,70,70,70],"card_choices":[{"not_picked":["Sucker Punch","Bane"],"picked":"Blade Dance","floor":1},{"not_picked":["Outmaneuver","Quick Slash"],"picked":"Hidden Blade","floor":3},{"not_picked":["ReplayTheSpireMod:Tripwire","Dagger Throw","Outmaneuver"],"picked":"SKIP","floor":3},{"not_picked":["Sucker Punch","Endless Agony"],"picked":"Cloak And Dagger","floor":4},{"not_picked":["Dagger Throw","Hidden Blade","Expertise"],"picked":"SKIP","floor":4},{"not_picked":["Sucker Punch","ReplayTheSpireMod:Scrap Shanks"],"picked":"Replay:Bag of Tricks","floor":5},{"not_picked":["Hidden Blade","Endless Agony"],"picked":"Deadly Poison","floor":6},{"not_picked":["Poisoned Stab","Blade Dance"],"picked":"Dagger Throw","floor":7},{"not_picked":["ReplayTheSpireMod:Tripwire","Acrobatics"],"picked":"Cloak And Dagger","floor":7},{"not_picked":["Riddle With Holes","Die Die Die"],"picked":"Blade Dance","floor":8},{"not_picked":["Prepared","Underhanded Strike"],"picked":"Blade Dance","floor":8},{"not_picked":["Acrobatics","Caltrops"],"picked":"Footwork","floor":10},{"not_picked":["Skewer","Dagger Throw"],"picked":"Dagger Spray","floor":10},{"not_picked":["Tactician","ReplayTheSpireMod:Exploit Weakness"],"picked":"Backstab","floor":11},{"not_picked":["Underhanded Strike","Blade Dance"],"picked":"Backstab","floor":11},{"not_picked":["Bouncing Flask","Outmaneuver"],"picked":"Bane","floor":13},{"not_picked":["Slice","Outmaneuver","Backflip"],"picked":"SKIP","floor":13},{"not_picked":["Quick Slash","Cloak And Dagger"],"picked":"Deadly Poison","floor":14},{"not_picked":["Prepared","Slice","Well Laid Plans"],"picked":"SKIP","floor":14},{"not_picked":["Burst","Corpse Explosion"],"picked":"Envenom","floor":16},{"not_picked":["Deflect","Poisoned Stab"],"picked":"Blur","floor":18},{"not_picked":["Sucker Punch","Quick Slash","PiercingWail+1"],"picked":"SKIP","floor":18},{"not_picked":["Bouncing Flask","Skewer"],"picked":"Toxin Wave+1","floor":19},{"not_picked":["Backflip","Predator","Slice"],"picked":"SKIP","floor":19},{"not_picked":["Prepared","Deflect"],"picked":"Cloak And Dagger","floor":20},{"not_picked":["PiercingWail","Crippling Poison","Deflect"],"picked":"SKIP","floor":20},{"not_picked":["Prepared","Draining Mist+1"],"picked":"Venomology","floor":22},{"not_picked":["Sucker Punch","Predator+1","PiercingWail"],"picked":"SKIP","floor":22},{"not_picked":["Skewer","Prepared"],"picked":"Fluid Movement","floor":23},{"not_picked":["Heel Hook+1","Cloak And Dagger","Caltrops"],"picked":"SKIP","floor":25},{"not_picked":["Tactician","All Out Attack","Deflect"],"picked":"SKIP","floor":25},{"not_picked":["Expertise+1","Predator","Hidden Blade"],"picked":"SKIP","floor":28},{"not_picked":["Cloak And Dagger","Riddle With Holes","Sucker Punch"],"picked":"SKIP","floor":28},{"not_picked":["Skewer","Reflex+1","Acrobatics+1"],"picked":"SKIP","floor":35},{"not_picked":["Expertise+1","Poisoned Stab","ReplayTheSpireMod:Scrap Shanks"],"picked":"SKIP","floor":35},{"not_picked":["Quick Slash+1","Poisoned Stab","Cloak And Dagger+1"],"picked":"SKIP","floor":37},{"not_picked":["Dagger Spray","Calculated Gamble","Backflip+1"],"picked":"SKIP","floor":37},{"not_picked":["Leg Sweep","Caltrops+1"],"picked":"ReplayTheSpireMod:Shiv Toss+1","floor":38},{"not_picked":["Riddle With Holes+1","Deflect+1","Distraction+1"],"picked":"SKIP","floor":38},{"not_picked":["Catalyst+1","Bouncing Flask+1"],"picked":"Accuracy","floor":39},{"not_picked":["Deadly Poison","Endless Agony","Prepared"],"picked":"SKIP","floor":39},{"not_picked":["ReplayTheSpireMod:Shiv Toss+1","Dagger Throw+1","Toxin Wave+1"],"picked":"SKIP","floor":41},{"not_picked":["Poisoned Stab+1","Venomology","Underhanded Strike+1"],"picked":"SKIP","floor":41},{"not_picked":["PiercingWail","Slice+1","Heel Hook"],"picked":"SKIP","floor":44},{"not_picked":["PiercingWail","Acrobatics+1"],"picked":"Noxious Fumes","floor":45},{"not_picked":["Dagger Throw","Flying Knee+1","Deflect+1"],"picked":"SKIP","floor":45},{"not_picked":["Flechettes+1","Dagger Spray+1"],"picked":"Deadly Poison+1","floor":46},{"not_picked":["Sucker Punch+1","Eviscerate+1"],"picked":"Dagger Spray","floor":46},{"not_picked":["Outmaneuver+1","Prepared+1"],"picked":"Backstab","floor":48},{"not_picked":["Escape Plan","Sucker Punch+1"],"picked":"Noxious Fumes+1","floor":48}],"player_experience":113038,"relics_obtained":[{"floor":6,"key":"DemoMod:WhiteGuonStone"},{"floor":9,"key":"DemoMod:DecoyRelic"},{"floor":23,"key":"Orichalcum"},{"floor":26,"key":"ReplayTheSpireMod:Shallot"},{"floor":42,"key":"Snake Skull"},{"floor":43,"key":"Oddly Smooth Stone"},{"floor":44,"key":"Replay:Kaleidoscope"}],"event_choices":[{"damage_healed":0,"gold_gain":0,"player_choice":"Paid Gold","damage_taken":0,"relics_obtained":["Prayer Wheel"],"max_hp_gain":0,"max_hp_loss":0,"event_name":"WeMeetAgain","floor":2,"gold_loss":56},{"cards_removed":["Apotheosis"],"damage_healed":0,"gold_gain":0,"player_choice":"Take \u0026 Give","damage_taken":0,"max_hp_gain":0,"max_hp_loss":0,"event_name":"betterNote:BetterNote","floor":30,"gold_loss":0,"cards_obtained":["Burst"]},{"damage_healed":0,"gold_gain":0,"player_choice":"Trade","damage_taken":0,"relics_obtained":["CultistMask"],"max_hp_gain":0,"max_hp_loss":0,"event_name":"FaceTrader","floor":31,"gold_loss":0},{"damage_healed":0,"gold_gain":300,"player_choice":"Gold","damage_taken":0,"max_hp_gain":0,"max_hp_loss":0,"event_name":"Wheel of Change","floor":47,"gold_loss":0}],"is_beta":false,"boss_relics":[{"not_picked":["Cursed Key","Snecko Scales"],"picked":"WristBlade"},{"not_picked":["Replay:Bronze Core","Coffee Dripper","Replay:Drink Me"]}],"items_purged_floors":[21,36],"is_endless":false,"potions_floor_spawned":[6,7,10,11,14,19,22,23,28,38,39,44,46,48],"killed_by":"Time Eater","ascension_level":0}}