{"host":"xp5rvh2jwe2ejyfm","time":1614002515,"event":{"mods":["2.2 Compatiblity","Aspiration","Bard","BaseMod","Beaked The Cultist","Better Altar","Better Match","Better Note","Better Sensory Stone","Better Skull","BetterRewards","Colored Powertips","Conspire","Downfall","GifTheSpireLib","Gremlin Mod","GungeonMod","Hermit","Hubris","Jorbs\u0027s Wanderer Trilogy","Mad Scientist","Minty Spire (QoL Compilation)","Potionbrewer","Quick Restart","Replay The Spire","Robot Space Explorer","Shade Mod","Somnambulant","StSLib","The Bug Knight","The Clintock","The Construct","The Cursed","The Disciple","The Forsaken","The Hierophant","The Marked","The Mystic","The Necromancer","The Runesmith","The Servant 0.9.4","The Valiant","The Witch","TheFirefly","TheVacant","thorton"],"gold_per_floor":[114,114,130,130,145,185,206,226,226,250,150,183,201,156,156,275,275,300,5,5,5,5,5,19,32,32,32,32,32,32,47,47,176,176,176,176],"floor_reached":35,"language":"ENG","playtime":2383,"items_purged":[],"score":509,"play_id":"d3b92d18-1afe-468c-9f07-d0117a5354b0","local_time":"20210222090155","is_ascension_mode":false,"campfire_choices":[{"floor":15,"key":"REST"},{"floor":23,"key":"RECALL"},{"data":"MadScienceMod:MinatureWeapons","floor":27,"key":"SMITH"},{"floor":32,"key":"REST"}],"circlet_count":0,"master_deck":["MadScienceMod:Strike_MadScience","MadScienceMod:Strike_MadScience","MadScienceMod:Strike_MadScience","MadScienceMod:Strike_MadScience","MadScienceMod:Defend_MadScience","MadScienceMod:Defend_MadScience","MadScienceMod:Defend_MadScience","MadScienceMod:PoweredStrike","MadScienceMod:HideBehindJunk","MadScienceMod:Sprocket","Injury","MadScienceMod:AcidSpray","MadScienceMod:EnergyBarrier","MadScienceMod:MinatureWeapons+1","MadScienceMod:ImposingConstruct","MadScienceMod:Detonate","MadScienceMod:RecyclingStation","MadScienceMod:AssemblyLine","MadScienceMod:AntimatterBomb+1","MadScienceMod:OilDrum+1","MadScienceMod:AntimatterBomb+1","MadScienceMod:AssemblyLine","MadScienceMod:CloneVats","CurseOfTheBell","MadScienceMod:FlammableWall","MadScienceMod:AssemblyLine","MadScienceMod:GattlingGun","MadScienceMod:RadioactiveSword+1","MadScienceMod:TimeDilationField","MadScienceMod:BandageBot","MadScienceMod:FumeHood"],"relics":["MadScienceMod:FuelTank","NeowsBlessing","Golden Idol","potionbrewer:AlchemistFlask","theForsaken:HumbleEgg","Calling Bell","hubris:ToyBattleship","aspiration:FetidBarrel","DemoMod:ResourcefulSack","MadScienceMod:SignalFlag","Pear","Blue Candle","hubris:Backtick","hubris:BundleOfHerbs"],"acts_visited":["Exordium","TheCity","TheBeyond"],"potions_floor_usage":[6,12,13,16,31,31,33],"damage_taken":[{"damage":0,"enemies":"Small Slimes","floor":1,"turns":1},{"damage":0,"enemies":"2 Louse","floor":3,"turns":2},{"damage":0,"enemies":"Cultist","floor":5,"turns":1},{"damage":16,"enemies":"3 Sentries","floor":6,"turns":8},{"damage":25,"enemies":"Exordium Thugs","floor":7,"turns":7},{"damage":0,"enemies":"Large Slime","floor":8,"turns":6},{"damage":7,"enemies":"Red Slaver","floor":10,"turns":3},{"damage":5,"enemies":"2 Fungi Beasts","floor":12,"turns":3},{"damage":15,"enemies":"Large Slime","floor":13,"turns":5},{"damage":5,"enemies":"Looter","floor":14,"turns":5},{"damage":18,"enemies":"Slime Boss","floor":16,"turns":8},{"damage":13,"enemies":"Chosen","floor":18,"turns":6},{"damage":2,"enemies":"conspire:FuzzyDice","floor":24,"turns":6},{"damage":6,"enemies":"Chosen and Byrds","floor":25,"turns":7},{"damage":49,"enemies":"3 Cultists","floor":31,"turns":5},{"damage":27,"enemies":"Pondfish","floor":33,"turns":9},{"damage":90,"enemies":"3 Darklings","floor":35,"turns":6}],"seed_played":"-7323646232951280447","potions_obtained":[{"floor":1,"key":"Fire Potion"},{"floor":8,"key":"potionbrewer:MidasPotion"},{"floor":12,"key":"Swift Potion"},{"floor":13,"key":"hexamod:SoulburnPotion"},{"floor":16,"key":"Swift Potion"},{"floor":18,"key":"Dexterity Potion"},{"floor":25,"key":"potionbrewer:DiscountPotion"}],"is_trial":false,"path_per_floor":["M","?","M","?","M","E","M","M","T","M","$","M","M","M","R","B",null,"M","$","?","?","?","R","M","M","T","R","$","?","$","M","R","B",null,"M"],"character_chosen":"MAD_SCIENTIST","items_purchased":["MadScienceMod:AssemblyLine","MadScienceMod:AntimatterBomb+1","MadScienceMod:SignalFlag","MadScienceMod:AssemblyLine"],"campfire_rested":2,"item_purchase_floors":[11,11,19,19],"current_hp_per_floor":[75,75,75,75,75,59,34,34,34,27,27,22,7,2,24,26,75,62,62,62,62,62,62,60,54,64,64,64,59,59,10,35,8,85,0,0],"gold":176,"neow_bonus":"THREE_ENEMY_KILL","is_daily":false,"chose_seed":false,"campfire_upgraded":1,"win_rate":0.0,"timestamp":1614002515,"path_taken":["M","?","M","?","M","E","M","M","T","?","?","M","?","M","R","BOSS","M","$","?","?","?","R","M","?","T","R","$","?","?","M","R","BOSS","M"],"items_purchased_type":["Card","Card","Relic","Card"],"build_version":"2020-12-22","purchased_purges":0,"victory":false,"max_hp_per_floor":[75,75,75,75,75,75,75,75,75,75,75,75,75,75,75,75,75,75,75,75,75,75,75,75,75,85,85,85,85,85,85,85,85,85,85,85],"card_choices":[{"not_picked":["MadScienceMod:Redesign","MadScienceMod:ShrinkRay"],"picked":"MadScienceMod:Sprocket","floor":1},{"not_picked":["MadScienceMod:SelfDestruct","MadScienceMod:FragmentationGrenade"],"picked":"MadScienceMod:AcidSpray","floor":3},{"not_picked":["MadScienceMod:NowOrNever","MadScienceMod:ImposingConstruct"],"picked":"MadScienceMod:EnergyBarrier","floor":5},{"not_picked":["MadScienceMod:MindControlBeam","MadScienceMod:Mechanize"],"picked":"MadScienceMod:MinatureWeapons","floor":6},{"not_picked":["MadScienceMod:ShrinkRay","MadScienceMod:AntimatterBomb"],"picked":"MadScienceMod:ImposingConstruct","floor":7},{"not_picked":["MadScienceMod:FumeBlast","MadScienceMod:Inflate"],"picked":"MadScienceMod:Detonate","floor":8},{"not_picked":["MadScienceMod:Sprocket+1","MadScienceMod:Tune"],"picked":"MadScienceMod:RecyclingStation","floor":10},{"not_picked":["MadScienceMod:RadioactiveSword+1","MadScienceMod:MindControlBeam"],"picked":"MadScienceMod:OilDrum+1","floor":12},{"not_picked":["MadScienceMod:MindControlBeam","MadScienceMod:LightOnFire+1"],"picked":"MadScienceMod:AntimatterBomb+1","floor":13},{"not_picked":["MadScienceMod:FlexibleSpear+1","MadScienceMod:GoldenGun"],"picked":"MadScienceMod:AssemblyLine","floor":14},{"not_picked":["MadScienceMod:Postpone","MadScienceMod:Mechanize"],"picked":"MadScienceMod:CloneVats","floor":16},{"not_picked":["MadScienceMod:ImposingConstruct+1","MadScienceMod:OmniHammer+1"],"picked":"MadScienceMod:FlammableWall","floor":18},{"not_picked":["MadScienceMod:LightOnFire+1","MadScienceMod:ShrinkRay+1"],"picked":"MadScienceMod:RadioactiveSword+1","floor":24},{"not_picked":["MadScienceMod:Virus","MadScienceMod:LightOnFire+1"],"picked":"MadScienceMod:TimeDilationField","floor":25},{"not_picked":["MadScienceMod:Weaponize","MadScienceMod:Detonate+1"],"picked":"MadScienceMod:BandageBot","floor":31},{"not_picked":["MadScienceMod:LabAccident","MadScienceMod:Automate"],"picked":"MadScienceMod:FumeHood","floor":33}],"player_experience":563315,"relics_obtained":[{"floor":6,"key":"potionbrewer:AlchemistFlask"},{"floor":9,"key":"theForsaken:HumbleEgg"},{"floor":17,"key":"hubris:ToyBattleship"},{"floor":17,"key":"aspiration:FetidBarrel"},{"floor":17,"key":"DemoMod:ResourcefulSack"},{"floor":26,"key":"Pear"}],"event_choices":[{"damage_healed":0,"gold_gain":0,"player_choice":"Take Wound","damage_taken":0,"relics_obtained":["Golden Idol"],"max_hp_gain":0,"max_hp_loss":0,"event_name":"Golden Idol","floor":2,"gold_loss":0,"cards_obtained":["Injury"]},{"damage_healed":0,"gold_gain":0,"player_choice":"Full Heal","damage_taken":0,"max_hp_gain":0,"max_hp_loss":0,"event_name":"Wheel of Change","floor":4,"gold_loss":0},{"cards_removed":["MadScienceMod:AssemblyLine"],"damage_healed":0,"gold_gain":0,"player_choice":"Give","damage_taken":0,"max_hp_gain":0,"max_hp_loss":0,"event_name":"betterNote:BetterNote","floor":20,"gold_loss":0,"cards_obtained":["hermit:Headshot"]},{"damage_healed":0,"gold_gain":0,"cards_transformed":["MadScienceMod:Defend_MadScience"],"player_choice":"Transformed","damage_taken":0,"max_hp_gain":0,"max_hp_loss":0,"event_name":"Transmorgrifier","floor":22,"gold_loss":0,"cards_obtained":["MadScienceMod:GattlingGun"]}],"is_beta":false,"boss_relics":[{"not_picked":["aspiration:RitualDagger","potionbrewer:BhaskarasWheel"],"picked":"Calling Bell"},{"not_picked":["Coffee Dripper","conspire:RoyalGoblet"],"picked":"hubris:Backtick"}],"items_purged_floors":[],"is_endless":false,"potions_floor_spawned":[1,8,12,13,16,18,25],"killed_by":"3 Darklings","ascension_level":0}}