{"host":"mu5qkq7030l6349q","time":1614007024,"event":{"mods":["AchievementEnabler","BaseMod","Colored Powertips","Downfall","Highlight Path","Minty Spire (QoL Compilation)","Permanent Neow","Rare Cards Sparkle","Relic Sorter","Relic Stats","StSLib"],"gold_per_floor":[99,119,129,144,161,161,161,161,193,204,204,227,227,80,91,187,187,187,187,187],"floor_reached":18,"language":"ENG","playtime":1428,"items_purged":[],"score":237,"play_id":"22dc5370-130b-48e0-9152-6641dbd36a5e","local_time":"20210222161704","is_ascension_mode":false,"campfire_choices":[{"data":"sneckomod:Unknown","floor":1.0,"key":"SMITH"},{"floor":13.0,"key":"DIG"}],"circlet_count":0,"master_deck":["sneckomod:Strike","sneckomod:Strike","sneckomod:Strike","sneckomod:Defend","sneckomod:Defend","sneckomod:Defend","sneckomod:TailWhip","sneckomod:SnekBite","sneckomod:Unknown+1","sneckomod:Unknown","Secret Weapon","sneckomod:UnknownDraw","sneckomod:Unknown3Cost","sneckomod:Unknown2Cost","sneckomod:UnknownBlock","sneckomod:UnknownBoss","sneckomod:DiceCrush","Regret","sneckomod:DiceCrush","sneckomod:Unknown2Cost","sneckomod:QuickBite","Bandage Up","sneckomod:DiceCrush","sneckomod:UnknownRareAttack"],"relics":["sneckomod:SneckoSoul","Lizard Tail","Shovel","Blood Vial","TungstenRod","Odd Mushroom","Thread and Needle","Philosopher\u0027s Stone"],"acts_visited":["Exordium","TheCity"],"potions_floor_usage":[],"damage_taken":[{"damage":0.0,"enemies":"Cultist","floor":2.0,"turns":2.0},{"damage":0.0,"enemies":"2 Louse","floor":3.0,"turns":3.0},{"damage":5.0,"enemies":"Small Slimes","floor":4.0,"turns":4.0},{"damage":25.0,"enemies":"Gremlin Gang","floor":5.0,"turns":5.0},{"damage":0.0,"enemies":"Lagavulin","floor":9.0,"turns":5.0},{"damage":5.0,"enemies":"downfall:LooterAlt","floor":10.0,"turns":3.0},{"damage":11.0,"enemies":"The Mushroom Lair","floor":12.0,"turns":3.0},{"damage":4.0,"enemies":"downfall:FleeingMerchant","floor":14.0,"turns":4.0},{"damage":14.0,"enemies":"2 Fungi Beasts","floor":15.0,"turns":4.0},{"damage":1.0,"enemies":"IC_STATUS_ARCHETYPE","floor":16.0,"turns":7.0}],"seed_played":"6813567012219269634","potions_obtained":[{"floor":3.0,"key":"Slimebound:ThreeZeroPotion"},{"floor":8.0,"key":"SteroidPotion"},{"floor":8.0,"key":"EssenceOfSteel"},{"floor":15.0,"key":"Ancient Potion"},{"floor":16,"key":"PowerPotion"}],"is_trial":false,"path_per_floor":["R","M","M","M","M","?","T","?","E","M","?","?","R","$","M","B",null,"R"],"character_chosen":"THE_SNECKO","items_purchased":["sneckomod:QuickBite","Bandage Up"],"campfire_rested":0,"item_purchase_floors":[14,14],"current_hp_per_floor":[81,81,81,76,51,33,33,33,33,30,30,21,21,19,11,16,81,81,81,81],"gold":187,"neow_bonus":"RANDOM_COLORLESS_2","is_daily":false,"chose_seed":false,"campfire_upgraded":1,"win_rate":0.0,"timestamp":1614007024,"path_taken":["R","M","?","M","M","?","T","?","E","?","?","?","R","?","M","BOSS","BOSS","R"],"items_purchased_type":["Card","Card"],"build_version":"2020-12-22","purchased_purges":0,"victory":false,"max_hp_per_floor":[81,81,81,81,81,81,81,81,81,81,81,81,81,81,81,81,81,81,81,81],"relic_stats":{"Blood Vial":10,"Lizard Tail":0,"Shovel":1,"counters":[10,40],"obtain_stats":[{"Blood Vial":9,"Lizard Tail":6,"Shovel":7,"Thread and Needle":13,"Philosopher\u0027s Stone":17,"Odd Mushroom":12,"sneckomod:SneckoSoul":0,"TungstenRod":11},{"Blood Vial":5,"Lizard Tail":4,"Shovel":4,"Thread and Needle":7,"Philosopher\u0027s Stone":10,"Odd Mushroom":7,"sneckomod:SneckoSoul":0,"TungstenRod":6},{"Blood Vial":19,"Lizard Tail":14,"Shovel":14,"Thread and Needle":25,"Philosopher\u0027s Stone":40,"Odd Mushroom":25,"sneckomod:SneckoSoul":0,"TungstenRod":22}],"TungstenRod":10},"card_choices":[{"not_picked":["Panache","HandOfGreed"],"picked":"Secret Weapon","floor":0.0},{"not_picked":["sneckomod:UnknownCommonSkill","sneckomod:MasterEye"],"picked":"sneckomod:UnknownDraw","floor":2.0},{"not_picked":["sneckomod:QuickMove","sneckomod:UnknownDraw"],"picked":"sneckomod:Unknown3Cost","floor":3.0},{"not_picked":["sneckomod:Unknown1Cost","sneckomod:SnekBeam"],"picked":"sneckomod:Unknown2Cost","floor":4.0},{"not_picked":["sneckomod:ImprovisedGuard","sneckomod:ImprovisedAttack"],"picked":"sneckomod:UnknownBlock","floor":5.0},{"not_picked":["sneckomod:SoulRoll","sneckomod:UnknownUncommonAttack"],"picked":"sneckomod:UnknownBoss","floor":9.0},{"not_picked":["sneckomod:SoulRoll","sneckomod:UnknownDraw"],"picked":"sneckomod:DiceCrush","floor":10.0},{"not_picked":["sneckomod:SoulDraw","sneckomod:QuickMove"],"picked":"sneckomod:DiceCrush","floor":12.0},{"not_picked":["sneckomod:ImprovisedAttack","sneckomod:UnknownVulnerable"],"picked":"sneckomod:Unknown2Cost","floor":14.0},{"not_picked":["sneckomod:DiceBlock","sneckomod:UnknownCommonSkill"],"picked":"sneckomod:DiceCrush","floor":15.0},{"not_picked":["sneckomod:UnknownBoss","sneckomod:SoulExchange"],"picked":"sneckomod:UnknownRareAttack","floor":16}],"player_experience":75619,"relics_obtained":[{"floor":7.0,"key":"Shovel"},{"floor":9.0,"key":"Blood Vial"},{"floor":12.0,"key":"Odd Mushroom"},{"floor":13.0,"key":"Thread and Needle"}],"event_choices":[{"damage_healed":0.0,"max_hp_gain":0.0,"max_hp_loss":0.0,"gold_gain":0.0,"event_name":"Scrap Ooze","player_choice":"Success","floor":6.0,"gold_loss":0.0,"damage_taken":18.0,"relics_obtained":["Lizard Tail"]},{"damage_healed":0.0,"max_hp_gain":0.0,"max_hp_loss":0.0,"gold_gain":0.0,"event_name":"Lab","player_choice":"Got Potions","floor":8.0,"gold_loss":0.0,"damage_taken":0.0},{"damage_healed":0.0,"max_hp_gain":0.0,"max_hp_loss":0.0,"gold_gain":0.0,"event_name":"Big Fish","player_choice":"Box","floor":11.0,"gold_loss":0.0,"damage_taken":0.0,"relics_obtained":["TungstenRod"],"cards_obtained":["Regret"]},{"damage_healed":0.0,"max_hp_gain":0.0,"max_hp_loss":0.0,"gold_gain":0.0,"event_name":"Mushrooms","player_choice":"Fought Mushrooms","floor":12.0,"gold_loss":0.0,"damage_taken":0.0}],"is_beta":false,"boss_relics":[{"not_picked":["Calling Bell","Runic Dome"],"picked":"Philosopher\u0027s Stone"}],"items_purged_floors":[],"is_endless":false,"potions_floor_spawned":[3,10,15,16],"ascension_level":0}}