{"host":"id23shmscryl4psl","time":1614006956,"event":{"mods":["BaseMod","Better Altar","Better Match","Better Note","Better Sensory Stone","Better Skull","Better Third Choice","Colored Map","Colored Powertips","Dark Map","FTL Soundtrack","HololiveMod","Minty Spire (QoL Compilation)","Rare Cards Sparkle","Relic Stats","Robot Space Explorer","StSLib","The Alterego"],"gold_per_floor":[112,112,123,138,151,182,182,210,233,40,89,89,101,134,134,231,231,249,267,286,300,314,314,314],"floor_reached":23,"language":"ENG","playtime":1143,"items_purged":[],"score":264,"play_id":"b4613481-f5f8-4e0a-b7d5-0a6da6ebaa33","local_time":"20210222081556","is_ascension_mode":true,"campfire_choices":[{"data":"RobotSpaceExplorer:SwiftStep","floor":7,"key":"SMITH"},{"data":"RobotSpaceExplorer:ShovelStrike","floor":12,"key":"SMITH"},{"data":"RobotSpaceExplorer:MetalStrike","floor":15,"key":"SMITH"}],"circlet_count":0,"master_deck":["RobotSpaceExplorer:Strike","RobotSpaceExplorer:Strike","RobotSpaceExplorer:Strike","RobotSpaceExplorer:Strike","RobotSpaceExplorer:Defend","RobotSpaceExplorer:Defend","RobotSpaceExplorer:Defend","RobotSpaceExplorer:Defend","RobotSpaceExplorer:Scan","RobotSpaceExplorer:MiniLasers+1","RobotSpaceExplorer:Pulsar+1","RobotSpaceExplorer:MiniDrones","RobotSpaceExplorer:ShovelStrike+1","RobotSpaceExplorer:SwiftStep+1","RobotSpaceExplorer:MetalStrike+1","RobotSpaceExplorer:SlimeMissile","RobotSpaceExplorer:Pulsar","RobotSpaceExplorer:FrostMissile","RobotSpaceExplorer:SurgingStrike","RobotSpaceExplorer:Ammunition+1","RobotSpaceExplorer:FrostMissile+1","RobotSpaceExplorer:Counterblock+1","RobotSpaceExplorer:Counterblock","RobotSpaceExplorer:SlimeMissile"],"relics":["RobotSpaceExplorer:RoboCore","Anchor","Pen Nib","MealTicket","Nunchaku","Lantern","SlaversCollar"],"acts_visited":["Exordium","TheCity"],"potions_floor_usage":[6,14,16,16,22,22],"damage_taken":[{"damage":0,"enemies":"2 Louse","floor":1,"turns":3},{"damage":0,"enemies":"Cultist","floor":3,"turns":3},{"damage":0,"enemies":"Jaw Worm","floor":4,"turns":3},{"damage":11,"enemies":"Looter","floor":5,"turns":4},{"damage":0,"enemies":"Lagavulin","floor":6,"turns":5},{"damage":11,"enemies":"Gremlin Nob","floor":8,"turns":5},{"damage":0,"enemies":"Red Slaver","floor":13,"turns":2},{"damage":4,"enemies":"Lagavulin","floor":14,"turns":6},{"damage":29,"enemies":"Slime Boss","floor":16,"turns":12},{"damage":0,"enemies":"2 Thieves","floor":18,"turns":4},{"damage":5,"enemies":"3 Byrds","floor":19,"turns":5},{"damage":16,"enemies":"Cultist and Chosen","floor":20,"turns":6},{"damage":25,"enemies":"Snecko","floor":21,"turns":7},{"damage":19,"enemies":"Sentry and Sphere","floor":22,"turns":7},{"damage":14,"enemies":"Slavers","floor":23,"turns":3}],"seed_played":"-5231030311078297047","potions_obtained":[{"floor":1,"key":"SteroidPotion"},{"floor":3,"key":"SpeedPotion"},{"floor":8,"key":"LiquidMemories"},{"floor":14,"key":"Weak Potion"},{"floor":18,"key":"Explosive Potion"},{"floor":21,"key":"DuplicationPotion"}],"is_trial":false,"path_per_floor":["M","?","M","M","M","E","R","E","T","$","T","R","M","E","R","B",null,"M","M","M","M","M","E"],"character_chosen":"RobotSpaceExplorer","items_purchased":["MealTicket","RobotSpaceExplorer:Pulsar"],"campfire_rested":0,"item_purchase_floors":[10,10],"current_hp_per_floor":[75,75,75,75,64,64,64,53,53,53,53,53,53,49,49,20,75,75,70,54,29,10,0,0],"gold":314,"neow_bonus":"UPGRADE_CARD","is_daily":false,"chose_seed":false,"campfire_upgraded":3,"win_rate":0.0,"timestamp":1614006956,"path_taken":["M","?","M","M","M","E","R","E","T","$","?","R","M","E","R","BOSS","M","M","M","M","M","E"],"items_purchased_type":["Relic","Card"],"build_version":"2020-12-22","purchased_purges":0,"victory":false,"max_hp_per_floor":[75,75,75,75,75,75,75,75,75,75,75,75,75,75,75,75,75,75,75,75,75,75,75,75],"relic_stats":{"Nunchaku":[10],"counters":[15,75],"MealTicket":0,"Pen Nib":[10],"obtain_stats":[{"SlaversCollar":17,"Anchor":6,"Nunchaku":11,"Lantern":14,"RobotSpaceExplorer:RoboCore":0,"MealTicket":10,"Pen Nib":8},{"SlaversCollar":9,"Anchor":5,"Nunchaku":6,"Lantern":8,"RobotSpaceExplorer:RoboCore":0,"MealTicket":6,"Pen Nib":6},{"SlaversCollar":43,"Anchor":18,"Nunchaku":23,"Lantern":31,"RobotSpaceExplorer:RoboCore":0,"MealTicket":23,"Pen Nib":23}]},"card_choices":[{"not_picked":["RobotSpaceExplorer:RigExplosive","RobotSpaceExplorer:BigMissile"],"picked":"RobotSpaceExplorer:Pulsar","floor":1},{"not_picked":["RobotSpaceExplorer:Ammunition","RobotSpaceExplorer:Discharger"],"picked":"RobotSpaceExplorer:MiniDrones","floor":3},{"not_picked":["RobotSpaceExplorer:ShockKick","RobotSpaceExplorer:MetalStrike"],"picked":"RobotSpaceExplorer:ShovelStrike","floor":4},{"not_picked":["RobotSpaceExplorer:Discharger","RobotSpaceExplorer:Calculate"],"picked":"RobotSpaceExplorer:SwiftStep","floor":5},{"not_picked":["RobotSpaceExplorer:ToxicBomb","RobotSpaceExplorer:Blitz"],"picked":"RobotSpaceExplorer:MetalStrike","floor":6},{"not_picked":["RobotSpaceExplorer:Probe","RobotSpaceExplorer:ShockKick"],"picked":"RobotSpaceExplorer:SlimeMissile","floor":8},{"not_picked":["RobotSpaceExplorer:ShovelStrike","RobotSpaceExplorer:TurboDodge"],"picked":"RobotSpaceExplorer:FrostMissile","floor":13},{"not_picked":["RobotSpaceExplorer:Scanner","RobotSpaceExplorer:Pulsar"],"picked":"RobotSpaceExplorer:SurgingStrike","floor":14},{"not_picked":["RobotSpaceExplorer:Fix","RobotSpaceExplorer:ScrapToss"],"picked":"RobotSpaceExplorer:Ammunition+1","floor":18},{"not_picked":["RobotSpaceExplorer:LuckyStrike","RobotSpaceExplorer:IronShell"],"picked":"RobotSpaceExplorer:FrostMissile+1","floor":19},{"not_picked":["RobotSpaceExplorer:GlueShot+1","RobotSpaceExplorer:MiniBoosters+1"],"picked":"RobotSpaceExplorer:Counterblock+1","floor":20},{"not_picked":["RobotSpaceExplorer:LuckyStrike","RobotSpaceExplorer:Ammunition"],"picked":"RobotSpaceExplorer:Counterblock","floor":21},{"not_picked":["RobotSpaceExplorer:Ammunition","RobotSpaceExplorer:MiniDrones"],"picked":"RobotSpaceExplorer:SlimeMissile","floor":22}],"player_experience":199462,"relics_obtained":[{"floor":6,"key":"Anchor"},{"floor":8,"key":"Pen Nib"},{"floor":11,"key":"Nunchaku"},{"floor":14,"key":"Lantern"}],"event_choices":[{"damage_healed":0,"gold_gain":0,"player_choice":"Forge","damage_taken":0,"max_hp_gain":0,"max_hp_loss":0,"event_name":"Accursed Blacksmith","floor":2,"gold_loss":0,"cards_upgraded":["RobotSpaceExplorer:Pulsar"]}],"is_beta":false,"boss_relics":[{"not_picked":["Astrolabe","Runic Pyramid"],"picked":"SlaversCollar"}],"items_purged_floors":[],"is_endless":false,"potions_floor_spawned":[1,3,8,14,18,21],"killed_by":"Slavers","ascension_level":2}}