{"host":"jq8d8epkoknfq6em","time":1614018359,"event":{"mods":["AchievementEnabler","BaseMod","Colored Map","Colored Powertips","Highlight Path","Minty Spire (QoL Compilation)","Quick Restart","Relic Stats","StSLib"],"gold_per_floor":[117,136,149,159,159,159,159,171,171,171,196,206,234,252,252,329,329,345,361,372,117,117,147,147,147,226,226,256,256,79,98,98,176,176,186,205,255,269,287,287,302,302,326,339,364,364,381,33,33,33],"floor_reached":51,"language":"ENG","playtime":4938,"items_purged":["Strike_R","Strike_R"],"score":1306,"play_id":"2f8ca1ba-a8e1-4b7e-bc05-b81e4f3f465e","local_time":"20210222192559","is_ascension_mode":true,"campfire_choices":[{"data":"Uppercut","floor":6,"key":"SMITH"},{"data":"Shockwave","floor":10,"key":"SMITH"},{"data":"Whirlwind","floor":15,"key":"SMITH"},{"data":"Double Tap","floor":24,"key":"SMITH"},{"data":"Feed","floor":27,"key":"SMITH"},{"data":"Pommel Strike","floor":29,"key":"SMITH"},{"data":"Ghostly","floor":32,"key":"SMITH"},{"data":"Ghostly","floor":40,"key":"SMITH"},{"floor":46,"key":"DIG"},{"floor":49,"key":"DIG"}],"circlet_count":0,"master_deck":["AscendersBane","Defend_R","Defend_R","Defend_R+1","Defend_R","Uppercut+1","Hemokinesis","Battle Trance+1","Shrug It Off","Shockwave+1","Reckless Charge","Double Tap+1","Pommel Strike+1","Whirlwind+1","Feed+1","Ghostly Armor","Feel No Pain","Master of Strategy","RitualDagger","Ghostly+1","Ghostly+1","Ghostly","Evolve","Headbutt","Impervious+1","Spot Weakness+1","Reckless Charge"],"relics":["Burning Blood","Bird Faced Urn","Magic Flower","FossilizedHelix","Ginger","Velvet Choker","Ice Cream","Toxic Egg 2","Shovel","Empty Cage","Anchor","Juzu Bracelet","War Paint","Chemical X","Eternal Feather"],"acts_visited":["Exordium","TheCity","TheBeyond"],"potions_floor_usage":[11,13,20,23,33,41,45,50,50,50],"damage_taken":[{"damage":12,"enemies":"Small Slimes","floor":1,"turns":4},{"damage":0,"enemies":"2 Louse","floor":2,"turns":2},{"damage":2,"enemies":"Cultist","floor":3,"turns":2},{"damage":6,"enemies":"Looter","floor":4,"turns":4},{"damage":11,"enemies":"Exordium Wildlife","floor":8,"turns":4},{"damage":14,"enemies":"Gremlin Nob","floor":11,"turns":3},{"damage":0,"enemies":"2 Fungi Beasts","floor":12,"turns":3},{"damage":24,"enemies":"3 Sentries","floor":13,"turns":7},{"damage":5,"enemies":"Gremlin Gang","floor":14,"turns":4},{"damage":11,"enemies":"Slime Boss","floor":16,"turns":6},{"damage":0,"enemies":"3 Byrds","floor":18,"turns":3},{"damage":0,"enemies":"Chosen","floor":19,"turns":3},{"damage":8,"enemies":"3 Cultists","floor":20,"turns":5},{"damage":14,"enemies":"Gremlin Leader","floor":23,"turns":8},{"damage":12,"enemies":"Book of Stabbing","floor":28,"turns":7},{"damage":0,"enemies":"Snecko","floor":31,"turns":4},{"damage":57,"enemies":"Collector","floor":33,"turns":10},{"damage":12,"enemies":"Orb Walker","floor":35,"turns":4},{"damage":3,"enemies":"3 Shapes","floor":36,"turns":7},{"damage":0,"enemies":"3 Darklings","floor":38,"turns":3},{"damage":11,"enemies":"Maw","floor":39,"turns":8},{"damage":15,"enemies":"Transient","floor":41,"turns":6},{"damage":5,"enemies":"Jaw Worm Horde","floor":44,"turns":4},{"damage":4,"enemies":"Reptomancer","floor":45,"turns":7},{"damage":0,"enemies":"Maw","floor":47,"turns":7},{"damage":83,"enemies":"Awakened One","floor":50,"turns":12}],"seed_played":"-4724762176635687131","potions_obtained":[{"floor":1,"key":"GamblersBrew"},{"floor":3,"key":"Explosive Potion"},{"floor":12,"key":"Dexterity Potion"},{"floor":14,"key":"BloodPotion"},{"floor":20,"key":"FairyPotion"},{"floor":23,"key":"BlessingOfTheForge"},{"floor":35,"key":"LiquidBronze"},{"floor":38,"key":"DuplicationPotion"},{"floor":44,"key":"AttackPotion"},{"floor":47,"key":"BloodPotion"}],"is_trial":false,"path_per_floor":["M","M","M","M","?","R","?","M","T","R","E","M","E","M","R","B",null,"M","M","M","$","?","E","R","?","T","R","E","R","$","M","R","B",null,"M","M","?","M","M","R","M","?","T","M","E","R","M","$","R","B",null],"character_chosen":"IRONCLAD","items_purchased":["Master of Strategy","Evolve","Chemical X","Reckless Charge","EntropicBrew"],"campfire_rested":0,"item_purchase_floors":[21,30,48,48,48],"current_hp_per_floor":[62,68,68,68,61,61,61,56,56,56,51,60,45,49,49,47,63,68,71,74,74,68,77,77,38,38,38,35,35,35,38,38,32,40,46,50,50,50,54,54,51,51,51,58,58,58,58,58,58,10],"gold":33,"neow_bonus":"ONE_RARE_RELIC","is_daily":false,"chose_seed":false,"campfire_upgraded":8,"win_rate":0.0,"timestamp":1614018359,"path_taken":["M","M","M","M","?","R","?","M","T","R","E","M","E","M","R","BOSS","M","M","M","$","?","E","R","?","T","R","E","R","?","M","R","BOSS","M","M","?","M","?","R","M","?","T","?","E","R","M","$","R","BOSS"],"items_purchased_type":["Card","Card","Relic","Card","Potion"],"build_version":"2020-12-22","purchased_purges":2,"victory":true,"max_hp_per_floor":[68,68,68,68,68,68,68,68,68,68,68,68,68,68,68,68,68,68,71,74,74,74,77,77,38,38,38,38,38,38,38,38,42,42,46,50,50,50,54,54,54,54,54,58,58,58,58,58,58,62],"relic_stats":{"Shovel":2,"counters":[26,137],"Bird Faced Urn":[25],"Magic Flower":[67],"Eternal Feather":0,"Juzu Bracelet":0,"Ginger":[20],"Chemical X":[6],"War Paint":["Defend_R","Battle Trance"],"obtain_stats":[{"Ice Cream":23,"Magic Flower":9,"Velvet Choker":17,"Eternal Feather":49,"Juzu Bracelet":45,"Ginger":13,"War Paint":46,"Empty Cage":34,"Burning Blood":0,"Anchor":43,"Shovel":28,"Bird Faced Urn":0,"Chemical X":48,"Toxic Egg 2":26,"FossilizedHelix":11},{"Ice Cream":14,"Magic Flower":5,"Velvet Choker":10,"Eternal Feather":25,"Juzu Bracelet":24,"Ginger":8,"War Paint":24,"Empty Cage":17,"Burning Blood":0,"Anchor":22,"Shovel":15,"Bird Faced Urn":0,"Chemical X":25,"Toxic Egg 2":14,"FossilizedHelix":6},{"Ice Cream":58,"Magic Flower":16,"Velvet Choker":39,"Eternal Feather":125,"Juzu Bracelet":118,"Ginger":29,"War Paint":118,"Empty Cage":79,"Burning Blood":0,"Anchor":107,"Shovel":65,"Bird Faced Urn":0,"Chemical X":125,"Toxic Egg 2":58,"FossilizedHelix":19}],"Burning Blood":150},"card_choices":[{"not_picked":["Pommel Strike","Iron Wave"],"picked":"Uppercut","floor":1},{"not_picked":["Warcry","Heavy Blade"],"picked":"Hemokinesis","floor":2},{"not_picked":["Blood for Blood","True Grit"],"picked":"Battle Trance","floor":3},{"not_picked":["Clash","Sword Boomerang"],"picked":"Shrug It Off","floor":4},{"not_picked":["Warcry","Thunderclap"],"picked":"Reckless Charge","floor":8},{"not_picked":["Havoc","Dual Wield","Twin Strike"],"picked":"SKIP","floor":11},{"not_picked":["Clothesline","Thunderclap"],"picked":"Double Tap","floor":12},{"not_picked":["Sentinel","Combust"],"picked":"Pommel Strike","floor":13},{"not_picked":["Body Slam","Searing Blow"],"picked":"Whirlwind","floor":14},{"not_picked":["Berserk","Reaper"],"picked":"Feed","floor":16},{"not_picked":["Sword Boomerang","Sever Soul","Body Slam"],"picked":"SKIP","floor":18},{"not_picked":["Body Slam","Havoc"],"picked":"Ghostly Armor","floor":19},{"not_picked":["Entrench","Armaments"],"picked":"Feel No Pain","floor":20},{"not_picked":["Iron Wave","Flex","Perfected Strike"],"picked":"SKIP","floor":23},{"not_picked":["Cleave+1","Pummel","Wild Strike+1"],"picked":"SKIP","floor":28},{"not_picked":["Ghostly Armor+1","Juggernaut"],"picked":"Headbutt","floor":31},{"not_picked":["Fiend Fire","Brutality"],"picked":"Impervious+1","floor":33},{"not_picked":["Clothesline","Clash+1","Intimidate+1"],"picked":"SKIP","floor":35},{"not_picked":["Heavy Blade","Rupture","Warcry+1"],"picked":"SKIP","floor":36},{"not_picked":["Anger","Hemokinesis","Havoc+1"],"picked":"SKIP","floor":38},{"not_picked":["Blood for Blood","Warcry+1","Whirlwind+1"],"picked":"SKIP","floor":39},{"not_picked":["Clothesline","Bludgeon","Entrench+1"],"picked":"SKIP","floor":41},{"not_picked":["Pommel Strike","Heavy Blade"],"picked":"Spot Weakness+1","floor":44},{"not_picked":["Heavy Blade","Anger+1","Clash"],"picked":"SKIP","floor":45},{"not_picked":["Clothesline","Clash","Cleave"],"picked":"SKIP","floor":47}],"player_experience":1088673,"relics_obtained":[{"floor":9,"key":"Magic Flower"},{"floor":11,"key":"FossilizedHelix"},{"floor":13,"key":"Ginger"},{"floor":23,"key":"Ice Cream"},{"floor":26,"key":"Toxic Egg 2"},{"floor":28,"key":"Shovel"},{"floor":43,"key":"Anchor"},{"floor":45,"key":"Juzu Bracelet"},{"floor":46,"key":"War Paint"},{"floor":49,"key":"Eternal Feather"}],"event_choices":[{"cards_removed":["Bash"],"damage_healed":0,"gold_gain":0,"player_choice":"Card Removal","damage_taken":7,"max_hp_gain":0,"max_hp_loss":0,"event_name":"Golden Wing","floor":5,"gold_loss":0},{"damage_healed":0,"gold_gain":0,"cards_transformed":["Strike_R"],"player_choice":"Transformed","damage_taken":0,"max_hp_gain":0,"max_hp_loss":0,"event_name":"Transmorgrifier","floor":7,"gold_loss":0,"cards_obtained":["Shockwave"]},{"damage_healed":0,"gold_gain":0,"player_choice":"Joined the Cult","damage_taken":6,"max_hp_gain":0,"max_hp_loss":0,"event_name":"Nest","floor":22,"gold_loss":0,"cards_obtained":["RitualDagger"]},{"damage_healed":0,"gold_gain":0,"player_choice":"Became a Ghost","damage_taken":0,"max_hp_gain":0,"max_hp_loss":39,"event_name":"Ghosts","floor":25,"gold_loss":0,"cards_obtained":["Ghostly","Ghostly","Ghostly"]},{"damage_healed":0,"gold_gain":50,"player_choice":"Pray","damage_taken":0,"max_hp_gain":0,"max_hp_loss":0,"event_name":"Golden Shrine","floor":37,"gold_loss":0},{"damage_healed":0,"gold_gain":0,"player_choice":"Ignored","damage_taken":0,"max_hp_gain":0,"max_hp_loss":0,"event_name":"Transmorgrifier","floor":42,"gold_loss":0}],"is_beta":false,"boss_relics":[{"not_picked":["Cursed Key","Runic Dome"],"picked":"Velvet Choker"},{"not_picked":["Sozu","Pandora\u0027s Box"],"picked":"Empty Cage"}],"items_purged_floors":[21,30],"is_endless":false,"potions_floor_spawned":[1,3,8,12,14,18,20,23,35,38,44,47],"ascension_level":17}}