{"host":"dv29tre2e7vje47n","time":1614018614,"event":{"mods":["AchievementEnabler","BaseMod","Beaked The Cultist","Better Altar","Better Match","Better Note","Better Skull","Better Third Choice","BetterRewards","Block Reminder","Bossed Relics","Colored Map","Colored Powertips","DeckTracker","Displayed Cursed Tome","Downfall","Friendly Minions","Googly Eyes","Highlight Path","Key Reminder","Minty Spire (QoL Compilation)","Quick Restart","Random Character Button","Rare Cards Sparkle","Relic Sorter","Relic Stats","Replay The Spire","Spire Arcade","Spire Birthday Party","StSLib","SuperFastMode","Unceasing Turn Reminder","Weighted Paths"],"gold_per_floor":[111,111,211,229,304,347,347,362,362,397,397,436,436,436,436,555,555,576,592,592,149,173,212,212,212,212,233,266,282,38,81,81,205,205,225,42,62,113,137,177,177,211,211,244,244,244,91,130,130,130],"floor_reached":51,"language":"ENG","playtime":4190,"items_purged":["Regret"],"score":849,"play_id":"93e918f0-256d-4912-8be1-6fa90ea21383","local_time":"20210222193014","is_ascension_mode":true,"campfire_choices":[{"data":"sneckomod:Nope","floor":7,"key":"SMITH"},{"floor":11,"key":"REST"},{"floor":13,"key":"REST"},{"data":"beaked:CrazyRituals","floor":15,"key":"SMITH"},{"data":"sneckomod:Restock","floor":32,"key":"SMITH"},{"data":"ReplayUltimateDefense","floor":46,"key":"SMITH"}],"circlet_count":0,"master_deck":["sneckomod:Strike","sneckomod:Strike","sneckomod:Strike","sneckomod:Defend","sneckomod:Defend","sneckomod:Defend","sneckomod:TailWhip","sneckomod:SnekBite","sneckomod:Unknown","beaked:CrazyRituals+1","sneckomod:Rotation","sneckomod:UnknownX","sneckomod:Unknown0Cost","sneckomod:UnknownDraw","sneckomod:Nope+1","sneckomod:PureSnecko","sneckomod:Restock+1","sneckomod:ImprovisedGuard","Malaise+1","sneckomod:Transmogrify","sneckomod:UnendingSupply","sneckomod:UnknownClassRED","Skewer+1","sneckomod:UnknownRareAttack","Crow Ritual","Replay:Parry","ReplayUltimateDefense+1","beaked:CrazyRituals+1"],"relics":["sneckomod:SneckoSoul","ReplayTheSpireMod:CursedCoin","Sling","Golden Idol","Gremlin Horn","Onion Ring","Bag of Preparation","Letter Opener","bronze:MakeshiftBattery","Meat on the Bone","sneckomod:CleanMud","Replay:Accelerometer","Replay:Bronze Core","Medical Kit","Quantum Egg","sneckomod:SneckoCommon","Gambling Chip","Blue Doll","Iron Hammer","Replay:Kaleidoscope","Ice Cream","Replay:Baseball","Simple Rune","DollysMirror","Juzu Bracelet","Blood Vial"],"acts_visited":["Exordium","TheCity","TheBeyond"],"potions_floor_usage":[8,50,50,50],"damage_taken":[{"damage":3.0,"enemies":"Cultist","floor":1.0,"turns":4.0},{"damage":2.0,"enemies":"2 Louse","floor":4.0,"turns":3.0},{"damage":42,"enemies":"3 Sentries","floor":6,"turns":7},{"damage":6,"enemies":"Jaw Worm","floor":8,"turns":1},{"damage":14,"enemies":"Gremlin Nob","floor":10,"turns":3},{"damage":8,"enemies":"Lagavulin","floor":12,"turns":6},{"damage":7,"enemies":"Slime Boss","floor":16,"turns":7},{"damage":2,"enemies":"3 Byrds","floor":18,"turns":3},{"damage":0,"enemies":"Shell Parasite","floor":19,"turns":4},{"damage":5,"enemies":"Centurion and Healer","floor":22,"turns":2},{"damage":24,"enemies":"Book of Stabbing","floor":23,"turns":5},{"damage":0,"enemies":"Shelled Parasite and Fungi","floor":27,"turns":1},{"damage":0,"enemies":"Replay:Snechameleon","floor":28,"turns":7},{"damage":27,"enemies":"Cultist and Chosen","floor":29,"turns":7},{"damage":23,"enemies":"Slavers","floor":31,"turns":2},{"damage":17,"enemies":"Champ","floor":33,"turns":7},{"damage":23,"enemies":"3 Darklings","floor":35,"turns":3},{"damage":9,"enemies":"3 Shapes","floor":37,"turns":3},{"damage":9,"enemies":"Spire Growth","floor":39,"turns":2},{"damage":18,"enemies":"Reptomancer","floor":40,"turns":4},{"damage":0,"enemies":"Giant Head","floor":42,"turns":6},{"damage":14,"enemies":"Nemesis","floor":44,"turns":3},{"damage":0,"enemies":"Giant Head","floor":48,"turns":3},{"damage":3,"enemies":"Replay:Hell Engine","floor":50,"turns":5}],"seed_played":"-6824165070539977373","potions_obtained":[{"floor":4.0,"key":"BlessingOfTheForge"},{"floor":10,"key":"SkillPotion"},{"floor":12,"key":"Strength Potion"},{"floor":16,"key":"ColorlessPotion"},{"floor":23,"key":"Venom Potion"}],"is_trial":false,"path_per_floor":["M","?","?","M","?","E","R","M","T","E","R","E","R","?","R","B",null,"M","M","?","$","M","E","R","?","T","M","E","M","$","E","R","B",null,"M","$","M","T","M","E","R","E","T","E","?","R","$","E","R_BF","B",null],"character_chosen":"THE_SNECKO","items_purchased":["Juzu Bracelet","ReplayTheSpireMod:CursedCoin","sneckomod:Rotation","sneckomod:UnknownX","Sling","sneckomod:Unknown0Cost","Medical Kit","Bird Faced Urn","Replay:Accelerometer","Vajra","sneckomod:UnendingSupply","DollysMirror"],"campfire_rested":2,"item_purchase_floors":[0,0,0,0,0,0,21,21,30,36,36,47],"current_hp_per_floor":[87,83,83,81,73,31,31,25,25,11,35,27,51,51,51,44,83,81,82,82,82,78,60,60,60,60,60,70,53,53,46,46,49,83,60,60,55,55,52,52,52,66,66,56,46,46,46,60,73,70],"gold":130,"neow_bonus":"","is_daily":false,"chose_seed":false,"campfire_upgraded":4,"win_rate":0.0,"timestamp":1614018614,"path_taken":["M","?","?","M","?","E","R","M","T","E","R","E","R","?","R","BOSS","M","M","?","?","M","E","R","?","T","M","E","M","$","E","R","BOSS","M","$","M","?","M","E","R","E","T","E","?","R","?","E","R_BF","BOSS"],"items_purchased_type":["Relic","Relic","Card","Card","Relic","Card","Relic","Relic","Relic","Relic","Card","Relic"],"build_version":"2020-12-22","purchased_purges":1,"victory":true,"max_hp_per_floor":[90,83,83,83,83,83,83,83,83,83,83,83,83,83,83,83,83,83,83,83,83,83,83,83,83,83,83,83,83,83,83,83,83,83,83,83,83,83,83,83,83,83,83,83,83,83,83,83,73,73],"relic_stats":{"Blood Vial":0,"Gremlin Horn":[23,23],"counters":[24,98],"Golden Idol":191,"Gambling Chip":[71],"Bag of Preparation":[38],"Juzu Bracelet":3,"Letter Opener":[816],"Medical Kit":[13],"obtain_stats":[{"Ice Cream":42,"Replay:Accelerometer":30,"sneckomod:SneckoCommon":38,"Gremlin Horn":6,"Vajra":36,"Blue Doll":31,"sneckomod:CleanMud":20,"Juzu Bracelet":0,"Bag of Preparation":10,"sneckomod:SneckoSoul":0,"Sling":0,"Blood Vial":48,"DollysMirror":47,"Gambling Chip":0,"Replay:Bronze Core":34,"Iron Hammer":40,"ReplayTheSpireMod:CursedCoin":0,"Golden Idol":2,"Quantum Egg":23,"Letter Opener":12,"Replay:Kaleidoscope":26,"Medical Kit":21,"Replay:Baseball":43,"Bird Faced Urn":21,"Onion Ring":9,"Simple Rune":44,"bronze:MakeshiftBattery":17,"Meat on the Bone":28},{"Ice Cream":21,"Replay:Accelerometer":14,"sneckomod:SneckoCommon":18,"Gremlin Horn":3,"Vajra":17,"Blue Doll":15,"sneckomod:CleanMud":9,"Juzu Bracelet":0,"Bag of Preparation":5,"sneckomod:SneckoSoul":0,"Sling":0,"Blood Vial":23,"DollysMirror":22,"Gambling Chip":0,"Replay:Bronze Core":16,"Iron Hammer":20,"ReplayTheSpireMod:CursedCoin":0,"Golden Idol":1,"Quantum Egg":11,"Letter Opener":6,"Replay:Kaleidoscope":11,"Medical Kit":9,"Replay:Baseball":21,"Bird Faced Urn":9,"Onion Ring":4,"Simple Rune":22,"bronze:MakeshiftBattery":7,"Meat on the Bone":13},{"Ice Cream":87,"Replay:Accelerometer":60,"sneckomod:SneckoCommon":75,"Gremlin Horn":14,"Vajra":72,"Blue Doll":62,"sneckomod:CleanMud":38,"Juzu Bracelet":0,"Bag of Preparation":18,"sneckomod:SneckoSoul":0,"Sling":0,"Blood Vial":93,"DollysMirror":90,"Gambling Chip":0,"Replay:Bronze Core":69,"Iron Hammer":81,"ReplayTheSpireMod:CursedCoin":0,"Golden Idol":4,"Quantum Egg":45,"Letter Opener":24,"Replay:Kaleidoscope":45,"Medical Kit":38,"Replay:Baseball":87,"Bird Faced Urn":38,"Onion Ring":15,"Simple Rune":90,"bronze:MakeshiftBattery":31,"Meat on the Bone":53}],"Meat on the Bone":24},"card_choices":[{"not_picked":["sneckomod:CheapStock","sneckomod:DiceCrush","sneckomod:MixItUp"],"picked":"SKIP","floor":1.0},{"not_picked":["sneckomod:SoulDraw","sneckomod:DiceBlock"],"picked":"sneckomod:UnknownDraw","floor":4.0},{"not_picked":["sneckomod:UnknownColorless","sneckomod:UnknownCommonAttack"],"picked":"sneckomod:Nope","floor":6},{"not_picked":["sneckomod:UnknownClassRED","sneckomod:UnknownRareSkill","sneckomod:RainOfDice"],"picked":"SKIP","floor":8},{"not_picked":["sneckomod:DiceCrush","sneckomod:SnakeSap","sneckomod:UnknownCommonAttack"],"picked":"SKIP","floor":10},{"not_picked":["sneckomod:SnakeSap","sneckomod:SerpentIdol"],"picked":"sneckomod:PureSnecko","floor":12},{"not_picked":["sneckomod:GlitteringGambit","sneckomod:UnknownRareSkill"],"picked":"sneckomod:Restock","floor":16},{"not_picked":["sneckomod:QuickBite","sneckomod:WideSting"],"picked":"sneckomod:ImprovisedGuard","floor":18},{"not_picked":["sneckomod:RainOfDice","sneckomod:SnekBeam+1","sneckomod:UnknownStrike"],"picked":"SKIP","floor":19},{"not_picked":["sneckomod:RainOfDice","sneckomod:UnknownCommonAttack"],"picked":"sneckomod:UnknownStrength+1","floor":22},{"not_picked":["sneckomod:PureSnecko","sneckomod:SoulExchange","sneckomod:UnknownClassBEAKED_YELLOW"],"picked":"SKIP","floor":23},{"not_picked":["sneckomod:DiceBlock","sneckomod:IronFang","sneckomod:UnknownUncommonPower"],"picked":"SKIP","floor":27},{"not_picked":["sneckomod:UnknownVulnerable","sneckomod:SoulCleanse"],"picked":"sneckomod:Transmogrify","floor":28},{"not_picked":["sneckomod:Memorize","sneckomod:UnknownVulnerable+1","sneckomod:UnknownCommonAttack+1"],"picked":"SKIP","floor":29},{"not_picked":["sneckomod:TrashToTreasure","sneckomod:Unknown1Cost","sneckomod:DefensiveFlair"],"picked":"SKIP","floor":31},{"not_picked":["sneckomod:SerpentIdol","sneckomod:DiceBlock","sneckomod:UnknownStrike+1"],"picked":"SKIP","floor":35},{"not_picked":["sneckomod:SerpentIdol","sneckomod:DiceCrush+1","sneckomod:QuickBite"],"picked":"SKIP","floor":37},{"not_picked":["sneckomod:RainOfDice","sneckomod:WideSting+1"],"picked":"sneckomod:UnknownX+1","floor":39},{"not_picked":["sneckomod:DangerNoodle","sneckomod:Unknown2Cost+1","sneckomod:QuickMove"],"picked":"SKIP","floor":40},{"not_picked":["sneckomod:IronFang","sneckomod:RainOfDice"],"picked":"sneckomod:UnknownRareAttack","floor":42},{"not_picked":["sneckomod:SnakeSap","sneckomod:DefensiveFlair","sneckomod:DiceCrush+1"],"picked":"SKIP","floor":44},{"not_picked":["Impatience","Bandage Up"],"picked":"Crow Ritual","floor":45},{"not_picked":["PanicButton","ReplayTheSpireMod:Necrogeddon"],"picked":"Replay:Parry","floor":45},{"not_picked":["Mind Blast","Blind"],"picked":"ReplayUltimateDefense","floor":45},{"not_picked":["sneckomod:WideSting","sneckomod:UnknownRareSkill","sneckomod:DiceCrush"],"picked":"SKIP","floor":48}],"player_experience":157064,"relics_obtained":[{"floor":6,"key":"Gremlin Horn"},{"floor":9,"key":"Onion Ring"},{"floor":10,"key":"Bag of Preparation"},{"floor":12,"key":"Letter Opener"},{"floor":23,"key":"Quantum Egg"},{"floor":26,"key":"Replay:Kaleidoscope"},{"floor":28,"key":"Meat on the Bone"},{"floor":29,"key":"sneckomod:CleanMud"},{"floor":31,"key":"Gambling Chip"},{"floor":31,"key":"Blue Doll"},{"floor":33,"key":"Medical Kit"},{"floor":35,"key":"Medical Kit"},{"floor":37,"key":"Quantum Egg"},{"floor":38,"key":"sneckomod:SneckoCommon"},{"floor":39,"key":"Gambling Chip"},{"floor":40,"key":"Blue Doll"},{"floor":40,"key":"Iron Hammer"},{"floor":42,"key":"Replay:Kaleidoscope"},{"floor":42,"key":"Ice Cream"},{"floor":43,"key":"Replay:Baseball"},{"floor":44,"key":"Juzu Bracelet"},{"floor":44,"key":"Simple Rune"},{"floor":48,"key":"Juzu Bracelet"},{"floor":48,"key":"Blood Vial"}],"event_choices":[{"damage_healed":0.0,"max_hp_gain":0.0,"max_hp_loss":7.0,"gold_gain":0.0,"event_name":"Golden Idol","player_choice":"Lose Max HP","floor":2.0,"gold_loss":0.0,"damage_taken":0.0,"relics_obtained":["Golden Idol"]},{"damage_healed":0.0,"max_hp_gain":0.0,"max_hp_loss":0.0,"gold_gain":100.0,"event_name":"Golden Shrine","player_choice":"Pray","floor":3.0,"gold_loss":0.0,"damage_taken":0.0},{"damage_healed":0.0,"max_hp_gain":0.0,"max_hp_loss":0.0,"gold_gain":75.0,"event_name":"FaceTrader","player_choice":"Touch","floor":5.0,"gold_loss":0.0,"damage_taken":8.0},{"damage_healed":0,"gold_gain":0,"player_choice":"Gave Potion","damage_taken":0,"relics_obtained":["sneckomod:CleanMud"],"max_hp_gain":0,"max_hp_loss":0,"event_name":"WeMeetAgain","floor":20,"gold_loss":0},{"cards_removed":["beaked:CrazyRituals"],"damage_healed":0,"gold_gain":0,"player_choice":"Give","damage_taken":0,"max_hp_gain":0,"max_hp_loss":0,"event_name":"betterNote:BetterNote","floor":25,"gold_loss":0,"cards_obtained":["None"]},{"damage_healed":0,"gold_gain":0,"player_choice":"Memory 3","damage_taken":10,"max_hp_gain":0,"max_hp_loss":0,"event_name":"SensoryStone","floor":45,"gold_loss":0},{"damage_healed":73,"gold_gain":0,"player_choice":"Heal","damage_taken":0,"max_hp_gain":0,"max_hp_loss":10,"event_name":"The Moai Head","floor":49,"gold_loss":0}],"is_beta":false,"boss_relics":[{"not_picked":["Snecko Eye","Snecko Heart"],"picked":"bronze:MakeshiftBattery"},{"not_picked":["SacredBark","ReplayTheSpireMod:DimensionalGlitch"],"picked":"Replay:Bronze Core"}],"items_purged_floors":[0],"is_endless":false,"potions_floor_spawned":[4,10,12,16,19,23,28,33,39,44],"ascension_level":1}}