{"host":"4xh8v5undae39mue","time":1614029578,"event":{"mods":["AchievementEnabler","BaseMod","Minty Spire (QoL Compilation)"],"gold_per_floor":[116,134,144,159,234,269,322,336,336,364,381,411,421,440,440,539,539,525,62,81,56,74,106,106,135,160,160,174,174,184,184,184,288,288,306,20,44,56,72,72,100,100,127,127,144,144,164,176,176,176,176,176,28,57,57,57],"floor_reached":55,"language":"ENG","playtime":4118,"items_purged":["Flechettes"],"score":911,"play_id":"3fc10402-f01e-4a25-896d-3d30879f0261","local_time":"20210222163258","is_ascension_mode":true,"campfire_choices":[{"floor":15.0,"key":"REST"},{"floor":24.0,"key":"REST"},{"floor":29,"key":"REST"},{"floor":32,"key":"REST"},{"floor":40,"key":"RECALL"},{"floor":42,"key":"REST"},{"data":"Secret Technique","floor":44,"key":"SMITH"},{"data":"Venomology","floor":46,"key":"SMITH"},{"floor":49,"key":"REST"},{"data":"Wraith Form v2","floor":52,"key":"SMITH"}],"circlet_count":0,"master_deck":["Survivor","Neutralize","Poisoned Stab","Crippling Poison","Footwork","Bouncing Flask","Predator","Tactician","Leg Sweep","Noxious Fumes","Prepared","Riddle With Holes","Phantasmal Killer","Tactician","Venomology+1","Flying Knee","Bouncing Flask","Outmaneuver","Bane","Dodge and Roll","Skewer","Terror","Dash","PiercingWail","Secret Technique+1","Well Laid Plans","Prepared","Backflip","Crippling Poison","PiercingWail+1","Wraith Form v2+1","Corpse Explosion","Dagger Throw+1","Reflex+1","Footwork+1","Noxious Fumes+1"],"relics":["Velvet Choker","White Beast Statue","Art of War","Kunai","Tiny Chest","Omamori","Pandora\u0027s Box","Sling","Shuriken","Happy Flower","Enchiridion","Empty Cage","Ice Cream","Blood Vial","Tough Bandages","Lantern","Cauldron","Orichalcum"],"acts_visited":["Exordium","TheCity","TheBeyond","TheEnding"],"potions_floor_usage":[33,33,39,39,39,39,41,41,45,48,50,50,50,54,54,54,54,55],"damage_taken":[{"damage":2.0,"enemies":"Small Slimes","floor":1.0,"turns":5.0},{"damage":0.0,"enemies":"Jaw Worm","floor":2.0,"turns":4.0},{"damage":0.0,"enemies":"Cultist","floor":3.0,"turns":4.0},{"damage":0.0,"enemies":"Exordium Wildlife","floor":4.0,"turns":4.0},{"damage":10.0,"enemies":"3 Sentries","floor":6.0,"turns":8.0},{"damage":1.0,"enemies":"Blue Slaver","floor":8.0,"turns":4.0},{"damage":5.0,"enemies":"Lagavulin","floor":10.0,"turns":7.0},{"damage":9.0,"enemies":"Lots of Slimes","floor":11.0,"turns":4.0},{"damage":18.0,"enemies":"Gremlin Nob","floor":12.0,"turns":4.0},{"damage":0.0,"enemies":"3 Louse","floor":13.0,"turns":3.0},{"damage":5.0,"enemies":"Exordium Thugs","floor":14.0,"turns":5.0},{"damage":15.0,"enemies":"Slime Boss","floor":16.0,"turns":8.0},{"damage":14.0,"enemies":"2 Thieves","floor":18.0,"turns":5.0},{"damage":1.0,"enemies":"3 Byrds","floor":20.0,"turns":4.0},{"damage":7.0,"enemies":"Snake Plant","floor":22.0,"turns":4.0},{"damage":36.0,"enemies":"Slavers","floor":23.0,"turns":6.0},{"damage":12.0,"enemies":"Book of Stabbing","floor":25.0,"turns":5.0},{"damage":3,"enemies":"Snecko","floor":28,"turns":5},{"damage":4,"enemies":"Shelled Parasite and Fungi","floor":30,"turns":4},{"damage":15,"enemies":"Automaton","floor":33,"turns":8},{"damage":1,"enemies":"Orb Walker","floor":35,"turns":4},{"damage":16,"enemies":"3 Shapes","floor":38,"turns":6},{"damage":0,"enemies":"Writhing Mass","floor":39,"turns":4},{"damage":62,"enemies":"Giant Head","floor":41,"turns":7},{"damage":9,"enemies":"Maw","floor":45,"turns":8},{"damage":18,"enemies":"Transient","floor":47,"turns":5},{"damage":6,"enemies":"Jaw Worm Horde","floor":48,"turns":3},{"damage":52,"enemies":"Donu and Deca","floor":50,"turns":8},{"damage":50,"enemies":"Shield and Spear","floor":54,"turns":4},{"damage":69,"enemies":"The Heart","floor":55,"turns":3}],"seed_played":"-6155586139677262256","potions_obtained":[{"floor":1.0,"key":"SteroidPotion"},{"floor":4.0,"key":"Dexterity Potion"},{"floor":6.0,"key":"SneckoOil"},{"floor":8.0,"key":"Ancient Potion"},{"floor":10.0,"key":"EssenceOfSteel"},{"floor":11.0,"key":"Weak Potion"},{"floor":12.0,"key":"LiquidMemories"},{"floor":13.0,"key":"DuplicationPotion"},{"floor":14.0,"key":"LiquidBronze"},{"floor":16.0,"key":"Block Potion"},{"floor":18.0,"key":"Weak Potion"},{"floor":20.0,"key":"BlessingOfTheForge"},{"floor":22.0,"key":"DistilledChaos"},{"floor":23.0,"key":"Dexterity Potion"},{"floor":25.0,"key":"FairyPotion"},{"floor":28,"key":"AttackPotion"},{"floor":30,"key":"Weak Potion"},{"floor":33,"key":"EntropicBrew"},{"floor":35,"key":"Energy Potion"},{"floor":39,"key":"Regen Potion"},{"floor":41,"key":"AttackPotion"},{"floor":45,"key":"LiquidMemories"},{"floor":48,"key":"CultistPotion"},{"floor":53,"key":"DistilledChaos"},{"floor":53,"key":"Fruit Juice"},{"floor":53,"key":"BlessingOfTheForge"},{"floor":54,"key":"Poison Potion"}],"is_trial":false,"path_per_floor":["M","M","M","M","?","E","T","M","T","E","M","E","M","M","R","B",null,"M","$","M","$","M","E","R","E","T","?","M","R","M","?","R","B",null,"M","$","T","M","M","R","E","R","T","R","M","R","M","M","R","B",null,"R","$","E","B"],"character_chosen":"THE_SILENT","items_purchased":["Secret Technique","Well Laid Plans","Sling","Prepared","Ice Cream","Cauldron"],"campfire_rested":6,"item_purchase_floors":[19,19,19,21,36,53],"current_hp_per_floor":[68,68,68,68,57,47,47,46,46,41,32,14,14,9,30,15,70,56,56,55,55,48,12,33,21,21,5,2,23,19,7,28,13,70,69,69,69,54,56,56,11,32,32,32,25,25,9,5,26,7,70,70,70,25,0,0],"gold":57,"neow_bonus":"BOSS_RELIC","is_daily":false,"chose_seed":false,"campfire_upgraded":3,"win_rate":0.0,"timestamp":1614029578,"path_taken":["M","M","M","M","?","E","?","M","T","E","M","E","M","?","R","BOSS","M","$","M","$","M","E","R","E","T","?","M","R","M","?","R","BOSS","M","$","?","M","M","R","E","R","T","R","M","R","M","M","R","BOSS","R","$","E","BOSS"],"items_purchased_type":["Card","Card","Relic","Card","Relic","Relic"],"build_version":"2020-12-22","purchased_purges":1,"victory":false,"max_hp_per_floor":[70,70,70,70,70,70,70,70,70,70,70,70,70,70,70,70,70,70,70,70,70,70,70,70,70,70,70,70,70,70,70,70,70,70,70,70,70,70,70,70,70,70,70,70,70,70,70,70,70,70,70,70,70,75,75,75],"card_choices":[{"not_picked":["Infinite Blades","Deadly Poison"],"picked":"Poisoned Stab","floor":1.0},{"not_picked":["Noxious Fumes","Dodge and Roll"],"picked":"Crippling Poison","floor":2.0},{"not_picked":["PiercingWail","Poisoned Stab"],"picked":"Footwork","floor":3.0},{"not_picked":["Riddle With Holes","Finisher"],"picked":"Bouncing Flask","floor":4.0},{"not_picked":["Expertise","Acrobatics"],"picked":"Predator","floor":6.0},{"not_picked":["Terror","Blade Dance"],"picked":"Tactician","floor":8.0},{"not_picked":["Backflip","Tools of the Trade"],"picked":"Leg Sweep","floor":10.0},{"not_picked":["Blade Dance","Backstab"],"picked":"Noxious Fumes","floor":11.0},{"not_picked":["Bane","Outmaneuver"],"picked":"Prepared","floor":12.0},{"not_picked":["Quick Slash","Cloak And Dagger"],"picked":"Flechettes","floor":13.0},{"not_picked":["Expertise","Dagger Spray"],"picked":"Riddle With Holes","floor":14.0},{"not_picked":["A Thousand Cuts","Grand Finale"],"picked":"Phantasmal Killer","floor":16.0},{"not_picked":["Predator+1","Blur"],"picked":"PiercingWail","floor":18.0},{"not_picked":["Slice","Bane"],"picked":"Deflect","floor":20.0},{"not_picked":["Slice","Finisher+1"],"picked":"Backflip","floor":22.0},{"not_picked":["Prepared+1","Deadly Poison"],"picked":"Crippling Poison","floor":23.0},{"not_picked":["Flying Knee","Dodge and Roll+1"],"picked":"PiercingWail+1","floor":25.0},{"not_picked":["Quick Slash+1","Well Laid Plans"],"picked":"Wraith Form v2","floor":28},{"not_picked":["Deadly Poison","Dagger Spray","Underhanded Strike"],"picked":"SKIP","floor":30},{"not_picked":["Adrenaline","Envenom"],"picked":"Corpse Explosion","floor":33},{"not_picked":["Tactician+1","Slice+1"],"picked":"Dagger Throw+1","floor":35},{"not_picked":["Dagger Spray+1","Prepared"],"picked":"Reflex+1","floor":38},{"not_picked":["Dodge and Roll","Bane+1","Underhanded Strike"],"picked":"SKIP","floor":39},{"not_picked":["Calculated Gamble","Blade Dance+1"],"picked":"Footwork+1","floor":41},{"not_picked":["Blur","Flying Knee","After Image"],"picked":"SKIP","floor":45},{"not_picked":["Finisher+1","Flying Knee"],"picked":"Noxious Fumes+1","floor":47},{"not_picked":["Reflex+1","Accuracy+1","Deflect"],"picked":"SKIP","floor":48},{"not_picked":["Skewer","Blade Dance","Dagger Throw+1"],"picked":"SKIP","floor":54}],"player_experience":247050,"relics_obtained":[{"floor":6.0,"key":"White Beast Statue"},{"floor":7.0,"key":"Art of War"},{"floor":9.0,"key":"Kunai"},{"floor":10.0,"key":"Tiny Chest"},{"floor":12.0,"key":"Omamori"},{"floor":23.0,"key":"Shuriken"},{"floor":25.0,"key":"Happy Flower"},{"floor":27,"key":"Enchiridion"},{"floor":37,"key":"Blood Vial"},{"floor":41,"key":"Tough Bandages"},{"floor":43,"key":"Lantern"},{"floor":54,"key":"Orichalcum"}],"event_choices":[{"damage_healed":0.0,"max_hp_gain":0.0,"max_hp_loss":0.0,"gold_gain":75.0,"event_name":"World of Goop","player_choice":"Gather Gold","floor":5.0,"gold_loss":0.0,"damage_taken":11.0},{"damage_healed":0,"gold_gain":0,"player_choice":"Obtained Book","damage_taken":16,"max_hp_gain":0,"max_hp_loss":0,"event_name":"Cursed Tome","floor":27,"gold_loss":0},{"damage_healed":0,"gold_gain":0,"player_choice":"CARD ","damage_taken":12,"max_hp_gain":0,"max_hp_loss":0,"event_name":"Knowing Skull","floor":31,"potions_obtained":[],"gold_loss":0,"cards_obtained":["Finesse"]}],"is_beta":false,"boss_relics":[{"not_picked":["Busted Crown","SlaversCollar"],"picked":"Pandora\u0027s Box"},{"not_picked":["Tiny House","Snecko Eye"],"picked":"Empty Cage"}],"items_purged_floors":[19],"is_endless":false,"potions_floor_spawned":[1,4,6,8,10,11,12,13,14,16,18,20,22,23,25,28,30,33,35,38,39,41,45,47,48,54],"killed_by":"The Heart","ascension_level":4}}