{"host":"od06gsur5w60l0yz","time":1614033540,"event":{"mods":["BaseMod","Better Match","Better Third Choice","Colored Map","Dio Mod","Downfall","GifTheSpireLib","Googly Eyes","Hermit","Hubris","Minty Spire (QoL Compilation)","Reliquary","Replay The Spire","StSLib","The Cursed","The Forsaken","The Necromancer","The Senshi"],"gold_per_floor":[117,130,130,149,159,186,136,162,185,185,197,197,208,56,56,159,159,176,176,176,166,186,186,43,60,114,129,140,140,155,185,185,288,388,403,421,440,452,452,481,481,481,481,481,506,506,534,545,545,545,545,545,497,529,529],"floor_reached":56,"language":"ENG","playtime":3442,"items_purged":[],"score":1421,"play_id":"8d5ae305-23e5-4349-99b4-ec7af73640c7","local_time":"20210222193900","is_ascension_mode":true,"campfire_choices":[{"floor":12.0,"key":"RECALL"},{"data":"dioMod:Freeze","floor":15.0,"key":"SMITH"},{"data":"dioMod:Muda","floor":29.0,"key":"SMITH"},{"data":"dioMod:GoldVial","floor":32.0,"key":"SMITH"},{"data":"dioMod:SevenPageMuda","floor":41,"key":"SMITH"},{"data":"dioMod:ZaWarudo","floor":44,"key":"SMITH"},{"data":"Finesse","floor":49,"key":"SMITH"},{"data":"dioMod:PathToHeaven","floor":52,"key":"SMITH"}],"circlet_count":0,"master_deck":["dioMod:Strike","dioMod:Strike","Bite","dioMod:Defend","dioMod:Defend","dioMod:Defend","dioMod:PathToHeaven+1","dioMod:DoubleTime+1","dioMod:GoldVial+1","dioMod:Freeze+1","dioMod:MudaMudaMuda+1","dioMod:Muda+1","dioMod:GoodbyeJojo+1","dioMod:Hiss+1","dioMod:Muda+1","dioMod:Muda+1","dioMod:ZaWarudo+1","dioMod:DoubleTime","dioMod:SevenPageMuda+1","dioMod:HeavyLifting+1","Finesse+1","dioMod:CautiousMuda+1","dioMod:ZaWarudo+1","dioMod:KonoDioDa"],"relics":["dioMod:VampireBlood","reliquary:Knoch","theSenshi:SuperSailorFukuRelic","reliquary:Buckler","HandDrill","hubris:CrackedHourglass","FaceOfCleric","Omamori","Replay:Wax Seal","theForsaken:Kindling","Replay:Wanted Poster","Bag of Marbles","hubris:Towel","reliquary:PurpleTingedLeaf","theForsaken:ScaryMask","DollysMirror","Toy Ornithopter"],"acts_visited":["Exordium","TheCity","TheBeyond","TheEnding"],"potions_floor_usage":[40,48,55,55,55,55,55],"damage_taken":[{"damage":6.0,"enemies":"Cultist","floor":1.0,"turns":3.0},{"damage":4.0,"enemies":"Small Slimes","floor":2.0,"turns":4.0},{"damage":4.0,"enemies":"2 Louse","floor":4.0,"turns":3.0},{"damage":12.0,"enemies":"Blue Slaver","floor":5.0,"turns":6.0},{"damage":0.0,"enemies":"Lagavulin","floor":6.0,"turns":4.0},{"damage":64.0,"enemies":"3 Sentries","floor":8.0,"turns":17.0},{"damage":16.0,"enemies":"Exordium Thugs","floor":11.0,"turns":11.0},{"damage":27.0,"enemies":"Large Slime","floor":13.0,"turns":11.0},{"damage":72.0,"enemies":"Fading Forest","floor":16.0,"turns":11.0},{"damage":0.0,"enemies":"Shell Parasite","floor":18.0,"turns":4.0},{"damage":10.0,"enemies":"2 Thieves","floor":21.0,"turns":4.0},{"damage":12.0,"enemies":"Centurion and Healer","floor":22.0,"turns":13.0},{"damage":23.0,"enemies":"Snake Plant","floor":25.0,"turns":4.0},{"damage":59.0,"enemies":"3 Cultists","floor":27.0,"turns":8.0},{"damage":0.0,"enemies":"Cultist and Chosen","floor":28.0,"turns":4.0},{"damage":12.0,"enemies":"Centurion and Healer","floor":30.0,"turns":3.0},{"damage":21.0,"enemies":"Slavers","floor":31.0,"turns":6.0},{"damage":80.0,"enemies":"Champ","floor":33.0,"turns":9.0},{"damage":49.0,"enemies":"3 Darklings","floor":35.0,"turns":6.0},{"damage":0.0,"enemies":"Orb Walker","floor":36.0,"turns":2.0},{"damage":49.0,"enemies":"Maw","floor":37.0,"turns":10.0},{"damage":20.0,"enemies":"Writhing Mass","floor":38.0,"turns":7.0},{"damage":87,"enemies":"Reptomancer","floor":40,"turns":8},{"damage":0,"enemies":"Nemesis","floor":45,"turns":2},{"damage":4,"enemies":"Giant Head","floor":47,"turns":7},{"damage":10,"enemies":"Jaw Worm Horde","floor":48,"turns":4},{"damage":69,"enemies":"Time Eater","floor":50,"turns":9},{"damage":41,"enemies":"Shield and Spear","floor":54,"turns":10},{"damage":49,"enemies":"The Heart","floor":55,"turns":8}],"seed_played":"-8264186869548112333","potions_obtained":[{"floor":1.0,"key":"LiquidMemories"},{"floor":5.0,"key":"Adrenaline Potion"},{"floor":6.0,"key":"Energy Potion"},{"floor":11.0,"key":"Block Potion"},{"floor":18.0,"key":"SteroidPotion"},{"floor":25.0,"key":"sneckomod:MuddlingPotion"},{"floor":30.0,"key":"SkillPotion"},{"floor":33.0,"key":"EntropicBrew"},{"floor":35.0,"key":"DuplicationPotion"},{"floor":37.0,"key":"Guardian:BlockOnCardUsePotion"},{"floor":38,"key":"PowerPotion"},{"floor":47,"key":"Dexterity Potion"}],"is_trial":false,"path_per_floor":["M","M","$","M","M","E","?","E","T","?","M","R","M","$","R","B",null,"M","?","?","M","M","?","$","M","T","M","M","R","M","E","R","B",null,"M","M","M","M","?","E","R","?","T","R","E","?","E","M","R_BF","B",null,"R","$","E","B",null],"character_chosen":"THE_DEFAULT","items_purchased":["HandDrill","Omamori","DollysMirror"],"campfire_rested":0,"item_purchase_floors":[14,24,53],"current_hp_per_floor":[74,74,74,75,70,73,73,32,32,25,35,35,75,75,75,13,75,75,61,61,71,82,82,82,69,69,33,54,54,59,68,68,47,88,75,81,52,77,77,62,62,62,62,62,72,72,94,96,96,40,97,97,97,87,66],"gold":529,"neow_bonus":"ONE_RANDOM_RARE_CARD","is_daily":false,"chose_seed":false,"campfire_upgraded":7,"win_rate":0.0,"timestamp":1614033540,"path_taken":["M","M","?","M","M","E","?","E","T","?","M","R","M","?","R","BOSS","M","?","?","?","M","?","?","M","T","M","?","R","M","E","R","BOSS","M","M","M","M","?","E","R","?","T","R","E","?","E","M","R_BF","BOSS","R","$","E","BOSS"],"items_purchased_type":["Relic","Relic","Relic"],"build_version":"2020-12-22","purchased_purges":0,"victory":true,"max_hp_per_floor":[75,75,75,75,75,75,75,75,75,75,75,75,75,75,75,75,75,75,80,80,81,82,82,82,83,83,84,85,85,86,87,87,88,88,89,90,91,92,92,93,93,93,93,93,94,94,95,96,96,97,97,97,97,98,99],"card_choices":[{"not_picked":["dioMod:CutDeep","dioMod:TripleThreat","dioMod:BloodTransfusion"],"picked":"SKIP","floor":1.0},{"not_picked":["dioMod:BloodSplash","dioMod:ComposedMuda","dioMod:SecretPlan"],"picked":"SKIP","floor":2.0},{"not_picked":["dioMod:DisarmingVoice","dioMod:Roundabout"],"picked":"dioMod:DoubleTime","floor":4.0},{"not_picked":["dioMod:DominatingPresence","dioMod:BloodTransfusion","dioMod:Hiss"],"picked":"SKIP","floor":5.0},{"not_picked":["dioMod:BloodSuck","dioMod:SadisticLaugh","dioMod:Pluck"],"picked":"SKIP","floor":6.0},{"not_picked":["dioMod:BloodShield","dioMod:PhantomBlood"],"picked":"dioMod:GoldVial","floor":8.0},{"not_picked":["dioMod:ComposedMuda","dioMod:Pluck","dioMod:DaggerToss"],"picked":"SKIP","floor":11.0},{"not_picked":["dioMod:Diversion","dioMod:BlendIn"],"picked":"dioMod:Freeze","floor":13.0},{"not_picked":["dioMod:Refresh","dioMod:PhantomBlood"],"picked":"dioMod:MudaMudaMuda","floor":16.0},{"not_picked":["dioMod:Diversion+1","dioMod:DarkRebirth","dioMod:Donut"],"picked":"SKIP","floor":18.0},{"not_picked":["dioMod:WRYYY","dioMod:GoodbyeJojo"],"picked":"dioMod:Muda+1","floor":21.0},{"not_picked":["dioMod:CutDeep","dioMod:BloodSplash+1"],"picked":"dioMod:GoodbyeJojo+1","floor":22.0},{"not_picked":["dioMod:DaggerSpree+1","dioMod:TripleThreat"],"picked":"dioMod:Hiss+1","floor":25.0},{"not_picked":["dioMod:WRYYY","dioMod:CautiousMuda+1"],"picked":"dioMod:Muda+1","floor":27.0},{"not_picked":["dioMod:Pluck","dioMod:UltimateSacrifice"],"picked":"dioMod:Muda","floor":28.0},{"not_picked":["dioMod:BloodTransfusion","dioMod:DominatingPresence","dioMod:ComposedMuda"],"picked":"SKIP","floor":30.0},{"not_picked":["dioMod:Diversion","dioMod:BlendIn+1","dioMod:BloodSplash"],"picked":"SKIP","floor":31.0},{"not_picked":["dioMod:PhantomBlood","dioMod:KonoDioDa"],"picked":"dioMod:ZaWarudo","floor":33.0},{"not_picked":["dioMod:CoffinBath+1","dioMod:CautiousMuda","dioMod:Roundabout+1"],"picked":"SKIP","floor":35.0},{"not_picked":["dioMod:CutDeep","dioMod:DaggerToss+1"],"picked":"dioMod:DoubleTime","floor":36.0},{"not_picked":["dioMod:ComposedMuda","dioMod:SecretPlan","dioMod:BlendIn+1"],"picked":"SKIP","floor":37.0},{"not_picked":["dioMod:SecretPlan+1","dioMod:Freeze+1","dioMod:BloodShield"],"picked":"SKIP","floor":38},{"not_picked":["dioMod:BlendIn","dioMod:Pluck+1"],"picked":"dioMod:SevenPageMuda","floor":40},{"not_picked":["dioMod:Freeze+1","dioMod:DaggerToss+1"],"picked":"dioMod:HeavyLifting+1","floor":45},{"not_picked":["Swift Strike","Transmutation"],"picked":"Finesse","floor":46},{"not_picked":["dioMod:BloodShield+1","dioMod:Pluck+1","dioMod:DaggerSpree+1"],"picked":"SKIP","floor":47},{"not_picked":["dioMod:WRYYY","dioMod:LaserVision+1"],"picked":"dioMod:CautiousMuda+1","floor":48},{"not_picked":["dioMod:Hiss","dioMod:HeavyLifting"],"picked":"dioMod:KonoDioDa","floor":54}],"player_experience":270893,"relics_obtained":[{"floor":6.0,"key":"reliquary:Knoch"},{"floor":8.0,"key":"theSenshi:SuperSailorFukuRelic"},{"floor":9.0,"key":"reliquary:Buckler"},{"floor":26.0,"key":"Replay:Wax Seal"},{"floor":31.0,"key":"theForsaken:Kindling"},{"floor":40,"key":"Bag of Marbles"},{"floor":45,"key":"reliquary:PurpleTingedLeaf"},{"floor":47,"key":"theForsaken:ScaryMask"},{"floor":54,"key":"Toy Ornithopter"}],"event_choices":[{"cards_removed":["dioMod:Strike"],"damage_healed":0.0,"max_hp_gain":0.0,"max_hp_loss":0.0,"gold_gain":0.0,"event_name":"The Cleric","player_choice":"Card Removal","floor":7.0,"gold_loss":50.0,"damage_taken":0.0},{"cards_removed":["dioMod:Defend"],"damage_healed":0.0,"max_hp_gain":0.0,"max_hp_loss":0.0,"gold_gain":0.0,"event_name":"Golden Wing","player_choice":"Card Removal","floor":10.0,"gold_loss":0.0,"damage_taken":7.0},{"damage_healed":0.0,"max_hp_gain":5.0,"max_hp_loss":0.0,"gold_gain":0.0,"event_name":"Forgotten Altar","player_choice":"Shed Blood","floor":19.0,"gold_loss":0.0,"damage_taken":19.0},{"damage_healed":0.0,"max_hp_gain":0.0,"max_hp_loss":0.0,"gold_gain":0.0,"event_name":"FaceTrader","player_choice":"Trade","floor":20.0,"gold_loss":0.0,"damage_taken":0.0,"relics_obtained":["FaceOfCleric"]},{"damage_healed":0.0,"max_hp_gain":0.0,"max_hp_loss":0.0,"gold_gain":0.0,"event_name":"Upgrade Shrine","player_choice":"Upgraded","floor":23.0,"gold_loss":0.0,"damage_taken":0.0,"cards_upgraded":["dioMod:MudaMudaMuda"]},{"cards_removed":["dioMod:Strike"],"damage_healed":0,"gold_gain":0,"player_choice":"Removed Attack","damage_taken":0,"max_hp_gain":0,"max_hp_loss":0,"event_name":"Falling","floor":39,"gold_loss":0},{"damage_healed":0,"gold_gain":0,"player_choice":"Memory 1","damage_taken":0,"max_hp_gain":0,"max_hp_loss":0,"event_name":"SensoryStone","floor":46,"gold_loss":0}],"is_beta":false,"boss_relics":[{"not_picked":["Kintsugi","Velvet Choker"],"picked":"hubris:CrackedHourglass"},{"not_picked":["hubris:TerracottaHorce","Replay:Drink Me"],"picked":"Replay:Wanted Poster"}],"items_purged_floors":[],"is_endless":false,"potions_floor_spawned":[1,5,6,11,18,25,30,33,35,37,38,47],"ascension_level":2}}