{"host":"4u4xibnmtqpdl4qa","time":1614017469,"event":{"mods":["2.2 Compatiblity","AchievementEnabler","BaseMod","Colored Map","Colored Powertips","Curses Come First","DeckTracker","Highlight Path","Minty Spire (QoL Compilation)","Quick Restart","Rare Cards Sparkle","Relic Stats","Slay-I","StSLib","SuperFastMode","Waifu the Spire"],"gold_per_floor":[117,128,128,128,148,148,183,200,248,273,299,299,43,55,55,156,156,173,186,186,206,223,223,223,223,223,257,257,257,257],"floor_reached":29,"language":"ENG","playtime":1581,"items_purged":[],"score":320,"play_id":"77f8cd92-35d1-4262-855d-49cad559ae52","local_time":"20210222191109","is_ascension_mode":true,"campfire_choices":[{"data":"Rage","floor":6,"key":"SMITH"},{"data":"Hemokinesis","floor":12,"key":"SMITH"},{"data":"Rupture","floor":15,"key":"SMITH"},{"data":"Feed","floor":23,"key":"SMITH"},{"data":"Reaper","floor":25,"key":"SMITH"},{"data":"True Grit","floor":28,"key":"SMITH"}],"circlet_count":0,"master_deck":["Bash+1","Hemokinesis+1","Rage+1","Thunderclap+1","Clash","Battle Trance","Wild Strike","Dropkick","Rupture+1","True Grit+1","Shrug It Off","Feed","Infernal Blade","Brutality","Feed+1","Twin Strike","Reaper+1","Perfected Strike","Heavy Blade","Dropkick","Iron Wave","Spot Weakness+1","Seeing Red"],"relics":["Burning Blood","Question Card","Lantern","Nunchaku","Strawberry","Oddly Smooth Stone","HandDrill","Pandora\u0027s Box","Dream Catcher","Tiny Chest","Blood Vial"],"acts_visited":["Exordium","TheCity"],"potions_floor_usage":[29],"damage_taken":[{"damage":2,"enemies":"2 Louse","floor":1,"turns":3},{"damage":4,"enemies":"Jaw Worm","floor":2,"turns":3},{"damage":3,"enemies":"Small Slimes","floor":5,"turns":2},{"damage":27,"enemies":"Lagavulin","floor":7,"turns":5},{"damage":0,"enemies":"Gremlin Gang","floor":8,"turns":3},{"damage":2,"enemies":"3 Sentries","floor":10,"turns":7},{"damage":0,"enemies":"2 Fungi Beasts","floor":14,"turns":2},{"damage":43,"enemies":"Slime Boss","floor":16,"turns":11},{"damage":26,"enemies":"3 Byrds","floor":18,"turns":6},{"damage":2,"enemies":"Shell Parasite","floor":19,"turns":1},{"damage":28,"enemies":"Cultist and Chosen","floor":21,"turns":6},{"damage":41,"enemies":"Snake Plant","floor":22,"turns":5},{"damage":31,"enemies":"Book of Stabbing","floor":27,"turns":4},{"damage":70,"enemies":"Slavers","floor":29,"turns":4}],"seed_played":"320146973038521966","potions_obtained":[{"floor":7,"key":"DistilledChaos"},{"floor":8,"key":"BloodPotion"},{"floor":10,"key":"SpeedPotion"},{"floor":14,"key":"CultistPotion"},{"floor":21,"key":"ElixirPotion"}],"is_trial":false,"path_per_floor":["M","M","?","?","M","R","E","M","T","E","T","R","$","M","R","B",null,"M","M","?","M","M","R","?","R","T","E","R","E"],"character_chosen":"IRONCLAD","items_purchased":["HandDrill","Rupture","True Grit"],"campfire_rested":0,"item_purchase_floors":[13,13,13],"current_hp_per_floor":[72,72,69,55,58,58,37,43,43,54,54,54,54,60,60,23,79,74,78,78,60,31,31,58,58,58,36,36,0,0],"gold":257,"neow_bonus":"TRANSFORM_TWO_CARDS","is_daily":false,"chose_seed":false,"campfire_upgraded":6,"win_rate":0.0,"timestamp":1614017469,"path_taken":["M","M","?","?","M","R","E","M","T","E","?","R","?","M","R","BOSS","M","M","?","?","M","R","?","R","T","E","R","E"],"items_purchased_type":["Relic","Card","Card"],"build_version":"2020-12-22","purchased_purges":0,"victory":false,"max_hp_per_floor":[72,72,72,72,72,72,72,72,72,79,79,79,79,79,79,79,79,82,82,82,82,82,82,82,82,82,85,85,85,85],"relic_stats":{"Blood Vial":2,"Nunchaku":[8],"Dream Catcher":0,"counters":[14,61],"Pandora\u0027s Box":["Infernal Blade","Brutality","Feed","Twin Strike","Reaper","Perfected Strike","Heavy Blade"],"Tiny Chest":0,"HandDrill":[14],"Question Card":11,"obtain_stats":[{"Blood Vial":27,"Lantern":7,"Nunchaku":9,"Dream Catcher":20,"Strawberry":10,"Oddly Smooth Stone":11,"Pandora\u0027s Box":17,"Tiny Chest":26,"HandDrill":13,"Question Card":3,"Burning Blood":0},{"Blood Vial":13,"Lantern":4,"Nunchaku":5,"Dream Catcher":10,"Strawberry":6,"Oddly Smooth Stone":6,"Pandora\u0027s Box":8,"Tiny Chest":12,"HandDrill":6,"Question Card":2,"Burning Blood":0},{"Blood Vial":58,"Lantern":13,"Nunchaku":16,"Dream Catcher":43,"Strawberry":23,"Oddly Smooth Stone":23,"Pandora\u0027s Box":36,"Tiny Chest":54,"HandDrill":23,"Question Card":6,"Burning Blood":0}],"Burning Blood":72},"card_choices":[{"not_picked":["Headbutt","Heavy Blade"],"picked":"Thunderclap","floor":1},{"not_picked":["Sever Soul","Clothesline"],"picked":"Clash","floor":2},{"not_picked":["Clothesline","Sword Boomerang","Pommel Strike"],"picked":"Battle Trance","floor":5},{"not_picked":["Sever Soul","Infernal Blade","Clash","Sentinel"],"picked":"SKIP","floor":7},{"not_picked":["Sentinel","Dark Embrace","Reckless Charge"],"picked":"Wild Strike","floor":8},{"not_picked":["Limit Break","Thunderclap","Warcry"],"picked":"Dropkick","floor":10},{"not_picked":["Sentinel","Sever Soul","Disarm"],"picked":"Shrug It Off","floor":14},{"not_picked":["Demon Form","Exhume","Reaper"],"picked":"Feed","floor":16},{"not_picked":["Anger","Cleave","Uppercut"],"picked":"Dropkick","floor":18},{"not_picked":["Flex","Cleave+1","Sentinel"],"picked":"Iron Wave","floor":19},{"not_picked":["Cleave","Pommel Strike","Headbutt"],"picked":"Spot Weakness+1","floor":21},{"not_picked":["Flex","Infernal Blade","Dropkick","Havoc"],"picked":"SKIP","floor":22},{"not_picked":["Rampage","Demon Form","Infernal Blade"],"picked":"Seeing Red","floor":27}],"player_experience":165449,"relics_obtained":[{"floor":7,"key":"Lantern"},{"floor":9,"key":"Nunchaku"},{"floor":10,"key":"Strawberry"},{"floor":11,"key":"Oddly Smooth Stone"},{"floor":26,"key":"Tiny Chest"},{"floor":27,"key":"Blood Vial"}],"event_choices":[{"damage_healed":0,"gold_gain":0,"player_choice":"Success","damage_taken":3,"relics_obtained":["Question Card"],"max_hp_gain":0,"max_hp_loss":0,"event_name":"Scrap Ooze","floor":3,"gold_loss":0},{"damage_healed":0,"gold_gain":0,"player_choice":"Entered Light","damage_taken":14,"max_hp_gain":0,"max_hp_loss":0,"event_name":"Shining Light","floor":4,"gold_loss":0,"cards_upgraded":["Thunderclap","Bash"]},{"damage_healed":0,"gold_gain":0,"player_choice":"Gave Potion","damage_taken":0,"relics_obtained":["Dream Catcher"],"max_hp_gain":0,"max_hp_loss":0,"event_name":"WeMeetAgain","floor":20,"gold_loss":0},{"damage_healed":27,"gold_gain":0,"player_choice":"Heal","damage_taken":0,"max_hp_gain":0,"max_hp_loss":0,"event_name":"The Library","floor":24,"gold_loss":0}],"is_beta":false,"boss_relics":[{"not_picked":["Snecko Eye","Busted Crown"],"picked":"Pandora\u0027s Box"}],"items_purged_floors":[],"is_endless":false,"potions_floor_spawned":[7,8,10,14,21,22,27],"killed_by":"Slavers","ascension_level":3}}