{"host":"suw5tyb7z6zbnnfs","time":1614035927,"event":{"mods":["AchievementEnabler","BaseMod","Colored Map","Minty Spire (QoL Compilation)"],"gold_per_floor":[15,15,27,27,41,72,72,105,105,116,141,141,159,177,177,277,277,295,385,404,423,28,28,39,39,39,39,67,67,67,86,86,188,188,207,0,0,0,14,44,57,75,75,75,87,87,102,102,102],"floor_reached":48,"language":"ENG","playtime":4598,"items_purged":[],"score":806,"play_id":"8a1cc9cf-b8cc-4520-9c46-d5c7ff09134b","local_time":"20210222181847","is_ascension_mode":true,"campfire_choices":[{"data":"Zap","floor":7.0,"key":"SMITH"},{"data":"Self Repair","floor":12.0,"key":"SMITH"},{"data":"Coolheaded","floor":15.0,"key":"SMITH"},{"data":"Turbo","floor":23.0,"key":"SMITH"},{"data":"Creative AI","floor":27.0,"key":"SMITH"},{"data":"Turbo","floor":30.0,"key":"SMITH"},{"floor":32.0,"key":"REST"},{"data":"Impatience","floor":44,"key":"SMITH"},{"data":"Reboot","floor":46,"key":"SMITH"}],"circlet_count":0,"master_deck":["AscendersBane","Defend_B+1","Defend_B+1","Defend_B+1","Defend_B+1","Zap+1","Dualcast+1","Glacier","Self Repair+1","Undo","Coolheaded+1","Reboot+1","Turbo+1","Static Discharge","Creative AI+1","Conserve Battery","Storm","Bite","Bite","Bite","Bite","Bite","Turbo+1","Go for the Eyes+1","Impatience+1","Streamline+1","Reboot"],"relics":["Cracked Core","Ice Cream","Nunchaku","Blue Candle","Bronze Scales","Happy Flower","Inserter","ClockworkSouvenir","Letter Opener","Vajra","Omamori","Coffee Dripper","Red Mask","Ornamental Fan","Boot"],"acts_visited":["Exordium","TheCity","TheBeyond"],"potions_floor_usage":[47],"damage_taken":[{"damage":2.0,"enemies":"2 Louse","floor":1.0,"turns":2.0},{"damage":2.0,"enemies":"Jaw Worm","floor":3.0,"turns":3.0},{"damage":1.0,"enemies":"Cultist","floor":5.0,"turns":3.0},{"damage":6.0,"enemies":"3 Sentries","floor":6.0,"turns":7.0},{"damage":25.0,"enemies":"Lagavulin","floor":8.0,"turns":13.0},{"damage":9.0,"enemies":"Looter","floor":10.0,"turns":3.0},{"damage":22.0,"enemies":"Gremlin Nob","floor":11.0,"turns":5.0},{"damage":0.0,"enemies":"Exordium Wildlife","floor":13.0,"turns":3.0},{"damage":2.0,"enemies":"2 Fungi Beasts","floor":14.0,"turns":4.0},{"damage":4.0,"enemies":"The Guardian","floor":16.0,"turns":12.0},{"damage":7.0,"enemies":"Chosen","floor":18.0,"turns":6.0},{"damage":4.0,"enemies":"3 Byrds","floor":20.0,"turns":2.0},{"damage":17.0,"enemies":"Centurion and Healer","floor":21.0,"turns":12.0},{"damage":31.0,"enemies":"3 Cultists","floor":24.0,"turns":5.0},{"damage":31.0,"enemies":"Book of Stabbing","floor":28.0,"turns":5.0},{"damage":8.0,"enemies":"Snake Plant","floor":31.0,"turns":4.0},{"damage":19.0,"enemies":"Automaton","floor":33.0,"turns":11.0},{"damage":3.0,"enemies":"Orb Walker","floor":35.0,"turns":4.0},{"damage":16,"enemies":"3 Darklings","floor":39,"turns":5},{"damage":36,"enemies":"Giant Head","floor":40,"turns":8},{"damage":28,"enemies":"Sphere and 2 Shapes","floor":41,"turns":3},{"damage":5,"enemies":"Spire Growth","floor":42,"turns":6},{"damage":1,"enemies":"4 Shapes","floor":45,"turns":5},{"damage":40,"enemies":"Jaw Worm Horde","floor":47,"turns":4},{"damage":44,"enemies":"Reptomancer","floor":48,"turns":2}],"seed_played":"-4586247346559298944","potions_obtained":[{"floor":1.0,"key":"SpeedPotion"},{"floor":3.0,"key":"AttackPotion"},{"floor":10.0,"key":"Swift Potion"},{"floor":13.0,"key":"Dexterity Potion"},{"floor":14.0,"key":"Fire Potion"},{"floor":16.0,"key":"EssenceOfSteel"},{"floor":21.0,"key":"Dexterity Potion"},{"floor":33.0,"key":"BlessingOfTheForge"},{"floor":40,"key":"GamblersBrew"}],"is_trial":false,"path_per_floor":["M","?","M","?","M","E","R","E","T","M","E","R","M","M","R","B",null,"M","?","M","M","$","R","M","?","T","R","E","?","R","M","R","B",null,"M","?","?","?","M","E","M","M","T","R","M","R","M","E"],"character_chosen":"DEFECT","items_purchased":["ClockworkSouvenir","Letter Opener"],"campfire_rested":1,"item_purchase_floors":[22,22],"current_hp_per_floor":[66,66,64,69,75,76,76,58,58,56,41,41,41,49,49,55,74,77,65,71,64,64,64,43,43,43,43,36,36,36,36,52,56,56,56,56,46,46,56,42,18,37,37,37,56,56,36,0,0],"gold":102,"neow_bonus":"ONE_RARE_RELIC","is_daily":false,"chose_seed":false,"campfire_upgraded":8,"win_rate":0.0,"timestamp":1614035927,"path_taken":["M","?","M","?","M","E","R","E","T","M","E","R","M","M","R","BOSS","M","?","M","?","$","R","M","?","T","R","E","?","R","M","R","BOSS","M","?","?","?","?","E","?","M","T","R","?","R","M","E"],"items_purchased_type":["Relic","Relic"],"build_version":"2020-12-22","purchased_purges":0,"victory":false,"max_hp_per_floor":[75,75,75,80,80,80,80,80,80,80,80,80,80,80,80,80,80,80,80,80,80,80,80,80,56,56,56,56,56,56,56,56,56,56,56,56,56,56,56,56,56,56,56,56,56,56,56,56,56],"card_choices":[{"not_picked":["Auto Shields","Double Energy"],"picked":"Glacier","floor":1.0},{"not_picked":["Stack","Coolheaded"],"picked":"Self Repair","floor":3.0},{"not_picked":["Lockon","Stack"],"picked":"Undo","floor":5.0},{"not_picked":["Leap","Steam"],"picked":"Coolheaded","floor":6.0},{"not_picked":["Gash","Streamline"],"picked":"Reboot","floor":8.0},{"not_picked":["Redo","Beam Cell"],"picked":"Turbo","floor":10.0},{"not_picked":["White Noise","Hyperbeam","Barrage"],"picked":"SKIP","floor":11.0},{"not_picked":["Stack","Beam Cell","Gash"],"picked":"SKIP","floor":13.0},{"not_picked":["Gash","Leap"],"picked":"Static Discharge","floor":14.0},{"not_picked":["Machine Learning","Core Surge"],"picked":"Creative AI","floor":16.0},{"not_picked":["Redo","Coolheaded+1"],"picked":"Conserve Battery","floor":18.0},{"not_picked":["Sweeping Beam","Undo","Gash"],"picked":"SKIP","floor":20.0},{"not_picked":["Darkness","Cold Snap","Ball Lightning"],"picked":"SKIP","floor":21.0},{"not_picked":["Chaos","Redo"],"picked":"Storm","floor":24.0},{"not_picked":["Go for the Eyes","Streamline"],"picked":"Turbo","floor":28.0},{"not_picked":["Capacitor+1","Static Discharge","Tempest"],"picked":"SKIP","floor":31.0},{"not_picked":["Cold Snap+1","Self Repair+1"],"picked":"Go for the Eyes+1","floor":35.0},{"not_picked":["Mind Blast","Secret Weapon"],"picked":"Impatience","floor":37.0},{"not_picked":["Doom and Gloom+1","Coolheaded","Leap+1"],"picked":"SKIP","floor":39},{"not_picked":["Doom and Gloom+1","Coolheaded","Leap+1"],"picked":"SKIP","floor":39},{"not_picked":["Sweeping Beam","Blizzard+1"],"picked":"Streamline+1","floor":40},{"not_picked":["Darkness+1","Barrage","Leap"],"picked":"SKIP","floor":41},{"not_picked":["Darkness+1","Barrage","Leap"],"picked":"SKIP","floor":41},{"not_picked":["Darkness+1","Sweeping Beam","Barrage"],"picked":"SKIP","floor":42},{"not_picked":["Compile Driver","Reinforced Body+1"],"picked":"Reboot","floor":45},{"not_picked":["Force Field+1","Barrage+1","Stack"],"picked":"SKIP","floor":47}],"player_experience":983637,"relics_obtained":[{"floor":6.0,"key":"Nunchaku"},{"floor":8.0,"key":"Blue Candle"},{"floor":9.0,"key":"Bronze Scales"},{"floor":11.0,"key":"Happy Flower"},{"floor":26.0,"key":"Vajra"},{"floor":28.0,"key":"Omamori"},{"floor":40,"key":"Ornamental Fan"},{"floor":43,"key":"Boot"}],"event_choices":[{"damage_healed":0.0,"max_hp_gain":0.0,"max_hp_loss":0.0,"gold_gain":0.0,"event_name":"Living Wall","player_choice":"Grow","floor":2.0,"gold_loss":0.0,"damage_taken":0.0,"cards_upgraded":["Dualcast"]},{"damage_healed":0.0,"max_hp_gain":5.0,"max_hp_loss":0.0,"gold_gain":0.0,"event_name":"Big Fish","player_choice":"Donut","floor":4.0,"gold_loss":0.0,"damage_taken":0.0},{"damage_healed":0.0,"max_hp_gain":0.0,"max_hp_loss":0.0,"gold_gain":90.0,"event_name":"Knowing Skull","player_choice":"GOLD ","floor":19.0,"potions_obtained":[],"gold_loss":0.0,"damage_taken":12.0,"cards_obtained":[]},{"damage_healed":0.0,"max_hp_gain":0.0,"max_hp_loss":24.0,"gold_gain":0.0,"event_name":"Vampires","player_choice":"Became a vampire","floor":25.0,"gold_loss":0.0,"damage_taken":0.0,"cards_obtained":["Bite","Bite","Bite","Bite","Bite"]},{"damage_healed":0.0,"max_hp_gain":0.0,"max_hp_loss":0.0,"gold_gain":0.0,"event_name":"Back to Basics","player_choice":"Simplicity","floor":29.0,"gold_loss":0.0,"damage_taken":0.0,"cards_upgraded":["Defend_B","Defend_B","Defend_B","Defend_B"]},{"damage_healed":0.0,"max_hp_gain":0.0,"max_hp_loss":0.0,"gold_gain":0.0,"event_name":"Tomb of Lord Red Mask","player_choice":"Paid","floor":36.0,"gold_loss":207.0,"damage_taken":0.0,"relics_obtained":["Red Mask"]},{"damage_healed":0.0,"max_hp_gain":0.0,"max_hp_loss":0.0,"gold_gain":0.0,"event_name":"SensoryStone","player_choice":"Memory 3","floor":37.0,"gold_loss":0.0,"damage_taken":10.0},{"damage_healed":0,"gold_gain":0,"player_choice":"0 cards matched","damage_taken":0,"max_hp_gain":0,"max_hp_loss":0,"event_name":"Match and Keep!","floor":38,"gold_loss":0,"cards_obtained":[]}],"is_beta":false,"boss_relics":[{"not_picked":["Pandora\u0027s Box","Tiny House"],"picked":"Inserter"},{"not_picked":["SlaversCollar","Runic Pyramid"],"picked":"Coffee Dripper"}],"items_purged_floors":[],"is_endless":false,"potions_floor_spawned":[1,3,10,13,14,16,21,28,31,33,40,41],"killed_by":"Reptomancer","ascension_level":11}}