{"host":"m2qkn877fkm57m2k","time":1614025725,"event":{"mods":["AchievementEnabler","Bartender","BaseMod","Colored Map","Magitek Elite","Minty Spire (QoL Compilation)","Permanent Neow","Relic Sorter","StSLib"],"gold_per_floor":[118,118,138,63,63,63,93,93,147,147,182,197,197,215,215,317,317,336,79,93,111,121,121,121,121,121,155,155,172,200,215,215,315,315,327,347,69,86,105,105,136,136,136,136,165,216,216,216,216,216],"floor_reached":51,"language":"ENG","playtime":4289,"items_purged":["Strike_L","Defend_L","Fire2"],"score":896,"play_id":"a7c4d0e3-dcd1-4ece-8fd0-cd25fc0973b9","local_time":"20210222212845","is_ascension_mode":true,"campfire_choices":[{"data":"Force_Armor","floor":6.0,"key":"SMITH"},{"data":"Thousand_Needles","floor":8.0,"key":"SMITH"},{"data":"Diamond_Shield2","floor":13.0,"key":"SMITH"},{"data":"Fake_Moustache","floor":15.0,"key":"SMITH"},{"data":"Balance","floor":23.0,"key":"SMITH"},{"data":"Shell","floor":25.0,"key":"SMITH"},{"data":"Transpose_P","floor":28.0,"key":"SMITH"},{"data":"Thunder_P","floor":32.0,"key":"SMITH"},{"data":"Thunder_P","floor":40.0,"key":"SMITH"},{"data":"Ultima","floor":42.0,"key":"SMITH"},{"data":"Flametongue","floor":44.0,"key":"SMITH"},{"data":"Cure","floor":47.0,"key":"SMITH"},{"data":"Cure","floor":49.0,"key":"SMITH"}],"circlet_count":0,"master_deck":["Strike_L","Strike_L","Defend_L","Defend_L","Defend_L","Defend_L","Cure+2","Quick","Flametongue+1","Force_Armor+1","Thousand_Needles+1","Diamond_Shield2+1","Transpose_P+1","Fake_Moustache+1","Trance","Bravery+1","Shell+1","Balance+1","Minerva_Bustier+1","Necronomicurse","Might","Thunder_P+2","Falchion+1","Minerva_Bustier+1","Minerva_Bustier+1","Ultima+1"],"relics":["Pendant","Letter Opener","Vajra","Cleaning_Rag","Anchor","Snecko Eye","PreservedInsect","Necronomicon","Tintinnabulum","Eternal Feather","Guard_Bracelet","Coffee Dripper","DollysMirror","Blood Vial","Mercury Hourglass","Toxic Egg 2","Gambling Chip"],"acts_visited":["Exordium","TheCity","TheBeyond"],"potions_floor_usage":[50,50],"damage_taken":[{"damage":6.0,"enemies":"Small Slimes","floor":1.0,"turns":6.0},{"damage":5.0,"enemies":"2 Louse","floor":3.0,"turns":3.0},{"damage":22.0,"enemies":"Lagavulin","floor":7.0,"turns":10.0},{"damage":16.0,"enemies":"Gremlin Nob","floor":11.0,"turns":4.0},{"damage":1.0,"enemies":"Cultist","floor":12.0,"turns":4.0},{"damage":0.0,"enemies":"Large Slime","floor":14.0,"turns":5.0},{"damage":0.0,"enemies":"The Guardian","floor":16.0,"turns":13.0},{"damage":0.0,"enemies":"Chosen","floor":18.0,"turns":5.0},{"damage":2.0,"enemies":"Shell Parasite","floor":20.0,"turns":7.0},{"damage":0.0,"enemies":"Centurion and Healer","floor":21.0,"turns":7.0},{"damage":0.0,"enemies":"3 Cultists","floor":22.0,"turns":6.0},{"damage":11.0,"enemies":"Gremlin Leader","floor":27.0,"turns":5.0},{"damage":0.0,"enemies":"Snake Plant","floor":29.0,"turns":5.0},{"damage":4.0,"enemies":"Book of Stabbing","floor":30.0,"turns":5.0},{"damage":0.0,"enemies":"Sentry and Sphere","floor":31.0,"turns":6.0},{"damage":22.0,"enemies":"Collector","floor":33.0,"turns":7.0},{"damage":0.0,"enemies":"Orb Walker","floor":35.0,"turns":3.0},{"damage":0.0,"enemies":"3 Shapes","floor":36.0,"turns":2.0},{"damage":0.0,"enemies":"Maw","floor":38.0,"turns":6.0},{"damage":0.0,"enemies":"Jaw Worm Horde","floor":39.0,"turns":3.0},{"damage":0.0,"enemies":"Giant Head","floor":41.0,"turns":5.0},{"damage":0.0,"enemies":"Nemesis","floor":45.0,"turns":3.0},{"damage":0.0,"enemies":"2 Orb Walkers","floor":46.0,"turns":3.0},{"damage":0,"enemies":"Time Eater","floor":50,"turns":5}],"seed_played":"-3701249956334256963","potions_obtained":[{"floor":7.0,"key":"Fire Potion"},{"floor":12.0,"key":"SkillPotion"},{"floor":14.0,"key":"Fruit Juice"},{"floor":22.0,"key":"FearPotion"},{"floor":27.0,"key":"DuplicationPotion"},{"floor":29.0,"key":"AttackPotion"},{"floor":31.0,"key":"PowerPotion"},{"floor":33.0,"key":"Energy Potion"},{"floor":38.0,"key":"Energy Potion"},{"floor":45.0,"key":"LiquidMemories"}],"is_trial":false,"path_per_floor":["M","?","M","$","?","R","E","R","T","?","E","M","R","M","R","B",null,"M","$","M","M","M","R","?","R","T","E","R","M","E","M","R","B",null,"M","M","$","M","M","R","E","R","T","R","E","?","R","?","R","B",null],"character_chosen":"MAGITEKELITE","items_purchased":["PreservedInsect","DollysMirror"],"campfire_rested":0,"item_purchase_floors":[19,37],"current_hp_per_floor":[58,51,52,52,49,49,33,33,33,33,23,28,28,34,34,45,68,68,68,66,68,68,68,52,52,52,48,61,68,68,68,68,46,68,68,68,68,68,68,68,68,68,68,68,68,68,68,68,68,68],"gold":216,"neow_bonus":"THREE_RARE_CARDS","is_daily":false,"chose_seed":false,"campfire_upgraded":13,"win_rate":0.0,"timestamp":1614025725,"path_taken":["M","?","M","$","?","R","E","R","T","?","E","M","R","M","R","BOSS","M","$","?","M","M","R","?","R","T","E","R","M","E","M","R","BOSS","M","M","$","M","M","R","E","R","T","R","E","?","R","?","R","BOSS"],"items_purchased_type":["Relic","Relic"],"build_version":"2020-12-22","purchased_purges":3,"victory":true,"max_hp_per_floor":[63,63,63,63,63,63,63,63,63,63,63,63,63,63,63,68,68,68,68,68,68,68,68,68,68,68,68,68,68,68,68,68,68,68,68,68,68,68,68,68,68,68,68,68,68,68,68,68,68,68],"card_choices":[{"not_picked":["Remember","Reflect"],"picked":"Quick","floor":0.0},{"not_picked":["Water","Heavy_Shield"],"picked":"Flametongue","floor":1.0},{"not_picked":["Crystal_Sword","Flare"],"picked":"Force_Armor","floor":3.0},{"not_picked":["Mama","Flare"],"picked":"Thousand_Needles","floor":7.0},{"not_picked":["Dark","Flare"],"picked":"Transpose_P","floor":11.0},{"not_picked":["Cursed_Shield","Poisona","Gladius"],"picked":"SKIP","floor":12.0},{"not_picked":["Astra","Haste"],"picked":"Fake_Moustache","floor":14.0},{"not_picked":["Diamond_Shield2","Reflect"],"picked":"Trance","floor":16.0},{"not_picked":["Slow","Circlet"],"picked":"Bravery+1","floor":18.0},{"not_picked":["Tornado","Magnus_Hat"],"picked":"Shell","floor":20.0},{"not_picked":["Water","Mythril_Knife+1"],"picked":"Balance","floor":21.0},{"not_picked":["Flametongue","Circlet"],"picked":"Minerva_Bustier+1","floor":22.0},{"not_picked":["Flametongue","Rasp"],"picked":"Might","floor":27.0},{"not_picked":["Gaia_Gear","Dark","Gladius"],"picked":"SKIP","floor":29.0},{"not_picked":["Magnus_Hat+1","Cursed_Shield","Gaia_Gear"],"picked":"SKIP","floor":30.0},{"not_picked":["Enhancer","Icebrand"],"picked":"Thunder_P","floor":31.0},{"not_picked":["Enhancer","Aero"],"picked":"Falchion+1","floor":35.0},{"not_picked":["Haste+1","Crystal_Sword","Heavy_Shield+1"],"picked":"SKIP","floor":36.0},{"not_picked":["Gladius+1","Throw","Falchion+1"],"picked":"SKIP","floor":38.0},{"not_picked":["Water","Poisona"],"picked":"Minerva_Bustier+1","floor":39.0},{"not_picked":["Thunder_P","Crystal_Sword"],"picked":"Ultima","floor":41.0},{"not_picked":["Haste","Transpose_P","Man_Eater+1"],"picked":"SKIP","floor":45.0}],"player_experience":28826,"relics_obtained":[{"floor":7.0,"key":"Vajra"},{"floor":9.0,"key":"Cleaning_Rag"},{"floor":11.0,"key":"Anchor"},{"floor":24.0,"key":"Necronomicon"},{"floor":26.0,"key":"Tintinnabulum"},{"floor":27.0,"key":"Eternal Feather"},{"floor":30.0,"key":"Guard_Bracelet"},{"floor":41.0,"key":"Blood Vial"},{"floor":43.0,"key":"Mercury Hourglass"},{"floor":45.0,"key":"Toxic Egg 2"},{"floor":46.0,"key":"Gambling Chip"}],"event_choices":[{"cards_removed":["Forgetful"],"damage_healed":0.0,"max_hp_gain":0.0,"max_hp_loss":0.0,"gold_gain":0.0,"event_name":"Golden Wing","player_choice":"Card Removal","floor":2.0,"gold_loss":0.0,"damage_taken":7.0},{"damage_healed":0.0,"max_hp_gain":0.0,"max_hp_loss":0.0,"gold_gain":0.0,"event_name":"Scrap Ooze","player_choice":"Success","floor":5.0,"gold_loss":0.0,"damage_taken":3.0,"relics_obtained":["Letter Opener"]},{"damage_healed":0.0,"max_hp_gain":0.0,"max_hp_loss":0.0,"gold_gain":0.0,"cards_transformed":["Strike_L"],"event_name":"Transmorgrifier","player_choice":"Transformed","floor":10.0,"gold_loss":0.0,"damage_taken":0.0,"cards_obtained":["Diamond_Shield2"]},{"damage_healed":0.0,"max_hp_gain":0.0,"max_hp_loss":0.0,"gold_gain":0.0,"event_name":"Cursed Tome","player_choice":"Obtained Book","floor":24.0,"gold_loss":0.0,"damage_taken":16.0},{"damage_healed":0.0,"max_hp_gain":0.0,"max_hp_loss":0.0,"gold_gain":0.0,"event_name":"Mysterious Sphere","player_choice":"Fight","floor":46.0,"gold_loss":0.0,"damage_taken":0.0},{"damage_healed":0.0,"max_hp_gain":0.0,"max_hp_loss":0.0,"gold_gain":0.0,"event_name":"SensoryStone","player_choice":"Memory 1","floor":48.0,"gold_loss":0.0,"damage_taken":0.0}],"is_beta":false,"boss_relics":[{"not_picked":["SacredBark","Calling Bell"],"picked":"Snecko Eye"},{"not_picked":["Velvet Choker","Runic Dome"],"picked":"Coffee Dripper"}],"items_purged_floors":[4,19,37],"is_endless":false,"potions_floor_spawned":[7,12,14,22,27,29,31,33,38,45],"ascension_level":1}}