{"host":"tnmp9bkutp0enjo6","time":1614024172,"event":{"mods":["2.2 Compatiblity","AchievementEnabler","BaseMod","Block Reminder","Colored Powertips","Downfall","Highlight Path","Minty Spire (QoL Compilation)","Quick Restart","Random Character Button","Rare Cards Sparkle","Relic Stats","StSLib"],"gold_per_floor":[99,24,9,9,22,22,22,56,6,39,50,0,31,131,144,239,239,189,200,215,6,16,16,42,75,25,37,50,67,95,105,121,224,224,174,174,188,25,36,50,99,49,49,49,64,64,97,114,126,126],"floor_reached":51,"language":"ENG","playtime":5705,"items_purged":["downfall:Malfunctioning"],"score":889,"play_id":"4a0c883f-d098-468d-92ea-3ca4f5fc8043","local_time":"20210222210252","is_ascension_mode":false,"campfire_choices":[{"floor":1.0,"key":"RECALL"},{"data":"Slimebound:CorrosiveSpit","floor":6.0,"key":"SMITH"},{"floor":9.0,"key":"REST"},{"data":"Slimebound:SamplingLick","floor":12.0,"key":"SMITH"},{"data":"Slimebound:ProtectTheBoss","floor":18.0,"key":"SMITH"},{"data":"Slimebound:AcidTongue","floor":23.0,"key":"SMITH"},{"data":"Slimebound:MinionMaster","floor":26.0,"key":"SMITH"},{"data":"Slimebound:MassRepurpose","floor":35.0,"key":"SMITH"},{"data":"Slimebound:SlimeBarrage","floor":42.0,"key":"SMITH"},{"data":"Slimebound:GoopTackle","floor":44.0,"key":"SMITH"}],"circlet_count":0,"master_deck":["Slimebound:Strike_Slimebound","Slimebound:Tackle","Slimebound:Defend_Slimebound","Slimebound:Defend_Slimebound","Slimebound:Defend_Slimebound","Slimebound:Defend_Slimebound","Slimebound:Split+1","Slimebound:CorrosiveSpit+1","Slimebound:MegaLick","Slimebound:Teamwork","Slimebound:ProtectTheBoss+1","Clumsy","Injury","Slimebound:GrowthPunch","Slimebound:SplitAcid","Slimebound:SamplingLick+1","Slimebound:LeechLife","Slimebound:GoopSpray","Slimebound:SplitAcid","Slimebound:MinionMaster+1","Slimebound:MegaLick+1","Slimebound:SlimeTap+1","Slimebound:Repurpose+1","Slimebound:AcidTongue+1","Slimebound:SlimeSpikes+1","Slimebound:SplitLeeching","Slimebound:SpikyOuterGoop","Slimebound:Schlurp","Injury","Doubt","Slimebound:Schlurp+1","Slimebound:Gluttony","Slimebound:RejuvenatingLick","Slimebound:Prepare","Slimebound:Repurpose+1","Slimebound:Prepare","Slimebound:MegaLick+1","Slimebound:MassRepurpose+1","Slimebound:RollThrough+1","Slimebound:GoopTackle+1","Slimebound:SplitMire","Slimebound:Equalize","Slimebound:SamplingLick","Slimebound:FinishingTackle","Slimebound:SlimeBarrage+1","Slimebound:TongueLash+1","Shame","Writhe","Slimebound:MegaLick+1","Slimebound:PressTheAttack+1","Slimebound:TongueLash+1","Slimebound:SlimeSlap"],"relics":["Slimebound:AbsorbEndCombat","Slimebound:GreedOozeRelic","downfall:ExtraCursedKey","Gremlin Horn","Ancient Tea Set","Centennial Puzzle","FossilizedHelix","Potion Belt","Astrolabe","Oddly Smooth Stone","Pantograph","Blue Candle","SlaversCollar","Toxic Egg 2"],"acts_visited":["Exordium","TheCity","TheBeyond"],"potions_floor_usage":[50,50,50],"damage_taken":[{"damage":0.0,"enemies":"downfall:FleeingMerchant","floor":3.0,"turns":4.0},{"damage":3.0,"enemies":"Small Slimes","floor":5.0,"turns":3.0},{"damage":24.0,"enemies":"3 Sentries","floor":8.0,"turns":7.0},{"damage":0.0,"enemies":"Gremlin Nob","floor":10.0,"turns":4.0},{"damage":0.0,"enemies":"2 Louse","floor":11.0,"turns":2.0},{"damage":26.0,"enemies":"3 Sentries","floor":13.0,"turns":6.0},{"damage":4.0,"enemies":"downfall:LadyInBlue","floor":14.0,"turns":9.0},{"damage":0.0,"enemies":"Cultist","floor":15.0,"turns":3.0},{"damage":22.0,"enemies":"SI_SHIV_ARCHETYPE","floor":16.0,"turns":6.0},{"damage":8.0,"enemies":"Spheric Guardian","floor":19.0,"turns":4.0},{"damage":0.0,"enemies":"downfall:LooterAlt2","floor":20.0,"turns":3.0},{"damage":6.0,"enemies":"downfall:FleeingMerchant","floor":21.0,"turns":4.0},{"damage":0.0,"enemies":"3 Cultists","floor":22.0,"turns":6.0},{"damage":6.0,"enemies":"Book of Stabbing","floor":25.0,"turns":5.0},{"damage":0.0,"enemies":"Chosen and Byrds","floor":27.0,"turns":3.0},{"damage":21.0,"enemies":"Cultist and Chosen","floor":28.0,"turns":6.0},{"damage":7.0,"enemies":"Snake Plant","floor":29.0,"turns":4.0},{"damage":20.0,"enemies":"Slavers","floor":30.0,"turns":5.0},{"damage":0.0,"enemies":"Centurion and Healer","floor":31.0,"turns":6.0},{"damage":0.0,"enemies":"Chosen and Byrds","floor":32.0,"turns":4.0},{"damage":3.0,"enemies":"WA_ARCHETYPE_CALM","floor":33.0,"turns":10.0},{"damage":11.0,"enemies":"WA_ARCHETYPE_CALM","floor":36.0,"turns":5.0},{"damage":0.0,"enemies":"Orb Walker","floor":37.0,"turns":4.0},{"damage":10.0,"enemies":"downfall:FleeingMerchant","floor":38.0,"turns":4.0},{"damage":9.0,"enemies":"3 Shapes","floor":39.0,"turns":2.0},{"damage":0.0,"enemies":"Maw","floor":40.0,"turns":7.0},{"damage":17.0,"enemies":"Jaw Worm Horde","floor":45.0,"turns":3.0},{"damage":28.0,"enemies":"Reptomancer","floor":47.0,"turns":4.0},{"damage":9.0,"enemies":"3 Darklings","floor":48.0,"turns":4.0},{"damage":36.0,"enemies":"Writhing Mass","floor":49.0,"turns":4.0},{"damage":65,"enemies":"IC_BLOCK_ARCHETYPE","floor":50,"turns":9}],"seed_played":"-5761818251457593824","potions_obtained":[{"floor":5.0,"key":"Dexterity Potion"},{"floor":8.0,"key":"champ:CounterPotion"},{"floor":10.0,"key":"EssenceOfSteel"},{"floor":13.0,"key":"SkillPotion"},{"floor":14.0,"key":"FairyPotion"},{"floor":14.0,"key":"Energy Potion"},{"floor":14.0,"key":"CultistPotion"},{"floor":14.0,"key":"BlessingOfTheForge"},{"floor":16.0,"key":"Swift Potion"},{"floor":22.0,"key":"SpeedPotion"},{"floor":25.0,"key":"hexamod:SoulburnPotion"},{"floor":29.0,"key":"FearPotion"},{"floor":32.0,"key":"Fruit Juice"},{"floor":36.0,"key":"Slimebound:SlimedPotion"},{"floor":37.0,"key":"Slimebound:SlimyTonguePotion"},{"floor":47.0,"key":"DuplicationPotion"},{"floor":48.0,"key":"DistilledChaos"}],"is_trial":false,"path_per_floor":["R","?","$","?","M","R","T","E","R","E","M","R","E","?","M","B",null,"R","M","M","$","M","R","T","E","R","M","M","M","E","M","M","B",null,"R","?","M","$","M","M","T","R","?","R","M","?","E","M","M","B",null],"character_chosen":"SLIMEBOUND","items_purchased":["Slimebound:SplitLeeching","Slimebound:SpikyOuterGoop","Slimebound:Equalize","Slimebound:SamplingLick","Slimebound:FinishingTackle"],"campfire_rested":1,"item_purchase_floors":[21,21,38,38,38],"current_hp_per_floor":[65,65,65,65,64,64,64,46,65,65,65,65,43,53,55,43,65,65,57,65,65,65,65,65,65,65,65,44,39,44,64,70,67,70,70,70,70,70,70,70,70,70,70,70,61,61,67,67,37,35],"gold":126,"neow_bonus":"UPGRADE_CARD","is_daily":false,"chose_seed":false,"campfire_upgraded":8,"win_rate":0.0,"timestamp":1614024172,"path_taken":["R","?","$","?","M","R","T","E","R","E","M","R","E","?","M","BOSS","R","M","M","$","M","R","T","E","R","?","M","?","E","M","M","BOSS","R","?","M","$","M","M","T","R","?","R","?","?","E","M","M","BOSS"],"items_purchased_type":["Card","Card","Card","Card","Card"],"build_version":"2020-12-22","purchased_purges":1,"victory":true,"max_hp_per_floor":[65,65,65,65,65,65,65,65,65,65,65,65,65,65,65,65,65,65,65,65,65,65,65,65,65,65,65,65,65,65,65,70,70,70,70,70,70,70,70,70,70,70,70,70,70,70,70,70,70,70],"relic_stats":{"Centennial Puzzle":[54],"Gremlin Horn":[28,28],"counters":[31,143],"Astrolabe":["downfall:Malfunctioning","Slimebound:MegaLick","Slimebound:SlimeTap"],"Pantograph":25,"Blue Candle":[21],"obtain_stats":[{"Potion Belt":14,"Gremlin Horn":7,"Astrolabe":17,"Blue Candle":30,"Oddly Smooth Stone":24,"Ancient Tea Set":8,"Slimebound:GreedOozeRelic":2,"SlaversCollar":34,"Centennial Puzzle":10,"Pantograph":25,"downfall:ExtraCursedKey":4,"Slimebound:AbsorbEndCombat":0,"Toxic Egg 2":47,"FossilizedHelix":13},{"Potion Belt":7,"Gremlin Horn":2,"Astrolabe":9,"Blue Candle":18,"Oddly Smooth Stone":13,"Ancient Tea Set":3,"Slimebound:GreedOozeRelic":0,"SlaversCollar":21,"Centennial Puzzle":4,"Pantograph":14,"downfall:ExtraCursedKey":1,"Slimebound:AbsorbEndCombat":0,"Toxic Egg 2":28,"FossilizedHelix":6},{"Potion Belt":33,"Gremlin Horn":7,"Astrolabe":41,"Blue Candle":78,"Oddly Smooth Stone":56,"Ancient Tea Set":13,"Slimebound:GreedOozeRelic":0,"SlaversCollar":98,"Centennial Puzzle":16,"Pantograph":61,"downfall:ExtraCursedKey":4,"Slimebound:AbsorbEndCombat":0,"Toxic Egg 2":126,"FossilizedHelix":24}]},"card_choices":[{"not_picked":["Slimebound:SlimeBrawl","Slimebound:GoopTackle"],"picked":"Slimebound:MegaLick","floor":3.0},{"not_picked":["Slimebound:ComboTackle","Slimebound:Grow"],"picked":"Slimebound:ProtectTheBoss","floor":5.0},{"not_picked":["Slimebound:PressTheAttack","Slimebound:FlameTackle"],"picked":"Slimebound:GrowthPunch","floor":8.0},{"not_picked":["Slimebound:DisruptingSlam","Slimebound:DivideAndConquer"],"picked":"Slimebound:SplitAcid","floor":10.0},{"not_picked":["Slimebound:GoopSpray","Slimebound:TongueLash"],"picked":"Slimebound:SamplingLick","floor":11.0},{"not_picked":["Slimebound:LeechingTouch","Slimebound:MegaLick"],"picked":"Slimebound:LeechLife","floor":13.0},{"not_picked":["Slimebound:SlimeSpikes","Slimebound:Replication"],"picked":"Slimebound:GoopSpray","floor":14.0},{"not_picked":["Slimebound:PressTheAttack","Slimebound:Dissolve"],"picked":"Slimebound:SplitAcid","floor":15.0},{"not_picked":["Slimebound:MassFeed","Slimebound:FirmFortitude"],"picked":"Slimebound:MinionMaster","floor":16.0},{"not_picked":["Slimebound:LeechingTouch","Slimebound:GoopSpray"],"picked":"Slimebound:Repurpose+1","floor":19.0},{"not_picked":["Slimebound:Gluttony+1","Slimebound:FinishingTackle"],"picked":"Slimebound:AcidTongue","floor":20.0},{"not_picked":["Slimebound:SplitBruiser","Slimebound:GoopSpray"],"picked":"Slimebound:SlimeSpikes+1","floor":21.0},{"not_picked":["Slimebound:SplitMire+1","Slimebound:ComboTackle"],"picked":"Slimebound:Schlurp","floor":22.0},{"not_picked":["Slimebound:FirmFortitude","Slimebound:SplitMire"],"picked":"Slimebound:Schlurp+1","floor":25.0},{"not_picked":["Slimebound:FormOfPuddle+1","Slimebound:ComboTackle+1"],"picked":"Slimebound:Gluttony","floor":27.0},{"not_picked":["Slimebound:TongueLash","Slimebound:Dissolve"],"picked":"Slimebound:RejuvenatingLick","floor":28.0},{"not_picked":["Slimebound:FinishingTackle","Slimebound:FormOfPuddle"],"picked":"Slimebound:Prepare","floor":29.0},{"not_picked":["Slimebound:RallyTheTroops","Slimebound:ServeAndProtect+1"],"picked":"Slimebound:Repurpose+1","floor":30.0},{"not_picked":["Slimebound:GoopSpray+1","Slimebound:ItLooksTasty"],"picked":"Slimebound:Prepare","floor":31.0},{"not_picked":["Slimebound:LivingWall","Slimebound:SamplingLick+1"],"picked":"Slimebound:MegaLick+1","floor":32.0},{"not_picked":["Slimebound:LeechLife","Slimebound:Teamwork"],"picked":"Slimebound:MassRepurpose","floor":33.0},{"not_picked":["Slimebound:GoopSpray+1","Slimebound:SamplingLick"],"picked":"Slimebound:RollThrough+1","floor":36.0},{"not_picked":["Slimebound:HauntingLick+1","Slimebound:Repurpose"],"picked":"Slimebound:GoopTackle","floor":37.0},{"not_picked":["Slimebound:Prepare+1","Slimebound:ItLooksTasty"],"picked":"Slimebound:SplitMire","floor":38.0},{"not_picked":["Slimebound:LeechingTouch","Slimebound:DisruptingSlam+1"],"picked":"Slimebound:SlimeBarrage","floor":39.0},{"not_picked":["Slimebound:ItLooksTasty","Slimebound:RollThrough"],"picked":"Slimebound:TongueLash+1","floor":40.0},{"not_picked":["Slimebound:DivideAndConquer+1","Slimebound:SplitMire+1"],"picked":"Slimebound:MegaLick+1","floor":45.0},{"not_picked":["Slimebound:GoopTackle+1","Slimebound:Equalize+1"],"picked":"Slimebound:PressTheAttack+1","floor":47.0},{"not_picked":["Slimebound:LivingWall+1","Slimebound:DivideAndConquer"],"picked":"Slimebound:TongueLash+1","floor":48.0},{"not_picked":["Slimebound:MegaLick+1","Slimebound:Prepare+1"],"picked":"Slimebound:SlimeSlap","floor":49}],"player_experience":213103,"relics_obtained":[{"floor":7.0,"key":"Gremlin Horn"},{"floor":8.0,"key":"Ancient Tea Set"},{"floor":10.0,"key":"Centennial Puzzle"},{"floor":13.0,"key":"FossilizedHelix"},{"floor":14.0,"key":"Potion Belt"},{"floor":24.0,"key":"Oddly Smooth Stone"},{"floor":25.0,"key":"Pantograph"},{"floor":30.0,"key":"Blue Candle"},{"floor":47.0,"key":"Toxic Egg 2"}],"event_choices":[],"is_beta":false,"boss_relics":[{"not_picked":["bronze:MakeshiftBattery","Pandora\u0027s Box"],"picked":"Astrolabe"},{"not_picked":["Runic Pyramid","Empty Cage"],"picked":"SlaversCollar"}],"items_purged_floors":[21],"is_endless":false,"potions_floor_spawned":[5,8,10,13,14,16,19,22,25,29,31,32,36,37,47,48,49],"ascension_level":0}}