{"host":"2d69zsihwnsihkt1","time":1614031167,"event":{"mods":["AchievementEnabler","Act Like it!","BaseMod","Better Altar","Better Note","Better Skull","Bossed Relics","Colored Map","Colored Powertips","Curses Come First","Displayed Cursed Tome","Googly Eyes","Hermit","Minty Spire (QoL Compilation)","Rare Cards Sparkle","Relic Stats","Replay The Spire","Robot Space Explorer","Shapeshifter Mod","Shop Mod","StSLib","The Forsaken","The Hayseed","The Runesmith"],"gold_per_floor":[112,112,287,307,307,307,348,368,414,414,454,454,3,3,3,128,128,151,151,72,72,86,86,86,120,120,140,140,187,187,259,259,391,391,411,744,760,844,903,903,934,948,948,948,977,977,84,99,99,99],"floor_reached":51,"language":"ENG","playtime":11321,"items_purged":["Doubt","theForsaken:TheForsaken_Strike"],"score":1247,"play_id":"6008c5a1-98fa-4ce4-9813-c72884636116","local_time":"20210222155927","is_ascension_mode":true,"campfire_choices":[{"floor":6,"key":"REST"},{"floor":12,"key":"REST"},{"data":"theForsaken:WrathOfGod","floor":15,"key":"SMITH"},{"data":"theForsaken:SacredOath","floor":23,"key":"SMITH"},{"floor":28,"key":"REST"},{"floor":30,"key":"REST"},{"floor":32,"key":"REST"},{"data":"theForsaken:TearsOfSunlight","floor":40,"key":"SMITH"},{"floor":44,"key":"REST"},{"data":"theForsaken:DefensiveStance","floor":46,"key":"SMITH"},{"data":"theForsaken:WrathOfGod+1","floor":49,"key":"SMITH"}],"circlet_count":0,"master_deck":["theForsaken:TheForsaken_Strike","theForsaken:TheForsaken_Strike","theForsaken:TheForsaken_Strike","theForsaken:TheForsaken_Defend","theForsaken:TheForsaken_Defend","theForsaken:TheForsaken_Defend+1","theForsaken:Smite","theForsaken:Penitence+1","theForsaken:HealingLight","theForsaken:WrathOfGod+2","theForsaken:Purification","theForsaken:SacredOath+1","theForsaken:DefensiveStance+1","theForsaken:SiphonStrike","theForsaken:Devotion","theForsaken:TearsOfSunlight+1","theForsaken:AncientWords+1","theForsaken:MagicWeapon+1","theForsaken:DivineGuidance","theForsaken:Retribution+1"],"relics":["theForsaken:ScalesOfTruth","WarpedTongs","Smiling Mask","theForsaken:Gavel","TungstenRod","Gambling Chip","Replay:Ringing Soul","theForsaken:Lifeblossom","Spirit Poop","Singing Bowl","CeramicFish","Thread and Needle","Question Card","Busted Crown","War Paint","Counterbalance","Replay:Bottled Steam","Blue Doll","Bag of Preparation","ReplayTheSpireMod:Shallot","TheAbacus"],"acts_visited":["Exordium","TheCity","TheBeyond"],"potions_floor_usage":[18,19,29,35,42,42,45,50,50],"damage_taken":[{"damage":8,"enemies":"Cultist","floor":1,"turns":5},{"damage":19,"enemies":"Jaw Worm","floor":4,"turns":8},{"damage":22,"enemies":"Lagavulin","floor":7,"turns":8},{"damage":10,"enemies":"2 Louse","floor":8,"turns":4},{"damage":0,"enemies":"Gremlin Nob","floor":11,"turns":4},{"damage":28,"enemies":"The Guardian","floor":16,"turns":12},{"damage":11,"enemies":"Shell Parasite","floor":18,"turns":5},{"damage":0,"enemies":"2 Thieves","floor":19,"turns":1},{"damage":16,"enemies":"Sentry and Sphere","floor":22,"turns":8},{"damage":60,"enemies":"Book of Stabbing","floor":25,"turns":9},{"damage":30,"enemies":"Cultist and Chosen","floor":27,"turns":9},{"damage":106,"enemies":"Gremlin Leader","floor":29,"turns":13},{"damage":51,"enemies":"Pondfish","floor":33,"turns":12},{"damage":30,"enemies":"3 Darklings","floor":35,"turns":8},{"damage":11,"enemies":"Orb Walker","floor":37,"turns":4},{"damage":18,"enemies":"Mind Bloom Boss Battle","floor":39,"turns":10},{"damage":24,"enemies":"R_Hoarder","floor":41,"turns":12},{"damage":51,"enemies":"Transient","floor":42,"turns":5},{"damage":21,"enemies":"Jaw Worm Horde","floor":45,"turns":7},{"damage":21,"enemies":"4 Shapes","floor":48,"turns":6},{"damage":120,"enemies":"Donu and Deca","floor":50,"turns":11}],"seed_played":"-3710964242092820821","potions_obtained":[{"floor":1,"key":"SmokeBomb"},{"floor":7,"key":"FairyPotion"},{"floor":16,"key":"Weak Potion"},{"floor":27,"key":"Adrenaline Potion"},{"floor":29,"key":"LifebloodPotion"},{"floor":35,"key":"BlessingOfTheForge"},{"floor":41,"key":"Fire Potion"},{"floor":42,"key":"ColorlessPotion"},{"floor":45,"key":"PowerPotion"}],"is_trial":false,"path_per_floor":["M","?","?","M","?","R","E","M","T","T","E","R","$","?","R","B",null,"M","M","$","$","M","R","?","E","T","M","R","E","R","T","R","B",null,"M","?","M","?","?","R","E","M","T","R","M","R","$","M","R","B",null],"character_chosen":"THE_FORSAKEN","items_purchased":["Replay:Ringing Soul","theForsaken:Lifeblossom","theForsaken:DefensiveStance","Bag of Preparation","ReplayTheSpireMod:Shallot","TheAbacus","DuplicationPotion","theForsaken:DivineGuidance","theForsaken:Retribution+1"],"campfire_rested":6,"item_purchase_floors":[13,13,20,47,47,47,47,47,47],"current_hp_per_floor":[57,41,41,28,28,47,36,33,33,33,33,52,52,52,52,58,68,60,60,63,63,66,66,66,15,15,16,38,14,37,37,60,43,82,78,78,80,64,66,66,95,59,59,88,100,100,103,105,105,80],"gold":99,"neow_bonus":"RANDOM_EVENT","is_daily":false,"chose_seed":false,"campfire_upgraded":5,"win_rate":0.0,"timestamp":1614031167,"path_taken":["M","?","?","M","?","R","E","?","T","?","E","R","$","?","R","BOSS","M","M","?","$","?","R","?","E","T","M","R","E","R","?","R","BOSS","M","?","M","?","?","R","E","M","T","R","M","R","$","M","R","BOSS"],"items_purchased_type":["Relic","Relic","Card","Relic","Relic","Relic","Potion","Card","Card"],"build_version":"2020-12-22","purchased_purges":2,"victory":true,"max_hp_per_floor":[65,65,65,65,65,65,65,65,65,65,65,65,65,65,65,68,68,68,68,71,71,71,71,71,74,74,76,76,79,79,79,79,82,82,84,84,86,90,93,93,95,97,97,97,100,100,103,105,105,105],"relic_stats":{"Singing Bowl":16,"counters":[21,161],"CeramicFish":54,"Bag of Preparation":[4],"War Paint":["theForsaken:TheForsaken_Defend","theForsaken:Penitence"],"Smiling Mask":75,"Question Card":10,"WarpedTongs":[145],"Busted Crown":18,"TheAbacus":[24],"Gambling Chip":[35],"obtain_stats":[{"Singing Bowl":25,"Golden Idol":2,"CeramicFish":26,"Counterbalance":39,"Spirit Poop":14,"theForsaken:Lifeblossom":13,"theForsaken:ScalesOfTruth":17,"Thread and Needle":29,"Blue Doll":43,"Bag of Preparation":47,"War Paint":38,"Smiling Mask":7,"theForsaken:Gavel":9,"Question Card":31,"WarpedTongs":5,"Replay:Ringing Soul":13,"Busted Crown":34,"TheAbacus":47,"ReplayTheSpireMod:Shallot":47,"Gambling Chip":11,"theForsaken:JudgementScales":0,"TungstenRod":10,"Replay:Bottled Steam":41},{"Singing Bowl":10,"Golden Idol":1,"CeramicFish":10,"Counterbalance":16,"Spirit Poop":5,"theForsaken:Lifeblossom":5,"theForsaken:ScalesOfTruth":6,"Thread and Needle":12,"Blue Doll":18,"Bag of Preparation":19,"War Paint":15,"Smiling Mask":3,"theForsaken:Gavel":4,"Question Card":12,"WarpedTongs":2,"Replay:Ringing Soul":5,"Busted Crown":13,"TheAbacus":19,"ReplayTheSpireMod:Shallot":19,"Gambling Chip":5,"theForsaken:JudgementScales":0,"TungstenRod":4,"Replay:Bottled Steam":17},{"Singing Bowl":64,"Golden Idol":5,"CeramicFish":64,"Counterbalance":120,"Spirit Poop":29,"theForsaken:Lifeblossom":29,"theForsaken:ScalesOfTruth":41,"Thread and Needle":86,"Blue Doll":137,"Bag of Preparation":144,"War Paint":110,"Smiling Mask":21,"theForsaken:Gavel":25,"Question Card":86,"WarpedTongs":13,"Replay:Ringing Soul":29,"Busted Crown":98,"TheAbacus":144,"ReplayTheSpireMod:Shallot":144,"Gambling Chip":29,"theForsaken:JudgementScales":0,"TungstenRod":25,"Replay:Bottled Steam":132}],"TungstenRod":98},"card_choices":[{"not_picked":["theForsaken:StoreUp","theForsaken:HymnOfPatience"],"picked":"theForsaken:HealingLight","floor":1},{"not_picked":["theForsaken:Thunderbolt","theForsaken:Backlash"],"picked":"theForsaken:WrathOfGod","floor":4},{"not_picked":["theForsaken:ShieldCharge","theForsaken:HymnOfPatience","theForsaken:LightRoll"],"picked":"SKIP","floor":7},{"not_picked":["theForsaken:Riposte","theForsaken:Enfeeble"],"picked":"theForsaken:Purification","floor":8},{"not_picked":["theForsaken:BlindFaith","theForsaken:NobleSacrifice","theForsaken:StoreUp"],"picked":"SKIP","floor":11},{"not_picked":["theForsaken:Horror","theForsaken:DesperatePlea"],"picked":"theForsaken:SacredOath","floor":16},{"not_picked":["theForsaken:RainingSunlight","theForsaken:ShieldCharge","theForsaken:PowerUp"],"picked":"SKIP","floor":18},{"not_picked":["theForsaken:PowerUp+1","theForsaken:Preservation","theForsaken:ScorchingSunlight+1"],"picked":"SKIP","floor":22},{"not_picked":["theForsaken:Bolster","theForsaken:Devotion"],"picked":"theForsaken:SiphonStrike","floor":25},{"not_picked":["theForsaken:NobleSacrifice","theForsaken:HorrifyingStrike","theForsaken:DarkRift"],"picked":"Singing Bowl","floor":27},{"not_picked":["theForsaken:StoreUp","theForsaken:FatRoll+1"],"picked":"theForsaken:Devotion","floor":29},{"not_picked":["theForsaken:SacredOath","theForsaken:DarkRift","theForsaken:CorruptedForm"],"picked":"theForsaken:TearsOfSunlight","floor":33},{"not_picked":["theForsaken:WardingHymn","theForsaken:HorrifyingStrike+1"],"picked":"Singing Bowl","floor":35},{"not_picked":["theForsaken:WordsOfMight+1","theForsaken:SolarFlare+1"],"picked":"Singing Bowl","floor":37},{"not_picked":["theForsaken:Backlash+1","theForsaken:HymnOfPatience+1"],"picked":"Singing Bowl","floor":38},{"not_picked":["theForsaken:FatRoll","theForsaken:Parry"],"picked":"Singing Bowl","floor":38},{"not_picked":["theForsaken:QuickAttack"],"picked":"theForsaken:AncientWords+1","floor":39},{"not_picked":["theForsaken:NobleSacrifice","theForsaken:HealingLight+1"],"picked":"Singing Bowl","floor":41},{"not_picked":["theForsaken:NobleSacrifice","theForsaken:FuryStrikes+1"],"picked":"Singing Bowl","floor":42},{"not_picked":["theForsaken:WordsOfPestilence+1"],"picked":"theForsaken:MagicWeapon+1","floor":45},{"not_picked":["theForsaken:ScorchingSunlight","theForsaken:CleansingLight+1"],"picked":"Singing Bowl","floor":48}],"player_experience":1846947,"relics_obtained":[{"floor":7,"key":"Smiling Mask"},{"floor":9,"key":"theForsaken:Gavel"},{"floor":10,"key":"TungstenRod"},{"floor":11,"key":"Gambling Chip"},{"floor":25,"key":"Singing Bowl"},{"floor":26,"key":"CeramicFish"},{"floor":29,"key":"Thread and Needle"},{"floor":31,"key":"Question Card"},{"floor":38,"key":"War Paint"},{"floor":39,"key":"Counterbalance"},{"floor":41,"key":"Replay:Bottled Steam"},{"floor":43,"key":"Blue Doll"}],"event_choices":[{"damage_healed":0,"gold_gain":0,"player_choice":"Take Damage","damage_taken":16,"relics_obtained":["Golden Idol"],"max_hp_gain":0,"max_hp_loss":0,"event_name":"Golden Idol","floor":2,"gold_loss":0},{"damage_healed":0,"gold_gain":175,"player_choice":"AGREE","damage_taken":0,"max_hp_gain":0,"max_hp_loss":0,"event_name":"Liars Game","floor":3,"gold_loss":0,"cards_obtained":["Doubt"]},{"damage_healed":0,"gold_gain":0,"player_choice":"Rummage","damage_taken":0,"relics_obtained":["WarpedTongs"],"max_hp_gain":0,"max_hp_loss":0,"event_name":"Accursed Blacksmith","floor":5,"gold_loss":0,"cards_obtained":["Pain"]},{"cards_removed":["Pain"],"damage_healed":0,"gold_gain":0,"player_choice":"Offered Curse","damage_taken":0,"relics_obtained":["Spirit Poop"],"max_hp_gain":0,"max_hp_loss":0,"event_name":"Bonfire Elementals","floor":14,"gold_loss":0},{"damage_healed":0,"gold_gain":0,"player_choice":"Ignored","damage_taken":0,"max_hp_gain":0,"max_hp_loss":0,"event_name":"Beggar","floor":24,"gold_loss":0},{"damage_healed":0,"gold_gain":333,"player_choice":"Gave Idol","damage_taken":0,"max_hp_gain":0,"max_hp_loss":0,"event_name":"The Moai Head","floor":36,"relics_lost":["Golden Idol"],"gold_loss":0},{"damage_healed":0,"gold_gain":0,"player_choice":"Fight","damage_taken":0,"max_hp_gain":0,"max_hp_loss":0,"event_name":"MindBloom","floor":39,"gold_loss":0}],"is_beta":false,"boss_relics":[{"not_picked":["Calling Bell","Cursed Key"],"picked":"theForsaken:ScalesOfTruth"},{"not_picked":["theForsaken:PaleLantern","Replay:Bronze Core"],"picked":"Busted Crown"}],"items_purged_floors":[13,47],"is_endless":false,"potions_floor_spawned":[1,7,16,27,29,35,41,42,45],"ascension_level":4}}