{"host":"lnfs5t5iydkm2lft","time":1614018551,"event":{"mods":["AchievementEnabler","Aspiration","BaseMod","Better Third Choice","BetterRewards","Colored Powertips","Downfall","Hermit","Hubris","Infinite Spire","Marisa????????","Minty Spire (QoL Compilation)","Quick Restart","Reliquary","Replay The Spire","StSLib","The Runesmith","TheBandit","everything is the same but u backflip on backflip"],"gold_per_floor":[113,113,44,44,60,91,123,147,185,216,228,340,366,412,424,537,549,577,589,601,613,625,637,649,649],"floor_reached":24,"language":"ENG","playtime":1019,"items_purged":[],"score":263,"play_id":"3eb29e59-885e-4292-a706-217346af10bf","local_time":"20210222122911","is_ascension_mode":true,"campfire_choices":[{"data":"PropBag","floor":11,"key":"SMITH"},{"floor":15,"key":"DIG"},{"data":"TreasureHunter","floor":23,"key":"SMITH"}],"circlet_count":0,"master_deck":["Strike_MRS","Strike_MRS","Strike_MRS","Defend_MRS","Defend_MRS","Defend_MRS","Defend_MRS","MasterSpark","UpSweep","EarthLightRay","PropBag+1","ManaRampage","StarBarrage","PowerUp","AsteroidBelt","OrrerysSun","TreasureHunter+1","DarkMatter","UnstableBomb+1","CurseOfTheBell"],"relics":["MiniHakkero","NeowsBlessing","MawBank","reliquary:GummyVitamins","reliquary:Spinner","Gremlin Food","aspiration:AnachronicSnailShell","RampagingMagicTools","Replay:Blank Codex","reliquary:Bookmark","Calling Bell","Guardian:PocketSentry","hubris:TinFlute","hubris:MedicalManual","Sundial"],"acts_visited":["Exordium","TheCity"],"potions_floor_usage":[8,13,14,16],"damage_taken":[{"damage":0,"enemies":"Small Slimes","floor":1,"turns":1},{"damage":0,"enemies":"Cultist","floor":5,"turns":1},{"damage":0,"enemies":"Replay:BlueRogue","floor":6,"turns":1},{"damage":14,"enemies":"infinitespire:Voidling","floor":7,"turns":3},{"damage":0,"enemies":"Large Slime","floor":8,"turns":4},{"damage":0,"enemies":"2 Fungi Beasts","floor":10,"turns":4},{"damage":5,"enemies":"3 Louse","floor":13,"turns":4},{"damage":26,"enemies":"Gremlin Nob","floor":14,"turns":5},{"damage":35,"enemies":"The Guardian","floor":16,"turns":14},{"damage":9,"enemies":"Shell Parasite","floor":18,"turns":6},{"damage":6,"enemies":"Slavers","floor":24,"turns":2}],"seed_played":"-4441294280655377825","potions_obtained":[{"floor":6,"key":"Toxic Potion"},{"floor":7,"key":"ColorlessPotion"},{"floor":8,"key":"Elixir"},{"floor":13,"key":"AttackPotion"},{"floor":18,"key":"SneckoOil"}],"is_trial":false,"path_per_floor":["M","?","$","?","M","E","M","M","T","M","R","?","M","E","R","B",null,"M","?","AVR","?","?","R","E"],"character_chosen":"MARISA","items_purchased":["ManaRampage"],"campfire_rested":0,"item_purchase_floors":[3],"current_hp_per_floor":[75,75,75,75,75,75,65,69,69,73,73,73,70,48,48,17,75,66,50,50,75,61,61,55,55],"gold":649,"neow_bonus":"THREE_ENEMY_KILL","is_daily":false,"chose_seed":false,"campfire_upgraded":2,"win_rate":0.0,"timestamp":1614018551,"path_taken":["M","?","$","?","?","E","M","M","T","M","R","?","?","E","R","BOSS","M","?","AVR","?","?","R","E"],"items_purchased_type":["Card"],"build_version":"2020-12-22","purchased_purges":0,"victory":false,"max_hp_per_floor":[75,75,75,75,75,75,75,75,75,75,75,75,75,75,75,75,75,75,75,75,75,80,80,80,80],"card_choices":[{"not_picked":["Acceleration","GravityBeat"],"picked":"EarthLightRay","floor":1},{"not_picked":["OortCloud","ShootingEcho"],"picked":"StarBarrage","floor":5},{"not_picked":["UnstableBomb","DragonMeteor"],"picked":"PowerUp","floor":6},{"not_picked":["PowerUp","GravityBeat"],"picked":"AsteroidBelt","floor":7},{"not_picked":["ManaConvection","SporeBomb"],"picked":"OrrerysSun","floor":8},{"not_picked":["AlicesGift","MysteriousBeam"],"picked":"TreasureHunter","floor":10},{"not_picked":["WitchOfGreed","MysteriousBeam","StarlightTyphoon"],"picked":"SKIP","floor":13},{"not_picked":["SporeBomb","UnstableBomb"],"picked":"DarkMatter","floor":14},{"not_picked":["EnergyFlow","SuperPerseids"],"picked":"UnstableBomb+1","floor":18}],"player_experience":428130,"relics_obtained":[{"floor":6,"key":"MawBank"},{"floor":14,"key":"reliquary:GummyVitamins"},{"floor":14,"key":"reliquary:Spinner"},{"floor":15,"key":"Gremlin Food"},{"floor":16,"key":"aspiration:AnachronicSnailShell"},{"floor":19,"key":"Replay:Blank Codex"},{"floor":20,"key":"Guardian:PocketSentry"},{"floor":20,"key":"hubris:TinFlute"},{"floor":20,"key":"hubris:MedicalManual"}],"event_choices":[{"damage_healed":0,"gold_gain":100,"player_choice":"Gold","damage_taken":0,"max_hp_gain":0,"max_hp_loss":0,"event_name":"Wheel of Change","floor":12,"gold_loss":0},{"damage_healed":0,"gold_gain":0,"player_choice":"Obtained Book","damage_taken":16,"max_hp_gain":0,"max_hp_loss":0,"event_name":"Cursed Tome","floor":19,"gold_loss":0},{"damage_healed":25,"gold_gain":0,"player_choice":"Heal","damage_taken":0,"max_hp_gain":0,"max_hp_loss":0,"event_name":"The Library","floor":21,"gold_loss":0},{"damage_healed":0,"gold_gain":0,"player_choice":"Shed Blood","damage_taken":19,"max_hp_gain":5,"max_hp_loss":0,"event_name":"Forgotten Altar","floor":22,"gold_loss":0}],"is_beta":false,"boss_relics":[{"not_picked":["Busted Crown","aspiration:RitualDagger"],"picked":"RampagingMagicTools"}],"items_purged_floors":[],"is_endless":false,"potions_floor_spawned":[6,7,8,13,18],"killed_by":"Slavers","ascension_level":3}}