{"host":"w14xfy17z3c5mpoi","time":1614004671,"event":{"mods":["AchievementEnabler","BaseMod","Minty Spire (QoL Compilation)","Relic Stats"],"gold_per_floor":[117,136,154,154,19,44,9,27,27,27,27,60,60,77,77,77,77],"floor_reached":16,"language":"ENG","playtime":522,"items_purged":[],"score":182,"play_id":"70d81640-bf6d-4256-b178-3258498a84ac","local_time":"20210222093751","is_ascension_mode":true,"campfire_choices":[{"data":"Terror","floor":10,"key":"SMITH"},{"data":"Burst","floor":13,"key":"SMITH"},{"floor":15,"key":"REST"}],"circlet_count":0,"master_deck":["AscendersBane","Strike_G","Strike_G","Strike_G","Strike_G","Strike_G","Defend_G","Defend_G","Defend_G","Defend_G","Defend_G","Survivor","Neutralize","Burst+1","Crippling Poison","Poisoned Stab","Dagger Throw","Terror+1","Dagger Throw","Endless Agony","Sucker Punch","Slice","Dagger Spray"],"relics":["Ring of the Snake","Tiny Chest","Matryoshka","NlothsMask","Gremlin Horn"],"acts_visited":["Exordium"],"potions_floor_usage":[6,12],"damage_taken":[{"damage":6,"enemies":"Jaw Worm","floor":1,"turns":6},{"damage":5,"enemies":"Small Slimes","floor":2,"turns":4},{"damage":5,"enemies":"2 Louse","floor":3,"turns":3},{"damage":20,"enemies":"Gremlin Nob","floor":6,"turns":5},{"damage":14,"enemies":"Lots of Slimes","floor":8,"turns":4},{"damage":20,"enemies":"Lagavulin","floor":12,"turns":6},{"damage":10,"enemies":"3 Louse","floor":14,"turns":2},{"damage":28,"enemies":"Hexaghost","floor":16,"turns":9}],"seed_played":"-2666161119202119152","potions_obtained":[{"floor":2,"key":"Poison Potion"},{"floor":8,"key":"Dexterity Potion"},{"floor":14,"key":"GamblersBrew"}],"is_trial":false,"path_per_floor":["M","M","M","?","$","E","?","M","T","R","?","E","R","M","R","B"],"character_chosen":"THE_SILENT","items_purchased":["Terror","Block Potion","Dagger Throw"],"campfire_rested":1,"item_purchase_floors":[5,5,5],"current_hp_per_floor":[57,52,47,52,52,32,50,36,36,36,36,16,16,6,28,0,0],"gold":77,"neow_bonus":"ONE_RANDOM_RARE_CARD","is_daily":false,"chose_seed":false,"campfire_upgraded":2,"win_rate":0.0,"timestamp":1614004671,"path_taken":["M","M","M","?","$","E","?","M","T","R","?","E","R","M","R","BOSS"],"items_purchased_type":["Card","Potion","Card"],"build_version":"2020-12-22","purchased_purges":0,"victory":false,"max_hp_per_floor":[70,70,70,75,75,75,75,75,75,75,75,75,75,75,75,75,75],"relic_stats":{"Gremlin Horn":[0,0],"counters":[8,39],"Tiny Chest":0,"obtain_stats":[{"Matryoshka":9,"Gremlin Horn":12,"Tiny Chest":6,"Ring of the Snake":0,"NlothsMask":11},{"Matryoshka":5,"Gremlin Horn":6,"Tiny Chest":4,"Ring of the Snake":0,"NlothsMask":5},{"Matryoshka":22,"Gremlin Horn":28,"Tiny Chest":18,"Ring of the Snake":0,"NlothsMask":22}],"Ring of the Snake":[17]},"card_choices":[{"not_picked":["Deflect","Quick Slash"],"picked":"Crippling Poison","floor":1},{"not_picked":["Deadly Poison","Expertise"],"picked":"Poisoned Stab","floor":2},{"not_picked":["All Out Attack","Dodge and Roll"],"picked":"Dagger Throw","floor":3},{"not_picked":["Acrobatics","Terror"],"picked":"Endless Agony","floor":6},{"not_picked":["Acrobatics","Prepared"],"picked":"Sucker Punch","floor":8},{"not_picked":["Accuracy","Escape Plan"],"picked":"Slice","floor":12},{"not_picked":["Endless Agony","Sucker Punch"],"picked":"Dagger Spray","floor":14}],"player_experience":768017,"relics_obtained":[{"floor":6,"key":"Tiny Chest"},{"floor":9,"key":"Matryoshka"},{"floor":12,"key":"Gremlin Horn"}],"event_choices":[{"damage_healed":0,"gold_gain":0,"player_choice":"Donut","damage_taken":0,"max_hp_gain":5,"max_hp_loss":0,"event_name":"Big Fish","floor":4,"gold_loss":0},{"damage_healed":18,"gold_gain":0,"player_choice":"Healed","damage_taken":0,"max_hp_gain":0,"max_hp_loss":0,"event_name":"The Cleric","floor":7,"gold_loss":35},{"damage_healed":0,"gold_gain":0,"player_choice":"Trade","damage_taken":0,"relics_obtained":["NlothsMask"],"max_hp_gain":0,"max_hp_loss":0,"event_name":"FaceTrader","floor":11,"gold_loss":0}],"is_beta":false,"boss_relics":[],"items_purged_floors":[],"is_endless":false,"potions_floor_spawned":[2,8,14],"killed_by":"Hexaghost","ascension_level":13}}