{"host":"Joker2kill","time":1614037827,"event":{"mods":["BaseMod","Bestiary","Curses Come First","Minty Spire (QoL Compilation)","StSLib"],"gold_per_floor":[109,39,51,51,1,36,36,61,61,81,81,92,92,121,121,217,217,230,155,155,155,5,32,32,65,65,65,85,102,112,130,130,231,231,244,244,258,258,269,296,296,327,404,12,25,25,25,52,52,52],"floor_reached":51,"language":"ENG","playtime":2711,"items_purged":["Defend_R"],"score":1029,"play_id":"544d2960-24d3-45d1-b0ee-1d1d06d256a5","local_time":"20210222185027","is_ascension_mode":true,"campfire_choices":[{"data":"Uppercut","floor":7,"key":"SMITH"},{"data":"True Grit","floor":11,"key":"SMITH"},{"data":"Armaments","floor":13,"key":"SMITH"},{"data":"Bash","floor":15,"key":"SMITH"},{"floor":24,"key":"REST"},{"data":"Demon Form","floor":27,"key":"SMITH"},{"data":"Demon Form","floor":32,"key":"SMITH"},{"data":"Limit Break","floor":41,"key":"SMITH"},{"data":"Heavy Blade","floor":47,"key":"SMITH"},{"floor":49,"key":"REST"}],"circlet_count":0,"master_deck":["Strike_R","Strike_R","Strike_R","Strike_R","Strike_R","Defend_R","Defend_R","Defend_R","Bash+1","Uppercut+1","Wild Strike","True Grit+1","Wild Strike","True Grit","Warcry","Armaments+1","Reaper","Demon Form+1","Demon Form+1","Clothesline","Shockwave","Heavy Blade+1","Limit Break+1","Headbutt+1","Heavy Blade+1","Heavy Blade+1","Heavy Blade+1"],"relics":["Burning Blood","NeowsBlessing","Pear","PreservedInsect","Meat on the Bone","Omamori","Gremlin Horn","Snecko Eye","Vajra","DollysMirror","Art of War","HornCleat","Bottled Tornado","Sozu","Red Skull","Singing Bowl","Akabeko","Letter Opener","Medical Kit","Ornamental Fan","Sundial","Self Forming Clay"],"acts_visited":["Exordium","TheCity","TheBeyond"],"potions_floor_usage":[16,16,23,31,50],"damage_taken":[{"damage":0,"enemies":"Cultist","floor":1,"turns":1},{"damage":0,"enemies":"2 Louse","floor":3,"turns":1},{"damage":0,"enemies":"3 Sentries","floor":6,"turns":1},{"damage":16,"enemies":"Lagavulin","floor":8,"turns":5},{"damage":9,"enemies":"Jaw Worm","floor":10,"turns":3},{"damage":23,"enemies":"Exordium Wildlife","floor":12,"turns":5},{"damage":25,"enemies":"3 Sentries","floor":14,"turns":5},{"damage":33,"enemies":"Slime Boss","floor":16,"turns":10},{"damage":17,"enemies":"3 Byrds","floor":18,"turns":5},{"damage":29,"enemies":"Book of Stabbing","floor":23,"turns":5},{"damage":7,"enemies":"Slavers","floor":25,"turns":3},{"damage":8,"enemies":"Chosen","floor":28,"turns":2},{"damage":4,"enemies":"Snake Plant","floor":29,"turns":3},{"damage":18,"enemies":"Centurion and Healer","floor":30,"turns":5},{"damage":5,"enemies":"Shelled Parasite and Fungi","floor":31,"turns":2},{"damage":26,"enemies":"Automaton","floor":33,"turns":6},{"damage":16,"enemies":"3 Shapes","floor":35,"turns":4},{"damage":0,"enemies":"Orb Walker","floor":37,"turns":2},{"damage":29,"enemies":"Sphere and 2 Shapes","floor":39,"turns":3},{"damage":0,"enemies":"Giant Head","floor":40,"turns":4},{"damage":15,"enemies":"Nemesis","floor":42,"turns":3},{"damage":4,"enemies":"Maw","floor":45,"turns":4},{"damage":28,"enemies":"Reptomancer","floor":48,"turns":4},{"damage":48,"enemies":"Donu and Deca","floor":50,"turns":5}],"seed_played":"-542982268758524386","potions_obtained":[{"floor":3,"key":"Weak Potion"},{"floor":6,"key":"Ancient Potion"},{"floor":8,"key":"SpeedPotion"},{"floor":16,"key":"SkillPotion"},{"floor":18,"key":"Block Potion"},{"floor":25,"key":"Ancient Potion"},{"floor":28,"key":"SteroidPotion"},{"floor":31,"key":"Energy Potion"}],"is_trial":false,"path_per_floor":["M","$","M","?","$","E","R","E","T","M","R","M","R","E","R","B",null,"M","$","?","?","$","E","R","E","T","R","M","M","M","M","R","B",null,"M","?","M","T","M","E","R","E","T","$","M","?","R","E","R","B",null],"character_chosen":"IRONCLAD","items_purchased":["Wild Strike","True Grit","PowerPotion","DollysMirror","Medical Kit","Ornamental Fan"],"campfire_rested":2,"item_purchase_floors":[2,2,5,22,44,44],"current_hp_per_floor":[80,80,80,83,83,89,89,79,79,76,76,59,59,52,52,44,90,80,80,80,80,80,57,84,90,90,90,90,90,90,90,90,70,90,90,90,90,90,67,73,73,66,66,66,84,84,84,64,92,73],"gold":52,"neow_bonus":"THREE_ENEMY_KILL","is_daily":false,"chose_seed":false,"campfire_upgraded":8,"win_rate":0.0,"timestamp":1614037827,"path_taken":["M","$","?","?","$","E","R","E","T","M","R","M","R","E","R","BOSS","M","$","?","?","$","E","R","E","T","R","?","M","M","M","R","BOSS","M","?","M","?","?","E","R","E","T","$","M","?","R","E","R","BOSS"],"items_purchased_type":["Card","Card","Potion","Relic","Relic","Relic"],"build_version":"2020-12-18","purchased_purges":1,"victory":true,"max_hp_per_floor":[80,80,80,90,90,90,90,90,90,90,90,90,90,90,90,90,90,90,90,90,90,90,90,90,90,90,90,90,90,90,90,90,90,90,90,90,90,90,90,90,90,92,92,92,92,92,92,94,94,94],"card_choices":[{"not_picked":["Warcry","Havoc"],"picked":"Uppercut","floor":1},{"not_picked":["Iron Wave","Flex","Havoc"],"picked":"SKIP","floor":3},{"not_picked":["Feel No Pain","Infernal Blade"],"picked":"Wild Strike","floor":6},{"not_picked":["Flex","Burning Pact"],"picked":"True Grit","floor":8},{"not_picked":["Sword Boomerang","Pommel Strike"],"picked":"Warcry","floor":10},{"not_picked":["Rampage","Sever Soul"],"picked":"Armaments","floor":12},{"not_picked":["Evolve","Reckless Charge"],"picked":"Reaper","floor":14},{"not_picked":["Limit Break","Exhume"],"picked":"Demon Form","floor":16},{"not_picked":["Bloodletting","Clash","Burning Pact"],"picked":"SKIP","floor":18},{"not_picked":["Thunderclap","Wild Strike"],"picked":"Clothesline","floor":23},{"not_picked":["Combust","Rage","Intimidate"],"picked":"SKIP","floor":25},{"not_picked":["Shrug It Off+1","Pommel Strike","Havoc"],"picked":"SKIP","floor":28},{"not_picked":["Intimidate","True Grit"],"picked":"Shockwave","floor":29},{"not_picked":["Juggernaut","Wild Strike+1"],"picked":"Heavy Blade+1","floor":30},{"not_picked":["Seeing Red+1","Second Wind"],"picked":"Clothesline","floor":31},{"not_picked":["Impervious","Juggernaut"],"picked":"Limit Break","floor":33},{"not_picked":["Wild Strike+1","Thunderclap","Disarm+1"],"picked":"SKIP","floor":35},{"not_picked":["Clothesline","Perfected Strike+1"],"picked":"Headbutt+1","floor":37},{"not_picked":["Perfected Strike+1","Headbutt+1"],"picked":"Heavy Blade+1","floor":39},{"not_picked":["Battle Trance","Pummel"],"picked":"Heavy Blade+1","floor":40},{"not_picked":["Immolate","Sever Soul+1","Shrug It Off+1"],"picked":"Singing Bowl","floor":42},{"not_picked":["Iron Wave+1","Body Slam"],"picked":"Heavy Blade","floor":45},{"not_picked":["Infernal Blade","Combust+1","Reckless Charge"],"picked":"Singing Bowl","floor":48}],"player_experience":352553,"relics_obtained":[{"floor":6,"key":"PreservedInsect"},{"floor":8,"key":"Meat on the Bone"},{"floor":9,"key":"Omamori"},{"floor":14,"key":"Gremlin Horn"},{"floor":23,"key":"Art of War"},{"floor":25,"key":"HornCleat"},{"floor":26,"key":"Bottled Tornado"},{"floor":38,"key":"Red Skull"},{"floor":40,"key":"Singing Bowl"},{"floor":42,"key":"Akabeko"},{"floor":43,"key":"Letter Opener"},{"floor":48,"key":"Self Forming Clay"}],"event_choices":[{"damage_healed":0,"gold_gain":0,"player_choice":"Success","damage_taken":7,"relics_obtained":["Pear"],"max_hp_gain":0,"max_hp_loss":0,"event_name":"Scrap Ooze","floor":4,"gold_loss":0},{"damage_healed":0,"gold_gain":0,"player_choice":"Opened","damage_taken":0,"relics_obtained":["Vajra"],"max_hp_gain":0,"max_hp_loss":0,"event_name":"The Mausoleum","floor":20,"gold_loss":0},{"damage_healed":0,"gold_gain":0,"player_choice":"Bought 0 Potions","damage_taken":0,"max_hp_gain":0,"max_hp_loss":0,"event_name":"The Woman in Blue","floor":21,"gold_loss":0},{"cards_removed":["Clothesline"],"damage_healed":0,"gold_gain":0,"player_choice":"Removed Attack","damage_taken":0,"max_hp_gain":0,"max_hp_loss":0,"event_name":"Falling","floor":36,"gold_loss":0},{"damage_healed":0,"gold_gain":0,"player_choice":"Gave Potion","damage_taken":0,"relics_obtained":["Sundial"],"max_hp_gain":0,"max_hp_loss":0,"event_name":"WeMeetAgain","floor":46,"gold_loss":0}],"is_beta":true,"boss_relics":[{"not_picked":["SlaversCollar","Busted Crown"],"picked":"Snecko Eye"},{"not_picked":["Calling Bell","Coffee Dripper"],"picked":"Sozu"}],"items_purged_floors":[19],"is_endless":false,"potions_floor_spawned":[3,6,8,14,16,18,25,28,31,35,37],"ascension_level":4}}