{"host":"z37g2hkgkh2zjyzk","time":1614014515,"event":{"mods":["2.2 Compatiblity","AchievementEnabler","BaseMod","Bestiary","Colored Map","Colored Powertips","Curses Come First","Highlight Path","Keyboard Shortcuts","Minty Spire (QoL Compilation)","Relic Stats","StSLib","SuperFastMode"],"gold_per_floor":[366,366,216,235,253,253,175,204,204,204,214,214,224,242,242,339,339,355,370,370,370],"floor_reached":20,"language":"ENG","playtime":1042,"items_purged":["Strike_B"],"score":220,"play_id":"92274099-9e2a-4392-bfc8-7ae48d9faf28","local_time":"20210222182155","is_ascension_mode":true,"campfire_choices":[{"floor":6,"key":"REST"},{"data":"Defragment","floor":10,"key":"SMITH"},{"data":"Defragment","floor":12,"key":"SMITH"},{"data":"Defragment","floor":15,"key":"SMITH"}],"circlet_count":0,"master_deck":["Strike_B","Strike_B","Strike_B+1","Defend_B+1","Defend_B","Defend_B","Defend_B","Zap","Dualcast+1","Defragment+1","Defragment+1","Sweeping Beam+1","Hologram","Sunder","Turbo+1","Double Energy+1","Defragment+1","Echo Form","CurseOfTheBell","Go for the Eyes","Steam+1"],"relics":["Cracked Core","Toxic Egg 2","Meat on the Bone","Whetstone","Calling Bell","Anchor","Blue Candle","Du-Vu Doll"],"acts_visited":["Exordium","TheCity"],"potions_floor_usage":[16,16,16],"damage_taken":[{"damage":5,"enemies":"Small Slimes","floor":1,"turns":3},{"damage":0,"enemies":"2 Louse","floor":4,"turns":1},{"damage":0,"enemies":"Cultist","floor":5,"turns":3},{"damage":19,"enemies":"Lagavulin","floor":8,"turns":6},{"damage":15,"enemies":"Gremlin Gang","floor":11,"turns":3},{"damage":6,"enemies":"Looter","floor":13,"turns":3},{"damage":6,"enemies":"3 Louse","floor":14,"turns":2},{"damage":32,"enemies":"Hexaghost","floor":16,"turns":7},{"damage":50,"enemies":"3 Byrds","floor":18,"turns":4},{"damage":7,"enemies":"2 Thieves","floor":19,"turns":3},{"damage":39,"enemies":"Chosen and Byrds","floor":20,"turns":4}],"seed_played":"6693323433085442574","potions_obtained":[{"floor":11,"key":"FocusPotion"},{"floor":13,"key":"Regen Potion"},{"floor":14,"key":"ColorlessPotion"},{"floor":19,"key":"Swift Potion"}],"is_trial":false,"path_per_floor":["M","?","$","M","M","R","?","E","T","R","M","R","M","M","R","B",null,"M","M","M"],"character_chosen":"DEFECT","items_purchased":["Defragment"],"campfire_rested":1,"item_purchase_floors":[3],"current_hp_per_floor":[49,34,34,34,34,56,56,37,37,37,34,34,40,46,46,41,67,29,34,0,0],"gold":370,"neow_bonus":"TWO_FIFTY_GOLD","is_daily":false,"chose_seed":false,"campfire_upgraded":3,"win_rate":0.0,"timestamp":1614014515,"path_taken":["M","?","$","M","M","R","?","E","T","R","?","R","?","M","R","BOSS","M","M","M"],"items_purchased_type":["Card"],"build_version":"2020-12-22","purchased_purges":1,"victory":false,"max_hp_per_floor":[75,75,75,75,75,75,75,75,75,75,75,75,75,75,75,75,75,75,75,75,75],"relic_stats":{"counters":[11,39],"Blue Candle":[2],"Whetstone":["Sweeping Beam","Strike_B"],"obtain_stats":[{"Calling Bell":17,"Du-Vu Doll":17,"Anchor":17,"Blue Candle":17,"Whetstone":9,"Toxic Egg 2":7,"Cracked Core":0,"Meat on the Bone":8},{"Calling Bell":8,"Du-Vu Doll":8,"Anchor":8,"Blue Candle":8,"Whetstone":4,"Toxic Egg 2":3,"Cracked Core":0,"Meat on the Bone":4},{"Calling Bell":28,"Du-Vu Doll":28,"Anchor":28,"Blue Candle":28,"Whetstone":13,"Toxic Egg 2":7,"Cracked Core":0,"Meat on the Bone":13}],"Meat on the Bone":72},"card_choices":[{"not_picked":["Sweeping Beam","White Noise"],"picked":"Defragment","floor":1},{"not_picked":["Redo","Undo"],"picked":"Sweeping Beam","floor":4},{"not_picked":["Streamline","White Noise"],"picked":"Hologram","floor":5},{"not_picked":["Conserve Battery+1","Gash"],"picked":"Sunder","floor":8},{"not_picked":["Undo+1","Conserve Battery+1"],"picked":"Turbo+1","floor":11},{"not_picked":["Sunder","Gash"],"picked":"Double Energy+1","floor":13},{"not_picked":["Gash","Lockon"],"picked":"Defragment","floor":14},{"not_picked":["Rainbow+1","Creative AI"],"picked":"Echo Form","floor":16},{"not_picked":["Beam Cell+1","Barrage"],"picked":"Go for the Eyes","floor":18},{"not_picked":["FTL","Go for the Eyes"],"picked":"Steam+1","floor":19}],"player_experience":202949,"relics_obtained":[{"floor":8,"key":"Meat on the Bone"},{"floor":9,"key":"Whetstone"},{"floor":17,"key":"Anchor"},{"floor":17,"key":"Blue Candle"},{"floor":17,"key":"Du-Vu Doll"}],"event_choices":[{"damage_healed":0,"gold_gain":0,"player_choice":"Entered Light","damage_taken":15,"max_hp_gain":0,"max_hp_loss":0,"event_name":"Shining Light","floor":2,"gold_loss":0,"cards_upgraded":["Defend_B","Dualcast"]},{"damage_healed":0,"gold_gain":0,"player_choice":"Paid Gold","damage_taken":0,"relics_obtained":["Toxic Egg 2"],"max_hp_gain":0,"max_hp_loss":0,"event_name":"WeMeetAgain","floor":7,"gold_loss":78}],"is_beta":false,"boss_relics":[{"not_picked":["Pandora\u0027s Box","Astrolabe"],"picked":"Calling Bell"}],"items_purged_floors":[3],"is_endless":false,"potions_floor_spawned":[11,13,14,19],"killed_by":"Chosen and Byrds","ascension_level":5}}