{"host":"yrr8h8i6xyokjw1v","time":1614027813,"event":{"mods":["Act Like it!","Ascension Reborn","BaseMod","BetterRewards","Downfall","Duelist Mod","Gensokyo","Hermit","Minty Spire (QoL Compilation)","READ ME - Guardian Mod","Replay The Spire","Ruina","StSLib","The Construct","The Cursed","The Disciple","The Marked","The Mystic","The Necromancer","The Problem Sleuth","The Runesmith","The Servant 0.9.4","TheFirefly","TheSwordswoman"],"gold_per_floor":[99,117,392,411,431,442,442,442,472,485,560,260,277,295,307,412,412,488,504,504,504,236,255,280,73,102,121,121,137,137,113,130,229,229,229,242,242,255,177,177,177],"floor_reached":40,"language":"ENG","playtime":3252,"items_purged":[],"score":710,"play_id":"6baa7b2c-6d91-4c2a-b039-f4449a3839de","local_time":"20210222210333","is_ascension_mode":true,"campfire_choices":[{"floor":1,"key":"RECALL"},{"data":"TheCursedMod:CleanUpWorkshop","floor":12,"key":"SMITH"},{"data":"TheCursedMod:HellsGateOpen","floor":30,"key":"SMITH"}],"circlet_count":0,"master_deck":["TheCursedMod:Strike_TheCursed","TheCursedMod:Strike_TheCursed+1","TheCursedMod:Strike_TheCursed","TheCursedMod:Strike_TheCursed","TheCursedMod:Defend_TheCursed","TheCursedMod:Defend_TheCursed","TheCursedMod:Defend_TheCursed+1","TheCursedMod:Defend_TheCursed+1","TheCursedMod:CursedWand","TheCursedMod:CleanUpWorkshop+1","TheCursedMod:Dregs","theDuelist:GravekeeperCurse","TheCursedMod:CursedBlade","Regret","TheCursedMod:Evocation","TheCursedMod:SmokeScreen","TheCursedMod:SpitefulStrike","Amnesia","TheCursedMod:CircleOfFlame","TheCursedMod:CursedShiv","TheCursedMod:TroublousMinions","TheCursedMod:SpitefulPray","TheCursedMod:HellsGateOpen+1","TheCursedMod:AntiAging","CurseOfTheBell","TheCursedMod:CircleOfFlame+1","downfall:Bewildered","TheCursedMod:CircleOfAmplification+1","TheCursedMod:CursedBlade+1","TheCursedMod:CursedShiv","TheCursedMod:CursedArmor","TheCursedMod:Neurasthenia","TheCursedMod:SpitefulStrike","TheCursedMod:Grudge+1","TheCursedMod:SpitefulStrike","TheCursedMod:Hemoplague","TheCursedMod:CursedBoomerang+1","TheCursedMod:CircleOfBlood","TheCursedMod:Hemoplague+1","TheCursedMod:AntiAging","TheCursedMod:HellsGateOpen+1","TheCursedMod:RavingStaff","TheCursedMod:LuckyCharm"],"relics":["TheCursedMod:BlackMagic101","construct:RocketBooster","Ring of Fury","Ring of Misfortune","Nunchaku","downfall:HeartBlessingBlue","downfall:HeartBlessingRed","downfall:HeartBlessingGreen","Calling Bell","ReplayTheSpireMod:TigerMarble","Letter Opener","CaptainsWheel","sneckomod:BabySnecko","Bag of Preparation","Orichalcum","Sling","Ginger","FossilizedHelix","TheCursedMod:MagicCandle","Runic Pyramid"],"acts_visited":["Exordium","TheCity","TheBeyond"],"potions_floor_usage":[6,9,16,16,16,29,32,33,33,33,40],"damage_taken":[{"damage":0,"enemies":"Jaw Worm","floor":2,"turns":4},{"damage":15,"enemies":"Cultist","floor":4,"turns":4},{"damage":3,"enemies":"Small Slimes","floor":5,"turns":4},{"damage":24,"enemies":"Gremlin Gang","floor":6,"turns":4},{"damage":1,"enemies":"3 Sentries","floor":9,"turns":8},{"damage":2,"enemies":"Blue Slaver","floor":10,"turns":3},{"damage":2,"enemies":"downfall:LooterAlt","floor":13,"turns":2},{"damage":0,"enemies":"3 Louse","floor":14,"turns":2},{"damage":0,"enemies":"Exordium Thugs","floor":15,"turns":3},{"damage":0,"enemies":"SI_SHIV_ARCHETYPE","floor":16,"turns":5},{"damage":0,"enemies":"3 Byrds","floor":19,"turns":2},{"damage":0,"enemies":"downfall:FleeingMerchant","floor":22,"turns":4},{"damage":1,"enemies":"downfall:LooterAlt2","floor":23,"turns":3},{"damage":0,"enemies":"downfall:FleeingMerchant","floor":25,"turns":4},{"damage":0,"enemies":"Replay:Snechameleon","floor":26,"turns":3},{"damage":0,"enemies":"Cultist and Chosen","floor":27,"turns":4},{"damage":13,"enemies":"Chosen and Byrds","floor":29,"turns":3},{"damage":0,"enemies":"downfall:FleeingMerchant","floor":31,"turns":3},{"damage":0,"enemies":"3 Cultists","floor":32,"turns":4},{"damage":0,"enemies":"DF_ARCHETYPE_CLAW","floor":33,"turns":7},{"damage":12,"enemies":"3 Shapes","floor":36,"turns":2},{"damage":0,"enemies":"3 Darklings","floor":38,"turns":2},{"damage":123,"enemies":"R_Hoarder","floor":40,"turns":18}],"seed_played":"3538769369486381611","potions_obtained":[{"floor":5,"key":"Reflective Coating"},{"floor":6,"key":"Regen Potion"},{"floor":11,"key":"downfall:CursedFountainPotion"},{"floor":13,"key":"sneckomod:MuddlingPotion"},{"floor":16,"key":"Fruit Juice"},{"floor":26,"key":"hexamod:SoulburnPotion"},{"floor":27,"key":"TheCursedMod:DregsPotion"},{"floor":32,"key":"EntropicBrew"},{"floor":36,"key":"FairyPotion"},{"floor":38,"key":"Weak Potion"}],"is_trial":false,"path_per_floor":["R","M","?","M","M","M","T","?","E","M","?","R","M","M","M","B",null,"R","M","?","?","$","M","T","$","E","M","T","M","R","$","M","B",null,"R","M","?","M","$","E"],"character_chosen":"THE_CURSED","items_purchased":["Bag of Preparation","TheCursedMod:CursedBlade","TheCursedMod:CursedShiv","TheCursedMod:SpitefulStrike","Sling","TheCursedMod:MagicCandle","TheCursedMod:CircleOfBlood","TheCursedMod:LuckyCharm"],"campfire_rested":0,"item_purchase_floors":[22,22,22,25,25,31,31,39],"current_hp_per_floor":[75,75,75,60,57,33,33,33,47,45,75,85,83,83,83,88,90,90,90,90,90,92,91,91,93,93,95,95,82,82,84,90,98,102,102,90,90,92,92,11,11],"gold":177,"neow_bonus":"ONE_RARE_RELIC","is_daily":false,"chose_seed":false,"campfire_upgraded":2,"win_rate":0.0,"timestamp":1614027813,"path_taken":["R","M","?","M","?","M","T","?","E","M","?","R","?","?","M","BOSS","R","M","?","?","?","M","T","$","E","M","?","M","R","$","M","BOSS","R","M","?","M","$","E"],"items_purchased_type":["Relic","Card","Card","Card","Relic","Relic","Card","Card"],"build_version":"2020-12-22","purchased_purges":0,"victory":false,"max_hp_per_floor":[75,75,75,75,75,75,75,75,75,75,75,85,85,85,85,90,90,90,90,90,90,92,92,92,94,94,96,96,96,96,98,100,102,102,102,102,102,102,102,104,104],"card_choices":[{"not_picked":["TheCursedMod:RapidMovement","TheCursedMod:Wield"],"picked":"TheCursedMod:CursedBlade","floor":2},{"not_picked":["TheCursedMod:FleshFromBone","TheCursedMod:CircleOfBlood"],"picked":"TheCursedMod:Evocation","floor":4},{"not_picked":["TheCursedMod:CursedMace","TheCursedMod:CursedRelics"],"picked":"TheCursedMod:SmokeScreen","floor":5},{"not_picked":["TheCursedMod:SmokeScreen","TheCursedMod:AshesToAshes"],"picked":"TheCursedMod:SpitefulStrike","floor":6},{"not_picked":["TheCursedMod:Evocation","TheCursedMod:StunningStrike"],"picked":"TheCursedMod:CircleOfFlame","floor":9},{"not_picked":["TheCursedMod:FleshFromBone","TheCursedMod:DoubleShield"],"picked":"TheCursedMod:CursedShiv","floor":10},{"not_picked":["TheCursedMod:SmokeScreen","TheCursedMod:TacticalStrike"],"picked":"TheCursedMod:TroublousMinions","floor":13},{"not_picked":["TheCursedMod:CircleOfCorruption","TheCursedMod:RavingStaff"],"picked":"TheCursedMod:SpitefulPray","floor":14},{"not_picked":["TheCursedMod:Obscuration","TheCursedMod:LuckyCharm"],"picked":"TheCursedMod:HellsGateOpen","floor":15},{"not_picked":["TheCursedMod:DarkBarrier","TheCursedMod:UltimatePain"],"picked":"TheCursedMod:AntiAging","floor":16},{"not_picked":["TheCursedMod:StingEye","TheCursedMod:CursedSpellbook"],"picked":"TheCursedMod:CircleOfFlame+1","floor":19},{"not_picked":["TheCursedMod:RapidMovement","TheCursedMod:TacticalStrike"],"picked":"TheCursedMod:CircleOfAmplification","floor":22},{"not_picked":["TheCursedMod:SoulCrush","TheCursedMod:CircleOfFlame"],"picked":"TheCursedMod:CursedArmor","floor":23},{"not_picked":["TheCursedMod:Stretching","TheCursedMod:Obscuration"],"picked":"TheCursedMod:Neurasthenia","floor":25},{"not_picked":["TheCursedMod:VitalStrike","TheCursedMod:SmokeScreen"],"picked":"TheCursedMod:Grudge+1","floor":26},{"not_picked":["TheCursedMod:Torture","TheCursedMod:CircleOfFocus"],"picked":"TheCursedMod:SpitefulStrike","floor":27},{"not_picked":["TheCursedMod:Stretching","TheCursedMod:SpitefulStrike+1"],"picked":"TheCursedMod:Hemoplague","floor":29},{"not_picked":["TheCursedMod:BlessingInDisguise","TheCursedMod:SpitefulPlan"],"picked":"TheCursedMod:CursedBoomerang+1","floor":31},{"not_picked":["TheCursedMod:ReleasedStrength","TheCursedMod:TacticalStrike"],"picked":"TheCursedMod:Hemoplague+1","floor":32},{"not_picked":["TheCursedMod:DarkBarrier","TheCursedMod:ShockAndAwe"],"picked":"TheCursedMod:AntiAging","floor":33},{"not_picked":["TheCursedMod:Torture+1","TheCursedMod:SpitefulPray+1"],"picked":"TheCursedMod:HellsGateOpen+1","floor":36},{"not_picked":["TheCursedMod:Stigma","TheCursedMod:CircleOfCorruption+1"],"picked":"TheCursedMod:RavingStaff","floor":38}],"player_experience":130000,"relics_obtained":[{"floor":8,"key":"Ring of Fury"},{"floor":8,"key":"Ring of Misfortune"},{"floor":9,"key":"Nunchaku"},{"floor":17,"key":"ReplayTheSpireMod:TigerMarble"},{"floor":17,"key":"Letter Opener"},{"floor":17,"key":"CaptainsWheel"},{"floor":24,"key":"Orichalcum"},{"floor":26,"key":"Ginger"},{"floor":28,"key":"FossilizedHelix"}],"event_choices":[],"is_beta":false,"boss_relics":[{"not_picked":["construct:ClawGrip","Painkiller Herb"],"picked":"Calling Bell"},{"not_picked":["Philosopher\u0027s Stone","Coffee Dripper"],"picked":"Runic Pyramid"}],"items_purged_floors":[],"is_endless":false,"potions_floor_spawned":[5,6,13,14,16,26,27,32,36,38],"killed_by":"R_Hoarder","ascension_level":0}}