{"host":"at5b10nm0iti0w4x","time":1614037082,"event":{"mods":["2.2 Compatiblity","AchievementEnabler","BaseMod","Bestiary","Block Reminder","Colored Map","Colored Powertips","Highlight Path","Keyboard Shortcuts","Minty Spire (QoL Compilation)","Quick Restart","Relic Stats","Slay the Relics Exporter","StSLib","SuperFastMode","Unknown Chances"],"gold_per_floor":[119,119,119,171,70,99,99,99,125,145,161,177,34,53,53,149,149,168,83,83,83,100,100,100,118,118,118,132,132,151,166,166,269,269,282,292,292,292,311,311,13,13,13,13,13,13,13,27,27,27],"floor_reached":51,"language":"ENG","playtime":799,"items_purged":["Regret"],"score":672,"play_id":"22b5a1b5-ddcc-4207-b579-3b4055e3bbbd","local_time":"20210222183802","is_ascension_mode":false,"campfire_choices":[{"data":"Blade Dance","floor":8,"key":"SMITH"},{"data":"Accuracy","floor":15,"key":"SMITH"},{"data":"Terror","floor":23,"key":"SMITH"},{"data":"Storm of Steel","floor":29,"key":"SMITH"},{"data":"Blade Dance","floor":32,"key":"SMITH"},{"floor":40,"key":"REST"},{"floor":42,"key":"REST"},{"data":"Accuracy","floor":45,"key":"SMITH"},{"data":"A Thousand Cuts","floor":49,"key":"SMITH"}],"circlet_count":0,"master_deck":["Strike_G","Strike_G","Strike_G","Strike_G","Strike_G","Defend_G","Defend_G","Defend_G","Defend_G","Survivor","Neutralize","Dagger Spray","Blade Dance","Blade Dance+1","Flying Knee","Deflect","Noxious Fumes","Accuracy+1","Storm of Steel+1","Cloak And Dagger+1","Terror+1","Blade Dance+1","PiercingWail+1","Acrobatics","Phantasmal Killer","Backstab","Accuracy+1","Venomology","A Thousand Cuts+1"],"relics":["Ring of the Serpent","NeowsBlessing","Lantern","Smiling Mask","Vajra","Art of War","Dream Catcher","Medical Kit","WristBlade","Potion Belt","Oddly Smooth Stone","MutagenicStrength","Bag of Marbles","Mummified Hand"],"acts_visited":["Exordium","TheCity","TheBeyond"],"potions_floor_usage":[33,36,38,50,50,50,50],"damage_taken":[{"damage":0,"enemies":"2 Louse","floor":1,"turns":1},{"damage":0,"enemies":"Lagavulin","floor":6,"turns":1},{"damage":0,"enemies":"Small Slimes","floor":10,"turns":1},{"damage":3,"enemies":"Jaw Worm","floor":11,"turns":2},{"damage":2,"enemies":"Large Slime","floor":12,"turns":3},{"damage":3,"enemies":"Looter","floor":14,"turns":3},{"damage":46,"enemies":"The Guardian","floor":16,"turns":9},{"damage":7,"enemies":"2 Thieves","floor":18,"turns":2},{"damage":2,"enemies":"Chosen","floor":22,"turns":2},{"damage":14,"enemies":"Centurion and Healer","floor":25,"turns":4},{"damage":0,"enemies":"Snake Plant","floor":28,"turns":1},{"damage":0,"enemies":"Snecko","floor":30,"turns":1},{"damage":0,"enemies":"3 Cultists","floor":31,"turns":2},{"damage":21,"enemies":"Automaton","floor":33,"turns":5},{"damage":33,"enemies":"3 Shapes","floor":35,"turns":2},{"damage":0,"enemies":"Orb Walker","floor":36,"turns":1},{"damage":0,"enemies":"4 Shapes","floor":38,"turns":1},{"damage":27,"enemies":"Sphere and 2 Shapes","floor":39,"turns":4},{"damage":0,"enemies":"Transient","floor":48,"turns":5},{"damage":49,"enemies":"Donu and Deca","floor":50,"turns":5}],"seed_played":"101844802069247118","potions_obtained":[{"floor":6,"key":"ColorlessPotion"},{"floor":12,"key":"SmokeBomb"},{"floor":14,"key":"Ancient Potion"},{"floor":30,"key":"Block Potion"},{"floor":35,"key":"Fire Potion"},{"floor":36,"key":"SkillPotion"}],"is_trial":false,"path_per_floor":["M","?","?","T","$","E","?","R","T","M","M","M","$","M","R","B",null,"M","?","?","?","M","R","$","M","T","?","M","R","M","M","R","B",null,"M","M","?","M","M","R","$","R","T","?","R","$","$","M","R","B",null],"character_chosen":"THE_SILENT","items_purchased":["Blade Dance","Medical Kit","Bag of Marbles","Venomology"],"campfire_rested":2,"item_purchase_floors":[5,13,41,41],"current_hp_per_floor":[70,70,67,67,67,67,60,60,60,60,57,55,55,52,52,6,70,63,63,63,63,61,61,61,47,47,47,47,47,47,47,47,26,70,37,37,37,37,10,31,31,52,52,52,52,52,52,52,52,3],"gold":27,"neow_bonus":"THREE_ENEMY_KILL","is_daily":false,"chose_seed":false,"campfire_upgraded":7,"win_rate":0.0,"timestamp":1614037082,"path_taken":["M","?","?","?","$","E","?","R","T","M","M","M","$","M","R","BOSS","M","?","?","?","M","R","$","M","T","?","?","R","M","M","R","BOSS","M","M","?","M","M","R","$","R","T","?","R","?","$","M","R","BOSS"],"items_purchased_type":["Card","Relic","Relic","Card"],"build_version":"2020-12-22","purchased_purges":1,"victory":true,"max_hp_per_floor":[70,70,70,70,70,70,70,70,70,70,70,70,70,70,70,70,70,70,70,70,70,70,70,70,70,70,70,70,70,70,70,70,70,70,70,70,70,70,70,70,70,70,70,70,70,70,70,70,70,70],"relic_stats":{"Dream Catcher":2,"counters":[20,55],"Mummified Hand":[6],"Art of War":[1],"Smiling Mask":25,"Medical Kit":[0],"obtain_stats":[{"Potion Belt":19,"Lantern":2,"NeowsBlessing":0,"Vajra":4,"Oddly Smooth Stone":26,"Smiling Mask":3,"Medical Kit":13,"Dream Catcher":9,"WristBlade":17,"Mummified Hand":43,"MutagenicStrength":27,"Art of War":6,"Bag of Marbles":41,"Ring of the Serpent":34,"Ring of the Snake":0},{"Potion Belt":8,"Lantern":1,"NeowsBlessing":0,"Vajra":1,"Oddly Smooth Stone":10,"Smiling Mask":1,"Medical Kit":5,"Dream Catcher":2,"WristBlade":7,"Mummified Hand":18,"MutagenicStrength":10,"Art of War":2,"Bag of Marbles":18,"Ring of the Serpent":14,"Ring of the Snake":0},{"Potion Belt":22,"Lantern":1,"NeowsBlessing":0,"Vajra":1,"Oddly Smooth Stone":28,"Smiling Mask":1,"Medical Kit":8,"Dream Catcher":2,"WristBlade":20,"Mummified Hand":45,"MutagenicStrength":28,"Art of War":2,"Bag of Marbles":45,"Ring of the Serpent":37,"Ring of the Snake":0}]},"card_choices":[{"not_picked":["Setup","Dodge and Roll"],"picked":"Dagger Spray","floor":1},{"not_picked":["Dagger Spray","Outmaneuver"],"picked":"Blade Dance","floor":6},{"not_picked":["Caltrops","All Out Attack"],"picked":"Flying Knee","floor":10},{"not_picked":["Prepared","Expertise"],"picked":"Deflect","floor":11},{"not_picked":["Poisoned Stab","Flying Knee"],"picked":"Noxious Fumes","floor":12},{"not_picked":["Calculated Gamble","Bane"],"picked":"Accuracy","floor":14},{"not_picked":["Wraith Form v2","Die Die Die"],"picked":"Storm of Steel","floor":16},{"not_picked":["Setup+1","Blur"],"picked":"Cloak And Dagger+1","floor":18},{"not_picked":["Concentrate","Prepared"],"picked":"Blade Dance","floor":22},{"not_picked":["Backflip","Crippling Poison","Quick Slash+1"],"picked":"SKIP","floor":25},{"not_picked":["Outmaneuver+1","Poisoned Stab","Dodge and Roll+1"],"picked":"SKIP","floor":28},{"not_picked":["Flying Knee","Terror"],"picked":"PiercingWail+1","floor":30},{"not_picked":["Blur","Predator"],"picked":"Acrobatics","floor":31},{"not_picked":["Storm of Steel","Doppelganger"],"picked":"Phantasmal Killer","floor":33},{"not_picked":["Endless Agony","Terror+1"],"picked":"Backstab","floor":35},{"not_picked":["Dagger Throw+1","PiercingWail+1"],"picked":"Sucker Punch+1","floor":36},{"not_picked":["Dodge and Roll+1","Flechettes+1"],"picked":"Accuracy","floor":39},{"not_picked":["Sucker Punch+1","Slice"],"picked":"A Thousand Cuts","floor":48}],"player_experience":114890,"relics_obtained":[{"floor":4,"key":"Vajra"},{"floor":6,"key":"Art of War"},{"floor":9,"key":"Dream Catcher"},{"floor":26,"key":"Oddly Smooth Stone"},{"floor":43,"key":"Mummified Hand"}],"event_choices":[{"damage_healed":0,"gold_gain":0,"player_choice":"Box","damage_taken":0,"relics_obtained":["Lantern"],"max_hp_gain":0,"max_hp_loss":0,"event_name":"Big Fish","floor":2,"gold_loss":0,"cards_obtained":["Regret"]},{"damage_healed":0,"gold_gain":0,"player_choice":"Success","damage_taken":3,"relics_obtained":["Smiling Mask"],"max_hp_gain":0,"max_hp_loss":0,"event_name":"Scrap Ooze","floor":3,"gold_loss":0},{"cards_removed":["Defend_G"],"damage_healed":0,"gold_gain":0,"player_choice":"Card Removal","damage_taken":7,"max_hp_gain":0,"max_hp_loss":0,"event_name":"Golden Wing","floor":7,"gold_loss":0},{"damage_healed":0,"gold_gain":0,"player_choice":"Obtained Relic","damage_taken":0,"relics_obtained":["Potion Belt"],"max_hp_gain":0,"max_hp_loss":0,"event_name":"Addict","floor":19,"gold_loss":85},{"damage_healed":0,"gold_gain":0,"player_choice":"Ignored","damage_taken":0,"max_hp_gain":0,"max_hp_loss":0,"event_name":"Cursed Tome","floor":20,"gold_loss":0},{"damage_healed":0,"gold_gain":0,"player_choice":"Read","damage_taken":0,"max_hp_gain":0,"max_hp_loss":0,"event_name":"The Library","floor":21,"gold_loss":0,"cards_obtained":["Terror"]},{"damage_healed":0,"gold_gain":0,"player_choice":"Inject Mutagens","damage_taken":0,"relics_obtained":["MutagenicStrength"],"max_hp_gain":0,"max_hp_loss":0,"event_name":"Drug Dealer","floor":27,"gold_loss":0},{"damage_healed":0,"gold_gain":0,"player_choice":"Ignored","damage_taken":0,"max_hp_gain":0,"max_hp_loss":0,"event_name":"Mysterious Sphere","floor":37,"gold_loss":0},{"cards_removed":["Sucker Punch"],"damage_healed":0,"gold_gain":0,"player_choice":"Removed Attack","damage_taken":0,"max_hp_gain":0,"max_hp_loss":0,"event_name":"Falling","floor":44,"gold_loss":0}],"is_beta":false,"boss_relics":[{"not_picked":["Ectoplasm","Runic Pyramid"],"picked":"WristBlade"},{"not_picked":["SacredBark","Pandora\u0027s Box"],"picked":"Ring of the Serpent"}],"items_purged_floors":[5],"is_endless":false,"potions_floor_spawned":[6,12,14,30,35,36],"ascension_level":0}}