{"host":"Bilverbakes","time":1614024657,"event":{"mods":["2.2 Compatiblity","AchievementEnabler","BaseMod","Bestiary","Colored Map","Minty Spire (QoL Compilation)","Relic Stats","StSLib","ojb\u0027s Info Mod"],"gold_per_floor":[109,123,135,153,78,78,107,107,107,107,119,90,125,183,183,255,255,266,266,266,283,104,104,139,154,154,154,179,35,58,72,72,143,143,153,167,167,183,183,183,211,225,225,185,200,215,234,269,269,269,269,269,269,16,16,16],"floor_reached":55,"language":"ENG","playtime":5818,"items_purged":["Defend_B","Writhe"],"score":2504,"play_id":"3c2d091f-6898-4e29-8a25-224df07580ff","local_time":"20210222141057","is_ascension_mode":true,"campfire_choices":[{"data":"Sunder","floor":6.0,"key":"SMITH"},{"data":"Doom and Gloom","floor":10.0,"key":"SMITH"},{"data":"Defragment","floor":15.0,"key":"SMITH"},{"data":"Darkness","floor":23.0,"key":"SMITH"},{"data":"Hologram","floor":32.0,"key":"SMITH"},{"data":"Fission","floor":40.0,"key":"SMITH"},{"floor":49.0,"key":"RECALL"},{"data":"Skim","floor":53.0,"key":"SMITH"}],"circlet_count":0,"master_deck":["AscendersBane","Defend_B","Defend_B","Zap","Dualcast","Defragment+1","Darkness+1","Sunder+1","Auto Shields","Doom and Gloom+1","Hologram+1","Glacier","Buffer+1","Force Field","Bite","Bite","Bite","Bite","Bite","Capacitor+1","Capacitor+1","Skim+1","Self Repair+1","Buffer+1","Fission+1","Consume+1","Defragment+1","Heatsinks+1","Hologram+1","Conserve Battery+1","Electrodynamics+1","Loop+1","Recycle"],"relics":["Cracked Core","NeowsBlessing","StoneCalendar","Unceasing Top","Gambling Chip","Bird Faced Urn","Frozen Egg 2","Snecko Eye","Bag of Preparation","Mango","Bottled Flame","Blue Candle","Nuclear Battery","Meat on the Bone","Darkstone Periapt","Bronze Scales"],"acts_visited":["Exordium","TheCity","TheBeyond","TheEnding"],"potions_floor_usage":[],"damage_taken":[{"damage":0.0,"enemies":"Cultist","floor":1.0,"turns":1.0},{"damage":0.0,"enemies":"Small Slimes","floor":2.0,"turns":1.0},{"damage":0.0,"enemies":"Jaw Worm","floor":3.0,"turns":1.0},{"damage":0.0,"enemies":"2 Fungi Beasts","floor":4.0,"turns":3.0},{"damage":9.0,"enemies":"Lagavulin","floor":7.0,"turns":6.0},{"damage":2.0,"enemies":"Blue Slaver","floor":11.0,"turns":2.0},{"damage":0.0,"enemies":"3 Sentries","floor":13.0,"turns":3.0},{"damage":28.0,"enemies":"Gremlin Nob","floor":14.0,"turns":4.0},{"damage":10.0,"enemies":"The Guardian","floor":16.0,"turns":8.0},{"damage":0.0,"enemies":"Chosen","floor":18.0,"turns":4.0},{"damage":0.0,"enemies":"Spheric Guardian","floor":21.0,"turns":1.0},{"damage":0.0,"enemies":"Gremlin Leader","floor":24.0,"turns":4.0},{"damage":0.0,"enemies":"Centurion and Healer","floor":25.0,"turns":5.0},{"damage":12.0,"enemies":"Book of Stabbing","floor":28.0,"turns":6.0},{"damage":0.0,"enemies":"Sentry and Sphere","floor":31.0,"turns":3.0},{"damage":0.0,"enemies":"Automaton","floor":33.0,"turns":9.0},{"damage":0.0,"enemies":"Orb Walker","floor":35.0,"turns":2.0},{"damage":0.0,"enemies":"3 Darklings","floor":36.0,"turns":6.0},{"damage":0.0,"enemies":"Jaw Worm Horde","floor":38.0,"turns":4.0},{"damage":51.0,"enemies":"Reptomancer","floor":41.0,"turns":11.0},{"damage":0.0,"enemies":"Maw","floor":42.0,"turns":7.0},{"damage":0.0,"enemies":"3 Darklings","floor":45.0,"turns":4.0},{"damage":0.0,"enemies":"Spire Growth","floor":46.0,"turns":5.0},{"damage":0.0,"enemies":"Maw","floor":47.0,"turns":5.0},{"damage":0.0,"enemies":"Nemesis","floor":48.0,"turns":5.0},{"damage":0.0,"enemies":"Time Eater","floor":50.0,"turns":11.0},{"damage":0.0,"enemies":"Awakened One","floor":51.0,"turns":12.0},{"damage":72,"enemies":"Shield and Spear","floor":55,"turns":3}],"seed_played":"-1760456253392232452","potions_obtained":[{"floor":1.0,"key":"SkillPotion"},{"floor":2.0,"key":"Dexterity Potion"},{"floor":11.0,"key":"LiquidMemories"},{"floor":13.0,"key":"Energy Potion"},{"floor":18.0,"key":"DistilledChaos"},{"floor":28.0,"key":"DistilledChaos"},{"floor":35.0,"key":"Strength Potion"},{"floor":42.0,"key":"FocusPotion"},{"floor":46.0,"key":"PotionOfCapacity"}],"is_trial":false,"path_per_floor":["M","M","M","M","$","R","E","?","T","R","M","$","E","?","R","B",null,"M","?","?","M","$","R","E","M","T","?","E","$","T","M","R","B",null,"M","M","?","M","?","R","E","M","T","$","M","M","M","E","R","B","B",null,"R","$","E"],"character_chosen":"DEFECT","items_purchased":["Hologram","Capacitor+1","Self Repair+1","PowerPotion","Heatsinks+1","Loop+1","PotionOfCapacity","Recycle"],"campfire_rested":0,"item_purchase_floors":[12,22,29,29,44,54,54,54],"current_hp_per_floor":[64,64,64,64,64,64,55,55,55,55,53,53,53,25,25,17,58,62,49,49,49,49,49,63,63,63,63,53,53,53,63,63,63,63,63,63,63,63,60,60,39,60,60,60,60,60,60,60,60,60,60,60,60,60,0,0],"gold":16,"neow_bonus":"THREE_ENEMY_KILL","is_daily":false,"chose_seed":false,"campfire_upgraded":7,"win_rate":0.0,"timestamp":1614024657,"path_taken":["M","?","?","M","$","R","E","?","T","R","M","?","E","?","R","BOSS","M","?","?","M","$","R","E","M","T","?","E","?","?","?","R","BOSS","M","M","?","?","?","R","E","M","T","?","M","?","M","E","R","BOSS","BOSS","R","$","E"],"items_purchased_type":["Card","Card","Card","Potion","Card","Card","Potion","Card"],"build_version":"2020-12-18","purchased_purges":2,"victory":false,"max_hp_per_floor":[71,71,71,71,71,71,71,71,71,71,71,71,71,71,71,71,71,71,49,49,49,49,49,63,63,63,63,63,63,63,63,63,63,63,63,63,63,63,60,60,60,60,60,60,60,60,60,60,60,60,60,60,60,60,60,60],"relic_stats":{"Darkstone Periapt":0,"counters":[28,136],"Gambling Chip":[121],"Bird Faced Urn":[30],"Blue Candle":[0],"Bronze Scales":[116],"Snecko Eye":[245,255,258,225],"StoneCalendar":[241],"Bag of Preparation":[36],"obtain_stats":[{"Darkstone Periapt":43,"NeowsBlessing":0,"Blue Candle":28,"StoneCalendar":7,"Mango":24,"Bag of Preparation":20,"Frozen Egg 2":14,"Nuclear Battery":34,"Bottled Flame":26,"Gambling Chip":9,"Bird Faced Urn":13,"Bronze Scales":48,"Snecko Eye":17,"Cracked Core":0,"Unceasing Top":8,"Meat on the Bone":41},{"Darkstone Periapt":21,"NeowsBlessing":0,"Blue Candle":14,"StoneCalendar":5,"Mango":12,"Bag of Preparation":10,"Frozen Egg 2":8,"Nuclear Battery":16,"Bottled Flame":13,"Gambling Chip":5,"Bird Faced Urn":7,"Bronze Scales":25,"Snecko Eye":9,"Cracked Core":0,"Unceasing Top":5,"Meat on the Bone":20},{"Darkstone Periapt":91,"NeowsBlessing":0,"Blue Candle":49,"StoneCalendar":12,"Mango":38,"Bag of Preparation":33,"Frozen Egg 2":21,"Nuclear Battery":61,"Bottled Flame":43,"Gambling Chip":12,"Bird Faced Urn":17,"Bronze Scales":110,"Snecko Eye":29,"Cracked Core":0,"Unceasing Top":12,"Meat on the Bone":84}],"Unceasing Top":[0],"Meat on the Bone":0},"card_choices":[{"not_picked":["Hello World","Cold Snap"],"picked":"Defragment","floor":1.0},{"not_picked":["Reprogram","Go for the Eyes"],"picked":"Darkness","floor":2.0},{"not_picked":["Turbo","Leap"],"picked":"Sunder","floor":3.0},{"not_picked":["Stack","Beam Cell"],"picked":"Auto Shields","floor":4.0},{"not_picked":["Self Repair","Ball Lightning"],"picked":"Doom and Gloom","floor":7.0},{"not_picked":["Streamline","Rebound"],"picked":"Steam","floor":11.0},{"not_picked":["Tempest","Beam Cell","Barrage"],"picked":"SKIP","floor":13.0},{"not_picked":["Leap","Gash"],"picked":"Glacier","floor":14.0},{"not_picked":["Hyperbeam","Meteor Strike"],"picked":"Buffer+1","floor":16.0},{"not_picked":["Hello World+1","Tempest"],"picked":"Force Field","floor":18.0},{"not_picked":["Scrape","Compile Driver","Reprogram"],"picked":"SKIP","floor":21.0},{"not_picked":["Steam+1","Turbo","Hello World+1"],"picked":"SKIP","floor":24.0},{"not_picked":["FTL","Steam"],"picked":"Capacitor+1","floor":25.0},{"not_picked":["Streamline","Go for the Eyes"],"picked":"Skim","floor":28.0},{"not_picked":["Redo","Beam Cell"],"picked":"Buffer+1","floor":31.0},{"not_picked":["Thunder Strike","Rainbow"],"picked":"Fission","floor":33.0},{"not_picked":["Gash","Melter","Cold Snap"],"picked":"SKIP","floor":35.0},{"not_picked":["Beam Cell","Hologram","Rebound+1"],"picked":"SKIP","floor":36.0},{"not_picked":["Rebound","Streamline","Ball Lightning"],"picked":"SKIP","floor":38.0},{"not_picked":["Fusion+1","Barrage"],"picked":"Consume+1","floor":41.0},{"not_picked":["Rebound","FTL+1"],"picked":"Defragment+1","floor":42.0},{"not_picked":["Chill","Blizzard"],"picked":"Hologram+1","floor":45.0},{"not_picked":["Chaos","Darkness"],"picked":"Conserve Battery+1","floor":46.0},{"not_picked":["Leap","Steam"],"picked":"Electrodynamics+1","floor":47.0},{"not_picked":["Melter","Leap+1","Undo"],"picked":"SKIP","floor":48.0}],"player_experience":991358,"relics_obtained":[{"floor":7.0,"key":"StoneCalendar"},{"floor":9.0,"key":"Gambling Chip"},{"floor":13.0,"key":"Bird Faced Urn"},{"floor":14.0,"key":"Frozen Egg 2"},{"floor":24.0,"key":"Mango"},{"floor":26.0,"key":"Bottled Flame"},{"floor":28.0,"key":"Blue Candle"},{"floor":41.0,"key":"Meat on the Bone"},{"floor":43.0,"key":"Darkstone Periapt"},{"floor":48.0,"key":"Bronze Scales"}],"event_choices":[{"damage_healed":0.0,"max_hp_gain":0.0,"max_hp_loss":0.0,"gold_gain":0.0,"event_name":"WeMeetAgain","player_choice":"Gave Potion","floor":8.0,"gold_loss":0.0,"damage_taken":0.0,"relics_obtained":["Unceasing Top"]},{"damage_healed":0.0,"max_hp_gain":0.0,"max_hp_loss":0.0,"gold_gain":0.0,"event_name":"Dead Adventurer","player_choice":"Searched \u00271\u0027 times","floor":14.0,"gold_loss":0.0,"damage_taken":0.0},{"damage_healed":0.0,"max_hp_gain":0.0,"max_hp_loss":22.0,"gold_gain":0.0,"event_name":"Vampires","player_choice":"Became a vampire","floor":19.0,"gold_loss":0.0,"damage_taken":0.0,"cards_obtained":["Bite","Bite","Bite","Bite","Bite"]},{"damage_healed":0.0,"max_hp_gain":0.0,"max_hp_loss":0.0,"gold_gain":0.0,"event_name":"The Mausoleum","player_choice":"Opened","floor":20.0,"gold_loss":0.0,"damage_taken":0.0,"relics_obtained":["Bag of Preparation"],"cards_obtained":["Writhe"]},{"cards_removed":["Defend_B"],"damage_healed":0.0,"max_hp_gain":0.0,"max_hp_loss":0.0,"gold_gain":0.0,"event_name":"Back to Basics","player_choice":"Elegance","floor":27.0,"gold_loss":0.0,"damage_taken":0.0},{"cards_removed":["Steam"],"damage_healed":0.0,"max_hp_gain":0.0,"max_hp_loss":0.0,"gold_gain":0.0,"event_name":"Purifier","player_choice":"Purged","floor":37.0,"gold_loss":0.0,"damage_taken":0.0},{"damage_healed":0.0,"max_hp_gain":0.0,"max_hp_loss":3.0,"gold_gain":0.0,"event_name":"Winding Halls","player_choice":"Max HP","floor":39.0,"gold_loss":0.0,"damage_taken":0.0}],"is_beta":true,"boss_relics":[{"not_picked":["Velvet Choker","Philosopher\u0027s Stone"],"picked":"Snecko Eye"},{"not_picked":["Empty Cage","Inserter"],"picked":"Nuclear Battery"}],"items_purged_floors":[5,22],"is_endless":false,"potions_floor_spawned":[1,2,11,13,18,28,35,42,46,47,48],"killed_by":"Shield and Spear","ascension_level":20}}