{"host":"7w9k7wbji6yxkaex","time":1614014532,"event":{"mods":["100% Spire Juice","Act Like it!","BaseMod","DeckTracker","Downfall","Gremlin Mod","Hubris","Lobotomy","Minty Spire (QoL Compilation)","Potionbrewer","Quick Restart","Slay the Relics Exporter","StSLib","The Hierophant","The Marked","The Showman","The Warrior","TheHero"],"gold_per_floor":[99,110,121,136,286,22,22,22,7,107,107,7,18,3,17,122,122,22,38,53,38,52,52,52,2,2,36,36,36,36,54,70,173,173,173,192,203,203,203,253,277,277,289,303,303,330,330,350,360,360,360,360],"floor_reached":50,"language":"ENG","playtime":4761,"items_purged":["downfall:Icky"],"score":556,"play_id":"949b377b-eb99-4f28-895d-b8220847b42f","local_time":"20210222112212","is_ascension_mode":true,"campfire_choices":[{"floor":1,"key":"RECALL"},{"data":"Guardian:DecasProtection","floor":8,"key":"SMITH"},{"floor":12,"key":"REST"},{"data":"Guardian:WalkerClaw","floor":18,"key":"SMITH"},{"floor":26,"key":"REST"},{"floor":30,"key":"REST"},{"data":"Guardian:RefractedBeam","floor":35,"key":"SMITH"},{"data":"expansioncontent:Hexaburn","floor":47,"key":"SMITH"}],"circlet_count":0,"master_deck":["Guardian:Strike_Guardian+1","Guardian:Strike_Guardian+1","Guardian:Strike_Guardian+1","Guardian:Strike_Guardian+1","Guardian:Defend_Guardian+1","Guardian:Defend_Guardian+1","Guardian:Defend_Guardian+1","Guardian:Defend_Guardian+1","Guardian:CurlUp","Guardian:TwinSlam+1","Guardian:PrimingBeam","Guardian:SentryBeam","Guardian:WalkerClaw+1","Guardian:VentSteam","Guardian:DecasProtection+1","Guardian:ShieldCharger+1","downfall:Malfunctioning","Guardian:Planning","Guardian:TimeSifter","Guardian:FloatingOrbs+1","Guardian:ArmoredProtocol+1","Guardian:RefractedBeam+1","expansioncontent:Hexaburn+1","Guardian:FloatingOrbs","Guardian:Harden","Guardian:PiercingHide+1"],"relics":["Guardian:ModeShifter","downfall:HeartBlessingRed","hubris:Backtick","potionbrewer:Keyblade","downfall:HeartBlessingBlue","Happy Flower","hubris:SlimyHat","hubris:Icosahedron","hubris:Stopwatch","hubris:Towel","TungstenRod","Orichalcum","Gremlin Horn","Question Card"],"acts_visited":["Exordium","TheCity","TheBeyond"],"potions_floor_usage":[14,20,27,33,43,43,49],"damage_taken":[{"damage":5,"enemies":"Cultist","floor":2,"turns":5},{"damage":6,"enemies":"Jaw Worm","floor":3,"turns":3},{"damage":2,"enemies":"2 Louse","floor":4,"turns":3},{"damage":5,"enemies":"downfall:FleeingMerchant","floor":6,"turns":4},{"damage":5,"enemies":"downfall:FleeingMerchant","floor":9,"turns":4},{"damage":18,"enemies":"Blue Slaver","floor":13,"turns":4},{"damage":8,"enemies":"downfall:FleeingMerchant","floor":14,"turns":4},{"damage":7,"enemies":"downfall:LooterAlt","floor":15,"turns":3},{"damage":17,"enemies":"SI_SHIV_ARCHETYPE","floor":16,"turns":10},{"damage":10,"enemies":"Chosen","floor":19,"turns":5},{"damage":13,"enemies":"downfall:LooterAlt2","floor":20,"turns":4},{"damage":25,"enemies":"downfall:FleeingMerchant","floor":21,"turns":4},{"damage":25,"enemies":"Chosen and Byrds","floor":22,"turns":6},{"damage":9,"enemies":"Book of Stabbing","floor":27,"turns":4},{"damage":10,"enemies":"Cultist and Chosen","floor":31,"turns":5},{"damage":0,"enemies":"Snecko","floor":32,"turns":4},{"damage":96,"enemies":"DF_ARCHETYPE_CLAW","floor":33,"turns":9},{"damage":34,"enemies":"3 Darklings","floor":36,"turns":6},{"damage":0,"enemies":"3 Shapes","floor":37,"turns":4},{"damage":0,"enemies":"3 Shapes","floor":40,"turns":6},{"damage":0,"enemies":"Maw","floor":43,"turns":6},{"damage":21,"enemies":"Writhing Mass","floor":44,"turns":6},{"damage":30,"enemies":"Giant Head","floor":46,"turns":7},{"damage":20,"enemies":"4 Shapes","floor":48,"turns":4},{"damage":18,"enemies":"Maw","floor":49,"turns":6},{"damage":38,"enemies":"WA_ARCHETYPE_DIVINITY","floor":50,"turns":7}],"seed_played":"-4772764294434147125","potions_obtained":[{"floor":3,"key":"Dexterity Potion"},{"floor":16,"key":"LiquidMemories"},{"floor":22,"key":"SkillPotion"},{"floor":31,"key":"potionbrewer:QuicksilverPotion"},{"floor":32,"key":"FairyPotion"},{"floor":33,"key":"Guardian:AcceleratePotion"},{"floor":36,"key":"SteroidPotion"},{"floor":46,"key":"Energy Potion"}],"is_trial":false,"path_per_floor":["R","M","M","M","?","$","T","R","$","?","?","R","M","$","M","B",null,"R","M","M","$","M","?","T","?","R","E","?","?","R","M","M","B",null,"R","M","M","?","?","?","T","T","M","M","?","E","R","M","M","B"],"character_chosen":"GUARDIAN","items_purchased":["Guardian:ConstructionForm","Guardian:DecasProtection"],"campfire_rested":3,"item_purchase_floors":[6,6],"current_hp_per_floor":[80,75,69,67,67,62,62,62,57,57,57,80,62,54,47,30,80,90,80,67,42,17,17,17,50,77,68,68,68,90,80,80,19,90,90,56,56,56,56,56,56,56,56,35,100,70,70,50,32,0,0,0],"gold":360,"neow_bonus":"ONE_RANDOM_RARE_CARD","is_daily":false,"chose_seed":false,"campfire_upgraded":4,"win_rate":0.0,"timestamp":1614014532,"path_taken":["R","M","?","M","?","$","T","R","$","?","?","R","M","?","M","BOSS","R","M","M","$","M","?","T","?","R","E","?","?","R","M","M","BOSS","R","M","M","?","?","?","T","?","M","?","?","E","R","M","M","BOSS"],"items_purchased_type":["Card","Card"],"build_version":"2020-12-22","purchased_purges":1,"victory":false,"max_hp_per_floor":[80,80,80,80,80,80,80,80,80,80,80,80,80,80,80,80,80,90,90,90,90,90,90,90,90,90,90,90,90,90,90,90,90,90,90,90,90,90,90,90,90,90,90,90,100,100,100,100,100,100,100,100],"card_choices":[{"not_picked":["Guardian:ShieldCharger","Guardian:CrystalBeam"],"picked":"Guardian:PrimingBeam","floor":2},{"not_picked":["Guardian:Gem_Yellow","Guardian:TemporalStrike"],"picked":"Guardian:SentryBeam","floor":3},{"not_picked":["Guardian:Planning","Guardian:Gem_Lightblue"],"picked":"Guardian:WalkerClaw","floor":4},{"not_picked":["Guardian:WalkerClaw","Guardian:CrystalBeam"],"picked":"Guardian:VentSteam","floor":6},{"not_picked":["Guardian:ConstructionForm","Guardian:Preprogram"],"picked":"Guardian:ShieldCharger","floor":9},{"not_picked":["Guardian:ChargeCore","Guardian:CrystalBeam"],"picked":"Guardian:Planning","floor":13},{"not_picked":["Guardian:Planning","Guardian:DecasProtection","Guardian:Suspension"],"picked":"SKIP","floor":14},{"not_picked":["Guardian:VentSteam","Guardian:Recover"],"picked":"Guardian:Gem_Blue","floor":15},{"not_picked":["Guardian:AncientConstruct","Guardian:FierceBash"],"picked":"Guardian:TimeSifter","floor":16},{"not_picked":["Guardian:ShieldCharger","Guardian:EvasiveProtocol+1"],"picked":"Guardian:Gem_Green","floor":19},{"not_picked":["Guardian:PrimingBeam","Guardian:TimeCapacitor"],"picked":"Guardian:FloatingOrbs+1","floor":20},{"not_picked":["Guardian:DecasProtection","Guardian:ShieldSpikes","Guardian:TemporalStrike"],"picked":"SKIP","floor":21},{"not_picked":["Guardian:ShieldCharger","Guardian:PiercingHide"],"picked":"Guardian:Gem_Yellow","floor":22},{"not_picked":["Guardian:Reroute","Guardian:SpikerProtocol+1"],"picked":"Guardian:ArmoredProtocol+1","floor":27},{"not_picked":["Guardian:WalkerClaw","Guardian:Recover","Guardian:TemporalShield"],"picked":"SKIP","floor":31},{"not_picked":["Guardian:Recover","Guardian:SpikerProtocol"],"picked":"Guardian:RefractedBeam","floor":32},{"not_picked":["Guardian:ChargeCore+1","Guardian:Harden"],"picked":"Guardian:Gem_Crimson","floor":36},{"not_picked":["Guardian:Clone+1","Guardian:BodySlam+1"],"picked":"Guardian:Gem_Red","floor":37},{"not_picked":["expansioncontent:PolyBeam","expansioncontent:AwakenDeath"],"picked":"expansioncontent:Hexaburn","floor":39},{"not_picked":["Guardian:ShieldCharger","Guardian:VentSteam+1"],"picked":"Guardian:FloatingOrbs","floor":43},{"not_picked":["Guardian:TimeCapacitor","Guardian:ShieldCharger"],"picked":"Guardian:Harden","floor":44},{"not_picked":["Guardian:WalkerClaw+1","Guardian:ShieldSpikes+1"],"picked":"Guardian:Gem_Crimson","floor":46},{"not_picked":["Guardian:TimeCapacitor+1","Guardian:RefractedBeam","Guardian:CrystalBeam"],"picked":"Guardian:PiercingHide+1","floor":48},{"not_picked":["Guardian:SentryBeam","Guardian:Planning","Guardian:ShieldSpikes+1","Guardian:FierceBash"],"picked":"SKIP","floor":49}],"player_experience":283891,"relics_obtained":[{"floor":24,"key":"Happy Flower"},{"floor":27,"key":"hubris:SlimyHat"},{"floor":40,"key":"TungstenRod"},{"floor":41,"key":"Orichalcum"},{"floor":42,"key":"Gremlin Horn"},{"floor":46,"key":"Question Card"}],"event_choices":[{"damage_healed":0,"gold_gain":0,"player_choice":"Ignored","damage_taken":0,"max_hp_gain":0,"max_hp_loss":0,"event_name":"Vampires","floor":29,"gold_loss":0},{"cards_removed":["Guardian:ConstructionForm"],"damage_healed":55,"gold_gain":0,"player_choice":"Offered Rare","damage_taken":0,"max_hp_gain":10,"max_hp_loss":0,"event_name":"Bonfire Elementals","floor":45,"gold_loss":0}],"is_beta":false,"boss_relics":[{"not_picked":["Cursed Key","hubris:VirtuousBlindfold"],"picked":"hubris:Backtick"},{"not_picked":["hubris:GrandSneckoEye","hubris:TerracottaHorce"],"picked":"hubris:Stopwatch"}],"items_purged_floors":[6],"is_endless":false,"potions_floor_spawned":[3,16,22,31,32,33,36,46],"killed_by":"WA_ARCHETYPE_DIVINITY","ascension_level":1}}