{"host":"ufl0k2so27eic2iy","time":1614011223,"event":{"mods":["100% Spire Juice","BaseMod","ChefMod","Curses Come First","Downfall","Minty Spire (QoL Compilation)","Replay The Spire","StSLib","The Animator","The Cursed","The Marked"],"gold_per_floor":[117,127,202,232,246,246,279,297,344,344,379,379,392,281,281,382,382,395,405,305,305,325,325,353,369,369,384,384,417,436,447,447,542,542,552,341,341,351,367,367,402,413,486,486,513,513,209,226,226,226,226,226,51,80,80],"floor_reached":56,"language":"ENG","playtime":2708,"items_purged":["theMarked:Strike","theMarked:Strike","theMarked:Strike","theMarked:Strike","theMarked:Strike"],"score":1334,"play_id":"5d6f9ea2-9c9f-4823-b3cb-fdd3159dd883","local_time":"20210222162703","is_ascension_mode":false,"campfire_choices":[{"data":"theMarked:Defy","floor":6,"key":"SMITH"},{"data":"theMarked:Electrocute","floor":10,"key":"SMITH"},{"data":"theMarked:Static","floor":15,"key":"SMITH"},{"data":"theMarked:SoldierOfQuellstein","floor":23,"key":"SMITH"},{"data":"theMarked:Maelstrom","floor":28,"key":"SMITH"},{"data":"1","floor":32,"key":"LIFT"},{"floor":40,"key":"RECALL"},{"data":"2","floor":44,"key":"LIFT"},{"data":"3","floor":49,"key":"LIFT"},{"data":"theMarked:Challenge","floor":52,"key":"SMITH"}],"circlet_count":0,"master_deck":["theMarked:Defend","theMarked:Defend","theMarked:Defend","theMarked:Defend","theMarked:SoldierOfQuellstein+1","theMarked:Electrocute+1","theMarked:Static+1","theMarked:Defy+1","theMarked:Maelstrom+1","theMarked:FavorableWinds","theMarked:Electrify+1","theMarked:AttractMetal","theMarked:ComboAttacks","theMarked:Opportunist","theMarked:ResourceFulStrike+1","theMarked:SwordAndMagic","theMarked:EternalStudent","theMarked:Challenge+1","Replay:Sssssssssshield","Finesse","theMarked:Panic+1","theMarked:Polarize","theMarked:TakeOffHeels","theMarked:AttractMetal+1"],"relics":["theMarked:ArtifactOfAir","theMarked:KettuFlask","Onion Ring","Replay:Mystery Machine","Bronze Scales","ReplayFunnel","Sozu","Centennial Puzzle","Divine Protection","Girya","sneckomod:SneckoTalon","Counterbalance","bronze:BronzeIdol","PreservedInsect","Replay:Multitool"],"acts_visited":["Exordium","TheCity","TheBeyond","TheEnding"],"potions_floor_usage":[7,13,54,55],"damage_taken":[{"damage":6.0,"enemies":"Jaw Worm","floor":1.0,"turns":4.0},{"damage":0.0,"enemies":"2 Louse","floor":2.0,"turns":2.0},{"damage":0,"enemies":"Cultist","floor":5,"turns":3},{"damage":0,"enemies":"Gremlin Nob","floor":7,"turns":3},{"damage":0,"enemies":"3 Louse","floor":8,"turns":3},{"damage":0,"enemies":"3 Sentries","floor":11,"turns":3},{"damage":0,"enemies":"Red Slaver","floor":13,"turns":3},{"damage":12,"enemies":"Hexaghost","floor":16,"turns":6},{"damage":5,"enemies":"Spheric Guardian","floor":18,"turns":4},{"damage":0,"enemies":"Chosen","floor":19,"turns":4},{"damage":8,"enemies":"Centurion and Healer","floor":22,"turns":5},{"damage":18,"enemies":"Gremlin Leader","floor":24,"turns":5},{"damage":0,"enemies":"3 Cultists","floor":25,"turns":3},{"damage":0,"enemies":"Chosen and Byrds","floor":27,"turns":3},{"damage":11,"enemies":"Book of Stabbing","floor":29,"turns":4},{"damage":0,"enemies":"Cultist and Chosen","floor":30,"turns":4},{"damage":8,"enemies":"Snake Plant","floor":31,"turns":2},{"damage":22,"enemies":"Automaton","floor":33,"turns":8},{"damage":0,"enemies":"3 Darklings","floor":35,"turns":3},{"damage":0,"enemies":"Orb Walker","floor":38,"turns":4},{"damage":7,"enemies":"Transient","floor":39,"turns":5},{"damage":0,"enemies":"Nemesis","floor":41,"turns":5},{"damage":0,"enemies":"Sphere and 2 Shapes","floor":42,"turns":4},{"damage":0,"enemies":"R_Hoarder","floor":45,"turns":8},{"damage":0,"enemies":"Jaw Worm Horde","floor":48,"turns":4},{"damage":13,"enemies":"Donu and Deca","floor":50,"turns":8},{"damage":6,"enemies":"Shield and Spear","floor":54,"turns":5},{"damage":66,"enemies":"The Heart","floor":55,"turns":11}],"seed_played":"-1357060682633059250","potions_obtained":[{"floor":2.0,"key":"FearPotion"},{"floor":5,"key":"Swift Potion"},{"floor":8,"key":"Fire Potion"},{"floor":11,"key":"Fruit Juice"},{"floor":13,"key":"Flashbang"}],"is_trial":false,"path_per_floor":["M","M","?","?","M","R","E","M","T","R","E","?","M","$","R","B",null,"M","M","$","?","M","R","E","M","T","M","R","E","M","M","R","B",null,"M","$","?","M","M","R","E","M","T","R","E","?","$","M","R","B",null,"R","$","E","B",null],"character_chosen":"THE_DEFAULT","items_purchased":["theMarked:Opportunist","Replay:Sssssssssshield","PreservedInsect"],"campfire_rested":0,"item_purchase_floors":[14,36,47],"current_hp_per_floor":[73,73,62,43,43,43,43,43,43,43,43,31,36,36,36,24,84,79,79,79,79,71,71,53,53,53,53,53,42,42,34,34,12,84,84,84,84,84,77,77,77,77,77,77,81,81,81,81,81,68,84,84,84,78,12],"gold":80,"neow_bonus":"TEN_PERCENT_HP_BONUS","is_daily":false,"chose_seed":false,"campfire_upgraded":6,"win_rate":0.0,"timestamp":1614011223,"path_taken":["M","M","?","?","M","R","E","M","T","R","E","?","M","$","R","BOSS","M","M","$","?","M","R","E","M","T","M","R","E","M","?","R","BOSS","M","$","?","?","M","R","E","M","T","R","E","?","$","M","R","BOSS","R","$","E","BOSS"],"items_purchased_type":["Card","Card","Relic"],"build_version":"2020-12-22","purchased_purges":5,"victory":true,"max_hp_per_floor":[79,79,79,79,79,79,79,79,79,79,79,79,84,84,84,84,84,84,84,84,84,84,84,84,84,84,84,84,84,84,84,84,84,84,84,84,84,84,84,84,84,84,84,84,84,84,84,84,84,84,84,84,84,84,84],"card_choices":[{"not_picked":["theMarked:ElectricStrings","theMarked:Aftermath"],"picked":"theMarked:Electrocute","floor":1.0},{"not_picked":["theMarked:WardOff","theMarked:Frustration"],"picked":"theMarked:Static","floor":2.0},{"not_picked":["theMarked:WardOff","theMarked:Panic"],"picked":"theMarked:Defy","floor":4},{"not_picked":["theMarked:Frustration","theMarked:SelfDefenseTraining"],"picked":"theMarked:Maelstrom","floor":5},{"not_picked":["theMarked:ElectricStrings","theMarked:RepellingDischarge"],"picked":"theMarked:FavorableWinds","floor":7},{"not_picked":["theMarked:GodGivenPower","theMarked:Improvise"],"picked":"theMarked:Electrify","floor":8},{"not_picked":["theMarked:Overcharge","theMarked:TheMission"],"picked":"theMarked:AttractMetal","floor":11},{"not_picked":["theMarked:SelfDefenseTraining","theMarked:ChainLightning"],"picked":"theMarked:ComboAttacks","floor":13},{"not_picked":["theMarked:TakeCover","theMarked:ElectricStrings+1"],"picked":"theMarked:ResourceFulStrike+1","floor":18},{"not_picked":["theMarked:TakeOffHeels","theMarked:Memento","theMarked:WardOff+1"],"picked":"SKIP","floor":19},{"not_picked":["theMarked:TwofoldDefense","theMarked:ResourceFulStrike","theMarked:SwordAndMagic"],"picked":"SKIP","floor":22},{"not_picked":["theMarked:Seal","theMarked:TakeCover","theMarked:WastefulAttack"],"picked":"SKIP","floor":24},{"not_picked":["theMarked:WastefulAttack","theMarked:Heritage","theMarked:HeightenedSenses"],"picked":"SKIP","floor":25},{"not_picked":["theMarked:Seal","theMarked:WardOff"],"picked":"theMarked:SwordAndMagic","floor":27},{"not_picked":["theMarked:EmpowerWeapon+1","theMarked:ChainLightning"],"picked":"theMarked:EternalStudent","floor":29},{"not_picked":["theMarked:RepellingDischarge","theMarked:Overcharge","theMarked:Standoff"],"picked":"SKIP","floor":30},{"not_picked":["theMarked:Memento+1","theMarked:EmpowerWeapon","theMarked:WastefulAttack"],"picked":"SKIP","floor":31},{"not_picked":["theMarked:Abjuration","theMarked:DispelDoubt"],"picked":"theMarked:Challenge","floor":33},{"not_picked":["theMarked:Memento+1","theMarked:Frustration","theMarked:Overcharge"],"picked":"SKIP","floor":35},{"not_picked":["theMarked:CreepingChasm+1","theMarked:ResourceFulStrike"],"picked":"theMarked:Panic+1","floor":38},{"not_picked":["theMarked:ElectricStrings","theMarked:Frustration+1"],"picked":"theMarked:Polarize","floor":39},{"not_picked":["theMarked:BanishingStrike","theMarked:SwordAndMagic+1"],"picked":"theMarked:TakeOffHeels","floor":41},{"not_picked":["theMarked:PowerFlow","theMarked:SwordAndMagic","theMarked:TakeCover+1"],"picked":"SKIP","floor":42},{"not_picked":["theMarked:ComboAttacks+1","theMarked:ThrowWeapon","theMarked:ChannelForce+1"],"picked":"SKIP","floor":45},{"not_picked":["theMarked:ChainLightning+1","theMarked:HeightenedSenses"],"picked":"theMarked:AttractMetal+1","floor":48},{"not_picked":["theMarked:Polarize+1","theMarked:Memento","theMarked:TakeCover+1"],"picked":"SKIP","floor":54}],"player_experience":2845043,"relics_obtained":[{"floor":4,"key":"theMarked:KettuFlask"},{"floor":7,"key":"Onion Ring"},{"floor":9,"key":"Replay:Mystery Machine"},{"floor":11,"key":"Bronze Scales"},{"floor":24,"key":"Centennial Puzzle"},{"floor":26,"key":"Divine Protection"},{"floor":29,"key":"Girya"},{"floor":41,"key":"Counterbalance"},{"floor":45,"key":"bronze:BronzeIdol"},{"floor":54,"key":"Replay:Multitool"}],"event_choices":[{"damage_healed":0.0,"max_hp_gain":0.0,"max_hp_loss":0.0,"gold_gain":75.0,"event_name":"World of Goop","player_choice":"Gather Gold","floor":3.0,"gold_loss":0.0,"damage_taken":11.0},{"damage_healed":0,"gold_gain":0,"player_choice":"Success","damage_taken":12,"relics_obtained":["ReplayFunnel"],"max_hp_gain":0,"max_hp_loss":0,"event_name":"Scrap Ooze","floor":12,"gold_loss":0},{"damage_healed":0,"gold_gain":0,"player_choice":"Upgraded","damage_taken":0,"max_hp_gain":0,"max_hp_loss":0,"event_name":"Upgrade Shrine","floor":21,"gold_loss":0,"cards_upgraded":["theMarked:Electrify"]},{"damage_healed":0,"gold_gain":0,"player_choice":"1 cards matched","damage_taken":0,"max_hp_gain":0,"max_hp_loss":0,"event_name":"Match and Keep!","floor":37,"gold_loss":0,"cards_obtained":["Finesse"]}],"is_beta":false,"boss_relics":[{"not_picked":["theMarked:BronzeBlade","Pandora\u0027s Box"],"picked":"Sozu"},{"not_picked":["Busted Crown","Snecko Eye"],"picked":"sneckomod:SneckoTalon"}],"items_purged_floors":[14,20,36,47,53],"is_endless":false,"potions_floor_spawned":[2,5,8,11,13,16,22,24,27,30,31,41,42,45,54],"ascension_level":0}}