{"host":"sim2kxx81cjsn49b","time":1614012728,"event":{"mods":["ATMod(°¢èªMod)","BaseMod","Minty Spire (QoL Compilation)","RumiaBox-Â¶Ã×æ«µÄÉñÃØºÐ×Ó","StSLib","TestMod","¡¾¹¦ÄÜMod¡¿»ìãçÖ®»·ÐÞ¸´²¹¶¡","¡¾ÒÅÎï¿¨ÅÆ¡¿REMEMod"],"gold_per_floor":[109,109,121,139,152,178,192,211,211,238,238,238,238],"floor_reached":12,"language":"ZHS","playtime":538,"items_purged":[],"score":250,"play_id":"7449f4d6-6487-4c9a-b4b8-753974477d8e","local_time":"20210223005208","is_ascension_mode":true,"campfire_choices":[{"data":"AT_EssenceShift","floor":11.0,"key":"SMITH"}],"circlet_count":0,"master_deck":["AscendersBane","Strike_P","Strike_P","Strike_P","Strike_P","Defend_P","Defend_P","Defend_P","Eruption","Vigilance","Feed","AT_EssenceShift+1","CurseOfTheBell","AT_OneInchPunch","BowlingBash","Pray","Establishment","ClearTheMind"],"relics":["AT_ATBox","testmod-TestBox","REME_ComplimentaryCards","testmod-CrystalShield","Calling Bell","testmod-TurbochargingSystem","AT_ForceNature","SecretRecord","Baka","Unceasing Top","testmod-IntensifyImprint","AT_SilverBalance","Gambling Chip"],"acts_visited":["Exordium"],"potions_floor_usage":[],"damage_taken":[{"damage":15.0,"enemies":"2 Louse","floor":1.0,"turns":4.0},{"damage":9.0,"enemies":"Cultist","floor":3.0,"turns":2.0},{"damage":0.0,"enemies":"Jaw Worm","floor":4.0,"turns":1.0},{"damage":8.0,"enemies":"Blue Slaver","floor":5.0,"turns":3.0},{"damage":19.0,"enemies":"Lagavulin","floor":6.0,"turns":4.0},{"damage":0.0,"enemies":"Looter","floor":7.0,"turns":2.0},{"damage":0.0,"enemies":"Gremlin Nob","floor":8.0,"turns":3.0},{"damage":12.0,"enemies":"3 Sentries","floor":10.0,"turns":8.0},{"damage":89,"enemies":"Gremlin Nob","floor":12,"turns":4}],"seed_played":"-4669741447476072875","potions_obtained":[{"floor":3.0,"key":"SneckoOil"},{"floor":7.0,"key":"testmod-TestPotion"},{"floor":8.0,"key":"Ancient Potion"},{"floor":10.0,"key":"Weak Potion"}],"is_trial":false,"path_per_floor":["M","?","M","M","M","E","M","E","T","E","R","E"],"character_chosen":"WATCHER","items_purchased":[],"campfire_rested":0,"item_purchase_floors":[],"current_hp_per_floor":[50,50,41,41,33,14,14,14,14,28,28,0,0],"gold":238,"neow_bonus":"BOSS_RELIC","is_daily":false,"chose_seed":false,"campfire_upgraded":1,"win_rate":0.0,"timestamp":1614012728,"path_taken":["M","?","M","M","M","E","M","E","T","E","R","E"],"items_purchased_type":[],"build_version":"2020-12-22","purchased_purges":0,"victory":false,"max_hp_per_floor":[72,72,72,72,72,72,72,72,72,76,76,76,76],"card_choices":[{"not_picked":["JustLucky","REME_Repentance"],"picked":"AT_OneInchPunch","floor":1.0},{"not_picked":["WindmillStrike","AT_OneInchPunch","Weave"],"picked":"SKIP","floor":3.0},{"not_picked":["Crescendo","REME_MusicOfDeath"],"picked":"Pray","floor":4.0},{"not_picked":["AT_OneInchPunch","Consecrate","WindmillStrike"],"picked":"SKIP","floor":5.0},{"not_picked":["AT_RealColorLess","FlyingSleeves"],"picked":"Establishment","floor":6.0},{"not_picked":["Fasting2","Consecrate"],"picked":"ClearTheMind","floor":7.0},{"not_picked":["FlurryOfBlows","Protect","EmptyBody"],"picked":"SKIP","floor":8.0},{"not_picked":["Halt","FlyingSleeves","Crescendo"],"picked":"SKIP","floor":10.0}],"player_experience":632377,"relics_obtained":[{"floor":0.0,"key":"testmod-TurbochargingSystem"},{"floor":0.0,"key":"AT_ForceNature"},{"floor":0.0,"key":"SecretRecord"},{"floor":1.0,"key":"Baka"},{"floor":3.0,"key":"Unceasing Top"},{"floor":6.0,"key":"testmod-IntensifyImprint"},{"floor":8.0,"key":"AT_SilverBalance"},{"floor":10.0,"key":"Gambling Chip"}],"event_choices":[{"damage_healed":0.0,"max_hp_gain":0.0,"max_hp_loss":0.0,"gold_gain":0.0,"cards_transformed":["Defend_P"],"event_name":"Transmorgrifier","player_choice":"Transformed","floor":2.0,"gold_loss":0.0,"damage_taken":0.0,"cards_obtained":["BowlingBash"]}],"is_beta":false,"boss_relics":[],"items_purged_floors":[],"is_endless":false,"potions_floor_spawned":[3,7,8,10],"killed_by":"Gremlin Nob","ascension_level":20}}