{"host":"szp1d6dso4pv7ddl","time":1614037180,"event":{"mods":["AchievementEnabler","Alarm Clock","BaseMod","Bestiary","Block Reminder","Colored Map","Colored Powertips","Curses Come First","Dark Map","Displayed Cursed Tome","Highlight Path","Minty Spire (QoL Compilation)","Permanent Neow","Quick Restart","Relic Sorter","Relic Stats","StSLib","Synergy Search"],"gold_per_floor":[113,127,127,77,92,107,32,44,44,44,44,58,58,77,77,77,77],"floor_reached":16,"language":"ENG","playtime":601,"items_purged":["Defend_R"],"score":94,"play_id":"a390c4b4-4830-461a-83cb-9e7b17790bba","local_time":"20210222153940","is_ascension_mode":false,"campfire_choices":[{"floor":11,"key":"REST"},{"floor":13,"key":"REST"},{"floor":15,"key":"REST"}],"circlet_count":0,"master_deck":["Strike_R","Strike_R","Strike_R","Defend_R","Bash","Shrug It Off","Dropkick"],"relics":["Burning Blood","Question Card"],"acts_visited":["Exordium"],"potions_floor_usage":[10,16,16,16,16,16],"damage_taken":[{"damage":7,"enemies":"2 Louse","floor":1,"turns":2},{"damage":0,"enemies":"Small Slimes","floor":2,"turns":3},{"damage":4,"enemies":"Jaw Worm","floor":5,"turns":4},{"damage":12,"enemies":"Looter","floor":6,"turns":3},{"damage":15,"enemies":"Exordium Wildlife","floor":8,"turns":6},{"damage":0,"enemies":"The Mushroom Lair","floor":10,"turns":1},{"damage":30,"enemies":"Gremlin Gang","floor":12,"turns":7},{"damage":19,"enemies":"2 Fungi Beasts","floor":14,"turns":3},{"damage":72,"enemies":"Hexaghost","floor":16,"turns":10}],"seed_played":"-9070841006443050477","potions_obtained":[{"floor":2,"key":"DuplicationPotion"},{"floor":5,"key":"SmokeBomb"},{"floor":6,"key":"ColorlessPotion"},{"floor":8,"key":"DuplicationPotion"},{"floor":12,"key":"EntropicBrew"}],"is_trial":false,"path_per_floor":["M","M","?","?","M","M","$","M","T","?","R","M","R","M","R","B"],"character_chosen":"IRONCLAD","items_purchased":[],"campfire_rested":3,"item_purchase_floors":[],"current_hp_per_floor":[71,72,65,65,67,61,61,52,52,58,72,48,69,56,72,0,0],"gold":77,"neow_bonus":"REMOVE_TWO","is_daily":false,"chose_seed":false,"campfire_upgraded":0,"win_rate":0.0,"timestamp":1614037180,"path_taken":["M","M","?","?","M","M","$","M","T","?","R","M","R","?","R","BOSS"],"items_purchased_type":[],"build_version":"2020-12-22","purchased_purges":1,"victory":false,"max_hp_per_floor":[72,72,72,72,72,72,72,72,72,72,72,72,72,72,72,72,72],"relic_stats":{"counters":[9,39],"Question Card":2,"obtain_stats":[{"Question Card":9,"Burning Blood":0},{"Question Card":5,"Burning Blood":0},{"Question Card":18,"Burning Blood":0}],"Burning Blood":43},"card_choices":[{"not_picked":["Pommel Strike","Heavy Blade"],"picked":"Shrug It Off","floor":1},{"not_picked":["Second Wind","Shrug It Off","Clash"],"picked":"SKIP","floor":2},{"not_picked":["Body Slam","Havoc","Cleave"],"picked":"SKIP","floor":5},{"not_picked":["Second Wind","Infernal Blade","Combust"],"picked":"SKIP","floor":6},{"not_picked":["Thunderclap","Power Through","Heavy Blade"],"picked":"SKIP","floor":8},{"not_picked":["Pummel","Headbutt","Metallicize"],"picked":"Dropkick","floor":12},{"not_picked":["Flex","Juggernaut","Burning Pact","Warcry"],"picked":"SKIP","floor":14}],"player_experience":1635732,"relics_obtained":[{"floor":9,"key":"Question Card"}],"event_choices":[{"cards_removed":["Strike_R"],"damage_healed":0,"gold_gain":0,"player_choice":"Card Removal","damage_taken":7,"max_hp_gain":0,"max_hp_loss":0,"event_name":"Golden Wing","floor":3,"gold_loss":0},{"cards_removed":["Strike_R"],"damage_healed":0,"gold_gain":0,"player_choice":"Card Removal","damage_taken":0,"max_hp_gain":0,"max_hp_loss":0,"event_name":"The Cleric","floor":4,"gold_loss":50},{"damage_healed":0,"gold_gain":0,"player_choice":"Fought Mushrooms","damage_taken":0,"max_hp_gain":0,"max_hp_loss":0,"event_name":"Mushrooms","floor":10,"gold_loss":0}],"is_beta":false,"boss_relics":[],"items_purged_floors":[7],"is_endless":false,"potions_floor_spawned":[2,5,6,8,12],"killed_by":"Hexaghost","ascension_level":0}}