{"host":"8ki4rp59nppvqwda","time":1614005259,"event":{"mods":["AlwaysNeverKeys","BaseMod","Hermit","Minty Spire (QoL Compilation)","Robot Space Explorer","SacredBarkPlus","StSLib","The Cursed","The Necromancer","The Trickster"],"gold_per_floor":[116,291,366,366,378,378,378,378,403,403,436,448,460,495,495,592,592,607,149,164,263,263,263,289,289,289,289,289,308,341,353,353,449,449,459,478,528,553,569,600,620,223,248,276,287,287,317,328,328,328],"floor_reached":51,"language":"ENG","playtime":2605,"items_purged":["Doubt","RobotSpaceExplorer:Strike"],"score":1300,"play_id":"f69104e6-fa45-407c-8a66-d2593ddcd29d","local_time":"20210222094739","is_ascension_mode":true,"campfire_choices":[{"data":"RobotSpaceExplorer:TurboDodge","floor":6.0,"key":"SMITH"},{"data":"RobotSpaceExplorer:ScrapToss","floor":8.0,"key":"SMITH"},{"data":"RobotSpaceExplorer:MiniLasers","floor":10.0,"key":"SMITH"},{"data":"RobotSpaceExplorer:PlasmaMissile","floor":15.0,"key":"SMITH"},{"data":"RobotSpaceExplorer:ChargingLaser","floor":23.0,"key":"SMITH"},{"data":"RobotSpaceExplorer:Scan","floor":25.0,"key":"SMITH"},{"data":"RobotSpaceExplorer:Probe","floor":28.0,"key":"SMITH"},{"data":"RobotSpaceExplorer:RigExplosive","floor":32.0,"key":"SMITH"},{"floor":46,"key":"REST"},{"floor":49,"key":"REST"}],"circlet_count":0,"master_deck":["AscendersBane","RobotSpaceExplorer:Strike+1","RobotSpaceExplorer:Defend+1","RobotSpaceExplorer:Defend+1","RobotSpaceExplorer:Scan+1","RobotSpaceExplorer:MiniLasers+1","RobotSpaceExplorer:ScrapToss+1","RobotSpaceExplorer:TurboDodge+1","RobotSpaceExplorer:RigExplosive+1","RobotSpaceExplorer:PlasmaMissile+1","RobotSpaceExplorer:Probe+1","RobotSpaceExplorer:ChargingLaser+1","RobotSpaceExplorer:PowerGlove+1","RobotSpaceExplorer:GlueShot+1","RobotSpaceExplorer:ShockKick+1","RobotSpaceExplorer:Counterblock+1","RobotSpaceExplorer:Counterblock+1","RobotSpaceExplorer:Pulsar+1","RobotSpaceExplorer:Autoloader","RobotSpaceExplorer:MiniDrones+1","RobotSpaceExplorer:Scanner","RobotSpaceExplorer:Reload+1","RobotSpaceExplorer:PlasmaMissile+1","RobotSpaceExplorer:ScrapShield+1","RobotSpaceExplorer:FranticSearch+1","RobotSpaceExplorer:ScrapMissile+1","RobotSpaceExplorer:IronShell","RobotSpaceExplorer:MiniBoosters+1","RobotSpaceExplorer:FranticSearch+1"],"relics":["RobotSpaceExplorer:RoboCore","Bag of Preparation","Singing Bowl","Strawberry","Astrolabe","Lee\u0027s Waffle","Ornamental Fan","Potion Belt","Eternal Feather","MutagenicStrength","Bronze Scales","RobotSpaceExplorer:SearchSpecs","Turnip","War Paint","RobotSpaceExplorer:FoglandsKnife","Sling","Whetstone","Bag of Marbles","Kunai","Ancient Tea Set"],"acts_visited":["Exordium","TheCity","TheBeyond"],"potions_floor_usage":[39,40,41,44,44,44,50,50,50],"damage_taken":[{"damage":0.0,"enemies":"Small Slimes","floor":1.0,"turns":5.0},{"damage":5.0,"enemies":"2 Louse","floor":5.0,"turns":3.0},{"damage":6.0,"enemies":"3 Sentries","floor":11.0,"turns":8.0},{"damage":0.0,"enemies":"Cultist","floor":12.0,"turns":5.0},{"damage":0.0,"enemies":"Blue Slaver","floor":13.0,"turns":3.0},{"damage":16.0,"enemies":"Lagavulin","floor":14.0,"turns":6.0},{"damage":25.0,"enemies":"Slime Boss","floor":16.0,"turns":9.0},{"damage":6.0,"enemies":"Shell Parasite","floor":18.0,"turns":5.0},{"damage":0.0,"enemies":"Spheric Guardian","floor":20.0,"turns":3.0},{"damage":17.0,"enemies":"Gremlin Leader","floor":24.0,"turns":4.0},{"damage":0.0,"enemies":"Centurion and Healer","floor":29.0,"turns":5.0},{"damage":0.0,"enemies":"Book of Stabbing","floor":30.0,"turns":4.0},{"damage":4.0,"enemies":"Cultist and Chosen","floor":31.0,"turns":4.0},{"damage":25.0,"enemies":"Collector","floor":33.0,"turns":8.0},{"damage":14.0,"enemies":"3 Shapes","floor":35.0,"turns":3.0},{"damage":0.0,"enemies":"Orb Walker","floor":36.0,"turns":2.0},{"damage":0.0,"enemies":"Mind Bloom Boss Battle","floor":37.0,"turns":3.0},{"damage":0,"enemies":"Transient","floor":39,"turns":5},{"damage":36,"enemies":"Giant Head","floor":40,"turns":8},{"damage":1,"enemies":"3 Darklings","floor":41,"turns":3},{"damage":25,"enemies":"Reptomancer","floor":44,"turns":5},{"damage":0,"enemies":"Sphere and 2 Shapes","floor":45,"turns":3},{"damage":4,"enemies":"Nemesis","floor":47,"turns":4},{"damage":0,"enemies":"Spire Growth","floor":48,"turns":4},{"damage":14,"enemies":"Time Eater","floor":50,"turns":7}],"seed_played":"4571663676498474109","potions_obtained":[{"floor":5.0,"key":"Dexterity Potion"},{"floor":11.0,"key":"Energy Potion"},{"floor":16.0,"key":"SteroidPotion"},{"floor":20.0,"key":"Regen Potion"},{"floor":29.0,"key":"DistilledChaos"},{"floor":30.0,"key":"Explosive Potion"},{"floor":33.0,"key":"Energy Potion"},{"floor":37.0,"key":"SpeedPotion"},{"floor":40,"key":"SteroidPotion"},{"floor":47,"key":"LiquidMemories"},{"floor":48,"key":"EssenceOfSteel"}],"is_trial":false,"path_per_floor":["M","?","?","?","M","R","?","R","T","R","E","M","M","E","R","B",null,"M","$","M","?","?","R","E","R","T","?","R","M","E","M","R","B",null,"M","M","?","T","M","E","M","$","T","E","M","R","E","M","R","B",null],"character_chosen":"RobotSpaceExplorer","items_purchased":["Lee\u0027s Waffle","Ornamental Fan","Sling","Whetstone"],"campfire_rested":2,"item_purchase_floors":[19,19,42,42],"current_hp_per_floor":[75,75,64,64,59,59,59,59,59,59,55,57,57,48,48,23,76,70,100,100,100,80,80,77,77,77,77,86,86,86,82,94,69,98,84,84,84,84,84,48,47,47,47,22,22,69,67,69,111,97],"gold":328,"neow_bonus":"TEN_PERCENT_HP_BONUS","is_daily":false,"chose_seed":false,"campfire_upgraded":8,"win_rate":0.0,"timestamp":1614005259,"path_taken":["M","?","?","?","?","R","?","R","T","R","E","?","M","E","R","BOSS","M","$","M","?","?","R","E","R","T","?","R","M","E","M","R","BOSS","M","M","?","?","M","E","M","$","T","E","?","R","E","M","R","BOSS"],"items_purchased_type":["Relic","Relic","Relic","Relic"],"build_version":"2020-12-22","purchased_purges":2,"victory":true,"max_hp_per_floor":[82,82,82,82,82,82,82,82,82,82,84,86,86,93,93,93,93,93,100,100,100,105,105,107,107,107,107,107,107,107,107,107,107,107,107,107,107,107,107,107,107,107,107,107,107,107,109,111,111,111],"card_choices":[{"not_picked":["RobotSpaceExplorer:MetalStrike","RobotSpaceExplorer:FranticSearch"],"picked":"RobotSpaceExplorer:ScrapToss","floor":1.0},{"not_picked":["RobotSpaceExplorer:ImprovisedAttack","RobotSpaceExplorer:SurgingShield"],"picked":"RobotSpaceExplorer:RigExplosive","floor":5.0},{"not_picked":["RobotSpaceExplorer:IronShell","RobotSpaceExplorer:DoubleBlock","RobotSpaceExplorer:TurboDodge"],"picked":"Singing Bowl","floor":11.0},{"not_picked":["RobotSpaceExplorer:FreezeRay","RobotSpaceExplorer:Electropulse","RobotSpaceExplorer:BigMissile"],"picked":"Singing Bowl","floor":12.0},{"not_picked":["RobotSpaceExplorer:ScrapShield","RobotSpaceExplorer:Counterblock"],"picked":"RobotSpaceExplorer:PlasmaMissile","floor":13.0},{"not_picked":["RobotSpaceExplorer:MetalStrike","RobotSpaceExplorer:StunGrenade"],"picked":"RobotSpaceExplorer:Probe","floor":14.0},{"not_picked":["RobotSpaceExplorer:Autoloader","RobotSpaceExplorer:Scanner"],"picked":"RobotSpaceExplorer:ChargingLaser","floor":16.0},{"not_picked":["RobotSpaceExplorer:SurgingStrike+1","RobotSpaceExplorer:TurboDodge"],"picked":"RobotSpaceExplorer:Counterblock+1","floor":18.0},{"not_picked":["RobotSpaceExplorer:LaserBurst","RobotSpaceExplorer:MetalStrike"],"picked":"RobotSpaceExplorer:Counterblock+1","floor":20.0},{"not_picked":["RobotSpaceExplorer:ShockKick+1","RobotSpaceExplorer:Ammunition","RobotSpaceExplorer:ToxicBomb"],"picked":"Singing Bowl","floor":24.0},{"not_picked":["RobotSpaceExplorer:FranticSearch","RobotSpaceExplorer:Electroshield"],"picked":"RobotSpaceExplorer:Pulsar+1","floor":29.0},{"not_picked":["RobotSpaceExplorer:FrostMissile","RobotSpaceExplorer:Counterblock"],"picked":"RobotSpaceExplorer:Autoloader","floor":30.0},{"not_picked":["RobotSpaceExplorer:MetalStrike","RobotSpaceExplorer:ScrapMissile"],"picked":"RobotSpaceExplorer:MiniDrones+1","floor":31.0},{"not_picked":["RobotSpaceExplorer:Asteroid","RobotSpaceExplorer:DroneSwarm"],"picked":"RobotSpaceExplorer:Scanner","floor":33.0},{"not_picked":["RobotSpaceExplorer:ShockKick","RobotSpaceExplorer:Pulsar"],"picked":"RobotSpaceExplorer:Reload+1","floor":35.0},{"not_picked":["RobotSpaceExplorer:SlimeMissile","RobotSpaceExplorer:ImprovisedAttack+1"],"picked":"RobotSpaceExplorer:PlasmaMissile+1","floor":36.0},{"not_picked":["RobotSpaceExplorer:IronShell","RobotSpaceExplorer:PlasmaMissile"],"picked":"RobotSpaceExplorer:ScrapShield+1","floor":37.0},{"not_picked":["RobotSpaceExplorer:Pulsar+1","RobotSpaceExplorer:SurgingShield"],"picked":"RobotSpaceExplorer:FranticSearch+1","floor":39},{"not_picked":["RobotSpaceExplorer:Ammunition+1","RobotSpaceExplorer:FreezingShield+1"],"picked":"RobotSpaceExplorer:ScrapMissile","floor":40},{"not_picked":["RobotSpaceExplorer:StunGrenade+1","RobotSpaceExplorer:Autoloader"],"picked":"RobotSpaceExplorer:IronShell","floor":41},{"not_picked":["RobotSpaceExplorer:MetalStrike+1","RobotSpaceExplorer:PowerCollector"],"picked":"RobotSpaceExplorer:MiniBoosters+1","floor":44},{"not_picked":["RobotSpaceExplorer:ImprovisedAttack+1","RobotSpaceExplorer:SlimeMissile"],"picked":"RobotSpaceExplorer:FranticSearch+1","floor":45},{"not_picked":["RobotSpaceExplorer:StunGrenade","RobotSpaceExplorer:SurgingShield+1","RobotSpaceExplorer:StarDust"],"picked":"Singing Bowl","floor":47},{"not_picked":["RobotSpaceExplorer:Discharger","RobotSpaceExplorer:Electropulse","RobotSpaceExplorer:MetalStrike"],"picked":"Singing Bowl","floor":48}],"player_experience":1335797,"relics_obtained":[{"floor":9.0,"key":"Bag of Preparation"},{"floor":11.0,"key":"Singing Bowl"},{"floor":14.0,"key":"Strawberry"},{"floor":24.0,"key":"Potion Belt"},{"floor":26.0,"key":"Eternal Feather"},{"floor":30.0,"key":"Bronze Scales"},{"floor":37.0,"key":"Turnip"},{"floor":38.0,"key":"War Paint"},{"floor":40,"key":"RobotSpaceExplorer:FoglandsKnife"},{"floor":43,"key":"Bag of Marbles"},{"floor":44,"key":"Kunai"},{"floor":47,"key":"Ancient Tea Set"}],"event_choices":[{"damage_healed":0.0,"max_hp_gain":0.0,"max_hp_loss":0.0,"gold_gain":175.0,"event_name":"Liars Game","player_choice":"AGREE","floor":2.0,"gold_loss":0.0,"damage_taken":0.0,"cards_obtained":["Doubt"]},{"damage_healed":0.0,"max_hp_gain":0.0,"max_hp_loss":0.0,"gold_gain":75.0,"event_name":"World of Goop","player_choice":"Gather Gold","floor":3.0,"gold_loss":0.0,"damage_taken":11.0},{"damage_healed":0.0,"max_hp_gain":0.0,"max_hp_loss":0.0,"gold_gain":0.0,"cards_transformed":["RobotSpaceExplorer:Defend"],"event_name":"Transmorgrifier","player_choice":"Transformed","floor":4.0,"gold_loss":0.0,"damage_taken":0.0,"cards_obtained":["RobotSpaceExplorer:TurboDodge"]},{"damage_healed":0.0,"max_hp_gain":0.0,"max_hp_loss":0.0,"gold_gain":0.0,"event_name":"The Woman in Blue","player_choice":"Bought 0 Potions","floor":7.0,"gold_loss":0.0,"damage_taken":0.0},{"damage_healed":0.0,"max_hp_gain":0.0,"max_hp_loss":0.0,"gold_gain":99.0,"event_name":"Nest","player_choice":"Stole From Cult","floor":21.0,"gold_loss":0.0,"damage_taken":0.0},{"damage_healed":0.0,"max_hp_gain":5.0,"max_hp_loss":0.0,"gold_gain":0.0,"event_name":"Forgotten Altar","player_choice":"Shed Blood","floor":22.0,"gold_loss":0.0,"damage_taken":25.0},{"damage_healed":0.0,"max_hp_gain":0.0,"max_hp_loss":0.0,"gold_gain":0.0,"event_name":"Drug Dealer","player_choice":"Inject Mutagens","floor":27.0,"gold_loss":0.0,"damage_taken":0.0,"relics_obtained":["MutagenicStrength"]},{"damage_healed":0.0,"max_hp_gain":0.0,"max_hp_loss":0.0,"gold_gain":0.0,"event_name":"MindBloom","player_choice":"Fight","floor":37.0,"gold_loss":0.0,"damage_taken":0.0}],"is_beta":false,"boss_relics":[{"not_picked":["Tiny House","Cursed Key"],"picked":"Astrolabe"},{"not_picked":["Runic Dome","Runic Pyramid"],"picked":"RobotSpaceExplorer:SearchSpecs"}],"items_purged_floors":[19,42],"is_endless":false,"potions_floor_spawned":[5,11,12,16,20,29,30,33,37,40,47,48],"ascension_level":11}}