{"host":"xp5rvh2jwe2ejyfm","time":1614004213,"event":{"mods":["2.2 Compatiblity","Aspiration","Bard","BaseMod","Beaked The Cultist","Better Altar","Better Match","Better Note","Better Sensory Stone","Better Skull","BetterRewards","Colored Powertips","Conspire","Downfall","GifTheSpireLib","Gremlin Mod","GungeonMod","Hermit","Hubris","Jorbs\u0027s Wanderer Trilogy","Mad Scientist","Minty Spire (QoL Compilation)","Potionbrewer","Quick Restart","Replay The Spire","Robot Space Explorer","Shade Mod","Somnambulant","StSLib","The Bug Knight","The Clintock","The Construct","The Cursed","The Disciple","The Forsaken","The Hierophant","The Marked","The Mystic","The Necromancer","The Runesmith","The Servant 0.9.4","The Valiant","The Witch","TheFirefly","TheVacant","thorton"],"gold_per_floor":[114,6,16,16,16,16,45,65,65,65,65],"floor_reached":10,"language":"ENG","playtime":229,"items_purged":[],"score":91,"play_id":"eb5751b4-634f-4ab6-bef0-d4bff2fef3ad","local_time":"20210222093013","is_ascension_mode":false,"campfire_choices":[{"floor":6,"key":"RECALL"}],"circlet_count":0,"master_deck":["MadScienceMod:Strike_MadScience","MadScienceMod:Strike_MadScience","MadScienceMod:Strike_MadScience","MadScienceMod:Strike_MadScience","MadScienceMod:Defend_MadScience","MadScienceMod:Defend_MadScience","MadScienceMod:Defend_MadScience","MadScienceMod:Defend_MadScience","MadScienceMod:PoweredStrike","MadScienceMod:HideBehindJunk","MadScienceMod:AutoStrike","MadScienceMod:RecyclingStation+1","MadScienceMod:FlexibleSpear","MadScienceMod:RadioactiveSword","Regret","MadScienceMod:Poke","MadScienceMod:FlammableWall"],"relics":["MadScienceMod:FuelTank","NeowsBlessing","conspire:DeflatedDodgeball","FaceOfCleric","DemoMod:LamentConfigurum"],"acts_visited":["Exordium"],"potions_floor_usage":[10,10],"damage_taken":[{"damage":0,"enemies":"Jaw Worm","floor":1,"turns":1},{"damage":0,"enemies":"Small Slimes","floor":3,"turns":2},{"damage":0,"enemies":"Lagavulin","floor":7,"turns":1},{"damage":5,"enemies":"Cultist","floor":8,"turns":5},{"damage":74,"enemies":"3 Sentries","floor":10,"turns":8}],"seed_played":"3762274345376012644","potions_obtained":[{"floor":3,"key":"champ:CounterPotion"},{"floor":8,"key":"Dexterity Potion"}],"is_trial":false,"path_per_floor":["M","$","M","?","?","R","E","M","T","E"],"character_chosen":"MAD_SCIENTIST","items_purchased":["MadScienceMod:RecyclingStation+1","MadScienceMod:FlexibleSpear"],"campfire_rested":0,"item_purchase_floors":[2,2],"current_hp_per_floor":[75,75,75,75,75,75,76,72,72,0,0],"gold":65,"neow_bonus":"THREE_ENEMY_KILL","is_daily":false,"chose_seed":false,"campfire_upgraded":0,"win_rate":0.0,"timestamp":1614004213,"path_taken":["M","$","M","?","?","R","E","?","T","E"],"items_purchased_type":["Card","Card"],"build_version":"2020-12-22","purchased_purges":0,"victory":false,"max_hp_per_floor":[75,75,75,75,75,75,76,77,77,77,77],"card_choices":[{"not_picked":["MadScienceMod:LightOnFire","MadScienceMod:FumeBlast"],"picked":"MadScienceMod:AutoStrike","floor":1},{"not_picked":["MadScienceMod:AutoStrike","MadScienceMod:FumeBlast"],"picked":"MadScienceMod:RadioactiveSword","floor":3},{"not_picked":["MadScienceMod:CloneVats","MadScienceMod:Refuel"],"picked":"MadScienceMod:Poke","floor":7},{"not_picked":["MadScienceMod:ShrinkRay","MadScienceMod:FlameCannon"],"picked":"MadScienceMod:FlammableWall","floor":8}],"player_experience":563315,"relics_obtained":[{"floor":7,"key":"DemoMod:LamentConfigurum"}],"event_choices":[{"damage_healed":0,"gold_gain":0,"player_choice":"Box","damage_taken":0,"relics_obtained":["conspire:DeflatedDodgeball"],"max_hp_gain":0,"max_hp_loss":0,"event_name":"Big Fish","floor":4,"gold_loss":0,"cards_obtained":["Regret"]},{"damage_healed":0,"gold_gain":0,"player_choice":"Trade","damage_taken":0,"relics_obtained":["FaceOfCleric"],"max_hp_gain":0,"max_hp_loss":0,"event_name":"FaceTrader","floor":5,"gold_loss":0}],"is_beta":false,"boss_relics":[],"items_purged_floors":[],"is_endless":false,"potions_floor_spawned":[3,8],"killed_by":"3 Sentries","ascension_level":0}}