{"host":"cjhtzh7tp54jdfyv","time":1614017242,"event":{"mods":["AchievementEnabler","BaseMod","Colored Map","Colored Powertips","Curses Come First","DeckTracker","Filter the Spire","Minty Spire (QoL Compilation)","RNG Fix","Relic Sorter","Relic Stats","StSLib","UnlockEverythingMod","ojb\u0027s Better Paths Mod","ojb\u0027s Info Mod"],"gold_per_floor":[113,123,133,149,163,198,198,229,229,259,259,290,290,290,590,662,662,679,679,268,268,2,30,30,60,60,60,95,110,10,43,43,117,117,131,150,150,25,45,73,73,104,131,148,0,11,39,55,55,55,55,55],"floor_reached":51,"language":"JPN","playtime":4738,"items_purged":["PathToVictory+1","Strike_P+1","Strike_P+1"],"score":2257,"play_id":"6e2e81df-78ec-481c-8d2c-325c21cdcdd3","local_time":"20210222130722","is_ascension_mode":true,"campfire_choices":[{"data":"Eruption","floor":7,"key":"SMITH"},{"data":"CrushJoints","floor":11,"key":"SMITH"},{"data":"Meditate","floor":13,"key":"SMITH"},{"floor":15,"key":"DIG"},{"floor":24,"key":"DIG"},{"floor":27,"key":"DIG"},{"data":"TalkToTheHand","floor":32,"key":"SMITH"},{"floor":41,"key":"RECALL"},{"floor":49,"key":"DIG"}],"circlet_count":0,"master_deck":["AscendersBane","Strike_P+1","Strike_P+1","Eruption+1","Vigilance+1","CrushJoints+1","BowlingBash","Meditate+1","CutThroughFate","TalkToTheHand+1","InnerPeace","Sanctity+1","ClearTheMind+1","FlurryOfBlows","ForeignInfluence+1","Madness","Madness+1","FlurryOfBlows+1","Wireheading+1","DeceiveReality+1","Scrawl"],"relics":["SlaversCollar","InkBottle","Happy Flower","Yang","StoneCalendar","Shovel","Frozen Egg 2","Old Coin","Astrolabe","MutagenicStrength","Frozen Eye","Vajra","Ornamental Fan","Gremlin Horn","Matryoshka","Letter Opener","Oddly Smooth Stone","Akabeko","Dream Catcher","Bag of Marbles","Tiny Chest","Coffee Dripper","Boot","War Paint","Red Mask","CaptainsWheel","Centennial Puzzle"],"acts_visited":["Exordium","TheCity","TheBeyond"],"potions_floor_usage":[4,6,18,25,46,51],"damage_taken":[{"damage":1,"enemies":"2 Louse","floor":1,"turns":3},{"damage":0,"enemies":"Jaw Worm","floor":2,"turns":4},{"damage":7,"enemies":"Small Slimes","floor":3,"turns":3},{"damage":0,"enemies":"Exordium Thugs","floor":4,"turns":2},{"damage":4,"enemies":"Looter","floor":5,"turns":3},{"damage":9,"enemies":"Lagavulin","floor":6,"turns":7},{"damage":0,"enemies":"3 Sentries","floor":8,"turns":3},{"damage":10,"enemies":"Gremlin Nob","floor":10,"turns":3},{"damage":11,"enemies":"Lagavulin","floor":12,"turns":5},{"damage":0,"enemies":"Slime Boss","floor":16,"turns":4},{"damage":7,"enemies":"Spheric Guardian","floor":18,"turns":4},{"damage":0,"enemies":"Slavers","floor":23,"turns":2},{"damage":0,"enemies":"Book of Stabbing","floor":25,"turns":2},{"damage":0,"enemies":"Gremlin Leader","floor":28,"turns":2},{"damage":0,"enemies":"3 Byrds","floor":29,"turns":1},{"damage":0,"enemies":"Book of Stabbing","floor":31,"turns":2},{"damage":9,"enemies":"Champ","floor":33,"turns":3},{"damage":0,"enemies":"3 Darklings","floor":35,"turns":1},{"damage":0,"enemies":"3 Shapes","floor":36,"turns":1},{"damage":0,"enemies":"Sphere and 2 Shapes","floor":39,"turns":1},{"damage":13,"enemies":"Nemesis","floor":40,"turns":3},{"damage":0,"enemies":"Giant Head","floor":42,"turns":4},{"damage":0,"enemies":"Maw","floor":44,"turns":4},{"damage":0,"enemies":"Transient","floor":46,"turns":6},{"damage":0,"enemies":"Nemesis","floor":47,"turns":1},{"damage":0,"enemies":"4 Shapes","floor":48,"turns":2},{"damage":0,"enemies":"Awakened One","floor":50,"turns":6},{"damage":76,"enemies":"Time Eater","floor":51,"turns":8}],"seed_played":"3510439365024575381","potions_obtained":[{"floor":1,"key":"AttackPotion"},{"floor":3,"key":"LiquidMemories"},{"floor":4,"key":"Fire Potion"},{"floor":10,"key":"SneckoOil"},{"floor":18,"key":"LiquidBronze"},{"floor":23,"key":"Ambrosia"},{"floor":28,"key":"FearPotion"},{"floor":33,"key":"DuplicationPotion"},{"floor":35,"key":"BottledMiracle"},{"floor":44,"key":"Regen Potion"},{"floor":47,"key":"DistilledChaos"}],"is_trial":false,"path_per_floor":["M","M","M","M","M","E","R","E","T","E","R","E","R","?","R","B",null,"M","?","$","?","$","E","R","E","T","R","E","M","$","E","R","B",null,"M","M","?","$","M","E","R","E","T","M","?","M","E","M","R","B","B"],"character_chosen":"WATCHER","items_purchased":["Frozen Eye","Vajra","Ornamental Fan"],"campfire_rested":0,"item_purchase_floors":[20,20,22],"current_hp_per_floor":[60,60,53,53,49,40,40,40,40,30,30,19,19,19,19,19,56,49,49,49,49,49,49,49,49,49,49,49,49,49,49,49,40,61,61,61,49,49,49,36,36,36,36,36,36,51,51,51,51,51,0,0],"gold":55,"neow_bonus":"BOSS_RELIC","is_daily":false,"chose_seed":false,"campfire_upgraded":4,"win_rate":0.0,"timestamp":1614017242,"path_taken":["M","M","M","M","M","E","R","E","T","E","R","E","R","?","R","BOSS","M","?","$","?","$","E","R","E","T","R","E","?","?","E","R","BOSS","M","M","?","$","M","E","R","E","T","M","?","?","E","M","R","BOSS","BOSS"],"items_purchased_type":["Relic","Relic","Relic"],"build_version":"2020-12-22","purchased_purges":3,"victory":false,"max_hp_per_floor":[68,68,68,68,68,68,68,68,68,68,68,68,68,68,68,68,68,68,68,68,68,68,68,68,68,68,68,68,68,68,68,68,68,68,68,68,68,68,68,68,68,68,68,68,68,68,68,68,68,68,68,68],"relic_stats":{"Happy Flower":[10],"Gremlin Horn":[16,16],"counters":[28,90],"Astrolabe":["PathToVictory","Sanctity","ClearTheMind"],"Yang":[304],"StoneCalendar":[52],"Letter Opener":[153],"War Paint":["Madness","Vigilance"],"Boot":[0],"Dream Catcher":0,"Centennial Puzzle":[3],"Shovel":4,"Ornamental Fan":[264],"Tiny Chest":0,"obtain_stats":[{"Gremlin Horn":23,"Vajra":20,"Yang":6,"StoneCalendar":8,"Boot":42,"Old Coin":15,"Frozen Eye":20,"Dream Catcher":27,"Centennial Puzzle":49,"Shovel":9,"Matryoshka":24,"Tiny Chest":31,"Red Mask":45,"InkBottle":12,"Happy Flower":40,"Astrolabe":17,"Oddly Smooth Stone":26,"Letter Opener":25,"Frozen Egg 2":10,"War Paint":43,"Akabeko":26,"SlaversCollar":0,"CaptainsWheel":47,"Ornamental Fan":22,"MutagenicStrength":19,"Bag of Marbles":28,"Coffee Dripper":34,"PureWater":0},{"Gremlin Horn":12,"Vajra":11,"Yang":6,"StoneCalendar":7,"Boot":22,"Old Coin":9,"Frozen Eye":11,"Dream Catcher":13,"Centennial Puzzle":26,"Shovel":7,"Matryoshka":12,"Tiny Chest":16,"Red Mask":23,"InkBottle":9,"Happy Flower":21,"Astrolabe":10,"Oddly Smooth Stone":13,"Letter Opener":13,"Frozen Egg 2":8,"War Paint":22,"Akabeko":13,"SlaversCollar":0,"CaptainsWheel":25,"Ornamental Fan":11,"MutagenicStrength":11,"Bag of Marbles":14,"Coffee Dripper":17,"PureWater":0},{"Gremlin Horn":43,"Vajra":41,"Yang":22,"StoneCalendar":25,"Boot":63,"Old Coin":33,"Frozen Eye":41,"Dream Catcher":45,"Centennial Puzzle":76,"Shovel":25,"Matryoshka":43,"Tiny Chest":50,"Red Mask":67,"InkBottle":33,"Happy Flower":59,"Astrolabe":37,"Oddly Smooth Stone":45,"Letter Opener":45,"Frozen Egg 2":28,"War Paint":63,"Akabeko":45,"SlaversCollar":0,"CaptainsWheel":74,"Ornamental Fan":41,"MutagenicStrength":41,"Bag of Marbles":47,"Coffee Dripper":53,"PureWater":0}],"InkBottle":[39]},"card_choices":[{"not_picked":["Perseverance","SashWhip"],"picked":"CrushJoints","floor":1},{"not_picked":["PathToVictory","CrushJoints"],"picked":"BowlingBash","floor":2},{"not_picked":["Collect","LikeWater"],"picked":"Meditate","floor":3},{"not_picked":["Evaluate","Indignation"],"picked":"CutThroughFate","floor":4},{"not_picked":["SashWhip","EmptyMind"],"picked":"TalkToTheHand","floor":5},{"not_picked":["Indignation","LikeWater"],"picked":"InnerPeace","floor":6},{"not_picked":["WindmillStrike","WreathOfFlame","Prostrate"],"picked":"SKIP","floor":8},{"not_picked":["WindmillStrike","SignatureMove","ReachHeaven"],"picked":"SKIP","floor":10},{"not_picked":["WindmillStrike","SignatureMove","ReachHeaven"],"picked":"SKIP","floor":10},{"not_picked":["Evaluate","BattleHymn+1","EmptyBody"],"picked":"SKIP","floor":12},{"not_picked":["Evaluate","BattleHymn+1","EmptyBody"],"picked":"SKIP","floor":12},{"not_picked":["Protect","InnerPeace"],"picked":"FlurryOfBlows","floor":18},{"not_picked":["FlyingSleeves","PathToVictory","ReachHeaven"],"picked":"SKIP","floor":23},{"not_picked":["Protect","Crescendo","Swivel"],"picked":"SKIP","floor":25},{"not_picked":["MentalFortress+1","FollowUp","FlyingSleeves"],"picked":"SKIP","floor":28},{"not_picked":["ClearTheMind","ThirdEye+1","WindmillStrike+1"],"picked":"SKIP","floor":29},{"not_picked":["EmptyBody+1","Worship+1"],"picked":"ForeignInfluence+1","floor":31},{"not_picked":["EmptyFist","WindmillStrike","Halt"],"picked":"SKIP","floor":35},{"not_picked":["PathToVictory","FlyingSleeves+1","FollowUp"],"picked":"SKIP","floor":36},{"not_picked":["InnerPeace","ClearTheMind"],"picked":"FlurryOfBlows+1","floor":39},{"not_picked":["JustLucky","Alpha","ThirdEye+1"],"picked":"SKIP","floor":40},{"not_picked":["Protect+1","CutThroughFate+1"],"picked":"Wireheading+1","floor":42},{"not_picked":["SashWhip","FollowUp"],"picked":"DeceiveReality+1","floor":44},{"not_picked":["PathToVictory","BattleHymn+1","FollowUp+1"],"picked":"SKIP","floor":46},{"not_picked":["Protect","FollowUp+1"],"picked":"Scrawl","floor":47},{"not_picked":["Protect","JustLucky","FollowUp"],"picked":"SKIP","floor":48}],"player_experience":5153033,"relics_obtained":[{"floor":6,"key":"Yang"},{"floor":8,"key":"StoneCalendar"},{"floor":9,"key":"Shovel"},{"floor":10,"key":"Frozen Egg 2"},{"floor":12,"key":"InkBottle"},{"floor":15,"key":"Old Coin"},{"floor":23,"key":"Gremlin Horn"},{"floor":24,"key":"Matryoshka"},{"floor":25,"key":"Letter Opener"},{"floor":26,"key":"Oddly Smooth Stone"},{"floor":26,"key":"Akabeko"},{"floor":27,"key":"Dream Catcher"},{"floor":28,"key":"Bag of Marbles"},{"floor":31,"key":"Tiny Chest"},{"floor":40,"key":"Happy Flower"},{"floor":42,"key":"Boot"},{"floor":43,"key":"War Paint"},{"floor":47,"key":"CaptainsWheel"},{"floor":49,"key":"Centennial Puzzle"}],"event_choices":[{"cards_removed":["Defend_P"],"damage_healed":0,"gold_gain":0,"player_choice":"Forget","damage_taken":0,"max_hp_gain":0,"max_hp_loss":0,"event_name":"Living Wall","floor":14,"gold_loss":0},{"damage_healed":0,"gold_gain":0,"player_choice":"Inject Mutagens","damage_taken":0,"relics_obtained":["MutagenicStrength"],"max_hp_gain":0,"max_hp_loss":0,"event_name":"Drug Dealer","floor":19,"gold_loss":0},{"damage_healed":0,"gold_gain":0,"player_choice":"Simplicity","damage_taken":0,"max_hp_gain":0,"max_hp_loss":0,"event_name":"Back to Basics","floor":21,"gold_loss":0,"cards_upgraded":["Strike_P","Strike_P","Strike_P","Strike_P"]},{"damage_healed":0,"gold_gain":0,"player_choice":"Embrace Madness","damage_taken":12,"max_hp_gain":0,"max_hp_loss":0,"event_name":"Winding Halls","floor":37,"gold_loss":0,"cards_obtained":["Madness","Madness"]},{"damage_healed":0,"gold_gain":0,"player_choice":"Paid","damage_taken":0,"relics_obtained":["Red Mask"],"max_hp_gain":0,"max_hp_loss":0,"event_name":"Tomb of Lord Red Mask","floor":45,"gold_loss":148}],"is_beta":false,"boss_relics":[{"not_picked":["Empty Cage","Tiny House"],"picked":"Astrolabe"},{"not_picked":["Calling Bell","Runic Dome"],"picked":"Coffee Dripper"}],"items_purged_floors":[20,30,38],"is_endless":false,"potions_floor_spawned":[1,3,4,5,10,16,18,23,28,33,35,36,40,44,47,48],"killed_by":"Time Eater","ascension_level":20}}