{"host":"ydujlihd8f5px9gp","time":1614035795,"event":{"mods":["AchievementEnabler","BaseMod","Block Reminder","Colored Map","Minty Spire (QoL Compilation)","StSLib","ojb\u0027s Info Mod"],"gold_per_floor":[117,33,47,65,65,97,97,116,162,162,176,195,195,208,208,313,313,329,329,239,249,265,292,292,311,311,329,135,135,151,151,151,151,151],"floor_reached":33,"language":"ENG","playtime":1342,"items_purged":[],"score":328,"play_id":"cabee665-f3df-4871-8175-f8ef82db9bad","local_time":"20210222201635","is_ascension_mode":true,"campfire_choices":[{"data":"Accuracy","floor":7,"key":"SMITH"},{"data":"Footwork","floor":13,"key":"SMITH"},{"floor":15,"key":"REST"},{"floor":24,"key":"REST"},{"floor":29,"key":"REST"},{"floor":32,"key":"REST"}],"circlet_count":0,"master_deck":["Strike_G","Strike_G","Strike_G","Strike_G","Strike_G","Defend_G","Defend_G","Defend_G","Defend_G","Defend_G","Survivor+1","Neutralize","Footwork+1","Prepared","Blade Dance","Accuracy+1","PiercingWail","Acrobatics","Adrenaline","Infinite Blades","Dagger Spray+1","Prepared+1","Blade Dance","Infinite Blades+1","Accuracy"],"relics":["Ring of the Snake","Ornamental Fan","Dream Catcher","PreservedInsect","SlaversCollar","Molten Egg 2","Darkstone Periapt","Anchor"],"acts_visited":["Exordium","TheCity"],"potions_floor_usage":[16,21,21,22,23,31,31],"damage_taken":[{"damage":0,"enemies":"2 Louse","floor":1,"turns":3},{"damage":4,"enemies":"Small Slimes","floor":3,"turns":3},{"damage":0,"enemies":"Cultist","floor":4,"turns":3},{"damage":25,"enemies":"Lagavulin","floor":6,"turns":8},{"damage":1,"enemies":"Exordium Wildlife","floor":8,"turns":4},{"damage":3,"enemies":"Gremlin Gang","floor":11,"turns":5},{"damage":0,"enemies":"Red Slaver","floor":12,"turns":3},{"damage":6,"enemies":"Lots of Slimes","floor":14,"turns":4},{"damage":19,"enemies":"Hexaghost","floor":16,"turns":11},{"damage":20,"enemies":"Chosen","floor":18,"turns":7},{"damage":5,"enemies":"2 Thieves","floor":21,"turns":4},{"damage":1,"enemies":"Shelled Parasite and Fungi","floor":22,"turns":5},{"damage":41,"enemies":"Book of Stabbing","floor":23,"turns":6},{"damage":10,"enemies":"Snake Plant","floor":25,"turns":5},{"damage":1,"enemies":"Centurion and Healer","floor":27,"turns":7},{"damage":20,"enemies":"3 Cultists","floor":30,"turns":5},{"damage":7,"enemies":"Sentry and Sphere","floor":31,"turns":3},{"damage":41,"enemies":"Collector","floor":33,"turns":5}],"seed_played":"3157430876813013743","potions_obtained":[{"floor":8,"key":"Strength Potion"},{"floor":11,"key":"Block Potion"},{"floor":12,"key":"Poison Potion"},{"floor":14,"key":"CunningPotion"},{"floor":16,"key":"Block Potion"},{"floor":22,"key":"DuplicationPotion"},{"floor":27,"key":"SmokeBomb"},{"floor":30,"key":"Energy Potion"}],"is_trial":false,"path_per_floor":["M","$","M","M","?","E","R","M","T","?","M","M","R","M","R","B",null,"M","?","?","M","M","E","R","M","T","M","$","R","M","M","R","B"],"character_chosen":"THE_SILENT","items_purchased":["Footwork","Prepared","Blade Dance","Anchor"],"campfire_rested":4,"item_purchase_floors":[2,2,28,28],"current_hp_per_floor":[77,77,73,73,73,48,48,47,47,47,44,44,44,38,61,42,77,57,57,57,52,51,10,33,23,23,22,22,45,25,18,41,0,0],"gold":151,"neow_bonus":"TEN_PERCENT_HP_BONUS","is_daily":false,"chose_seed":false,"campfire_upgraded":2,"win_rate":0.0,"timestamp":1614035795,"path_taken":["M","$","M","M","?","E","R","M","T","?","M","?","R","M","R","BOSS","M","?","?","M","?","E","R","M","T","M","?","R","M","M","R","BOSS"],"items_purchased_type":["Card","Card","Card","Relic"],"build_version":"2020-12-22","purchased_purges":0,"victory":false,"max_hp_per_floor":[77,77,77,77,77,77,77,77,77,77,77,77,77,77,77,77,77,77,77,77,77,77,77,77,77,77,77,77,77,77,77,77,77,77],"card_choices":[{"not_picked":["Dodge and Roll","Blur"],"picked":"Underhanded Strike","floor":1},{"not_picked":["Accuracy","Slice"],"picked":"Blade Dance","floor":3},{"not_picked":["Tactician","Flying Knee","Reflex"],"picked":"SKIP","floor":4},{"not_picked":["Cloak And Dagger","Burst"],"picked":"Accuracy","floor":6},{"not_picked":["Choke","Outmaneuver"],"picked":"Dagger Throw","floor":8},{"not_picked":["Bane","Masterful Stab"],"picked":"PiercingWail","floor":11},{"not_picked":["Blur","Quick Slash"],"picked":"Acrobatics","floor":12},{"not_picked":["Sucker Punch","Flying Knee","Backflip"],"picked":"SKIP","floor":14},{"not_picked":["Venomology","Grand Finale"],"picked":"Adrenaline","floor":16},{"not_picked":["Poisoned Stab","Dagger Spray","Deflect"],"picked":"SKIP","floor":18},{"not_picked":["Eviscerate+1","Caltrops","Sucker Punch"],"picked":"SKIP","floor":21},{"not_picked":["Flying Knee+1","Prepared"],"picked":"Dagger Spray+1","floor":22},{"not_picked":["Flechettes+1","Slice+1","Concentrate+1"],"picked":"SKIP","floor":23},{"not_picked":["Slice+1","Poisoned Stab+1"],"picked":"Prepared+1","floor":25},{"not_picked":["Outmaneuver","Flying Knee+1","Bane+1"],"picked":"SKIP","floor":27},{"not_picked":["Dodge and Roll","Blade Dance"],"picked":"Infinite Blades+1","floor":29},{"not_picked":["Blade Dance","Blur"],"picked":"Accuracy","floor":30}],"player_experience":163639,"relics_obtained":[{"floor":6,"key":"Ornamental Fan"},{"floor":9,"key":"Dream Catcher"},{"floor":23,"key":"Molten Egg 2"},{"floor":26,"key":"Darkstone Periapt"}],"event_choices":[{"damage_healed":0,"gold_gain":0,"player_choice":"Ignored","damage_taken":0,"max_hp_gain":0,"max_hp_loss":0,"event_name":"Liars Game","floor":5,"gold_loss":0},{"cards_removed":["Dagger Throw"],"damage_healed":0,"gold_gain":0,"player_choice":"Gave Card","damage_taken":0,"relics_obtained":["PreservedInsect"],"max_hp_gain":0,"max_hp_loss":0,"event_name":"WeMeetAgain","floor":10,"gold_loss":0},{"damage_healed":0,"gold_gain":0,"player_choice":"Read","damage_taken":0,"max_hp_gain":0,"max_hp_loss":0,"event_name":"The Library","floor":19,"gold_loss":0,"cards_obtained":["Infinite Blades"]},{"cards_removed":["Underhanded Strike"],"damage_healed":0,"gold_gain":0,"player_choice":"Upgrade and Remove","damage_taken":0,"max_hp_gain":0,"max_hp_loss":0,"event_name":"Designer","floor":20,"gold_loss":90,"cards_upgraded":["Survivor"]}],"is_beta":false,"boss_relics":[{"not_picked":["Empty Cage","HoveringKite"],"picked":"SlaversCollar"}],"items_purged_floors":[],"is_endless":false,"potions_floor_spawned":[8,11,12,14,16,22,27,30],"killed_by":"Collector","ascension_level":4}}