{"host":"43a645w54hpfbzri","time":1614017111,"event":{"mods":["AchievementEnabler","BaseMod","BetterRewards","Card Forge","Colored Map","Colored Powertips","Minty Spire (QoL Compilation)","Rare Cards Sparkle","StSLib","The Cursed"],"gold_per_floor":[119,119,119,119,130,146,146,146,146,165,178,195,222,222],"floor_reached":13,"language":"ENG","playtime":1449,"items_purged":[],"score":137,"play_id":"76333c86-2924-490e-bc16-55ef390bdad8","local_time":"20210222110511","is_ascension_mode":false,"campfire_choices":[{"floor":7,"key":"REST"}],"circlet_count":0,"master_deck":["Machine Learning+1","Double Energy+1","Genetic Algorithm+1","Adrenaline+1","Adrenaline+1","Double Energy+1","Adrenaline+1","Adrenaline+1","Adrenaline+1","Adrenaline+1","Machine Learning+1","Capacitor+1","Fusion+1","Capacitor+1","Fusion+1","Capacitor+1","Fusion+1","Meteor Strike+1"],"relics":["Cracked Core","Hammer of Thor","Seething Fire","Anvil of the Gods","Lizard Tail","Ginger","Pocketwatch","Sundial"],"acts_visited":["Exordium"],"potions_floor_usage":[],"damage_taken":[{"damage":0,"enemies":"Small Slimes","floor":1,"turns":2},{"damage":9,"enemies":"2 Louse","floor":5,"turns":2},{"damage":21,"enemies":"Jaw Worm","floor":6,"turns":4},{"damage":24,"enemies":"3 Louse","floor":10,"turns":5},{"damage":0,"enemies":"Exordium Wildlife","floor":11,"turns":3},{"damage":10,"enemies":"Large Slime","floor":12,"turns":4},{"damage":18,"enemies":"Lagavulin","floor":13,"turns":5}],"seed_played":"3889166379438590643","potions_obtained":[{"floor":1,"key":"PotionOfCapacity"},{"floor":5,"key":"DuplicationPotion"}],"is_trial":false,"path_per_floor":["M","?","?","T","M","M","R","?","T","M","M","M","E"],"character_chosen":"DEFECT","items_purchased":[],"campfire_rested":1,"item_purchase_floors":[],"current_hp_per_floor":[75,75,75,75,66,45,67,75,75,51,51,41,23,23],"gold":222,"neow_bonus":"ONE_RARE_RELIC","is_daily":false,"chose_seed":false,"campfire_upgraded":0,"win_rate":0.0,"timestamp":1614017111,"path_taken":["M","?","?","?","M","M","R","?","T","M","?","M","E"],"items_purchased_type":[],"build_version":"2020-12-22","purchased_purges":0,"victory":false,"max_hp_per_floor":[75,75,75,75,75,75,75,75,75,75,75,72,72,72],"card_choices":[{"not_picked":["Go for the Eyes","Sweeping Beam","Gash"],"picked":"SKIP","floor":1},{"not_picked":["Compile Driver","Hologram","Cold Snap"],"picked":"SKIP","floor":5},{"not_picked":["Undo","Compile Driver","Redo"],"picked":"SKIP","floor":6},{"not_picked":["Gash","Hyperbeam","Leap"],"picked":"SKIP","floor":10},{"not_picked":["Barrage","Auto Shields","Capacitor"],"picked":"SKIP","floor":11},{"not_picked":["Leap","Steam","Stack"],"picked":"SKIP","floor":12},{"not_picked":["Cold Snap","Sweeping Beam","Stack"],"picked":"SKIP","floor":13}],"player_experience":63397,"relics_obtained":[{"floor":4,"key":"Ginger"},{"floor":9,"key":"Pocketwatch"},{"floor":13,"key":"Sundial"}],"event_choices":[{"damage_healed":0,"gold_gain":0,"player_choice":"Ignored","damage_taken":0,"max_hp_gain":0,"max_hp_loss":0,"event_name":"Shining Light","floor":2,"gold_loss":0},{"damage_healed":0,"gold_gain":0,"player_choice":"Ignored","damage_taken":0,"max_hp_gain":0,"max_hp_loss":0,"event_name":"Liars Game","floor":3,"gold_loss":0},{"damage_healed":18,"gold_gain":0,"player_choice":"Healed and dodged fight","damage_taken":0,"max_hp_gain":0,"max_hp_loss":0,"event_name":"Mushrooms","floor":8,"gold_loss":0,"cards_obtained":["Parasite"]}],"is_beta":false,"boss_relics":[],"items_purged_floors":[],"is_endless":false,"potions_floor_spawned":[1,5,13],"killed_by":"Lagavulin","ascension_level":0}}