{"host":"ydg0vn0pu4pubmdt","time":1614026504,"event":{"mods":["AchievementEnabler","BaseMod","Colored Map","Minty Spire (QoL Compilation)","Quick Restart","SuperFastMode"],"gold_per_floor":[116,116,141,168,189,189,38,82,82,125,148,167,0,16,16,114,114,130,180,80,95,113,149,149,149,149,163,196,210,243,263,263,354,354,379,92,115,130,130,130,130,161,216,235,251,276,276,289,289,289,289],"floor_reached":50,"language":"KOR","playtime":1058,"items_purged":["Strike_R","Strike_R","Strike_R"],"score":1146,"play_id":"07d64967-2396-4377-9804-afbede7f643f","local_time":"20210223054144","is_ascension_mode":true,"campfire_choices":[{"data":"Whirlwind","floor":6.0,"key":"SMITH"},{"data":"Shockwave","floor":15.0,"key":"SMITH"},{"data":"Corruption","floor":25.0,"key":"SMITH"},{"data":"Flex","floor":32.0,"key":"SMITH"},{"data":"Barricade","floor":40,"key":"SMITH"},{"floor":49,"key":"RECALL"}],"circlet_count":0,"master_deck":["AscendersBane","Defend_R","Defend_R","Defend_R","Defend_R+1","Bash","Whirlwind+1","Flex+1","Pummel","Battle Trance+1","Fire Breathing","Shockwave+1","Corruption+1","Body Slam+1","Bloodletting+1","Barricade+1","Ghostly Armor+1","Seeing Red+1","Shame","Iron Wave"],"relics":["Burning Blood","NeowsBlessing","Golden Idol","Art of War","War Paint","Gambling Chip","Anchor","Chemical X","Runic Pyramid","Gremlin Horn","Toxic Egg 2","Magic Flower","Matryoshka","Cursed Key","Centennial Puzzle","Pocketwatch","Bag of Marbles"],"acts_visited":["Exordium","TheCity","TheBeyond"],"potions_floor_usage":[42,50],"damage_taken":[{"damage":0.0,"enemies":"2 Louse","floor":1.0,"turns":1.0},{"damage":0.0,"enemies":"Jaw Worm","floor":3.0,"turns":1.0},{"damage":0.0,"enemies":"Cultist","floor":5.0,"turns":1.0},{"damage":25.0,"enemies":"3 Sentries","floor":8.0,"turns":3.0},{"damage":33.0,"enemies":"Lagavulin","floor":10.0,"turns":6.0},{"damage":0.0,"enemies":"3 Louse","floor":11.0,"turns":1.0},{"damage":0.0,"enemies":"2 Fungi Beasts","floor":12.0,"turns":2.0},{"damage":0.0,"enemies":"Exordium Wildlife","floor":14.0,"turns":2.0},{"damage":11.0,"enemies":"The Guardian","floor":16.0,"turns":10.0},{"damage":1.0,"enemies":"2 Thieves","floor":18.0,"turns":2.0},{"damage":0.0,"enemies":"Chosen","floor":21.0,"turns":3.0},{"damage":0.0,"enemies":"3 Cultists","floor":22.0,"turns":2.0},{"damage":19.0,"enemies":"Gremlin Leader","floor":23.0,"turns":5.0},{"damage":0.0,"enemies":"Cultist and Chosen","floor":27.0,"turns":3.0},{"damage":0.0,"enemies":"Book of Stabbing","floor":28.0,"turns":3.0},{"damage":0.0,"enemies":"Chosen and Byrds","floor":29.0,"turns":2.0},{"damage":3.0,"enemies":"Gremlin Leader","floor":30.0,"turns":2.0},{"damage":2.0,"enemies":"3 Cultists","floor":31.0,"turns":3.0},{"damage":32.0,"enemies":"Automaton","floor":33.0,"turns":6.0},{"damage":3,"enemies":"Orb Walker","floor":35,"turns":2},{"damage":10,"enemies":"3 Shapes","floor":37,"turns":2},{"damage":3,"enemies":"Jaw Worm Horde","floor":38,"turns":1},{"damage":9,"enemies":"Giant Head","floor":42,"turns":5},{"damage":10,"enemies":"Spire Growth","floor":44,"turns":3},{"damage":24,"enemies":"4 Shapes","floor":45,"turns":1},{"damage":22,"enemies":"Transient","floor":46,"turns":6},{"damage":0,"enemies":"Jaw Worm Horde","floor":48,"turns":1},{"damage":58,"enemies":"Time Eater","floor":50,"turns":5}],"seed_played":"3698276904418586249","potions_obtained":[{"floor":5.0,"key":"Dexterity Potion"},{"floor":8.0,"key":"AttackPotion"},{"floor":10.0,"key":"AttackPotion"},{"floor":16.0,"key":"Dexterity Potion"},{"floor":21.0,"key":"FearPotion"},{"floor":30.0,"key":"AttackPotion"},{"floor":35,"key":"Energy Potion"},{"floor":44,"key":"Block Potion"}],"is_trial":false,"path_per_floor":["M","?","M","T","M","R","$","E","T","E","M","M","$","M","R","B",null,"M","?","$","M","M","E","?","R","T","M","E","M","E","M","R","B",null,"M","$","M","M","?","R","$","E","T","M","M","M","?","M","R","B"],"character_chosen":"IRONCLAD","items_purchased":["Battle Trance","Chemical X","Centennial Puzzle"],"campfire_rested":0,"item_purchase_floors":[7,13,36],"current_hp_per_floor":[74,48,54,54,60,60,60,41,41,14,20,26,26,32,32,27,63,68,68,68,74,75,62,62,62,62,68,74,75,75,75,75,52,69,75,75,74,75,75,75,75,75,75,74,59,46,46,55,55,0,0],"gold":289,"neow_bonus":"THREE_ENEMY_KILL","is_daily":false,"chose_seed":false,"campfire_upgraded":5,"win_rate":0.0,"timestamp":1614026504,"path_taken":["M","?","M","?","M","R","?","E","T","E","M","M","$","?","R","BOSS","M","?","$","M","M","E","?","R","T","M","E","M","E","M","R","BOSS","M","$","M","M","?","R","?","E","T","M","M","M","?","?","R","BOSS"],"items_purchased_type":["Card","Relic","Relic"],"build_version":"2020-12-22","purchased_purges":3,"victory":false,"max_hp_per_floor":[75,75,75,75,75,75,75,75,75,75,75,75,75,75,75,75,75,75,75,75,75,75,75,75,75,75,75,75,75,75,75,75,75,75,75,75,75,75,75,75,75,75,75,75,75,75,75,75,75,75,75],"card_choices":[{"not_picked":["Anger","Warcry"],"picked":"Whirlwind","floor":1.0},{"not_picked":["Clash","True Grit"],"picked":"Flex","floor":3.0},{"not_picked":["Metallicize","Heavy Blade"],"picked":"Pummel","floor":5.0},{"not_picked":["Whirlwind","Iron Wave"],"picked":"Fire Breathing","floor":8.0},{"not_picked":["Body Slam","Rampage","Perfected Strike"],"picked":"SKIP","floor":10.0},{"not_picked":["Heavy Blade","Anger"],"picked":"Shockwave","floor":11.0},{"not_picked":["Rage","Shockwave","Spot Weakness"],"picked":"SKIP","floor":12.0},{"not_picked":["Entrench","Searing Blow","Berserk"],"picked":"SKIP","floor":14.0},{"not_picked":["Barricade","Exhume"],"picked":"Corruption","floor":16.0},{"not_picked":["Heavy Blade","Pommel Strike+1","Body Slam"],"picked":"SKIP","floor":18.0},{"not_picked":["Uppercut","Anger"],"picked":"Body Slam+1","floor":21.0},{"not_picked":["Headbutt","Perfected Strike","Pommel Strike+1"],"picked":"SKIP","floor":22.0},{"not_picked":["Body Slam","Hemokinesis","Heavy Blade"],"picked":"SKIP","floor":23.0},{"not_picked":["Intimidate+1","Dual Wield+1","Iron Wave"],"picked":"SKIP","floor":27.0},{"not_picked":["Infernal Blade+1","Headbutt","Dual Wield+1"],"picked":"SKIP","floor":28.0},{"not_picked":["Juggernaut","Clash","Sword Boomerang"],"picked":"SKIP","floor":29.0},{"not_picked":["Berserk","Clothesline+1","Entrench+1"],"picked":"SKIP","floor":30.0},{"not_picked":["Perfected Strike","Spot Weakness+1"],"picked":"Bloodletting+1","floor":31.0},{"not_picked":["Fiend Fire","Bludgeon"],"picked":"Barricade","floor":33.0},{"not_picked":["Anger+1","Dropkick","Flex+1"],"picked":"SKIP","floor":35},{"not_picked":["Clash","Shockwave+1","Anger"],"picked":"SKIP","floor":37},{"not_picked":["Twin Strike","Havoc+1"],"picked":"Ghostly Armor+1","floor":38},{"not_picked":["Perfected Strike","Dropkick"],"picked":"Seeing Red+1","floor":42},{"not_picked":["Hemokinesis+1","Thunderclap","Rampage+1"],"picked":"SKIP","floor":44},{"not_picked":["True Grit+1","Cleave+1","Pommel Strike+1"],"picked":"SKIP","floor":45},{"not_picked":["Warcry+1","Juggernaut","Spot Weakness+1"],"picked":"SKIP","floor":46},{"not_picked":["Whirlwind+1","Heavy Blade","True Grit+1"],"picked":"SKIP","floor":48}],"player_experience":627942,"relics_obtained":[{"floor":4.0,"key":"Art of War"},{"floor":8.0,"key":"War Paint"},{"floor":9.0,"key":"Gambling Chip"},{"floor":10.0,"key":"Anchor"},{"floor":23.0,"key":"Gremlin Horn"},{"floor":26.0,"key":"Toxic Egg 2"},{"floor":28.0,"key":"Magic Flower"},{"floor":30.0,"key":"Matryoshka"},{"floor":42,"key":"Pocketwatch"},{"floor":43,"key":"Bag of Marbles"}],"event_choices":[{"damage_healed":0.0,"max_hp_gain":0.0,"max_hp_loss":0.0,"gold_gain":0.0,"event_name":"Golden Idol","player_choice":"Take Damage","floor":2.0,"gold_loss":0.0,"damage_taken":26.0,"relics_obtained":["Golden Idol"]},{"damage_healed":0.0,"max_hp_gain":0.0,"max_hp_loss":0.0,"gold_gain":50.0,"event_name":"Nest","player_choice":"Stole From Cult","floor":19.0,"gold_loss":0.0,"damage_taken":0.0},{"cards_removed":["Strike_R"],"damage_healed":0.0,"max_hp_gain":0.0,"max_hp_loss":0.0,"gold_gain":0.0,"event_name":"Back to Basics","player_choice":"Elegance","floor":24.0,"gold_loss":0.0,"damage_taken":0.0},{"damage_healed":0,"gold_gain":0,"player_choice":"Ignored","damage_taken":0,"max_hp_gain":0,"max_hp_loss":0,"event_name":"Tomb of Lord Red Mask","floor":39,"gold_loss":0},{"damage_healed":0,"gold_gain":0,"cards_transformed":["Strike_R"],"player_choice":"Transformed","damage_taken":0,"max_hp_gain":0,"max_hp_loss":0,"event_name":"Transmorgrifier","floor":47,"gold_loss":0,"cards_obtained":["Iron Wave"]}],"is_beta":false,"boss_relics":[{"not_picked":["Sozu","SlaversCollar"],"picked":"Runic Pyramid"},{"not_picked":["Pandora\u0027s Box","Velvet Choker"],"picked":"Cursed Key"}],"items_purged_floors":[7,20,36],"is_endless":false,"potions_floor_spawned":[5,8,10,16,21,28,29,30,31,35,44,48],"killed_by":"Time Eater","ascension_level":20}}