{"host":"i1peby39mt3us2ef","time":1614025729,"event":{"mods":["BaseMod","Downfall","Minty Spire (QoL Compilation)","Replay The Spire","StSLib","The Cursed"],"gold_per_floor":[119,119,138,138,162,162,132,132,157,157,170,190,190,204,204,204,204],"floor_reached":16,"language":"ENG","playtime":1412,"items_purged":[],"score":94,"play_id":"b2ddd8e8-2d05-4cd3-accd-cf53515ac060","local_time":"20210222132849","is_ascension_mode":false,"campfire_choices":[{"floor":6,"key":"RECALL"},{"floor":8,"key":"REST"},{"floor":10,"key":"REST"},{"floor":15,"key":"REST"}],"circlet_count":0,"master_deck":["Strike_B","Strike_B","Strike_B","Defend_B","Defend_B","Defend_B","Defend_B","Zap","Dualcast","Thunder Strike","Loop","Leap","Gash","Redo","Cold Snap","Creative AI","Cold Snap","Melter"],"relics":["Cracked Core","Golden Idol"],"acts_visited":["Exordium"],"potions_floor_usage":[7,12,14,16,16],"damage_taken":[{"damage":5,"enemies":"Cultist","floor":1,"turns":4},{"damage":2,"enemies":"2 Louse","floor":3,"turns":3},{"damage":6,"enemies":"Jaw Worm","floor":5,"turns":2},{"damage":3,"enemies":"Exordium Thugs","floor":7,"turns":5},{"damage":5,"enemies":"Blue Slaver","floor":11,"turns":3},{"damage":1,"enemies":"Looter","floor":12,"turns":4},{"damage":11,"enemies":"Large Slime","floor":14,"turns":6},{"damage":76,"enemies":"Hexaghost","floor":16,"turns":12}],"seed_played":"-7975762330979603232","potions_obtained":[{"floor":3,"key":"Block Potion"},{"floor":5,"key":"Block Potion"},{"floor":7,"key":"Weak Potion"},{"floor":11,"key":"SkillPotion"},{"floor":14,"key":"AttackPotion"}],"is_trial":false,"path_per_floor":["M","?","M","?","M","R","M","R","T","R","M","M","$","M","R","B"],"character_chosen":"DEFECT","items_purchased":[],"campfire_rested":3,"item_purchase_floors":[],"current_hp_per_floor":[70,70,68,50,44,44,41,63,63,75,70,69,69,58,75,0,0],"gold":204,"neow_bonus":"ONE_RANDOM_RARE_CARD","is_daily":false,"chose_seed":false,"campfire_upgraded":0,"win_rate":0.0,"timestamp":1614025729,"path_taken":["M","?","?","?","M","R","M","R","T","R","M","M","$","M","R","BOSS"],"items_purchased_type":[],"build_version":"2020-12-22","purchased_purges":0,"victory":false,"max_hp_per_floor":[75,75,75,75,75,75,75,75,75,75,75,75,75,75,75,75,75],"card_choices":[{"not_picked":["Barrage","ReplayTheSpireMod:Repulse"],"picked":"Loop","floor":1},{"not_picked":["Force Field","Steam"],"picked":"Gash","floor":3},{"not_picked":["Leap","Barrage"],"picked":"Redo","floor":5},{"not_picked":["Compile Driver","Barrage"],"picked":"Cold Snap","floor":7},{"not_picked":["Cold Snap","Rip and Tear"],"picked":"Creative AI","floor":11},{"not_picked":["White Noise","Go for the Eyes"],"picked":"Cold Snap","floor":12},{"not_picked":["Stack","Turbo"],"picked":"Melter","floor":14}],"player_experience":67318,"relics_obtained":[],"event_choices":[{"damage_healed":0,"gold_gain":0,"cards_transformed":["Strike_B"],"player_choice":"Transformed","damage_taken":0,"max_hp_gain":0,"max_hp_loss":0,"event_name":"Transmorgrifier","floor":2,"gold_loss":0,"cards_obtained":["Leap"]},{"damage_healed":0,"gold_gain":0,"player_choice":"Take Damage","damage_taken":18,"relics_obtained":["Golden Idol"],"max_hp_gain":0,"max_hp_loss":0,"event_name":"Golden Idol","floor":4,"gold_loss":0}],"is_beta":false,"boss_relics":[],"items_purged_floors":[],"is_endless":false,"potions_floor_spawned":[3,5,7,11,14],"killed_by":"Hexaghost","ascension_level":0}}