{"host":"iyj530209nkhhjuz","time":1614024416,"event":{"mods":["AchievementEnabler","BaseMod","Better Match","Better Note","Better Third Choice","BetterRewards","Colored Map","Colored Powertips","Dark Map","Fox Events","Highlight Path","Minty Spire (QoL Compilation)","Permanent Neow","Random Character Button","Rare Cards Sparkle","Relic Stats","StSLib","Waifu the Spire"],"gold_per_floor":[109,109,126,126,126,157,171,198,225,251,263,263,263,292,292,395,395,410,429,429,429,279,309,323,323,347,347,365,365,395,395,395,493,493,505,521,532,549,566,600,617,617,617,617,634,634,648,662,662,662,662],"floor_reached":50,"language":"ENG","playtime":5883,"items_purged":["Strike_G","Strike_G","Strike_G","Strike_G"],"score":1068,"play_id":"852e7c22-00e8-4197-b74e-8f36b9a12ed4","local_time":"20210222210656","is_ascension_mode":true,"campfire_choices":[{"data":"Noxious Fumes","floor":12.0,"key":"SMITH"},{"floor":15.0,"key":"REST"},{"floor":25.0,"key":"REST"},{"floor":27.0,"key":"REST"},{"floor":32.0,"key":"REST"},{"floor":42.0,"key":"REST"},{"data":"Concentrate","floor":44.0,"key":"SMITH"},{"floor":46,"key":"REST"},{"floor":49,"key":"RECALL"}],"circlet_count":0,"master_deck":["Defend_G","Defend_G","Defend_G","Defend_G","Defend_G","Survivor","Neutralize","Bane+1","Bouncing Flask","Poisoned Stab","Poisoned Stab","Catalyst","Noxious Fumes+1","Violence","Poisoned Stab+1","Cloak And Dagger","Blade Dance","Escape Plan","Storm of Steel","Blade Dance","Venomology","Prepared+1","Escape Plan","Seek+1","Underhanded Strike","Concentrate+1","Corpse Explosion","Adrenaline","Backflip+1","Backstab","Outmaneuver+1","Bane+1","Calculated Gamble+1","Cloak And Dagger+1","Cloak And Dagger+1"],"relics":["Ring of the Serpent","Orrery","Ninja Scroll","Lee\u0027s Waffle","Dream Catcher","Strawberry","Blood Vial","Whetstone","MealTicket","Omamori","Potion Belt","The Courier","Cursed Key","Vajra"],"acts_visited":["Exordium","TheCity","TheBeyond"],"potions_floor_usage":[45,45,47,50,50,50,50,50],"damage_taken":[{"damage":0.0,"enemies":"Jaw Worm","floor":1.0,"turns":1.0},{"damage":0.0,"enemies":"Small Slimes","floor":3.0,"turns":2.0},{"damage":14.0,"enemies":"3 Sentries","floor":6.0,"turns":6.0},{"damage":0.0,"enemies":"Cultist","floor":7.0,"turns":3.0},{"damage":22.0,"enemies":"Lagavulin","floor":8.0,"turns":4.0},{"damage":10.0,"enemies":"3 Sentries","floor":10.0,"turns":6.0},{"damage":6.0,"enemies":"Looter","floor":11.0,"turns":2.0},{"damage":8.0,"enemies":"Gremlin Nob","floor":14.0,"turns":3.0},{"damage":21.0,"enemies":"Slime Boss","floor":16.0,"turns":8.0},{"damage":22.0,"enemies":"2 Thieves","floor":18.0,"turns":3.0},{"damage":6.0,"enemies":"Spheric Guardian","floor":19.0,"turns":3.0},{"damage":51.0,"enemies":"Slavers","floor":23.0,"turns":5.0},{"damage":34.0,"enemies":"Centurion and Healer","floor":24.0,"turns":4.0},{"damage":8.0,"enemies":"3 Cultists","floor":28.0,"turns":4.0},{"damage":23.0,"enemies":"Gremlin Leader","floor":30.0,"turns":4.0},{"damage":45.0,"enemies":"Champ","floor":33.0,"turns":6.0},{"damage":14.0,"enemies":"3 Darklings","floor":35.0,"turns":4.0},{"damage":4.0,"enemies":"Orb Walker","floor":36.0,"turns":2.0},{"damage":33.0,"enemies":"Maw","floor":37.0,"turns":6.0},{"damage":4.0,"enemies":"4 Shapes","floor":38.0,"turns":4.0},{"damage":0.0,"enemies":"Jaw Worm Horde","floor":39.0,"turns":2.0},{"damage":45.0,"enemies":"Reptomancer","floor":40.0,"turns":6.0},{"damage":1.0,"enemies":"3 Darklings","floor":41.0,"turns":4.0},{"damage":49,"enemies":"Maw","floor":45,"turns":5},{"damage":26,"enemies":"Writhing Mass","floor":47,"turns":5},{"damage":4,"enemies":"3 Darklings","floor":48,"turns":3},{"damage":87,"enemies":"Awakened One","floor":50,"turns":11}],"seed_played":"8015470824634730241","potions_obtained":[{"floor":1.0,"key":"Energy Potion"},{"floor":7.0,"key":"Swift Potion"},{"floor":8.0,"key":"ColorlessPotion"},{"floor":11.0,"key":"Fire Potion"},{"floor":19.0,"key":"FairyPotion"},{"floor":23.0,"key":"DistilledChaos"},{"floor":24.0,"key":"Explosive Potion"},{"floor":28.0,"key":"SteroidPotion"},{"floor":29.0,"key":"foxEvents:VialedCaress"},{"floor":33.0,"key":"SpeedPotion"},{"floor":35.0,"key":"EntropicBrew"},{"floor":38.0,"key":"Weak Potion"},{"floor":45,"key":"Fire Potion"},{"floor":47,"key":"Explosive Potion"},{"floor":48,"key":"Dexterity Potion"}],"is_trial":false,"path_per_floor":["M","?","M","$","?","E","M","E","T","E","M","R","$","E","R","B",null,"M","M","?","?","$","E","M","R","T","R","M","?","E","?","R","B",null,"M","M","M","M","M","E","M","R","T","R","M","R","M","M","R","B"],"character_chosen":"THE_SILENT","items_purchased":["Orrery","Noxious Fumes","Ninja Scroll","Violence","Lee\u0027s Waffle"],"campfire_rested":6,"item_purchase_floors":[0,0,0,0,0],"current_hp_per_floor":[77,77,77,77,77,63,63,48,48,40,36,36,36,30,55,36,72,52,48,48,84,84,33,1,26,26,51,45,45,24,24,45,2,54,42,40,44,42,44,13,14,35,35,35,21,42,18,16,16,0,0],"gold":662,"neow_bonus":"","is_daily":false,"chose_seed":false,"campfire_upgraded":2,"win_rate":0.0,"timestamp":1614024416,"path_taken":["M","?","M","$","?","E","M","E","T","E","M","R","$","E","R","BOSS","M","M","?","?","$","E","?","R","T","R","M","?","E","?","R","BOSS","M","M","M","M","M","E","M","R","T","R","M","R","M","?","R","BOSS"],"items_purchased_type":["Relic","Card","Relic","Card","Relic"],"build_version":"2020-12-22","purchased_purges":4,"victory":false,"max_hp_per_floor":[77,77,77,77,77,77,77,84,84,84,84,84,84,84,84,84,84,84,84,84,84,84,84,84,84,84,84,84,71,71,71,71,71,71,71,71,71,71,71,71,71,71,71,71,71,71,71,71,71,71,71],"relic_stats":{"Blood Vial":66,"Lee\u0027s Waffle":35,"Dream Catcher":6,"counters":[161,765],"MealTicket":0,"Whetstone":["Neutralize","Strike_G","Bane","Poisoned Stab"],"Cursed Key":1,"obtain_stats":[{"TwistedFunnel":37,"Gremlin Horn":11,"CeramicFish":9,"Vajra":0,"HoveringKite":17,"Whetstone":30,"Bottled Tornado":42,"Boot":31,"Blood Vial":30,"HornCleat":23,"Strawberry":25,"MealTicket":13,"Toxic Egg 2":27,"Girya":43,"Pear":43,"Happy Flower":40,"Blue Candle":20,"Astrolabe":34,"Oddly Smooth Stone":29,"Tingsha":45,"Eternal Feather":17,"Pen Nib":46,"Letter Opener":13,"War Paint":45,"Paper Crane":9,"Akabeko":27,"WarpedTongs":4,"SlaversCollar":17,"Bottled Flame":8,"Bronze Scales":11,"MutagenicStrength":24,"Bird Faced Urn":31,"foxEvents:LuckyCharm":10,"Black Star":34,"StrikeDummy":8,"Ring of the Serpent":17,"Pocketwatch":25,"Meat on the Bone":48,"Lantern":43,"Regal Pillow":25,"Singing Bowl":9,"Torii":44,"StoneCalendar":44,"Snake Skull":45,"Bag of Preparation":23,"Incense Burner":45,"Empty Cage":17,"Cursed Key":34,"Nunchaku":7,"Tough Bandages":34,"Dream Catcher":42,"Matryoshka":0,"Ninja Scroll":0,"Pantograph":34,"Tiny Chest":17,"Red Mask":39,"InkBottle":54,"Ring of the Snake":0,"Runic Pyramid":17,"Potion Belt":27,"Lee\u0027s Waffle":0,"The Specimen":38,"Golden Idol":5,"PreservedInsect":9,"The Courier":9,"Omamori":14,"Orichalcum":26,"Frozen Egg 2":23,"MawBank":26,"White Beast Statue":36,"Mercury Hourglass":14,"Calling Bell":34,"Anchor":7,"Busted Crown":34,"Ornamental Fan":10,"Orrery":0,"Turnip":42,"Art of War":37,"Bottled Lightning":6,"Toy Ornithopter":54,"TungstenRod":0},{"TwistedFunnel":126,"Gremlin Horn":86,"CeramicFish":59,"Vajra":24,"HoveringKite":62,"Whetstone":14,"Bottled Tornado":20,"Boot":41,"Blood Vial":122,"HornCleat":66,"Strawberry":94,"MealTicket":30,"Toxic Egg 2":68,"Girya":48,"Pear":74,"Happy Flower":19,"Blue Candle":33,"Astrolabe":71,"Oddly Smooth Stone":69,"Tingsha":76,"Eternal Feather":89,"Pen Nib":51,"Letter Opener":87,"War Paint":105,"Paper Crane":112,"Akabeko":119,"WarpedTongs":57,"SlaversCollar":32,"Bottled Flame":84,"Bronze Scales":5,"MutagenicStrength":11,"Bird Faced Urn":97,"foxEvents:LuckyCharm":85,"Black Star":98,"StrikeDummy":112,"Ring of the Serpent":143,"Pocketwatch":12,"Meat on the Bone":21,"Lantern":20,"Regal Pillow":37,"Singing Bowl":26,"Torii":49,"StoneCalendar":75,"Snake Skull":130,"Bag of Preparation":11,"Incense Burner":20,"Empty Cage":115,"Cursed Key":150,"Nunchaku":26,"Tough Bandages":42,"Dream Catcher":48,"Matryoshka":55,"Ninja Scroll":134,"Pantograph":42,"Tiny Chest":89,"Red Mask":127,"InkBottle":54,"Ring of the Snake":0,"Runic Pyramid":8,"Potion Belt":38,"Lee\u0027s Waffle":134,"The Specimen":45,"Golden Idol":3,"PreservedInsect":4,"The Courier":59,"Omamori":61,"Orichalcum":67,"Frozen Egg 2":93,"MawBank":118,"White Beast Statue":99,"Mercury Hourglass":7,"Calling Bell":42,"Anchor":59,"Busted Crown":15,"Ornamental Fan":27,"Orrery":134,"Turnip":104,"Art of War":44,"Bottled Lightning":83,"Toy Ornithopter":23,"TungstenRod":108},{"TwistedFunnel":609,"Gremlin Horn":404,"CeramicFish":282,"Vajra":104,"HoveringKite":302,"Whetstone":47,"Bottled Tornado":79,"Boot":194,"Blood Vial":586,"HornCleat":314,"Strawberry":447,"MealTicket":138,"Toxic Egg 2":320,"Girya":233,"Pear":341,"Happy Flower":73,"Blue Candle":154,"Astrolabe":331,"Oddly Smooth Stone":323,"Tingsha":348,"Eternal Feather":420,"Pen Nib":246,"Letter Opener":408,"War Paint":505,"Paper Crane":543,"Akabeko":577,"WarpedTongs":273,"SlaversCollar":149,"Bottled Flame":395,"Bronze Scales":16,"MutagenicStrength":39,"Bird Faced Urn":461,"foxEvents:LuckyCharm":400,"Black Star":467,"StrikeDummy":543,"Ring of the Serpent":684,"Pocketwatch":43,"Meat on the Bone":84,"Lantern":79,"Regal Pillow":176,"Singing Bowl":119,"Torii":237,"StoneCalendar":344,"Snake Skull":629,"Bag of Preparation":39,"Incense Burner":79,"Empty Cage":566,"Cursed Key":713,"Nunchaku":119,"Tough Bandages":201,"Dream Catcher":233,"Matryoshka":268,"Ninja Scroll":649,"Pantograph":201,"Tiny Chest":420,"Red Mask":614,"InkBottle":260,"Ring of the Snake":0,"Runic Pyramid":31,"Potion Belt":181,"Lee\u0027s Waffle":649,"The Specimen":216,"Golden Idol":9,"PreservedInsect":12,"The Courier":282,"Omamori":293,"Orichalcum":317,"Frozen Egg 2":443,"MawBank":576,"White Beast Statue":471,"Mercury Hourglass":23,"Calling Bell":201,"Anchor":282,"Busted Crown":57,"Ornamental Fan":126,"Orrery":649,"Turnip":498,"Art of War":210,"Bottled Lightning":388,"Toy Ornithopter":99,"TungstenRod":520}]},"card_choices":[{"not_picked":["Dagger Spray","Flying Knee"],"picked":"Bane","floor":0.0},{"not_picked":["Masterful Stab","Bane"],"picked":"Bouncing Flask","floor":0.0},{"not_picked":["Well Laid Plans","Setup"],"picked":"Poisoned Stab","floor":0.0},{"not_picked":["Footwork","Acrobatics"],"picked":"Poisoned Stab","floor":0.0},{"not_picked":["Choke","Well Laid Plans"],"picked":"Catalyst","floor":0.0},{"not_picked":["Deflect","Flying Knee","Terror"],"picked":"SKIP","floor":1.0},{"not_picked":["Endless Agony","Blur"],"picked":"Poisoned Stab","floor":3.0},{"not_picked":["Dagger Throw","Phantasmal Killer","Accuracy"],"picked":"SKIP","floor":6.0},{"not_picked":["Concentrate","Flechettes","Choke"],"picked":"SKIP","floor":7.0},{"not_picked":["Dagger Spray","Eviscerate"],"picked":"Cloak And Dagger","floor":8.0},{"not_picked":["Quick Slash","Caltrops"],"picked":"Blade Dance","floor":10.0},{"not_picked":["Setup","Flechettes"],"picked":"Escape Plan","floor":11.0},{"not_picked":["Predator","Leg Sweep"],"picked":"Storm of Steel","floor":14.0},{"not_picked":["Riddle With Holes","Quick Slash"],"picked":"Blade Dance","floor":15.0},{"not_picked":["Burst","After Image"],"picked":"Venomology","floor":16.0},{"not_picked":["Underhanded Strike+1","Well Laid Plans"],"picked":"Prepared+1","floor":18.0},{"not_picked":["Prepared","Dagger Throw"],"picked":"Escape Plan","floor":19.0},{"not_picked":["Skewer+1","Glass Knife","Unload"],"picked":"SKIP","floor":23.0},{"not_picked":["Deflect","Acrobatics+1","Quick Slash+1"],"picked":"SKIP","floor":24.0},{"not_picked":["Outmaneuver","Dodge and Roll"],"picked":"Underhanded Strike","floor":25.0},{"not_picked":["Dash","Outmaneuver"],"picked":"Concentrate","floor":28.0},{"not_picked":["Caltrops","Infinite Blades"],"picked":"Corpse Explosion","floor":30.0},{"not_picked":["Grand Finale","Burst"],"picked":"Adrenaline","floor":33.0},{"not_picked":["Acrobatics","Choke","Concentrate"],"picked":"SKIP","floor":35.0},{"not_picked":["Deadly Poison","Dodge and Roll"],"picked":"Backflip+1","floor":36.0},{"not_picked":["Cloak And Dagger","Acrobatics","Corpse Explosion"],"picked":"SKIP","floor":37.0},{"not_picked":["Deadly Poison","Poisoned Stab+1","Cloak And Dagger"],"picked":"SKIP","floor":38.0},{"not_picked":["Expertise","Prepared"],"picked":"Backstab","floor":39.0},{"not_picked":["Eviscerate+1","Sucker Punch","Flying Knee+1"],"picked":"SKIP","floor":40.0},{"not_picked":["Predator+1","Flechettes"],"picked":"Outmaneuver+1","floor":41.0},{"not_picked":["Prepared","Slice+1"],"picked":"Bane+1","floor":42.0},{"not_picked":["Acrobatics","Slice+1","Deadly Poison"],"picked":"SKIP","floor":45},{"not_picked":["Flechettes+1","Deadly Poison"],"picked":"Calculated Gamble+1","floor":46},{"not_picked":["Prepared+1","Blade Dance+1"],"picked":"Cloak And Dagger+1","floor":47},{"not_picked":["Well Laid Plans","Flying Knee+1"],"picked":"Cloak And Dagger+1","floor":48}],"player_experience":529149,"relics_obtained":[{"floor":6.0,"key":"Dream Catcher"},{"floor":8.0,"key":"Strawberry"},{"floor":9.0,"key":"Blood Vial"},{"floor":10.0,"key":"Whetstone"},{"floor":14.0,"key":"MealTicket"},{"floor":23.0,"key":"Omamori"},{"floor":26.0,"key":"Potion Belt"},{"floor":30.0,"key":"The Courier"},{"floor":40.0,"key":"Vajra"}],"event_choices":[{"damage_healed":0.0,"max_hp_gain":0.0,"max_hp_loss":0.0,"gold_gain":0.0,"event_name":"Golden Idol","player_choice":"Ignored","floor":5.0,"gold_loss":0.0,"damage_taken":0.0},{"cards_removed":["Seek"],"damage_healed":0.0,"max_hp_gain":0.0,"max_hp_loss":0.0,"gold_gain":0.0,"event_name":"betterNote:BetterNote","player_choice":"Take \u0026 Give","floor":20.0,"gold_loss":0.0,"damage_taken":0.0,"cards_obtained":["Seek"]},{"damage_healed":36.0,"max_hp_gain":0.0,"max_hp_loss":0.0,"gold_gain":0.0,"event_name":"Wheel of Change","player_choice":"Full Heal","floor":21.0,"gold_loss":0.0,"damage_taken":0.0},{"cards_removed":["Strike_G"],"damage_healed":0.0,"max_hp_gain":0.0,"max_hp_loss":0.0,"gold_gain":0.0,"event_name":"Purifier","player_choice":"Purged","floor":31.0,"gold_loss":0.0,"damage_taken":0.0}],"is_beta":false,"boss_relics":[{"not_picked":["Astrolabe","SlaversCollar"],"picked":"Ring of the Serpent"},{"not_picked":["Sozu","Velvet Choker"],"picked":"Cursed Key"}],"items_purged_floors":[0,0,0,22],"is_endless":false,"potions_floor_spawned":[1,7,8,11,19,23,24,28,33,35,36,38,45,47,48],"killed_by":"Awakened One","ascension_level":9}}