{"host":"5wf60zc4jjt9ov65","time":1614033029,"event":{"mods":["AchievementEnabler","BaseMod","Beaked The Cultist","Bestiary","Better Altar","Better Match","Better Note","Better Sensory Stone","Better Skull","Better Third Choice","BetterRewards","Colored Map","Colored Powertips","Downfall","Googly Eyes","Halation","Highlight Path","Hubris","Infinite Spire","Minty Spire (QoL Compilation)","Permanent Neow","Quick Restart","Relic Sorter","Replay The Spire","StSLib","SuperFastMode","The Bug Knight","The Construct"],"gold_per_floor":[99,117,132,132,152,186,186,205,223,223,223,223,238,253,268,268,268,268],"floor_reached":16,"language":"ENG","playtime":708,"items_purged":[],"score":106,"play_id":"48718528-f910-4e65-86e5-ea9567e4b987","local_time":"20210222173029","is_ascension_mode":false,"campfire_choices":[{"floor":1,"key":"RECALL"}],"circlet_count":0,"master_deck":["hexamod:Strike","hexamod:Strike","hexamod:Strike","hexamod:Defend","hexamod:Defend","hexamod:Defend","hexamod:Sear","hexamod:Float","hexamod:SpectersWail","hexamod:GhostLash","hexamod:ThirdSeal","hexamod:GhostLash","hexamod:SpectersWail","hexamod:GhostLash","hexamod:SpectersWail","hexamod:FirstSeal","hexamod:SixthSeal","hexamod:EtherealExpedition+1","hexamod:ParanormalForm"],"relics":["m_DevilBlood","Ornamental Fan","hubris:Towel","Bronze Scales"],"acts_visited":["Exordium"],"potions_floor_usage":[14,16,16,16],"damage_taken":[{"damage":0,"enemies":"2 Louse","floor":2,"turns":2},{"damage":6,"enemies":"Jaw Worm","floor":3,"turns":5},{"damage":1,"enemies":"Cultist","floor":5,"turns":3},{"damage":36,"enemies":"Lagavulin","floor":6,"turns":6},{"damage":13,"enemies":"Gremlin Gang","floor":8,"turns":4},{"damage":0,"enemies":"2 Fungi Beasts","floor":9,"turns":2},{"damage":14,"enemies":"Blue Slaver","floor":13,"turns":3},{"damage":10,"enemies":"downfall:LooterAlt","floor":14,"turns":3},{"damage":0,"enemies":"Red Slaver","floor":15,"turns":2},{"damage":44,"enemies":"IC_STATUS_ARCHETYPE","floor":16,"turns":4}],"seed_played":"4052817383387469752","potions_obtained":[{"floor":3,"key":"Block Potion"},{"floor":6,"key":"ColorlessPotion"},{"floor":13,"key":"SneckoOil"},{"floor":14,"key":"SteroidPotion"}],"is_trial":false,"path_per_floor":["R_BF","M","M","?","M","E","T","M","M","?","?","?","M","M","M","B"],"character_chosen":"THE_SPIRIT","items_purchased":[],"campfire_rested":0,"item_purchase_floors":[],"current_hp_per_floor":[70,70,64,64,67,35,35,28,30,30,27,27,22,19,28,0,0,0],"gold":268,"neow_bonus":"TRANSFORM_CARD","is_daily":false,"chose_seed":false,"campfire_upgraded":0,"win_rate":0.0,"timestamp":1614033029,"path_taken":["R_BF","M","M","?","M","E","T","M","M","?","?","?","?","M","M","BOSS"],"items_purchased_type":[],"build_version":"2020-12-22","purchased_purges":0,"victory":false,"max_hp_per_floor":[70,70,70,70,70,70,70,70,70,70,70,70,70,70,70,70,70,70],"card_choices":[{"not_picked":["hexamod:Firestarter","hexamod:GhostOfSpireFuture"],"picked":"hexamod:GhostLash","floor":2},{"not_picked":["hexamod:GhostflameBarrier","hexamod:NightmareStrike"],"picked":"hexamod:ThirdSeal","floor":3},{"not_picked":["hexamod:PowerFromBeyond","Feel No Pain"],"picked":"hexamod:GhostLash","floor":5},{"not_picked":["Warcry","hexamod:HeatMetal"],"picked":"hexamod:SpectersWail","floor":5},{"not_picked":["hexamod:PhantomCloak","hexamod:StepThrough"],"picked":"hexamod:GhostLash","floor":6},{"not_picked":["hexamod:NightmareGuise","hexamod:InspiringFlames","hexamod:ThermalTransfer"],"picked":"SKIP","floor":6},{"not_picked":["Sentinel","hexamod:ChargedBarrage"],"picked":"hexamod:SpectersWail","floor":8},{"not_picked":["hexamod:NecessarySacrifice","hexamod:NightmareGuise","hexamod:SwordOfDarkness"],"picked":"SKIP","floor":8},{"not_picked":["Warcry","hexamod:InspiringFlames"],"picked":"hexamod:FirstSeal","floor":9},{"not_picked":["hexamod:InspiringFlames","hexamod:NightmareGuise"],"picked":"hexamod:SixthSeal","floor":9},{"not_picked":["hexamod:GhostOfSpirePast","hexamod:GhostLash"],"picked":"hexamod:EtherealExpedition","floor":13},{"not_picked":["hexamod:SpectersWail","hexamod:FastForward","hexamod:NightmareStrike"],"picked":"SKIP","floor":13},{"not_picked":["Warcry","hexamod:NightmareGuise","hexamod:StepThrough"],"picked":"SKIP","floor":14},{"not_picked":["hexamod:SwordOfDarkness","hexamod:BacktrackSmack","hexamod:ShieldOfDarkness"],"picked":"SKIP","floor":14},{"not_picked":["hexamod:ThermalTransfer","hexamod:BurningTouch"],"picked":"hexamod:ParanormalForm","floor":15},{"not_picked":["hexamod:BacktrackSmack","hexamod:SoulSteal","hexamod:HeatCrush"],"picked":"SKIP","floor":15}],"player_experience":184068,"relics_obtained":[{"floor":6,"key":"Ornamental Fan"}],"event_choices":[{"damage_healed":0,"gold_gain":0,"player_choice":"Relic ","damage_taken":3,"max_hp_gain":0,"max_hp_loss":0,"event_name":"betterThird:BetterScrap","floor":11,"gold_loss":0,"cards_obtained":["Eviscerate"]}],"is_beta":false,"boss_relics":[],"items_purged_floors":[],"is_endless":false,"potions_floor_spawned":[3,6,13,14],"killed_by":"IC_STATUS_ARCHETYPE","ascension_level":0}}