{"host":"l1pzlbpva2o8t11s","time":1614000908,"event":{"mods":["AchievementEnabler","BaseMod","Block Reminder","Colored Map","Minty Spire (QoL Compilation)","Random Character Button","Relic Stats","Replay The Spire","StSLib","The Jungle"],"gold_per_floor":[114,126,126,144,144,176,194,194,194],"floor_reached":8,"language":"ENG","playtime":512,"items_purged":[],"score":61,"play_id":"2c870571-3b8f-4a7d-b172-c0ee8111e387","local_time":"20210222143508","is_ascension_mode":true,"campfire_choices":[],"circlet_count":0,"master_deck":["Strike_B","Strike_B","Strike_B","Strike_B","Defend_B","Defend_B","Defend_B","Defend_B","Zap","Dualcast","FIFO Queue","Rebound","Cold Snap","Darkness","Darkness"],"relics":["Nuclear Battery","Juzu Bracelet","Eternal Feather"],"acts_visited":["Exordium"],"potions_floor_usage":[7],"damage_taken":[{"damage":1,"enemies":"2 Louse","floor":1,"turns":3},{"damage":0,"enemies":"Cultist","floor":2,"turns":4},{"damage":1,"enemies":"Small Slimes","floor":4,"turns":3},{"damage":25,"enemies":"Lagavulin","floor":6,"turns":7},{"damage":8,"enemies":"2 Fungi Beasts","floor":7,"turns":4},{"damage":23,"enemies":"Gremlin Nob","floor":8,"turns":4}],"seed_played":"-2748368830025242470","potions_obtained":[{"floor":1,"key":"Milkshake"},{"floor":4,"key":"Weak Potion"}],"is_trial":false,"path_per_floor":["M","M","?","M","?","E","M","E"],"character_chosen":"DEFECT","items_purchased":[],"campfire_rested":0,"item_purchase_floors":[],"current_hp_per_floor":[74,74,74,73,73,48,40,17,17],"gold":194,"neow_bonus":"BOSS_RELIC","is_daily":false,"chose_seed":false,"campfire_upgraded":0,"win_rate":0.0,"timestamp":1614000908,"path_taken":["M","M","?","M","?","E","M","E"],"items_purchased_type":[],"build_version":"2020-12-22","purchased_purges":0,"victory":false,"max_hp_per_floor":[75,75,75,75,75,75,75,75,75],"relic_stats":{"counters":[6,25],"Eternal Feather":0,"Juzu Bracelet":0,"obtain_stats":[{"Eternal Feather":6,"Juzu Bracelet":3,"Cracked Core":0,"Nuclear Battery":0},{"Eternal Feather":4,"Juzu Bracelet":2,"Cracked Core":0,"Nuclear Battery":0},{"Eternal Feather":17,"Juzu Bracelet":7,"Cracked Core":0,"Nuclear Battery":0}]},"card_choices":[{"not_picked":["Beam Cell","Compile Driver"],"picked":"FIFO Queue","floor":1},{"not_picked":["Conserve Battery","Recycle"],"picked":"Rebound","floor":2},{"not_picked":["Streamline","Undo"],"picked":"Cold Snap","floor":4},{"not_picked":["Stack","Sweeping Beam"],"picked":"Darkness","floor":6},{"not_picked":["Gash","Chaos"],"picked":"Darkness","floor":7}],"player_experience":195291,"relics_obtained":[{"floor":6,"key":"Eternal Feather"}],"event_choices":[{"damage_healed":0,"gold_gain":0,"player_choice":"Box","damage_taken":0,"relics_obtained":["Juzu Bracelet"],"max_hp_gain":0,"max_hp_loss":0,"event_name":"Big Fish","floor":3,"gold_loss":0,"cards_obtained":["Regret"]},{"cards_removed":["Regret"],"damage_healed":0,"gold_gain":0,"player_choice":"Purged","damage_taken":0,"max_hp_gain":0,"max_hp_loss":0,"event_name":"Purifier","floor":5,"gold_loss":0}],"is_beta":false,"boss_relics":[],"items_purged_floors":[],"is_endless":false,"potions_floor_spawned":[1,4],"killed_by":"Gremlin Nob","ascension_level":1}}