{"host":"t6r1isv2bex5ovch","time":1614029765,"event":{"mods":["AchievementEnabler","Act Like it!","Aspiration","BaseMod","Better Altar","Better Match","Better Note","Better Sensory Stone","Better Skull","Better Third Choice","Better Vampires","Bossed Relics","Colored Powertips","Displayed Cursed Tome","Evolution","Fox Events","Hubris","Minty Spire (QoL Compilation)","Reliquary","Ruina","Shapeshifter Mod","StSLib"],"gold_per_floor":[119,119,129,54,54,54,65,65,88,88,88],"floor_reached":10,"language":"ENG","playtime":737,"items_purged":["StSShapeShifter:ShapeShifter_Strike"],"score":56,"play_id":"56ad3bcd-0a68-4e73-9ca5-7e47993f796d","local_time":"20210223083605","is_ascension_mode":false,"campfire_choices":[{"floor":6,"key":"RECALL"},{"data":"StSShapeShifter:Ensconce","floor":8,"key":"SMITH"}],"circlet_count":0,"master_deck":["StSShapeShifter:ShapeShifter_Strike","StSShapeShifter:ShapeShifter_Strike","StSShapeShifter:ShapeShifter_Strike","StSShapeShifter:ShapeShifter_Strike","StSShapeShifter:ShapeShifter_Defend","StSShapeShifter:ShapeShifter_Defend","StSShapeShifter:ShapeShifter_Defend","StSShapeShifter:ShapeShifter_Defend","StSShapeShifter:Tortoise_Form","StSShapeShifter:Lynx_Form","StSShapeShifter:Ensconce+1"],"relics":["StSShapeShifter:AnimalHeart","StSShapeShifter:TheShapeShiftersMagnolia","EVO:Axolotl","Ancient Tea Set","reliquary:Aerogel"],"acts_visited":["Exordium"],"potions_floor_usage":[10],"damage_taken":[{"damage":1,"enemies":"Jaw Worm","floor":1,"turns":3},{"damage":0,"enemies":"2 Louse","floor":3,"turns":2},{"damage":1,"enemies":"Cultist","floor":7,"turns":4},{"damage":44,"enemies":"3 Sentries","floor":10,"turns":11}],"seed_played":"5168776419844676124","potions_obtained":[{"floor":7,"key":"Dexterity Potion"}],"is_trial":false,"path_per_floor":["M","?","M","$","?","R","M","R","T","E"],"character_chosen":"SHAPESHIFTER","items_purchased":[],"campfire_rested":0,"item_purchase_floors":[],"current_hp_per_floor":[84,77,77,77,38,38,37,37,37,0,0],"gold":88,"neow_bonus":"TEN_PERCENT_HP_BONUS","is_daily":false,"chose_seed":false,"campfire_upgraded":1,"win_rate":0.0,"timestamp":1614029765,"path_taken":["M","?","M","$","?","R","?","R","T","E"],"items_purchased_type":[],"build_version":"2020-12-22","purchased_purges":1,"victory":false,"max_hp_per_floor":[85,85,85,85,85,85,85,85,85,85,85],"card_choices":[{"not_picked":["StSShapeShifter:BurstingSpore","StSShapeShifter:HummingbirdForm"],"picked":"StSShapeShifter:Ensconce","floor":1},{"not_picked":["StSShapeShifter:SquirrelForm","StSShapeShifter:EagleForm","StSShapeShifter:Maul"],"picked":"SKIP","floor":3},{"not_picked":["StSShapeShifter:ThornToss","StSShapeShifter:SpiritOfTheEarth","StSShapeShifter:DeerForm"],"picked":"SKIP","floor":7}],"player_experience":364080,"relics_obtained":[],"event_choices":[{"cards_removed":["StSShapeShifter:ShapeShifter_Defend"],"damage_healed":0,"gold_gain":0,"player_choice":"Card Removal","damage_taken":7,"max_hp_gain":0,"max_hp_loss":0,"event_name":"Golden Wing","floor":2,"gold_loss":0},{"damage_healed":0,"gold_gain":0,"player_choice":"RE RE ","damage_taken":43,"relics_obtained":["Ancient Tea Set","reliquary:Aerogel"],"max_hp_gain":0,"max_hp_loss":0,"event_name":"betterSkull:BetterSkull","floor":5,"gold_loss":0,"cards_upgraded":[]}],"is_beta":false,"boss_relics":[],"items_purged_floors":[4],"is_endless":false,"potions_floor_spawned":[7],"killed_by":"3 Sentries","ascension_level":0}}