{"host":"2haferq23ht5nrlk","time":1614014531,"event":{"mods":["ATMod(阿瑾Mod)","Act Like it!","Arknights","Aspiration","BaseMod","BetterRewards","Colored Powertips","Conspire","Dota2Spire","KomeijiMod","Lobotomy","LobotomyExtend","Minty Spire (QoL Compilation)","Quick Restart","Relic Filter Mod","Relic Stats","Reliquary","Replay The Spire","Spicy Shops","StSLib","TestMod","The Cursed","UnlockEverythingMod","【遗物卡牌】REMEMod"],"gold_per_floor":[118,118,118,133,133,174,174,189,189,203,243,261,261,261,138,157,157,157,157],"floor_reached":18,"language":"ZHS","playtime":791,"items_purged":["TheCursedMod:Strike_TheCursed"],"score":122,"play_id":"cb6b389c-e4c1-4de0-b324-2778c30084b4","local_time":"20210223012211","is_ascension_mode":false,"campfire_choices":[{"data":"AT_OneInchPunch","floor":7,"key":"SMITH"},{"floor":17,"key":"RECALL"}],"circlet_count":0,"master_deck":["TheCursedMod:Strike_TheCursed","TheCursedMod:Strike_TheCursed","TheCursedMod:Strike_TheCursed+1","TheCursedMod:Defend_TheCursed","TheCursedMod:Defend_TheCursed","TheCursedMod:Defend_TheCursed","TheCursedMod:CursedWand+1","TheCursedMod:CleanUpWorkshop","TheCursedMod:Dregs","AT_OneInchPunch+1","TheCursedMod:CircleOfAbyss","WallGazer","TheCursedMod:CursedAmulet","testmod-SelfRegulatingSystem","Injury","QueenOfHatred","TheCursedMod:HellsGateOpen","TheCursedMod:CursedArmor","OldLady","TheCursedMod:CircleOfCorruption","OSAHOGD","TheCursedMod:Stigma","LittleHelper","TheCursedMod:LuckyCharm","TheCursedMod:CircleOfBlood","BeautyBeast","TheCursedMod:RapidMovement","Scorched","TheCursedMod:CursedBlade","Murderer","TheCursedMod:SmokeScreen"],"relics":["TheCursedMod:BlackMagic101","AT_ATBox","testmod-TestBox","CogitoBucket","testmod-EqualTreatment","LetterFromLob","REME_ComplimentaryCards","Golden Idol","Whetstone","Dota2Spire:LinkenSphere","Singing Bowl","AspirationHeart"],"acts_visited":["Exordium"],"potions_floor_usage":[11,18],"damage_taken":[{"damage":0,"enemies":"2 Louse","floor":1,"turns":1},{"damage":0,"enemies":"Small Slimes","floor":4,"turns":1},{"damage":10,"enemies":"Gremlin Nob","floor":6,"turns":4},{"damage":2,"enemies":"ats:Genji","floor":8,"turns":2},{"damage":9,"enemies":"Exordium Wildlife","floor":10,"turns":3},{"damage":17,"enemies":"Lagavulin","floor":11,"turns":5},{"damage":42,"enemies":"Red Slaver","floor":12,"turns":10},{"damage":2,"enemies":"Lots of Slimes","floor":16,"turns":1},{"damage":41,"enemies":"Hexaghost","floor":18,"turns":8}],"seed_played":"-4105921926623445212","potions_obtained":[{"floor":4,"key":"testmod-SpacePotion"},{"floor":6,"key":"BlessingOfTheForge"},{"floor":16,"key":"PowerPotion"}],"is_trial":false,"path_per_floor":["M","?","?","M","?","E","R","M","T","M","E","M","PTL","PTL","$","M","R","B"],"character_chosen":"THE_CURSED","items_purchased":["TheCursedMod:CursedBlade"],"campfire_rested":0,"item_purchase_floors":[15],"current_hp_per_floor":[75,75,75,75,75,71,71,69,69,60,49,31,31,31,31,29,29,0,0],"gold":157,"neow_bonus":"","is_daily":false,"chose_seed":false,"campfire_upgraded":1,"win_rate":0.0,"timestamp":1614014531,"path_taken":["M","?","?","M","?","E","R","M","T","M","E","?","PTL","PTL","?","M","R","BOSS"],"items_purchased_type":["Card"],"build_version":"2020-12-22","purchased_purges":1,"victory":false,"max_hp_per_floor":[75,75,75,75,75,75,75,75,75,75,75,85,85,85,85,85,85,85,85],"relic_stats":{"Singing Bowl":0,"counters":[10,36],"Golden Idol":33,"Whetstone":["TheCursedMod:CursedWand","TheCursedMod:Strike_TheCursed"],"obtain_stats":[{"TheCursedMod:BlackMagic101":0,"CogitoBucket":0,"AT_ATBox":0,"testmod-TestBox":0,"Singing Bowl":11,"Golden Idol":3,"testmod-EqualTreatment":0,"AspirationHeart":12,"Dota2Spire:LinkenSphere":9,"LetterFromLob":1,"Whetstone":6,"REME_ComplimentaryCards":0},{"TheCursedMod:BlackMagic101":0,"CogitoBucket":0,"AT_ATBox":0,"testmod-TestBox":0,"Singing Bowl":6,"Golden Idol":1,"testmod-EqualTreatment":0,"AspirationHeart":8,"Dota2Spire:LinkenSphere":4,"LetterFromLob":1,"Whetstone":3,"REME_ComplimentaryCards":0},{"TheCursedMod:BlackMagic101":0,"CogitoBucket":0,"AT_ATBox":0,"testmod-TestBox":0,"Singing Bowl":16,"Golden Idol":1,"testmod-EqualTreatment":0,"AspirationHeart":27,"Dota2Spire:LinkenSphere":8,"LetterFromLob":1,"Whetstone":6,"REME_ComplimentaryCards":0}]},"card_choices":[{"not_picked":["SnowQueen","Wellcheers"],"picked":"WallGazer","floor":1},{"not_picked":["TheCursedMod:AshesToAshes","TheCursedMod:CursedMace"],"picked":"TheCursedMod:CursedAmulet","floor":1},{"not_picked":["BeautyBeast","Freischutz"],"picked":"QueenOfHatred","floor":4},{"not_picked":["TheCursedMod:CircleOfFocus","TheCursedMod:CursedShiv"],"picked":"TheCursedMod:HellsGateOpen","floor":4},{"not_picked":["SpiderBud","ShyLook"],"picked":"OldLady","floor":6},{"not_picked":["TheCursedMod:StingEye","TheCursedMod:DoubleShield"],"picked":"TheCursedMod:CircleOfCorruption","floor":6},{"not_picked":["MeatLantern","SpiderBud"],"picked":"OSAHOGD","floor":8},{"not_picked":["TheCursedMod:Stretching","TheCursedMod:SpitefulStrike"],"picked":"TheCursedMod:Stigma","floor":8},{"not_picked":["Murderer","MHz"],"picked":"LittleHelper","floor":10},{"not_picked":["TheCursedMod:Neurasthenia","TheCursedMod:SmokeScreen"],"picked":"TheCursedMod:LuckyCharm","floor":10},{"not_picked":["TheCursedMod:CursedSpellbook","TheCursedMod:Stigma"],"picked":"TheCursedMod:CircleOfBlood","floor":11},{"not_picked":["HappyTeddy","CherryBlossoms"],"picked":"BeautyBeast","floor":11},{"not_picked":["TheCursedMod:CircleOfFlame","TheCursedMod:Stigma"],"picked":"TheCursedMod:RapidMovement","floor":12},{"not_picked":["Bloodbath","UniverseFragment"],"picked":"Scorched","floor":12},{"not_picked":["UniverseFragment","CrumblingArmor"],"picked":"Murderer","floor":16},{"not_picked":["TheCursedMod:FleshFromBone","TheCursedMod:Stigma"],"picked":"TheCursedMod:SmokeScreen","floor":16}],"player_experience":34248,"relics_obtained":[{"floor":1,"key":"LetterFromLob"},{"floor":6,"key":"Whetstone"},{"floor":9,"key":"Dota2Spire:LinkenSphere"},{"floor":11,"key":"Singing Bowl"}],"event_choices":[{"damage_healed":0,"gold_gain":0,"player_choice":"Swap Relic","damage_taken":0,"relics_obtained":["REME_ComplimentaryCards"],"max_hp_gain":0,"max_hp_loss":0,"event_name":"给自己的盒子","floor":2,"relics_lost":["REME_ComplimentaryCards"],"gold_loss":0},{"damage_healed":0,"gold_gain":0,"player_choice":"Take Wound","damage_taken":0,"relics_obtained":["Golden Idol"],"max_hp_gain":0,"max_hp_loss":0,"event_name":"Golden Idol","floor":3,"gold_loss":0,"cards_obtained":["Injury"]},{"damage_healed":0,"gold_gain":0,"cards_transformed":["TheCursedMod:Defend_TheCursed"],"player_choice":"Change","damage_taken":0,"max_hp_gain":0,"max_hp_loss":0,"event_name":"Living Wall","floor":5,"gold_loss":0,"cards_obtained":["TheCursedMod:CursedArmor"]}],"is_beta":false,"boss_relics":[],"items_purged_floors":[15],"is_endless":false,"potions_floor_spawned":[4,6,16],"killed_by":"Hexaghost","ascension_level":0}}