{"host":"tl2b574z3x0i4jrg","time":1614005935,"event":{"mods":["AchievementEnabler","BaseMod","Colored Map","Minty Spire (QoL Compilation)","StSLib","The Necromancer"],"gold_per_floor":[111,111,125,135,149,174,163,163,163],"floor_reached":8,"language":"ENG","playtime":416,"items_purged":[],"score":60,"play_id":"c241070c-3cda-448f-8781-cb6b589bcb0a","local_time":"20210222095855","is_ascension_mode":false,"campfire_choices":[],"circlet_count":0,"master_deck":["Strike_W","Strike_W","Strike_W","Strike_W","Defend_W","Defend_W","Defend_W","Defend_W","Negative_Energy_Arrows","Bone_Wall","Bone_Armor","Shackles_Of_Pain","Summon_Undead_Army","Bone_Prison","Whirlwind_of_Bones","Summon_Undead_Army"],"relics":["Vampire_Amulet","NeowsBlessing","Matryoshka"],"acts_visited":["Exordium"],"potions_floor_usage":[],"damage_taken":[{"damage":0,"enemies":"Small Slimes","floor":1,"turns":1},{"damage":0,"enemies":"2 Louse","floor":3,"turns":2},{"damage":0,"enemies":"Cultist","floor":4,"turns":1},{"damage":12,"enemies":"2 Fungi Beasts","floor":5,"turns":5},{"damage":43,"enemies":"3 Sentries","floor":6,"turns":8},{"damage":4,"enemies":"Exordium Thugs","floor":7,"turns":5},{"damage":35,"enemies":"Gremlin Nob","floor":8,"turns":4}],"seed_played":"-6813256026478508362","potions_obtained":[{"floor":7,"key":"Explosive Potion"}],"is_trial":false,"path_per_floor":["M","?","M","M","M","E","M","E"],"character_chosen":"NECROMANCER","items_purchased":[],"campfire_rested":0,"item_purchase_floors":[],"current_hp_per_floor":[75,75,75,75,67,30,28,0,0],"gold":163,"neow_bonus":"THREE_ENEMY_KILL","is_daily":false,"chose_seed":false,"campfire_upgraded":0,"win_rate":0.0,"timestamp":1614005935,"path_taken":["M","?","M","M","M","E","M","E"],"items_purchased_type":[],"build_version":"2020-12-22","purchased_purges":0,"victory":false,"max_hp_per_floor":[75,75,75,75,75,75,75,75,75],"card_choices":[{"not_picked":["Bone_Shift","Consume_Illness"],"picked":"Bone_Armor","floor":1},{"not_picked":["Violent_Necrosis","Plague_Bolt"],"picked":"Shackles_Of_Pain","floor":3},{"not_picked":["Bone_Armor","Whirlwind_of_Bones"],"picked":"Summon_Undead_Army","floor":4},{"not_picked":["Whirlwind_of_Bones","Epidemic"],"picked":"Bone_Prison","floor":5},{"not_picked":["Chill_Blood","Death_Coil"],"picked":"Whirlwind_of_Bones","floor":6},{"not_picked":["Chill_Blood","Bone_Spikes"],"picked":"Summon_Undead_Army","floor":7}],"player_experience":175879,"relics_obtained":[{"floor":6,"key":"Matryoshka"}],"event_choices":[{"damage_healed":0,"gold_gain":0,"player_choice":"Leave","damage_taken":0,"max_hp_gain":0,"max_hp_loss":0,"event_name":"The Cleric","floor":2,"gold_loss":0}],"is_beta":false,"boss_relics":[],"items_purged_floors":[],"is_endless":false,"potions_floor_spawned":[7],"killed_by":"Gremlin Nob","ascension_level":0}}