{"host":"mu5qkq7030l6349q","time":1614009597,"event":{"mods":["AchievementEnabler","BaseMod","Colored Powertips","Downfall","Highlight Path","Minty Spire (QoL Compilation)","Permanent Neow","Rare Cards Sparkle","Relic Sorter","Relic Stats","StSLib"],"gold_per_floor":[99,109,109,109,127,37,86,105,124,23,23,42,42,27,39,142,142,142,159,159,359,0,29,55,84,84,69,84,84,84,84],"floor_reached":29,"language":"ENG","playtime":2558,"items_purged":["Regret"],"score":251,"play_id":"5c53da15-7aa5-42d0-97fc-50e11885f548","local_time":"20210222165957","is_ascension_mode":false,"campfire_choices":[{"data":"sneckomod:TailWhip","floor":1,"key":"SMITH"},{"data":"sneckomod:MasterEye","floor":11,"key":"SMITH"},{"data":"sneckomod:SnekBite","floor":13,"key":"SMITH"},{"data":"sneckomod:PureSnecko","floor":18,"key":"SMITH"},{"data":"expansioncontent:PrepareCrush","floor":26,"key":"SMITH"}],"circlet_count":0,"master_deck":["sneckomod:Strike","sneckomod:Strike","sneckomod:Strike","sneckomod:Defend","sneckomod:Defend","sneckomod:Defend","sneckomod:TailWhip+1","sneckomod:SnekBite+1","sneckomod:Unknown","sneckomod:Unknown","Bandage Up","sneckomod:DiceBlock","sneckomod:Unknown1Cost","sneckomod:PureSnecko+1","sneckomod:CheapStock","sneckomod:DiceCrush","sneckomod:UnknownUncommonSkill","sneckomod:MasterEye+1","sneckomod:WideSting","sneckomod:WideSting","sneckomod:UnknownBlock","sneckomod:DiceCrush","sneckomod:SerpentMind","sneckomod:SnekBeam+1","sneckomod:UnknownUncommonSkill","expansioncontent:PrepareCrush+1","sneckomod:DiceBlock","sneckomod:UnknownUncommonSkill","sneckomod:Restock","sneckomod:DiceCrush+1"],"relics":["sneckomod:SneckoSoul","Happy Flower","Bag of Marbles","Black Star","Mummified Hand","Molten Egg 2","CaptainsWheel","Nunchaku","Sundial","Bottled Flame"],"acts_visited":["Exordium","TheCity"],"potions_floor_usage":[14,23,29],"damage_taken":[{"damage":0,"enemies":"Small Slimes","floor":2,"turns":1},{"damage":10,"enemies":"2 Louse","floor":5,"turns":3},{"damage":7,"enemies":"downfall:FleeingMerchant","floor":6,"turns":4},{"damage":0,"enemies":"Cultist","floor":8,"turns":2},{"damage":0,"enemies":"Red Slaver","floor":9,"turns":1},{"damage":5,"enemies":"downfall:FleeingMerchant","floor":10,"turns":4},{"damage":4,"enemies":"Blue Slaver","floor":12,"turns":3},{"damage":0,"enemies":"downfall:FleeingMerchant","floor":14,"turns":4},{"damage":13,"enemies":"Exordium Wildlife","floor":15,"turns":4},{"damage":20,"enemies":"SI_SHIV_ARCHETYPE","floor":16,"turns":5},{"damage":14,"enemies":"Shell Parasite","floor":19,"turns":5},{"damage":5,"enemies":"downfall:FleeingMerchant","floor":22,"turns":4},{"damage":28,"enemies":"Gremlin Leader","floor":23,"turns":5},{"damage":15,"enemies":"Slavers","floor":25,"turns":4},{"damage":10,"enemies":"downfall:FleeingMerchant","floor":27,"turns":4},{"damage":18,"enemies":"3 Byrds","floor":28,"turns":5},{"damage":26,"enemies":"Centurion and Healer","floor":29,"turns":2}],"seed_played":"3553602962018151139","potions_obtained":[{"floor":4,"key":"downfall:CursedFountainPotion"},{"floor":8,"key":"Dexterity Potion"},{"floor":12,"key":"sneckomod:OffclassReductionPotion"},{"floor":15,"key":"Slimebound:ThreeZeroPotion"},{"floor":15,"key":"LiquidMemories"},{"floor":23,"key":"Dexterity Potion"}],"is_trial":false,"path_per_floor":["R","M","?","?","M","$","T","M","M","$","R","M","R","$","M","B",null,"R","M","?","?","$","E","T","E","R","$","M","M"],"character_chosen":"THE_SNECKO","items_purchased":["sneckomod:MasterEye","sneckomod:WideSting","Mummified Hand","expansioncontent:PrepareCrush"],"campfire_rested":0,"item_purchase_floors":[10,10,22,22],"current_hp_per_floor":[90,90,90,90,80,77,77,77,77,80,80,80,80,80,71,51,90,90,82,82,82,77,53,53,42,42,36,22,0,0,0],"gold":84,"neow_bonus":"RANDOM_COLORLESS","is_daily":false,"chose_seed":false,"campfire_upgraded":5,"win_rate":0.0,"timestamp":1614009597,"path_taken":["R","M","?","?","M","$","T","?","M","$","R","M","R","?","M","BOSS","R","M","?","?","$","E","T","E","R","$","?","M"],"items_purchased_type":["Card","Card","Relic","Card"],"build_version":"2020-12-22","purchased_purges":1,"victory":false,"max_hp_per_floor":[90,90,90,90,90,90,90,90,90,90,90,90,90,90,90,90,90,90,90,90,90,90,90,90,90,90,90,90,90,90,90],"relic_stats":{"Nunchaku":[3],"Happy Flower":[19],"counters":[17,60],"Mummified Hand":[9],"Sundial":[0],"Black Star":2,"obtain_stats":[{"CaptainsWheel":23,"Nunchaku":24,"Bottled Flame":25,"Happy Flower":3,"Mummified Hand":22,"Sundial":25,"Molten Egg 2":23,"Bag of Marbles":7,"Black Star":17,"sneckomod:SneckoSoul":0},{"CaptainsWheel":13,"Nunchaku":13,"Bottled Flame":14,"Happy Flower":1,"Mummified Hand":12,"Sundial":14,"Molten Egg 2":13,"Bag of Marbles":3,"Black Star":10,"sneckomod:SneckoSoul":0},{"CaptainsWheel":45,"Nunchaku":45,"Bottled Flame":49,"Happy Flower":1,"Mummified Hand":40,"Sundial":49,"Molten Egg 2":45,"Bag of Marbles":8,"Black Star":31,"sneckomod:SneckoSoul":0}]},"card_choices":[{"not_picked":["Blind","Good Instincts"],"picked":"Bandage Up","floor":0},{"not_picked":["sneckomod:UnknownCommonAttack","sneckomod:Unknown1Cost"],"picked":"sneckomod:DiceBlock","floor":2},{"not_picked":["sneckomod:UnknownX","sneckomod:UnknownUncommonAttack"],"picked":"sneckomod:Unknown1Cost","floor":5},{"not_picked":["sneckomod:ImprovisedAttack","sneckomod:WideSting"],"picked":"sneckomod:PureSnecko","floor":6},{"not_picked":["sneckomod:ImprovisedAttack","sneckomod:WideSting"],"picked":"sneckomod:CheapStock","floor":8},{"not_picked":["sneckomod:ImprovisedGuard","sneckomod:Unknown1Cost"],"picked":"sneckomod:DiceCrush","floor":9},{"not_picked":["sneckomod:RainOfDice","sneckomod:UnknownCommonAttack"],"picked":"sneckomod:UnknownUncommonSkill","floor":10},{"not_picked":["sneckomod:UnendingSupply","sneckomod:RainOfDice"],"picked":"sneckomod:WideSting","floor":12},{"not_picked":["sneckomod:RainOfDice","sneckomod:CheapStock"],"picked":"sneckomod:UnknownBlock","floor":14},{"not_picked":["sneckomod:UnknownWeak","sneckomod:DiceBlock"],"picked":"sneckomod:DiceCrush","floor":15},{"not_picked":["sneckomod:MorePower","sneckomod:Unknown3Cost"],"picked":"sneckomod:SerpentMind","floor":16},{"not_picked":["sneckomod:DiceBlock","sneckomod:UnknownCommonAttack+1"],"picked":"sneckomod:SnekBeam+1","floor":19},{"not_picked":["sneckomod:DefensiveFlair","sneckomod:RainOfDice+1"],"picked":"sneckomod:UnknownUncommonSkill","floor":22},{"not_picked":["sneckomod:Nope","sneckomod:SoulCleanse+1"],"picked":"sneckomod:DiceBlock","floor":23},{"not_picked":["sneckomod:UnknownUncommonSkill","sneckomod:Nope","sneckomod:SerpentIdol"],"picked":"SKIP","floor":25},{"not_picked":["sneckomod:Nope","sneckomod:SerpentIdol"],"picked":"sneckomod:UnknownUncommonSkill","floor":25},{"not_picked":["sneckomod:SoulRoll","sneckomod:WideSting+1"],"picked":"sneckomod:Restock","floor":27},{"not_picked":["sneckomod:UnknownClassRED","sneckomod:UnknownCommonSkill"],"picked":"sneckomod:DiceCrush+1","floor":28}],"player_experience":77047,"relics_obtained":[{"floor":7,"key":"Bag of Marbles"},{"floor":23,"key":"Molten Egg 2"},{"floor":23,"key":"CaptainsWheel"},{"floor":24,"key":"Nunchaku"},{"floor":25,"key":"Sundial"},{"floor":25,"key":"Bottled Flame"}],"event_choices":[{"damage_healed":0,"gold_gain":0,"player_choice":"Box","damage_taken":0,"relics_obtained":["Happy Flower"],"max_hp_gain":0,"max_hp_loss":0,"event_name":"Big Fish","floor":3,"gold_loss":0,"cards_obtained":["Regret"]},{"damage_healed":0,"gold_gain":0,"player_choice":"Ignored","damage_taken":0,"max_hp_gain":0,"max_hp_loss":0,"event_name":"Ghosts","floor":20,"gold_loss":0}],"is_beta":false,"boss_relics":[{"not_picked":["sneckomod:SneckoBoss","Sozu"],"picked":"Black Star"}],"items_purged_floors":[6],"is_endless":false,"potions_floor_spawned":[8,12,15,19,23],"killed_by":"Centurion and Healer","ascension_level":0}}