{"host":"04hmnwiiducntwm3","time":1614020121,"event":{"mods":["Aspiration","BaseMod","Downfall","Energized Spire","GifTheSpireLib","Halation","Hubris","Infinite Spire","Minty Spire (QoL Compilation)","Relic Filter","Reliquary","Replay The Spire","Shop Mod","Spikes Relics","StSLib","The Jungle"],"gold_per_floor":[114,114,114,129,141,167,167,167,167,167,167,181,11,30,30,30,30],"floor_reached":16,"language":"ENG","playtime":418,"items_purged":[],"score":100,"play_id":"75ff199a-fe75-4202-bdfe-06866274660c","local_time":"20210222155521","is_ascension_mode":false,"campfire_choices":[{"data":"infinitespire:OneForAll","floor":8.0,"key":"SMITH"},{"floor":11.0,"key":"REST"}],"circlet_count":0,"master_deck":["Strike_R","Strike_R","Strike_R","Strike_R","Strike_R","Defend_R","Defend_R","Bash","CommonCold","ReplayTheSpireMod:Muscle Training","infinitespire:OneForAll+1","Heavy Blade","Heavy Blade"],"relics":["Burning Blood","halation:EternalFortune","infinitespire:ShieldingShard","Blue Candle","Golden Idol","Membership Card","Centennial Puzzle"],"acts_visited":["Exordium"],"potions_floor_usage":[16,16],"damage_taken":[{"damage":6.0,"enemies":"2 Louse","floor":1.0,"turns":2.0},{"damage":11.0,"enemies":"Jaw Worm","floor":4.0,"turns":2.0},{"damage":4.0,"enemies":"Small Slimes","floor":5.0,"turns":3.0},{"damage":36.0,"enemies":"Replay:BlueRogue","floor":6.0,"turns":5.0},{"damage":14.0,"enemies":"Blue Slaver","floor":12.0,"turns":3.0},{"damage":25.0,"enemies":"3 Louse","floor":14.0,"turns":3.0},{"damage":47,"enemies":"The Guardian","floor":16,"turns":6}],"seed_played":"6194320909920540567","potions_obtained":[{"floor":1.0,"key":"Energy Potion"},{"floor":5.0,"key":"Guardian:BlockOnCardUsePotion"}],"is_trial":false,"path_per_floor":["M","?","?","M","M","E","?","R","T","?","R","M","$","M","R","B"],"character_chosen":"IRONCLAD","items_purchased":["Membership Card","BloodPotion"],"campfire_rested":1,"item_purchase_floors":[13,13],"current_hp_per_floor":[80,83,83,78,80,50,50,50,50,30,54,46,62,43,43,0,0],"gold":30,"neow_bonus":"REMOVE_CARD","is_daily":false,"chose_seed":false,"campfire_upgraded":1,"win_rate":0.0,"timestamp":1614020121,"path_taken":["M","?","?","M","M","E","?","R","T","?","R","M","$","M","R","BOSS"],"items_purchased_type":["Relic","Potion"],"build_version":"2020-12-22","purchased_purges":0,"victory":false,"max_hp_per_floor":[80,83,83,83,83,83,83,83,83,83,83,83,83,83,83,83,83],"card_choices":[{"not_picked":["Uppercut","Rampage","Warcry"],"picked":"SKIP","floor":1.0},{"not_picked":["Wild Strike","Thunderclap"],"picked":"ReplayTheSpireMod:Muscle Training","floor":4.0},{"not_picked":["Rampage","Whirlwind"],"picked":"infinitespire:OneForAll","floor":5.0},{"not_picked":["Headbutt","Warcry","Havoc"],"picked":"SKIP","floor":6.0},{"not_picked":["Havoc","Abandon"],"picked":"Heavy Blade","floor":12.0},{"not_picked":["Headbutt","Entrench"],"picked":"Heavy Blade","floor":14.0}],"player_experience":388820,"relics_obtained":[{"floor":6.0,"key":"infinitespire:ShieldingShard"},{"floor":9.0,"key":"Blue Candle"},{"floor":15.0,"key":"Centennial Puzzle"}],"event_choices":[{"damage_healed":0.0,"max_hp_gain":0.0,"max_hp_loss":0.0,"gold_gain":0.0,"event_name":"Golden Idol","player_choice":"Take Damage","floor":10.0,"gold_loss":0.0,"damage_taken":20.0,"relics_obtained":["Golden Idol"]}],"is_beta":false,"boss_relics":[],"items_purged_floors":[],"is_endless":false,"potions_floor_spawned":[1,5],"killed_by":"The Guardian","ascension_level":0}}