{"host":"13o02hya6v6rzuva","time":1614029158,"event":{"mods":["BaseMod","Minty Spire (QoL Compilation)","Relic Stats"],"gold_per_floor":[116,130,105,280,280,305,380,409,409,409,409],"floor_reached":10,"language":"ENG","playtime":189,"items_purged":[],"score":163,"play_id":"3a15edbf-c3d3-49db-943c-ba2a62a02f0b","local_time":"20210222222558","is_ascension_mode":true,"campfire_choices":[],"circlet_count":0,"master_deck":["AscendersBane","Strike_R","Strike_R","Strike_R","Strike_R","Strike_R","Defend_R","Defend_R","Defend_R","Defend_R","Bash","Body Slam","Armaments","Anger","Doubt","Shrug It Off","Thunderclap"],"relics":["Burning Blood","NeowsBlessing","Pantograph","Bottled Flame","Centennial Puzzle","Regal Pillow"],"acts_visited":["Exordium"],"potions_floor_usage":[8,10],"damage_taken":[{"damage":0,"enemies":"2 Louse","floor":1,"turns":2},{"damage":0,"enemies":"Small Slimes","floor":2,"turns":1},{"damage":0,"enemies":"Gremlin Nob","floor":6,"turns":1},{"damage":46,"enemies":"Lagavulin","floor":8,"turns":8},{"damage":78,"enemies":"Gremlin Nob","floor":10,"turns":5}],"seed_played":"-6810344433970687810","potions_obtained":[{"floor":1,"key":"FearPotion"},{"floor":8,"key":"Regen Potion"}],"is_trial":false,"path_per_floor":["M","M","$","?","?","E","?","E","T","E"],"character_chosen":"IRONCLAD","items_purchased":["Anger"],"campfire_rested":0,"item_purchase_floors":[3],"current_hp_per_floor":[78,80,80,80,77,80,69,29,29,0,0],"gold":409,"neow_bonus":"THREE_ENEMY_KILL","is_daily":false,"chose_seed":false,"campfire_upgraded":0,"win_rate":0.0,"timestamp":1614029158,"path_taken":["M","M","$","?","?","E","?","E","T","E"],"items_purchased_type":["Card"],"build_version":"2020-12-22","purchased_purges":0,"victory":false,"max_hp_per_floor":[80,80,80,80,80,80,80,80,80,80,80],"relic_stats":{"Centennial Puzzle":[3],"Regal Pillow":0,"counters":[5,17],"Pantograph":0,"obtain_stats":[{"Bottled Flame":6,"Centennial Puzzle":8,"Regal Pillow":9,"NeowsBlessing":0,"Pantograph":5,"Burning Blood":0},{"Bottled Flame":3,"Centennial Puzzle":4,"Regal Pillow":4,"NeowsBlessing":0,"Pantograph":2,"Burning Blood":0},{"Bottled Flame":4,"Centennial Puzzle":12,"Regal Pillow":12,"NeowsBlessing":0,"Pantograph":3,"Burning Blood":0}],"Burning Blood":17},"card_choices":[{"not_picked":["Evolve","Dark Embrace"],"picked":"Body Slam","floor":1},{"not_picked":["Battle Trance","Clash"],"picked":"Armaments","floor":2},{"not_picked":["Entrench","Reckless Charge"],"picked":"Shrug It Off","floor":6},{"not_picked":["Whirlwind","Demon Form"],"picked":"Thunderclap","floor":8}],"player_experience":1239925,"relics_obtained":[{"floor":6,"key":"Bottled Flame"},{"floor":8,"key":"Centennial Puzzle"},{"floor":9,"key":"Regal Pillow"}],"event_choices":[{"damage_healed":0,"gold_gain":175,"player_choice":"AGREE","damage_taken":0,"max_hp_gain":0,"max_hp_loss":0,"event_name":"Liars Game","floor":4,"gold_loss":0,"cards_obtained":["Doubt"]},{"damage_healed":0,"gold_gain":0,"player_choice":"Success","damage_taken":3,"relics_obtained":["Pantograph"],"max_hp_gain":0,"max_hp_loss":0,"event_name":"Scrap Ooze","floor":5,"gold_loss":0},{"damage_healed":0,"gold_gain":75,"player_choice":"Gather Gold","damage_taken":11,"max_hp_gain":0,"max_hp_loss":0,"event_name":"World of Goop","floor":7,"gold_loss":0}],"is_beta":false,"boss_relics":[],"items_purged_floors":[],"is_endless":false,"potions_floor_spawned":[1,8],"killed_by":"Gremlin Nob","ascension_level":13}}