{"host":"wqwfknj40rilnol1","time":1614011760,"event":{"mods":["BaseMod","BetterRewards","Block Reminder","Colored Map","Hubris","Minty Spire (QoL Compilation)","Permanent Neow","Relic Stats","StSLib","The Cursed"],"gold_per_floor":[110,123,123,123,123,123,152,152,178,178,209,223,254,9,9,105,105,124,223,234,234,96,96,122,322,392,403,403,328,338,358,358,454,454,472,254,272,343,618,646,658,690,759,770,770,293,305,319,319,319],"floor_reached":51,"language":"ENG","playtime":2796,"items_purged":["TheCursedMod:Strike_TheCursed","TheCursedMod:Defend_TheCursed","TheCursedMod:Strike_TheCursed","TheCursedMod:Strike_TheCursed+1"],"score":993,"play_id":"f9efbbe4-ced4-467d-b813-513f8df22f49","local_time":"20210222173600","is_ascension_mode":false,"campfire_choices":[{"data":"Mayhem","floor":6,"key":"SMITH"},{"data":"TheCursedMod:CleanUpWorkshop","floor":8,"key":"SMITH"},{"data":"TheCursedMod:Strike_TheCursed","floor":15,"key":"PURGE"},{"data":"TheCursedMod:Defend_TheCursed","floor":23,"key":"PURGE"},{"floor":28,"key":"REST"},{"data":"Apotheosis","floor":32,"key":"SMITH"},{"floor":49,"key":"REST"}],"circlet_count":0,"master_deck":["TheCursedMod:Defend_TheCursed+1","TheCursedMod:CursedWand+1","TheCursedMod:CleanUpWorkshop+1","TheCursedMod:Dregs","Mayhem+1","TheCursedMod:RapidMovement","TheCursedMod:WearCloak","TheCursedMod:CursedBlade+1","TheCursedMod:ReleasedStrength","TheCursedMod:CursedMace+1","TheCursedMod:SpitefulPlan","TheCursedMod:SurpriseAttack","TheCursedMod:StunningStrike","TheCursedMod:SpitefulPray","Necronomicurse","Apotheosis+1","TheCursedMod:DarkBarrier+1","TheCursedMod:WearCloak+1","TheCursedMod:SpitefulStrike+1","TheCursedMod:FleshFromBone+1","TheCursedMod:AntiAging+1","TheCursedMod:FleshFromBone","Regret","TheCursedMod:SpitefulStrike+1","TheCursedMod:CursedStaff+1","TheCursedMod:SpitefulStrike","TheCursedMod:BloodBarrier","TheCursedMod:HellfireBreathing","TheCursedMod:DarkBarrier","TheCursedMod:HellfireBreathing+1"],"relics":["TheCursedMod:BlackMagic101","hubris:Towel","hubris:Icosahedron","hubris:SlimyHat","Orichalcum","hubris:TenFootPole","Peace Pipe","Membership Card","Philosopher\u0027s Stone","Necronomicon","Tiny Chest","Bottled Tornado","TheCursedMod:OminousMark","War Paint","Juzu Bracelet","hubris:CrystalStatue","Pen Nib","Regal Pillow","Gremlin Horn","Whetstone","hubris:Reverence","Chemical X"],"acts_visited":["Exordium","TheCity","TheBeyond"],"potions_floor_usage":[11,11,27,40,50,50],"damage_taken":[{"damage":6,"enemies":"Jaw Worm","floor":1,"turns":5},{"damage":0,"enemies":"2 Louse","floor":2,"turns":3},{"damage":19,"enemies":"Gremlin Nob","floor":7,"turns":5},{"damage":11,"enemies":"3 Sentries","floor":11,"turns":8},{"damage":0,"enemies":"Small Slimes","floor":12,"turns":4},{"damage":13,"enemies":"Lagavulin","floor":13,"turns":10},{"damage":17,"enemies":"The Guardian","floor":16,"turns":9},{"damage":7,"enemies":"Shell Parasite","floor":18,"turns":4},{"damage":13,"enemies":"Chosen","floor":20,"turns":4},{"damage":31,"enemies":"Gremlin Leader","floor":24,"turns":4},{"damage":10,"enemies":"Sentry and Sphere","floor":27,"turns":4},{"damage":0,"enemies":"Centurion and Healer","floor":30,"turns":5},{"damage":0,"enemies":"Snecko","floor":31,"turns":3},{"damage":22,"enemies":"Automaton","floor":33,"turns":8},{"damage":9,"enemies":"3 Darklings","floor":35,"turns":4},{"damage":5,"enemies":"Orb Walker","floor":37,"turns":4},{"damage":12,"enemies":"Reptomancer","floor":40,"turns":4},{"damage":10,"enemies":"Spire Growth","floor":41,"turns":5},{"damage":0,"enemies":"Nemesis","floor":42,"turns":4},{"damage":18,"enemies":"Sphere and 2 Shapes","floor":44,"turns":5},{"damage":21,"enemies":"3 Darklings","floor":47,"turns":5},{"damage":28,"enemies":"4 Shapes","floor":48,"turns":4},{"damage":8,"enemies":"hubris:GrandSnecko","floor":50,"turns":8}],"seed_played":"-3918702088831769377","potions_obtained":[{"floor":7,"key":"EntropicBrew"},{"floor":12,"key":"FairyPotion"},{"floor":27,"key":"LiquidBronze"},{"floor":35,"key":"AttackPotion"},{"floor":41,"key":"DuplicationPotion"},{"floor":48,"key":"PowerPotion"}],"is_trial":false,"path_per_floor":["M","M","?","?","?","R","E","R","T","?","E","M","E","$","R","B",null,"M","?","M","?","$","R","E","?","T","M","R","?","M","M","R","B",null,"M","$","M","T","?","E","M","E","T","M","?","$","M","M","R","B",null],"character_chosen":"THE_CURSED","items_purchased":["Mayhem","TheCursedMod:Hemoplague","Membership Card","TheCursedMod:SpitefulPlan","TheCursedMod:SurpriseAttack","Apotheosis","War Paint","Juzu Bracelet","Whetstone","hubris:Reverence","Chemical X","TheCursedMod:BloodBarrier","TheCursedMod:HellfireBreathing","TheCursedMod:DarkBarrier"],"campfire_rested":2,"item_purchase_floors":[0,0,14,14,14,22,36,36,46,46,46,46,46,46],"current_hp_per_floor":[69,69,69,69,69,69,50,50,50,35,39,39,26,26,26,9,75,68,68,55,48,48,48,17,17,17,7,29,29,29,29,29,7,75,69,69,67,67,67,55,45,45,45,30,30,30,12,10,51,50],"gold":319,"neow_bonus":"","is_daily":false,"chose_seed":false,"campfire_upgraded":3,"win_rate":0.0,"timestamp":1614011760,"path_taken":["M","M","?","?","?","R","E","R","T","?","E","M","E","$","R","BOSS","M","?","M","?","$","R","E","?","T","?","R","?","M","M","R","BOSS","M","$","M","?","?","E","M","E","T","M","?","?","M","M","R","BOSS"],"items_purchased_type":["Card","Card","Relic","Card","Card","Card","Relic","Relic","Relic","Relic","Relic","Card","Card","Card"],"build_version":"2020-12-22","purchased_purges":4,"victory":true,"max_hp_per_floor":[75,75,75,75,75,75,75,75,75,75,75,75,75,75,75,75,75,75,75,75,75,75,75,75,75,75,75,75,75,75,75,75,75,75,78,78,81,81,81,81,81,81,81,84,84,84,87,87,87,90],"relic_stats":{"Regal Pillow":15,"Gremlin Horn":[16,11],"counters":[38,187],"Pen Nib":[8],"Juzu Bracelet":1,"Whetstone":["TheCursedMod:CursedBlade","TheCursedMod:CursedMace"],"Orichalcum":[90],"War Paint":["TheCursedMod:Defend_TheCursed","TheCursedMod:CleanUpWorkshop","TheCursedMod:AntiAging","TheCursedMod:DarkBarrier"],"Peace Pipe":2,"Tiny Chest":1,"Necronomicon":[46],"Chemical X":[6],"obtain_stats":[{"Regal Pillow":42,"hubris:CrystalStatue":38,"Gremlin Horn":43,"hubris:SlimyHat":7,"Juzu Bracelet":36,"Whetstone":46,"Bottled Tornado":26,"Dream Catcher":28,"hubris:Icosahedron":5,"Strawberry":26,"Philosopher\u0027s Stone":17,"Tiny Chest":24,"Necronomicon":21,"Chemical X":46,"Potion Belt":9,"TheCursedMod:BlackMagic101":0,"Pen Nib":40,"War Paint":6,"hubris:Towel":4,"Orichalcum":9,"Peace Pipe":13,"SlaversCollar":17,"TheCursedMod:OminousMark":34,"hubris:TenFootPole":11,"Membership Card":14,"hubris:Reverence":46},{"Regal Pillow":34,"hubris:CrystalStatue":31,"Gremlin Horn":34,"hubris:SlimyHat":18,"Juzu Bracelet":30,"Whetstone":35,"Bottled Tornado":25,"Dream Catcher":12,"hubris:Icosahedron":17,"Strawberry":11,"Philosopher\u0027s Stone":22,"Tiny Chest":25,"Necronomicon":24,"Chemical X":35,"Potion Belt":5,"TheCursedMod:BlackMagic101":0,"Pen Nib":32,"War Paint":4,"hubris:Towel":17,"Orichalcum":18,"Peace Pipe":21,"SlaversCollar":8,"TheCursedMod:OminousMark":29,"hubris:TenFootPole":19,"Membership Card":21,"hubris:Reverence":35},{"Regal Pillow":165,"hubris:CrystalStatue":152,"Gremlin Horn":165,"hubris:SlimyHat":81,"Juzu Bracelet":148,"Whetstone":170,"Bottled Tornado":124,"Dream Catcher":56,"hubris:Icosahedron":76,"Strawberry":50,"Philosopher\u0027s Stone":112,"Tiny Chest":124,"Necronomicon":120,"Chemical X":170,"Potion Belt":23,"TheCursedMod:BlackMagic101":0,"Pen Nib":156,"War Paint":21,"hubris:Towel":76,"Orichalcum":81,"Peace Pipe":103,"SlaversCollar":35,"TheCursedMod:OminousMark":144,"hubris:TenFootPole":89,"Membership Card":103,"hubris:Reverence":170}]},"card_choices":[{"not_picked":["TheCursedMod:Wield","TheCursedMod:RavingStaff"],"picked":"TheCursedMod:RapidMovement","floor":1},{"not_picked":["TheCursedMod:CursedAmulet","TheCursedMod:SurpriseAttack"],"picked":"TheCursedMod:WearCloak","floor":2},{"not_picked":["TheCursedMod:Mangle","TheCursedMod:StingEye"],"picked":"TheCursedMod:CursedBlade","floor":7},{"not_picked":["TheCursedMod:DemonSword","TheCursedMod:CircleOfFocus"],"picked":"TheCursedMod:ReleasedStrength","floor":11},{"not_picked":["TheCursedMod:FleshFromBone","TheCursedMod:RavingStaff","TheCursedMod:Torture"],"picked":"SKIP","floor":12},{"not_picked":["TheCursedMod:RavingStaff","TheCursedMod:VitalStrike"],"picked":"TheCursedMod:CursedMace","floor":13},{"not_picked":["TheCursedMod:UltimatePain","TheCursedMod:DarkBarrier"],"picked":"TheCursedMod:StunningStrike","floor":16},{"not_picked":["TheCursedMod:VitalStrike","TheCursedMod:RapidMovement"],"picked":"TheCursedMod:SpitefulPray","floor":18},{"not_picked":["TheCursedMod:CursedMace","TheCursedMod:BloodBarrier","TheCursedMod:RavingStaff"],"picked":"SKIP","floor":20},{"not_picked":["TheCursedMod:CircleOfFlame","TheCursedMod:SoulCrush+1"],"picked":"TheCursedMod:DarkBarrier","floor":24},{"not_picked":["TheCursedMod:CircleOfCorruption","TheCursedMod:Stigma+1"],"picked":"TheCursedMod:WearCloak+1","floor":27},{"not_picked":["TheCursedMod:FleshFromBone","TheCursedMod:TacticalStrike"],"picked":"TheCursedMod:SpitefulStrike+1","floor":30},{"not_picked":["TheCursedMod:SoulCrush+1","TheCursedMod:VitalStrike"],"picked":"TheCursedMod:FleshFromBone+1","floor":31},{"not_picked":["TheCursedMod:StunningStrike","TheCursedMod:DemonicPact"],"picked":"TheCursedMod:AntiAging","floor":33},{"not_picked":["TheCursedMod:TacticalStrike+1","TheCursedMod:CursedArmor","TheCursedMod:Obscuration+1"],"picked":"SKIP","floor":35},{"not_picked":["TheCursedMod:CursedBlade","TheCursedMod:CircleOfCorruption"],"picked":"TheCursedMod:FleshFromBone","floor":37},{"not_picked":["TheCursedMod:CursedMace","TheCursedMod:HellsGateOpen+1"],"picked":"TheCursedMod:SpitefulStrike+1","floor":40},{"not_picked":["TheCursedMod:NeowsMight","TheCursedMod:CircleOfAmplification+1"],"picked":"TheCursedMod:CursedStaff+1","floor":41},{"not_picked":["TheCursedMod:CircleOfFlame","TheCursedMod:CircleOfBlood"],"picked":"TheCursedMod:SpitefulStrike","floor":42},{"not_picked":["TheCursedMod:CursedAmulet+1","TheCursedMod:AbyssShockwave+1","TheCursedMod:Stigma"],"picked":"SKIP","floor":44},{"not_picked":["TheCursedMod:PrepareRite+1","TheCursedMod:CircleOfAmplification+1","TheCursedMod:Stretching"],"picked":"SKIP","floor":47},{"not_picked":["TheCursedMod:CursedAmulet","TheCursedMod:SaltUponWound+1"],"picked":"TheCursedMod:HellfireBreathing+1","floor":48}],"player_experience":290870,"relics_obtained":[{"floor":7,"key":"hubris:SlimyHat"},{"floor":9,"key":"Orichalcum"},{"floor":11,"key":"hubris:TenFootPole"},{"floor":13,"key":"Peace Pipe"},{"floor":21,"key":"Necronomicon"},{"floor":24,"key":"Tiny Chest"},{"floor":26,"key":"Bottled Tornado"},{"floor":38,"key":"hubris:CrystalStatue"},{"floor":40,"key":"Pen Nib"},{"floor":42,"key":"Regal Pillow"},{"floor":43,"key":"Gremlin Horn"}],"event_choices":[{"damage_healed":0,"gold_gain":0,"player_choice":"Grow","damage_taken":0,"max_hp_gain":0,"max_hp_loss":0,"event_name":"Living Wall","floor":3,"gold_loss":0,"cards_upgraded":["TheCursedMod:CursedWand"]},{"damage_healed":0,"gold_gain":0,"player_choice":"Entered Light","damage_taken":15,"max_hp_gain":0,"max_hp_loss":0,"event_name":"Shining Light","floor":10,"gold_loss":0,"cards_upgraded":["TheCursedMod:Defend_TheCursed","TheCursedMod:Strike_TheCursed"]},{"damage_healed":0,"gold_gain":99,"player_choice":"Stole From Cult","damage_taken":0,"max_hp_gain":0,"max_hp_loss":0,"event_name":"Nest","floor":19,"gold_loss":0},{"damage_healed":0,"gold_gain":0,"player_choice":"Obtained Book","damage_taken":16,"max_hp_gain":0,"max_hp_loss":0,"event_name":"Cursed Tome","floor":21,"gold_loss":0},{"damage_healed":0,"gold_gain":200,"player_choice":"Gold","damage_taken":0,"max_hp_gain":0,"max_hp_loss":0,"event_name":"Wheel of Change","floor":25,"gold_loss":0},{"cards_removed":["TheCursedMod:Defend_TheCursed"],"damage_healed":0,"gold_gain":0,"player_choice":"Gave Gold","damage_taken":0,"max_hp_gain":0,"max_hp_loss":0,"event_name":"Beggar","floor":29,"gold_loss":75},{"damage_healed":0,"gold_gain":275,"player_choice":"Desecrate","damage_taken":0,"max_hp_gain":0,"max_hp_loss":0,"event_name":"Golden Shrine","floor":39,"gold_loss":0,"cards_obtained":["Regret"]},{"cards_removed":["TheCursedMod:Hemoplague"],"damage_healed":0,"gold_gain":0,"player_choice":"Purged","damage_taken":0,"max_hp_gain":0,"max_hp_loss":0,"event_name":"Purifier","floor":45,"gold_loss":0}],"is_beta":false,"boss_relics":[{"not_picked":["hubris:CrackedHourglass","Busted Crown"],"picked":"Philosopher\u0027s Stone"},{"not_picked":["Coffee Dripper","Black Star"],"picked":"TheCursedMod:OminousMark"}],"items_purged_floors":[14,22,36,46],"is_endless":false,"potions_floor_spawned":[7,12,16,27,31,33,35,41,47,48],"ascension_level":0}}