{"host":"dpbezu80jg8zk7un","time":1614013350,"event":{"mods":["BaseMod","Colored Map","Colored Powertips","Custom Start","DeckTracker","Minty Spire (QoL Compilation)","Quick Restart","StSLib","SuperFastMode"],"gold_per_floor":[113,113,126,139,64,64,93,93,174,186,204,68,68,96,96,168,168,178,128,128,128,128,157,157,192,261,291,291,301,301,315,315,391,391,402,421,433,218,228,228,228,228,228,260,270,295,320,270,270,270,270,270,270,137,165,165],"floor_reached":57,"language":"KOR","playtime":1636,"items_purged":["Strike_P","Defend_P","Strike_P","Regret","Defend_P"],"score":3552,"play_id":"f1768c15-c180-40b9-a0e9-8c2b8bfde13f","local_time":"20210223020230","is_ascension_mode":true,"campfire_choices":[{"data":"Eruption","floor":6.0,"key":"SMITH"},{"data":"Adaptation","floor":8.0,"key":"SMITH"},{"data":"SandsOfTime","floor":13.0,"key":"SMITH"},{"data":"Adaptation","floor":15.0,"key":"SMITH"},{"data":"CutThroughFate","floor":28.0,"key":"SMITH"},{"data":"MentalFortress","floor":30.0,"key":"SMITH"},{"data":"InnerPeace","floor":32.0,"key":"SMITH"},{"data":"Scrawl","floor":40.0,"key":"SMITH"},{"floor":42.0,"key":"RECALL"},{"data":"CrushJoints","floor":49,"key":"SMITH"},{"data":"Vigilance","floor":53,"key":"SMITH"}],"circlet_count":0,"master_deck":["AscendersBane","Eruption+1","Vigilance+1","Adaptation+1","CutThroughFate+1","SandsOfTime+1","InnerPeace+1","Adaptation+1","MentalFortress+1","Scrawl+1","CrushJoints+1"],"relics":["PureWater","Smiling Mask","Bottled Flame","Tiny Chest","VioletLotus","Darkstone Periapt","Bag of Marbles","Pantograph","Meat on the Bone","White Beast Statue","Cursed Key","TheAbacus","Mango","CaptainsWheel","Bottled Lightning","War Paint"],"acts_visited":["Exordium","TheCity","TheBeyond","TheEnding"],"potions_floor_usage":[47,56],"damage_taken":[{"damage":2.0,"enemies":"Jaw Worm","floor":1.0,"turns":4.0},{"damage":2.0,"enemies":"Small Slimes","floor":3.0,"turns":3.0},{"damage":0.0,"enemies":"2 Louse","floor":4.0,"turns":2.0},{"damage":0.0,"enemies":"Lagavulin","floor":7.0,"turns":3.0},{"damage":0.0,"enemies":"Large Slime","floor":10.0,"turns":2.0},{"damage":6.0,"enemies":"Looter","floor":11.0,"turns":3.0},{"damage":27.0,"enemies":"3 Sentries","floor":14.0,"turns":7.0},{"damage":2.0,"enemies":"Hexaghost","floor":16.0,"turns":3.0},{"damage":0.0,"enemies":"2 Thieves","floor":18.0,"turns":1.0},{"damage":0.0,"enemies":"Slavers","floor":23.0,"turns":1.0},{"damage":0.0,"enemies":"Gremlin Leader","floor":25.0,"turns":2.0},{"damage":0.0,"enemies":"Book of Stabbing","floor":27.0,"turns":2.0},{"damage":8.0,"enemies":"Shell Parasite","floor":29.0,"turns":2.0},{"damage":9.0,"enemies":"Centurion and Healer","floor":31.0,"turns":2.0},{"damage":0.0,"enemies":"Collector","floor":33.0,"turns":2.0},{"damage":0.0,"enemies":"3 Darklings","floor":35.0,"turns":1.0},{"damage":0.0,"enemies":"Orb Walker","floor":36.0,"turns":1.0},{"damage":0.0,"enemies":"3 Darklings","floor":37.0,"turns":1.0},{"damage":9.0,"enemies":"Jaw Worm Horde","floor":39.0,"turns":2.0},{"damage":4,"enemies":"Giant Head","floor":44,"turns":2},{"damage":0,"enemies":"Sphere and 2 Shapes","floor":45,"turns":1},{"damage":0,"enemies":"Mind Bloom Boss Battle","floor":46,"turns":1},{"damage":0,"enemies":"Reptomancer","floor":47,"turns":1},{"damage":0,"enemies":"Awakened One","floor":50,"turns":2},{"damage":0,"enemies":"Time Eater","floor":51,"turns":4},{"damage":0,"enemies":"Shield and Spear","floor":55,"turns":1},{"damage":6,"enemies":"The Heart","floor":56,"turns":4}],"seed_played":"-3569128243422350084","potions_obtained":[{"floor":1.0,"key":"EssenceOfSteel"},{"floor":3.0,"key":"StancePotion"},{"floor":4.0,"key":"FearPotion"},{"floor":16.0,"key":"SkillPotion"},{"floor":27.0,"key":"Explosive Potion"},{"floor":29.0,"key":"EssenceOfSteel"},{"floor":31.0,"key":"GamblersBrew"},{"floor":33.0,"key":"Swift Potion"},{"floor":47,"key":"SmokeBomb"}],"is_trial":false,"path_per_floor":["M","?","M","M","?","R","E","R","T","M","M","$","R","E","R","B",null,"M","$","?","?","?","E","T","E","T","E","R","M","R","M","R","B",null,"M","M","M","$","M","R","?","R","T","E","M","?","E","$","R","B","B",null,"R","$","E","B",null],"character_chosen":"WATCHER","items_purchased":["InnerPeace","TheAbacus","GamblersBrew"],"campfire_rested":0,"item_purchase_floors":[12,38,54],"current_hp_per_floor":[59,59,57,57,57,57,57,57,57,57,51,51,51,24,24,22,52,52,52,52,52,35,35,35,35,35,35,35,39,39,42,42,67,67,67,67,67,67,58,58,58,58,64,74,74,84,84,84,84,84,84,84,84,84,84,78],"gold":165,"neow_bonus":"REMOVE_TWO","is_daily":false,"chose_seed":false,"campfire_upgraded":10,"win_rate":0.0,"timestamp":1614013350,"path_taken":["M","?","M","M","?","R","E","R","T","M","M","$","R","E","R","BOSS","M","$","?","?","?","E","?","E","T","E","R","M","R","M","R","BOSS","M","M","M","$","M","R","?","R","T","E","M","?","E","$","R","BOSS","BOSS","R","$","E","BOSS"],"items_purchased_type":["Card","Relic","Potion"],"build_version":"2020-12-22","purchased_purges":5,"victory":true,"max_hp_per_floor":[62,62,62,62,62,62,62,62,62,62,62,62,62,62,62,62,62,62,62,62,62,67,67,67,67,67,67,67,67,67,67,67,67,67,67,67,67,67,67,67,64,64,70,84,84,84,84,84,84,84,84,84,84,84,84,84],"card_choices":[{"not_picked":["SashWhip","EmptyFist"],"picked":"Adaptation","floor":1.0},{"not_picked":["BowlingBash","Prostrate"],"picked":"CutThroughFate","floor":3.0},{"not_picked":["WaveOfTheHand","JustLucky","Weave"],"picked":"SKIP","floor":4.0},{"not_picked":["Halt","FlurryOfBlows"],"picked":"SandsOfTime","floor":7.0},{"not_picked":["JustLucky","BattleHymn","Devotion"],"picked":"SKIP","floor":10.0},{"not_picked":["Study","Protect","Prostrate"],"picked":"SKIP","floor":11.0},{"not_picked":["Worship","ThirdEye"],"picked":"Adaptation","floor":14.0},{"not_picked":["ThirdEye","Indignation","FlyingSleeves"],"picked":"SKIP","floor":18.0},{"not_picked":["JustLucky","EmptyBody","Prostrate"],"picked":"SKIP","floor":23.0},{"not_picked":["Weave","FollowUp","ConjureBlade"],"picked":"SKIP","floor":25.0},{"not_picked":["CutThroughFate","PathToVictory","Evaluate+1"],"picked":"SKIP","floor":27.0},{"not_picked":["BowlingBash","SashWhip"],"picked":"MentalFortress","floor":29.0},{"not_picked":["Vengeance","Swivel","Protect"],"picked":"SKIP","floor":31.0},{"not_picked":["Blasphemy","Omniscience"],"picked":"Scrawl","floor":33.0},{"not_picked":["SashWhip","Protect","InnerPeace"],"picked":"SKIP","floor":35.0},{"not_picked":["JustLucky","FollowUp","Adaptation+1"],"picked":"SKIP","floor":36.0},{"not_picked":["FollowUp+1","BowlingBash","MentalFortress"],"picked":"SKIP","floor":37.0},{"not_picked":["SashWhip","BowlingBash","WheelKick"],"picked":"SKIP","floor":39.0},{"not_picked":["Pray","PathToVictory","Wish"],"picked":"SKIP","floor":44},{"not_picked":["Vengeance+1","Sanctity","Prostrate"],"picked":"SKIP","floor":45},{"not_picked":["ClearTheMind","Weave"],"picked":"CrushJoints","floor":47},{"not_picked":["Protect","FlyingSleeves+1","EmptyMind"],"picked":"SKIP","floor":55}],"player_experience":2987510,"relics_obtained":[{"floor":7.0,"key":"Smiling Mask"},{"floor":9.0,"key":"Bottled Flame"},{"floor":14.0,"key":"Tiny Chest"},{"floor":23.0,"key":"Darkstone Periapt"},{"floor":24.0,"key":"Bag of Marbles"},{"floor":25.0,"key":"Pantograph"},{"floor":26.0,"key":"Meat on the Bone"},{"floor":27.0,"key":"White Beast Statue"},{"floor":44,"key":"Mango"},{"floor":46,"key":"CaptainsWheel"},{"floor":47,"key":"Bottled Lightning"},{"floor":55,"key":"War Paint"}],"event_choices":[{"damage_healed":0.0,"max_hp_gain":0.0,"max_hp_loss":0.0,"gold_gain":0.0,"event_name":"Liars Game","player_choice":"Ignored","floor":2.0,"gold_loss":0.0,"damage_taken":0.0},{"cards_removed":["Defend_P"],"damage_healed":0.0,"max_hp_gain":0.0,"max_hp_loss":0.0,"gold_gain":0.0,"event_name":"The Cleric","player_choice":"Card Removal","floor":5.0,"gold_loss":75.0,"damage_taken":0.0},{"damage_healed":0.0,"max_hp_gain":0.0,"max_hp_loss":0.0,"gold_gain":0.0,"event_name":"Ghosts","player_choice":"Ignored","floor":20.0,"gold_loss":0.0,"damage_taken":0.0},{"cards_removed":["Strike_P"],"damage_healed":0.0,"max_hp_gain":0.0,"max_hp_loss":0.0,"gold_gain":0.0,"event_name":"Back to Basics","player_choice":"Elegance","floor":21.0,"gold_loss":0.0,"damage_taken":0.0},{"damage_healed":0.0,"max_hp_gain":5.0,"max_hp_loss":0.0,"gold_gain":0.0,"event_name":"Forgotten Altar","player_choice":"Shed Blood","floor":22.0,"gold_loss":0.0,"damage_taken":22.0},{"damage_healed":0.0,"max_hp_gain":0.0,"max_hp_loss":3.0,"gold_gain":0.0,"event_name":"Winding Halls","player_choice":"Max HP","floor":41.0,"gold_loss":0.0,"damage_taken":0.0},{"damage_healed":0,"gold_gain":0,"player_choice":"Fight","damage_taken":0,"max_hp_gain":0,"max_hp_loss":0,"event_name":"MindBloom","floor":46,"gold_loss":0}],"is_beta":false,"boss_relics":[{"not_picked":["Pandora\u0027s Box","Sozu"],"picked":"VioletLotus"},{"not_picked":["Snecko Eye","Runic Dome"],"picked":"Cursed Key"}],"items_purged_floors":[12,19,38,48,54],"is_endless":false,"potions_floor_spawned":[1,3,4,16,27,29,31,33,35,36,37,39,44,45,46,47,55],"ascension_level":20}}