{"host":"wqwfknj40rilnol1","time":1614017789,"event":{"mods":["BaseMod","BetterRewards","Block Reminder","Colored Map","Hubris","Minty Spire (QoL Compilation)","Permanent Neow","Relic Stats","StSLib","The Cursed"],"gold_per_floor":[112,131,131,151,168,197,197,229,229,229,255,267,267,343,343,443,443,460,24,41,56,70,103,103,128,128,128,147,147,147,62,62,161,161,181,181,228,228,242,242,275,325,377,377,394,410,438,438,438,438,438],"floor_reached":50,"language":"ENG","playtime":1816,"items_purged":[],"score":1136,"play_id":"3f83e2ac-a4f5-46a7-951f-462692553383","local_time":"20210222191629","is_ascension_mode":true,"campfire_choices":[{"data":"hubris:EnhanceAbility","floor":7,"key":"SMITH"},{"data":"Bash","floor":10,"key":"SMITH"},{"floor":15,"key":"REST"},{"floor":24,"key":"REST"},{"floor":27,"key":"REST"},{"floor":30,"key":"REST"},{"data":"Berserk","floor":32,"key":"SMITH"},{"floor":40,"key":"REST"},{"floor":49,"key":"REST"}],"circlet_count":0,"master_deck":["AscendersBane","Strike_R+1","Strike_R","Strike_R","Strike_R+1","Strike_R","Defend_R","Defend_R","Defend_R","Defend_R+1","Bash+1","hubris:EnhanceAbility+1","Iron Wave+1","Metallicize","Carnage","True Grit","Double Tap","Disarm","Inflame","Berserk+1","Hemokinesis","Whirlwind","Havoc","Offering","Reaper","Pummel+1","hubris:SharpeningStone+1","Ghostly Armor","Carnage"],"relics":["Burning Blood","Frozen Eye","Red Skull","Kunai","White Beast Statue","Mercury Hourglass","hubris:CrackedHourglass","Brimstone","Bag of Marbles","Whetstone","Sundial","Matryoshka","hubris:Icosahedron","hubris:64BitClover","Fusion Hammer","Ice Cream","Nunchaku","Charon\u0027s Ashes","Frozen Egg 2","hubris:GlazedTorus","Centennial Puzzle","Pen Nib","Bronze Scales"],"acts_visited":["Exordium","TheCity","TheBeyond"],"potions_floor_usage":[21,23,25,33,33,37,47,50,50],"damage_taken":[{"damage":6,"enemies":"Cultist","floor":1,"turns":4},{"damage":3,"enemies":"Jaw Worm","floor":2,"turns":6},{"damage":1,"enemies":"Small Slimes","floor":4,"turns":4},{"damage":17,"enemies":"Looter","floor":5,"turns":3},{"damage":27,"enemies":"Gremlin Nob","floor":6,"turns":4},{"damage":10,"enemies":"3 Sentries","floor":8,"turns":10},{"damage":28,"enemies":"Lagavulin","floor":11,"turns":6},{"damage":0,"enemies":"3 Louse","floor":12,"turns":3},{"damage":19,"enemies":"The Guardian","floor":16,"turns":12},{"damage":26,"enemies":"Shell Parasite","floor":18,"turns":5},{"damage":13,"enemies":"Spheric Guardian","floor":20,"turns":3},{"damage":0,"enemies":"Centurion and Healer","floor":21,"turns":3},{"damage":21,"enemies":"Snake Plant","floor":22,"turns":3},{"damage":22,"enemies":"Gremlin Leader","floor":23,"turns":4},{"damage":27,"enemies":"Slavers","floor":25,"turns":4},{"damage":28,"enemies":"Shelled Parasite and Fungi","floor":28,"turns":3},{"damage":46,"enemies":"hubris:MusketHawk","floor":33,"turns":5},{"damage":13,"enemies":"3 Shapes","floor":35,"turns":4},{"damage":31,"enemies":"2 Orb Walkers","floor":37,"turns":5},{"damage":16,"enemies":"Orb Walker","floor":39,"turns":3},{"damage":42,"enemies":"Giant Head","floor":41,"turns":6},{"damage":11,"enemies":"Mind Bloom Boss Battle","floor":42,"turns":4},{"damage":25,"enemies":"Writhing Mass","floor":45,"turns":3},{"damage":23,"enemies":"4 Shapes","floor":46,"turns":3},{"damage":25,"enemies":"Reptomancer","floor":47,"turns":4},{"damage":115,"enemies":"Donu and Deca","floor":50,"turns":5}],"seed_played":"4745292884008285263","potions_obtained":[{"floor":6,"key":"Weak Potion"},{"floor":11,"key":"Strength Potion"},{"floor":16,"key":"Explosive Potion"},{"floor":18,"key":"ColorlessPotion"},{"floor":21,"key":"FearPotion"},{"floor":23,"key":"Dexterity Potion"},{"floor":25,"key":"Strength Potion"},{"floor":28,"key":"SkillPotion"},{"floor":33,"key":"Regen Potion"},{"floor":35,"key":"LiquidMemories"},{"floor":37,"key":"LiquidBronze"},{"floor":39,"key":"Energy Potion"},{"floor":45,"key":"ColorlessPotion"},{"floor":47,"key":"SpeedPotion"}],"is_trial":false,"path_per_floor":["M","M","?","M","M","E","R","E","T","R","E","M","?","?","R","B",null,"M","$","M","M","M","E","R","E","T","R","M","?","R","?","R","B",null,"M","?","?","T","M","R","E","?","T","?","M","M","E","?","R","B"],"character_chosen":"IRONCLAD","items_purchased":["hubris:EnhanceAbility","Frozen Eye","Brimstone","Whirlwind","Bag of Marbles","Havoc"],"campfire_rested":6,"item_purchase_floors":[0,0,19,19,19,19],"current_hp_per_floor":[72,75,75,80,69,48,48,44,44,44,22,28,12,12,36,23,66,46,46,39,45,30,14,38,17,17,41,19,19,43,43,43,48,72,80,80,70,70,69,80,50,45,45,65,46,29,37,37,61,0,0],"gold":438,"neow_bonus":"","is_daily":false,"chose_seed":false,"campfire_upgraded":3,"win_rate":0.0,"timestamp":1614017789,"path_taken":["M","M","?","M","M","E","R","E","T","R","E","?","?","?","R","BOSS","M","$","M","M","M","E","R","E","T","R","M","?","R","?","R","BOSS","M","?","?","?","M","R","E","?","T","?","?","M","E","?","R","BOSS"],"items_purchased_type":["Card","Relic","Relic","Card","Relic","Card"],"build_version":"2020-12-22","purchased_purges":0,"victory":false,"max_hp_per_floor":[80,80,80,80,80,80,80,80,80,80,80,80,80,80,80,80,80,80,80,80,80,80,80,80,80,80,80,80,80,80,80,80,80,80,80,80,80,80,80,80,80,80,80,80,80,80,80,80,80,80,80],"relic_stats":{"Nunchaku":[6],"Centennial Puzzle":[12],"counters":[43,195],"Sundial":[2],"Bronze Scales":[15],"Charon\u0027s Ashes":[132],"Pen Nib":[3],"Kunai":[22],"Whetstone":["Strike_R","Iron Wave"],"obtain_stats":[{"Ice Cream":37,"hubris:Metronome":14,"Incense Burner":9,"Whetstone":23,"Burning Blood":0,"Frozen Eye":3,"Nunchaku":38,"Centennial Puzzle":43,"Matryoshka":26,"hubris:Icosahedron":29,"Sundial":25,"Philosopher\u0027s Stone":17,"hubris:DeckOfHolding":31,"Fusion Hammer":34,"Red Mask":21,"Kunai":8,"Red Skull":6,"hubris:GlazedTorus":42,"hubris:64BitClover":31,"Charon\u0027s Ashes":38,"Pen Nib":43,"Frozen Egg 2":41,"White Beast Statue":9,"Mercury Hourglass":11,"Anchor":7,"Bottled Flame":26,"Brimstone":19,"Bronze Scales":47,"Bag of Marbles":19,"hubris:CrackedHourglass":17,"hubris:BottledRain":11,"Pocketwatch":23},{"Ice Cream":36,"hubris:Metronome":6,"Incense Burner":4,"Whetstone":31,"Burning Blood":0,"Frozen Eye":2,"Nunchaku":36,"Centennial Puzzle":39,"Matryoshka":32,"hubris:Icosahedron":33,"Sundial":32,"Philosopher\u0027s Stone":7,"hubris:DeckOfHolding":16,"Fusion Hammer":34,"Red Mask":10,"Kunai":23,"Red Skull":22,"hubris:GlazedTorus":39,"hubris:64BitClover":33,"Charon\u0027s Ashes":36,"Pen Nib":39,"Frozen Egg 2":38,"White Beast Statue":23,"Mercury Hourglass":24,"Anchor":4,"Bottled Flame":12,"Brimstone":27,"Bronze Scales":42,"Bag of Marbles":27,"hubris:CrackedHourglass":26,"hubris:BottledRain":5,"Pocketwatch":11},{"Ice Cream":167,"hubris:Metronome":28,"Incense Burner":16,"Whetstone":146,"Burning Blood":0,"Frozen Eye":8,"Nunchaku":167,"Centennial Puzzle":180,"Matryoshka":150,"hubris:Icosahedron":153,"Sundial":150,"Philosopher\u0027s Stone":36,"hubris:DeckOfHolding":70,"Fusion Hammer":158,"Red Mask":46,"Kunai":108,"Red Skull":98,"hubris:GlazedTorus":180,"hubris:64BitClover":153,"Charon\u0027s Ashes":167,"Pen Nib":180,"Frozen Egg 2":176,"White Beast Statue":108,"Mercury Hourglass":114,"Anchor":16,"Bottled Flame":53,"Brimstone":133,"Bronze Scales":190,"Bag of Marbles":133,"hubris:CrackedHourglass":128,"hubris:BottledRain":25,"Pocketwatch":50}],"Burning Blood":242,"Mercury Hourglass":[324]},"card_choices":[{"not_picked":["Sentinel","Wild Strike"],"picked":"Metallicize","floor":1},{"not_picked":["Armaments","Anger"],"picked":"Carnage","floor":2},{"not_picked":["Perfected Strike","Twin Strike"],"picked":"True Grit","floor":4},{"not_picked":["Perfected Strike","Body Slam"],"picked":"Double Tap","floor":5},{"not_picked":["Entrench","Pommel Strike"],"picked":"Disarm","floor":6},{"not_picked":["Heavy Blade","Sword Boomerang","Body Slam"],"picked":"SKIP","floor":8},{"not_picked":["Headbutt","Iron Wave"],"picked":"Inflame","floor":11},{"not_picked":["Perfected Strike","Cleave","Armaments"],"picked":"SKIP","floor":12},{"not_picked":["Fiend Fire","Double Tap"],"picked":"Berserk","floor":16},{"not_picked":["Metallicize","Combust"],"picked":"Hemokinesis","floor":18},{"not_picked":["Clash","Twin Strike+1","Inflame"],"picked":"SKIP","floor":20},{"not_picked":["Iron Wave","Pommel Strike+1"],"picked":"Offering","floor":21},{"not_picked":["Metallicize","Reckless Charge","Thunderclap"],"picked":"SKIP","floor":22},{"not_picked":["Twin Strike+1","Metallicize","Heavy Blade"],"picked":"SKIP","floor":23},{"not_picked":["Sever Soul","Perfected Strike+1","Body Slam"],"picked":"SKIP","floor":25},{"not_picked":["Body Slam","Fire Breathing","Rage"],"picked":"SKIP","floor":28},{"not_picked":["Feed","Bludgeon"],"picked":"Reaper","floor":33},{"not_picked":["Rampage","Fire Breathing","Rupture"],"picked":"SKIP","floor":35},{"not_picked":["Heavy Blade","Rage+1"],"picked":"Pummel+1","floor":37},{"not_picked":["Cleave","Rage","Armaments"],"picked":"SKIP","floor":39},{"not_picked":["Heavy Blade+1","Flex+1"],"picked":"hubris:SharpeningStone+1","floor":41},{"not_picked":["Rampage","Headbutt+1"],"picked":"Ghostly Armor","floor":42},{"not_picked":["Pommel Strike","Armaments","Headbutt+1"],"picked":"SKIP","floor":45},{"not_picked":["Heavy Blade+1","Dark Embrace+1","hubris:ReadiedAction"],"picked":"SKIP","floor":46},{"not_picked":["Heavy Blade+1","hubris:CleavingFinish"],"picked":"Carnage","floor":47}],"player_experience":295090,"relics_obtained":[{"floor":6,"key":"Red Skull"},{"floor":8,"key":"Kunai"},{"floor":9,"key":"White Beast Statue"},{"floor":11,"key":"Mercury Hourglass"},{"floor":23,"key":"Whetstone"},{"floor":25,"key":"Sundial"},{"floor":26,"key":"Matryoshka"},{"floor":37,"key":"Ice Cream"},{"floor":38,"key":"Nunchaku"},{"floor":38,"key":"Charon\u0027s Ashes"},{"floor":41,"key":"Frozen Egg 2"},{"floor":42,"key":"hubris:GlazedTorus"},{"floor":43,"key":"Centennial Puzzle"},{"floor":43,"key":"Pen Nib"},{"floor":47,"key":"Bronze Scales"}],"event_choices":[{"damage_healed":0,"gold_gain":0,"player_choice":"0 cards matched","damage_taken":0,"max_hp_gain":0,"max_hp_loss":0,"event_name":"Match and Keep!","floor":3,"gold_loss":0,"cards_obtained":[]},{"damage_healed":0,"gold_gain":0,"player_choice":"Entered Light","damage_taken":16,"max_hp_gain":0,"max_hp_loss":0,"event_name":"Shining Light","floor":13,"gold_loss":0,"cards_upgraded":["Defend_R","Strike_R"]},{"damage_healed":0,"gold_gain":76,"player_choice":"Gained Gold","damage_taken":0,"max_hp_gain":0,"max_hp_loss":0,"event_name":"Golden Wing","floor":14,"gold_loss":0},{"damage_healed":0,"gold_gain":0,"player_choice":"Obtained Relic","damage_taken":0,"relics_obtained":["hubris:64BitClover"],"max_hp_gain":0,"max_hp_loss":0,"event_name":"Addict","floor":31,"gold_loss":85},{"damage_healed":0,"gold_gain":0,"player_choice":"Memory 1","damage_taken":0,"max_hp_gain":0,"max_hp_loss":0,"event_name":"SensoryStone","floor":36,"gold_loss":0},{"damage_healed":0,"gold_gain":0,"player_choice":"Fight","damage_taken":0,"max_hp_gain":0,"max_hp_loss":0,"event_name":"Mysterious Sphere","floor":37,"gold_loss":0},{"damage_healed":0,"gold_gain":0,"player_choice":"Fight","damage_taken":0,"max_hp_gain":0,"max_hp_loss":0,"event_name":"MindBloom","floor":42,"gold_loss":0},{"damage_healed":20,"gold_gain":0,"player_choice":"Writhe","damage_taken":0,"max_hp_gain":0,"max_hp_loss":0,"event_name":"Winding Halls","floor":44,"gold_loss":0,"cards_obtained":["Writhe"]},{"cards_removed":["Writhe"],"damage_healed":0,"gold_gain":0,"player_choice":"Purged","damage_taken":0,"max_hp_gain":0,"max_hp_loss":0,"event_name":"Purifier","floor":48,"gold_loss":0}],"is_beta":false,"boss_relics":[{"not_picked":["Busted Crown","hubris:GrandSneckoEye"],"picked":"hubris:CrackedHourglass"},{"not_picked":["Black Blood","Runic Pyramid"],"picked":"Fusion Hammer"}],"items_purged_floors":[],"is_endless":false,"potions_floor_spawned":[6,11,12,16,18,20,21,22,23,25,28,33,35,37,39,41,42,45,46,47],"killed_by":"Donu and Deca","ascension_level":11}}