{"host":"04hmnwiiducntwm3","time":1614028493,"event":{"mods":["Aspiration","BaseMod","Downfall","Energized Spire","GifTheSpireLib","Halation","Hubris","Infinite Spire","Minty Spire (QoL Compilation)","Relic Filter","Reliquary","Replay The Spire","Shop Mod","Spikes Relics","StSLib","The Jungle"],"gold_per_floor":[109,151,151,101,122,122,122,169,169,169,94,94,94,94,94,209,209,237,237,237,237,42,80,80,106,106,116,142,164,164,164,164,274,274,305,342,342,384,384,423,423,423,495,522,546,546,51,51,51,89],"floor_reached":51,"language":"ENG","playtime":1580,"items_purged":["Defend_R","Defend_R"],"score":785,"play_id":"7014ff32-1ef5-4140-a106-e054802250a3","local_time":"20210222181453","daily_mods":["Heirloom"],"is_ascension_mode":false,"campfire_choices":[{"data":"Bash","floor":6.0,"key":"SMITH"},{"data":"Limit Break","floor":10.0,"key":"SMITH"},{"data":"Flex","floor":12.0,"key":"SMITH"},{"data":"ReplayTheSpireMod:Muscle Training","floor":15.0,"key":"SMITH"},{"floor":24.0,"key":"REST"},{"floor":30.0,"key":"REST"},{"floor":32.0,"key":"REST"},{"floor":49.0,"key":"REST"}],"circlet_count":0,"master_deck":["Strike_R","Strike_R","Strike_R","Strike_R","Strike_R","Defend_R","Defend_R","Defend_R","Flex+1","Limit Break+1","ReplayTheSpireMod:Muscle Training+1","Heavy Blade+1","Feed","Heavy Blade","Discovery","infinitespire:OneForAll","Spot Weakness","Necronomicurse","Heavy Blade+1","Reaper","Heavy Blade","infinitespire:Execution","Sword Boomerang+1","Searing Blow","Heavy Blade"],"relics":["Burning Blood","replay:Trail_Library","Champion Belt","Replay:Bandana","reliquary:Sideboard","halation:PinkSoulGem","StoneCalendar","reliquary:PrincelyHelmet","WizardHat","halation:EternalFortune","aspiration:Stabinomicon","Necronomicon","energizedSpire:NeverEndingSparkler","Replay:Mystery Machine","Oddly Smooth Stone","reliquary:QuartzCube","Boot","MerchantsRug","Vajra","Snack Pack"],"acts_visited":["Exordium","TheCity","TheBeyond"],"potions_floor_usage":[50],"damage_taken":[{"damage":11.0,"enemies":"Jaw Worm","floor":1.0,"turns":3.0},{"damage":8.0,"enemies":"2 Louse","floor":5.0,"turns":2.0},{"damage":18.0,"enemies":"Gremlin Nob","floor":8.0,"turns":4.0},{"damage":22.0,"enemies":"Hexaghost","floor":16.0,"turns":7.0},{"damage":7.0,"enemies":"Chosen","floor":18.0,"turns":3.0},{"damage":58.0,"enemies":"Book of Stabbing","floor":23.0,"turns":4.0},{"damage":31.0,"enemies":"2 Thieves","floor":25.0,"turns":4.0},{"damage":12.0,"enemies":"Colosseum Slavers","floor":27.0,"turns":2.0},{"damage":34.0,"enemies":"Centurion and Healer","floor":28.0,"turns":4.0},{"damage":0.0,"enemies":"Snecko","floor":29.0,"turns":2.0},{"damage":28.0,"enemies":"hubris:MusketHawk","floor":33.0,"turns":5.0},{"damage":24.0,"enemies":"3 Shapes","floor":35.0,"turns":3.0},{"damage":32.0,"enemies":"3 Darklings","floor":36.0,"turns":3.0},{"damage":65.0,"enemies":"4 Shapes","floor":38.0,"turns":4.0},{"damage":1.0,"enemies":"Reptomancer","floor":40.0,"turns":2.0},{"damage":32.0,"enemies":"Maw","floor":45.0,"turns":4.0},{"damage":96,"enemies":"infinitespire:MassOfShapes","floor":50,"turns":5}],"seed_played":"2873402317094580576","potions_obtained":[{"floor":2.0,"key":"Languid Potion"},{"floor":8.0,"key":"Explosive Potion"},{"floor":16.0,"key":"hexamod:SoulburnPotion"},{"floor":18.0,"key":"ColorlessPotion"},{"floor":23.0,"key":"Flashbang"},{"floor":25.0,"key":"LiquidMemories"},{"floor":38.0,"key":"Energy Potion"}],"is_trial":true,"path_per_floor":["M","?","T","?","M","R","?","E","T","R","$","R","T","?","R","B",null,"M","AVR","?","?","$","E","R","M","T","?","M","M","R","?","R","B",null,"M","M","AVR","M","?","E","?","?","T","T","M","?","$","?","R","B",null],"character_chosen":"IRONCLAD","items_purchased":["BargainBundle","Heavy Blade","FairyPotion","Discovery","MerchantsRug","Vajra","Snack Pack"],"campfire_rested":4,"item_purchase_floors":[22,22,22,22,47,47,47],"current_hp_per_floor":[75,75,75,75,73,73,73,61,61,61,61,61,61,61,61,45,80,82,82,85,68,68,16,43,18,18,12,21,27,54,38,65,43,91,73,90,90,47,25,30,30,30,30,30,54,54,54,45,74,19],"gold":89,"neow_bonus":"","is_daily":false,"chose_seed":false,"campfire_upgraded":4,"win_rate":0.0,"timestamp":1614028493,"path_taken":["M","?","?","?","?","R","?","E","T","R","$","R","?","?","R","BOSS","M","AVR","?","?","$","E","R","M","T","?","M","?","R","?","R","BOSS","M","M","AVR","M","?","E","?","?","T","?","?","?","$","?","R","BOSS"],"items_purchased_type":["Relic","Card","Potion","Card","Relic","Relic","Relic"],"build_version":"2020-12-22","purchased_purges":2,"victory":true,"max_hp_per_floor":[80,80,80,80,80,80,80,80,80,80,80,80,80,80,80,80,80,83,83,86,91,91,91,91,91,91,91,91,91,91,91,91,91,91,91,91,91,94,94,94,94,94,94,94,97,97,97,97,97,97],"card_choices":[{"not_picked":["Headbutt","Clothesline","Anger"],"picked":"SKIP","floor":1.0},{"not_picked":["Sentinel","Rupture"],"picked":"Flex","floor":5.0},{"not_picked":["Flex","Sever Soul"],"picked":"ReplayTheSpireMod:Muscle Training","floor":8.0},{"not_picked":["Berserk","Exhume"],"picked":"Feed","floor":16.0},{"not_picked":["Flex+1","Cleave"],"picked":"infinitespire:OneForAll","floor":18.0},{"not_picked":["Pommel Strike","Havoc","Thunderclap"],"picked":"SKIP","floor":23.0},{"not_picked":["Uppercut","Metallicize"],"picked":"Spot Weakness","floor":25.0},{"not_picked":["Thunderclap+1","Warcry"],"picked":"Heavy Blade","floor":28.0},{"not_picked":["Wild Strike","Replay:Undeath\u0027s Touch"],"picked":"Heavy Blade+1","floor":29.0},{"not_picked":["Double Tap","Fiend Fire"],"picked":"Reaper","floor":33.0},{"not_picked":["Warcry+1","Ghostly Armor+1"],"picked":"Sword Boomerang+1","floor":35.0},{"not_picked":["Clash","Replay:Undeath\u0027s Touch+1","Entrench"],"picked":"SKIP","floor":36.0},{"not_picked":["Shrug It Off+1","ReplayReversal+1"],"picked":"Searing Blow","floor":38.0},{"not_picked":["infinitespire:SevenWalls","infinitespire:Fortify"],"picked":"infinitespire:Execution","floor":39.0},{"not_picked":["Fire Breathing","Carnage+1","Invigoration+1"],"picked":"SKIP","floor":40.0},{"not_picked":["ReplayTheSpireMod:Strike From Hell+1","Eclipse","Run Through+1"],"picked":"SKIP","floor":45.0}],"player_experience":393417,"relics_obtained":[{"floor":2.0,"key":"Replay:Bandana"},{"floor":3.0,"key":"reliquary:Sideboard"},{"floor":8.0,"key":"StoneCalendar"},{"floor":9.0,"key":"reliquary:PrincelyHelmet"},{"floor":23.0,"key":"aspiration:Stabinomicon"},{"floor":31.0,"key":"Necronomicon"},{"floor":40.0,"key":"Oddly Smooth Stone"},{"floor":43.0,"key":"reliquary:QuartzCube"},{"floor":44.0,"key":"Boot"}],"event_choices":[{"cards_removed":["Pummel"],"damage_healed":0.0,"max_hp_gain":0.0,"max_hp_loss":0.0,"gold_gain":0.0,"event_name":"The Cleric","player_choice":"Card Removal","floor":4.0,"gold_loss":50.0,"damage_taken":0.0},{"damage_healed":0.0,"max_hp_gain":0.0,"max_hp_loss":0.0,"gold_gain":0.0,"event_name":"Living Wall","player_choice":"Grow","floor":14.0,"gold_loss":0.0,"damage_taken":0.0,"cards_upgraded":["Heavy Blade"]},{"damage_healed":0.0,"max_hp_gain":5.0,"max_hp_loss":0.0,"gold_gain":0.0,"event_name":"Forgotten Altar","player_choice":"Shed Blood","floor":21.0,"gold_loss":0.0,"damage_taken":22.0},{"damage_healed":0.0,"max_hp_gain":0.0,"max_hp_loss":0.0,"gold_gain":0.0,"event_name":"Colosseum","player_choice":"Fight","floor":27.0,"gold_loss":0.0,"damage_taken":0.0},{"damage_healed":0.0,"max_hp_gain":0.0,"max_hp_loss":0.0,"gold_gain":0.0,"event_name":"Colosseum","player_choice":"Fled From Nobs","floor":27.0,"gold_loss":0.0,"damage_taken":0.0},{"damage_healed":0.0,"max_hp_gain":0.0,"max_hp_loss":0.0,"gold_gain":0.0,"event_name":"Cursed Tome","player_choice":"Obtained Book","floor":31.0,"gold_loss":0.0,"damage_taken":16.0},{"cards_removed":["Bash"],"damage_healed":0.0,"max_hp_gain":0.0,"max_hp_loss":0.0,"gold_gain":0.0,"event_name":"Falling","player_choice":"Removed Attack","floor":46.0,"gold_loss":0.0,"damage_taken":0.0},{"damage_healed":0.0,"max_hp_gain":0.0,"max_hp_loss":0.0,"gold_gain":0.0,"event_name":"Wheel of Change","player_choice":"Damaged","floor":48.0,"gold_loss":0.0,"damage_taken":9.0}],"is_beta":false,"boss_relics":[{"not_picked":["Coffee Dripper","hubris:GrandSneckoEye","Replay:Fungal Core"]},{"not_picked":["Mark of Pain","aspiration:SecretTechniqueScroll"],"picked":"energizedSpire:NeverEndingSparkler"}],"items_purged_floors":[11,22],"is_endless":false,"potions_floor_spawned":[8,16,18,23,25,38],"ascension_level":0}}