{"host":"my4gslufyvqsq7r2","time":1614023665,"event":{"mods":["BaseMod","Colored Powertips","Hermit","Hubris","Infinite Spire","Minty Spire (QoL Compilation)","Rare Cards Sparkle","Relic Stats","Reliquary","Replay The Spire","Robot Space Explorer","StSLib"],"gold_per_floor":[113,113,195,195,195,195,214,164,238,238,251,251,176,25,25,128,128,142,170,26,44,60,60,76,76,99,117,17,37,53,53,53,150,150,168,193,193,227,449,449,449,463,532,565,599,599,599],"floor_reached":46,"language":"ENG","playtime":4188,"items_purged":["Spreading Infection","hermit:Defend_Hermit"],"score":465,"play_id":"d54b6c18-c30a-44d1-9227-f020740715da","local_time":"20210222145425","is_ascension_mode":false,"campfire_choices":[{"data":"ReplayTheSpireMod:Chaos Vortex","floor":6.0,"key":"SMITH"},{"floor":10.0,"key":"REST"},{"data":"hermit:FlashPowder","floor":15.0,"key":"SMITH"},{"data":"hermit:FatalDesire","floor":23,"key":"SMITH"},{"floor":32,"key":"REST"},{"floor":40,"key":"REST"}],"circlet_count":0,"master_deck":["hermit:Strike_Hermit","hermit:Strike_Hermit","hermit:Strike_Hermit","hermit:Defend_Hermit","hermit:Defend_Hermit","hermit:Defend_Hermit","hermit:Snapshot+1","hermit:Covet","hermit:FlashPowder+1","ReplayTheSpireMod:Chaos Vortex+1","hermit:DeadMansHand","hermit:PistolWhip","hermit:GoldenBullet+1","hermit:FatalDesire+1","hermit:Roulette+1","hermit:Feint+1","hermit:ItchyTrigger","hermit:HighCaliber+1","RitualDagger","hermit:Maintenance","hermit:DeadMansHand","hermit:DeadOrAlive","Madness","Madness","hermit:HighCaliber+1","hermit:Gestalt+1"],"relics":["hermit:Momento","hubris:MysteriousPyramids","Blood Vial","reliquary:TuningFork","Mercury Hourglass","Lee\u0027s Waffle","Busted Crown","Red Mask","reliquary:FingerTrap","hubris:ToyBattleship","reliquary:Craggleroot","hermit:Horseshoe","Replay:Bottled Snecko"],"acts_visited":["Exordium","TheCity","TheBeyond"],"potions_floor_usage":[29,30,44,44,44,46],"damage_taken":[{"damage":4.0,"enemies":"2 Louse","floor":1.0,"turns":3.0},{"damage":1.0,"enemies":"Jaw Worm","floor":7.0,"turns":4.0},{"damage":0.0,"enemies":"Small Slimes","floor":11.0,"turns":2.0},{"damage":57.0,"enemies":"Fading Forest","floor":16.0,"turns":11.0},{"damage":0.0,"enemies":"Spheric Guardian","floor":18.0,"turns":4.0},{"damage":14.0,"enemies":"Masked Bandits","floor":19.0,"turns":4.0},{"damage":0.0,"enemies":"3 Byrds","floor":21.0,"turns":4.0},{"damage":0,"enemies":"Snake Plant","floor":22,"turns":3},{"damage":10,"enemies":"Centurion and Healer","floor":24,"turns":5},{"damage":0,"enemies":"3 Cultists","floor":27,"turns":5},{"damage":9,"enemies":"Snake Plant","floor":29,"turns":5},{"damage":0,"enemies":"Cultist and Chosen","floor":30,"turns":5},{"damage":14,"enemies":"Automaton","floor":33,"turns":12},{"damage":0,"enemies":"Orb Walker","floor":35,"turns":3},{"damage":6,"enemies":"3 Shapes","floor":36,"turns":5},{"damage":9,"enemies":"Jaw Worm Horde","floor":38,"turns":4},{"damage":10,"enemies":"4 Shapes","floor":42,"turns":4},{"damage":68,"enemies":"Nemesis","floor":44,"turns":9},{"damage":3,"enemies":"Sphere and 2 Shapes","floor":45,"turns":4},{"damage":12,"enemies":"Jaw Worm Horde","floor":46,"turns":2}],"seed_played":"-1852209213819298115","potions_obtained":[{"floor":11.0,"key":"AttackPotion"},{"floor":16.0,"key":"LiquidMemories"},{"floor":18.0,"key":"LifebloodPotion"},{"floor":19.0,"key":"SkillPotion"},{"floor":30,"key":"Fruit Juice"},{"floor":33,"key":"FearPotion"},{"floor":42,"key":"LiquidBronze"},{"floor":44,"key":"Weak Potion"}],"is_trial":false,"path_per_floor":["M","?","T","?","?","R","M","?","T","R","M","?","$","$","R","B",null,"M","?","$","M","M","R","M","?","T","M","$","M","M","?","R","B",null,"M","M","?","M","?","R","?","M","T","E","M","M"],"character_chosen":"HERMIT","items_purchased":["Lee\u0027s Waffle","reliquary:FingerTrap"],"campfire_rested":3,"item_purchase_floors":[14,20],"current_hp_per_floor":[71,71,71,71,68,68,69,69,69,75,75,75,75,82,82,25,82,82,68,68,70,72,72,64,58,58,60,60,53,60,60,86,73,87,87,81,70,63,63,87,87,77,77,11,10,0,0],"gold":599,"neow_bonus":"UPGRADE_CARD","is_daily":false,"chose_seed":false,"campfire_upgraded":3,"win_rate":0.0,"timestamp":1614023665,"path_taken":["M","?","?","?","?","R","?","?","T","R","M","?","?","$","R","BOSS","M","?","$","M","M","R","M","?","T","M","$","M","M","?","R","BOSS","M","M","?","M","?","R","?","M","T","E","M","M"],"items_purchased_type":["Relic","Relic"],"build_version":"2020-12-22","purchased_purges":2,"victory":false,"max_hp_per_floor":[75,75,75,75,75,75,75,75,75,75,75,75,75,82,82,82,82,82,82,82,82,82,82,82,82,82,82,82,82,87,87,87,87,87,87,87,87,87,87,87,87,87,87,87,87,87,87],"relic_stats":{"Blood Vial":23,"Lee\u0027s Waffle":7,"Busted Crown":40,"counters":[20,97],"obtain_stats":[{"Lee\u0027s Waffle":14,"hubris:MysteriousPyramids":3,"Mercury Hourglass":9,"Blood Vial":4,"Busted Crown":17,"reliquary:Craggleroot":34,"reliquary:TuningFork":5,"Red Mask":19,"hubris:ToyBattleship":26,"reliquary:FingerTrap":20,"Replay:Bottled Snecko":44,"hermit:Horseshoe":43,"hermit:Momento":0},{"Lee\u0027s Waffle":3,"hubris:MysteriousPyramids":1,"Mercury Hourglass":2,"Blood Vial":1,"Busted Crown":4,"reliquary:Craggleroot":13,"reliquary:TuningFork":1,"Red Mask":6,"hubris:ToyBattleship":9,"reliquary:FingerTrap":6,"Replay:Bottled Snecko":18,"hermit:Horseshoe":17,"hermit:Momento":0},{"Lee\u0027s Waffle":9,"hubris:MysteriousPyramids":3,"Mercury Hourglass":7,"Blood Vial":3,"Busted Crown":20,"reliquary:Craggleroot":66,"reliquary:TuningFork":3,"Red Mask":28,"hubris:ToyBattleship":40,"reliquary:FingerTrap":28,"Replay:Bottled Snecko":91,"hermit:Horseshoe":82,"hermit:Momento":0}],"Mercury Hourglass":[395]},"card_choices":[{"not_picked":["hermit:LowProfile","hermit:WideOpen"],"picked":"hermit:FlashPowder","floor":1.0},{"not_picked":["infinitespire:UltimateForm","ReplayTheSpireMod:Haul"],"picked":"ReplayTheSpireMod:Chaos Vortex","floor":2.0},{"not_picked":["hermit:BodyArmor","hermit:Brawl"],"picked":"hermit:DeadMansHand","floor":7.0},{"not_picked":["hermit:Headshot","hermit:TakeAim"],"picked":"hermit:PistolWhip","floor":11.0},{"not_picked":["hermit:HighNoon","hermit:Magnum"],"picked":"hermit:FatalDesire","floor":16.0},{"not_picked":[],"picked":"hermit:Roulette+1","floor":18.0},{"not_picked":[],"picked":"hermit:Feint+1","floor":21},{"not_picked":[],"picked":"hermit:ItchyTrigger","floor":22},{"not_picked":[],"picked":"hermit:HighCaliber+1","floor":24},{"not_picked":[],"picked":"hermit:Maintenance","floor":27},{"not_picked":["hermit:Spite"],"picked":"SKIP","floor":29},{"not_picked":[],"picked":"hermit:DeadMansHand","floor":30},{"not_picked":[],"picked":"hermit:DeadOrAlive","floor":33},{"not_picked":["hermit:WideOpen"],"picked":"SKIP","floor":35},{"not_picked":["hermit:LowProfile"],"picked":"SKIP","floor":36},{"not_picked":["hermit:WideOpen+1"],"picked":"SKIP","floor":38},{"not_picked":[],"picked":"hermit:HighCaliber+1","floor":42},{"not_picked":["hermit:SprayPray+1"],"picked":"SKIP","floor":44},{"not_picked":[],"picked":"hermit:Gestalt+1","floor":45}],"player_experience":556524,"relics_obtained":[{"floor":3.0,"key":"hubris:MysteriousPyramids"},{"floor":4.0,"key":"Blood Vial"},{"floor":9.0,"key":"Mercury Hourglass"},{"floor":19.0,"key":"Red Mask"},{"floor":26,"key":"hubris:ToyBattleship"},{"floor":43,"key":"hermit:Horseshoe"},{"floor":44,"key":"Replay:Bottled Snecko"}],"event_choices":[{"damage_healed":0.0,"max_hp_gain":0.0,"max_hp_loss":0.0,"gold_gain":0.0,"event_name":"Scrap Ooze","player_choice":"Success","floor":5.0,"gold_loss":0.0,"damage_taken":3.0,"relics_obtained":["reliquary:TuningFork"]},{"cards_removed":["hubris:Compulsion"],"damage_healed":0.0,"max_hp_gain":0.0,"max_hp_loss":0.0,"gold_gain":0.0,"event_name":"The Cleric","player_choice":"Card Removal","floor":8.0,"gold_loss":50.0,"damage_taken":0.0},{"damage_healed":0.0,"max_hp_gain":0.0,"max_hp_loss":0.0,"gold_gain":0.0,"event_name":"Masked Bandits","player_choice":"Fought Bandits","floor":19.0,"gold_loss":0.0,"damage_taken":0.0},{"damage_healed":0,"gold_gain":0,"player_choice":"Joined the Cult","damage_taken":6,"max_hp_gain":0,"max_hp_loss":0,"event_name":"Nest","floor":25,"gold_loss":0,"cards_obtained":["RitualDagger"]},{"damage_healed":0,"gold_gain":0,"player_choice":"Embrace Madness","damage_taken":11,"max_hp_gain":0,"max_hp_loss":0,"event_name":"Winding Halls","floor":37,"gold_loss":0,"cards_obtained":["Madness","Madness"]},{"damage_healed":0,"gold_gain":222,"player_choice":"Wore Mask","damage_taken":0,"max_hp_gain":0,"max_hp_loss":0,"event_name":"Tomb of Lord Red Mask","floor":39,"gold_loss":0},{"damage_healed":0,"gold_gain":0,"player_choice":"Ignored","damage_taken":0,"max_hp_gain":0,"max_hp_loss":0,"event_name":"NoteForYourself","floor":41,"gold_loss":0}],"is_beta":false,"boss_relics":[{"not_picked":["Replay:Wanted Poster","Honey Jar"],"picked":"Busted Crown"},{"not_picked":["Painkiller Herb","reliquary:KinkedSpring"],"picked":"reliquary:Craggleroot"}],"items_purged_floors":[13,28],"is_endless":false,"potions_floor_spawned":[11,16,18,19,30,33,36,42,44],"killed_by":"Jaw Worm Horde","ascension_level":0}}