{"host":"1lxw72ckkilnkgp7","time":1614000506,"event":{"mods":["ATMod(阿瑾Mod)","BaseMod","BetterRewards","Custom Start","Marisa（F雨　魔理沙）","Minty Spire (QoL Compilation)","Quick Restart","Replay The Spire","Shop Mod","StSLib","The Servant 0.9.4","[IsaacMod]以撒尖塔","[功能]功能增强和修复MOD"],"gold_per_floor":[119,119,119,119,130,162,162,195,195,195,221,238,235,254,254,521,521,537,564,479,476,488,520,520,547,600,653,664,664,664,699,699,995,995,1008,1026,1026,1043,1043,1070,1220,1349,1399,1399,1440,1594,1710,1710,1710,2135,2135,2135,2117,2398,3223],"floor_reached":56,"language":"ZHS","playtime":4217,"items_purged":["Strike_S","Strike_S","Defend_S","Defend_S","Rearm","Strike_S","Strike_S","Potential","Defend_S","Defend_S","BettingIsNotGood","Pot Of Greed+1","Pot Of Greed+1","FastForward+1","FastForward+1"],"score":2818,"play_id":"51f9b8f1-012a-48a2-b5b8-630ad688cdc4","local_time":"20210222212825","is_ascension_mode":true,"campfire_choices":[{"data":"AT_TwilightShroud","floor":7.0,"key":"SMITH"},{"floor":10.0,"key":"DIG"},{"floor":15.0,"key":"DIG"},{"floor":24.0,"key":"DIG"},{"floor":29.0,"key":"RECALL"},{"floor":32.0,"key":"DIG"},{"floor":44,"key":"DIG"},{"floor":49,"key":"DIG"},{"floor":52,"key":"DIG"}],"circlet_count":0,"master_deck":["AT_TwilightShroud+1","Gouge","SilverBlades+1","KillingDoll","Deep Breath+1","BottledTime+1","Enlightenment+1","Rearm+1","Alleviate+1","Solidify+1","Potential+1","SilverBlades+1","Hightail+1","Barrier+1","AT_FamilyPortrait+1","TheWorld+1","Reprogram+1","Reboot+1","InstantArmor+1","StarChef+1","Solidify+1","Solidify+1","Pot Of Greed+1","MurderousAura+1","ShiftingGears+1","FlawlessForm","AT_EmpoweredMortalDraw","Embodiment+1"],"relics":["Uniform","AT_ATBox","HushsDoor","SalivaCoin","PaperSwan","Sling","BookOfRevelations","Shovel","Toxic Egg 2","Bag of Preparation","SteamSale","Singing Bowl","Orrery","AT_TimeSand","AT_ChloranthyRing","TheAbacus","Medical Kit","Mummified Hand","Anchor","Replay:Rubber Ducky","Lee\u0027s Waffle","Happy Flower","ClockworkSouvenir","Grinning Jar","DeadEye","Omamori","Bag of Marbles","Centennial Puzzle","BlankCard","OrangePellets","KneeBrace","Replay:Bottled Flurry","StrikeDummy","StoneMask","AT_SilvercatRing","TheBattery","Eternal Feather","Letter Opener","Bottled Flame","Snack Pack","Ancient Tea Set","AT_SunfireAegis","Orichalcum","InkBottle","Divine Protection","AT_MortalBlade","Damocles","AT_BladeRuinedKing","Replay:Wax Seal","Potion Belt","Juzu Bracelet","Replay:Mystery Machine","Strawberry","AT_TheCollector","Thread and Needle","Regal Pillow","BookofShadows","Replay:Baseball","AT_MibuBalloonWealth","GnawedLeaf","PreservedInsect","Mirror","AT_RedTearstoneRing","Shuriken","HowToJump","TheBible","Bottled Lightning","Replay:Ringing Soul","Pantograph","Art of War"],"acts_visited":["Exordium","TheCity","TheBeyond","TheEnding"],"potions_floor_usage":[55,55,55,55,55],"damage_taken":[{"damage":0.0,"enemies":"2 Louse","floor":1.0,"turns":1.0},{"damage":0.0,"enemies":"Small Slimes","floor":5.0,"turns":1.0},{"damage":0.0,"enemies":"Replay:BlueRogue","floor":6.0,"turns":2.0},{"damage":0.0,"enemies":"Lagavulin","floor":8.0,"turns":2.0},{"damage":0.0,"enemies":"Gremlin Nob","floor":11.0,"turns":2.0},{"damage":0.0,"enemies":"Jaw Worm","floor":12.0,"turns":1.0},{"damage":0.0,"enemies":"3 Louse","floor":14.0,"turns":3.0},{"damage":0.0,"enemies":"Fading Forest","floor":16.0,"turns":4.0},{"damage":0.0,"enemies":"Shell Parasite","floor":18.0,"turns":1.0},{"damage":0.0,"enemies":"Spheric Guardian","floor":19.0,"turns":1.0},{"damage":0.0,"enemies":"Shelled Parasite and Fungi","floor":22.0,"turns":2.0},{"damage":0.0,"enemies":"Book of Stabbing","floor":23.0,"turns":1.0},{"damage":0.0,"enemies":"Slavers","floor":25.0,"turns":1.0},{"damage":0.0,"enemies":"Gremlin Leader","floor":27.0,"turns":1.0},{"damage":0.0,"enemies":"Snecko","floor":28.0,"turns":2.0},{"damage":0.0,"enemies":"Book of Stabbing","floor":31.0,"turns":1.0},{"damage":0.0,"enemies":"Collector","floor":33.0,"turns":1.0},{"damage":0,"enemies":"3 Darklings","floor":35,"turns":1},{"damage":0,"enemies":"3 Shapes","floor":36,"turns":1},{"damage":0,"enemies":"3 Darklings","floor":38,"turns":1},{"damage":0,"enemies":"Reptomancer","floor":40,"turns":1},{"damage":0,"enemies":"Mind Bloom Boss Battle","floor":41,"turns":1},{"damage":0,"enemies":"Giant Head","floor":42,"turns":1},{"damage":0,"enemies":"Spire Growth","floor":45,"turns":1},{"damage":0,"enemies":"R_Hoarder","floor":46,"turns":3},{"damage":0,"enemies":"4 Shapes","floor":47,"turns":1},{"damage":0,"enemies":"Awakened One","floor":50,"turns":6},{"damage":0,"enemies":"Shield and Spear","floor":54,"turns":1},{"damage":0,"enemies":"LittleHush","floor":55,"turns":5}],"seed_played":"3536263133501169323","potions_obtained":[{"floor":1.0,"key":"Reflective Coating"},{"floor":6.0,"key":"Explosive Potion"},{"floor":8.0,"key":"Weak Potion"},{"floor":14.0,"key":"GamblersBrew"},{"floor":16.0,"key":"Strength Potion"},{"floor":40,"key":"DuplicationPotion"},{"floor":42,"key":"Weak Potion"},{"floor":46,"key":"DuplicationPotion"},{"floor":47,"key":"Swift Potion"}],"is_trial":false,"path_per_floor":["M","?","?","?","M","E","R","E","T","R","E","M","$","M","R","B",null,"M","M","?","$","M","E","R","E","T","E","M","R","$","E","R","B",null,"M","M","$","M","$","E","?","E","T","R","M","E","M","?","R","B",null,"R","$","E","B",null],"character_chosen":"THE_SERVANT","items_purchased":["PaperSwan","Sling","BookOfRevelations","Gouge","Rearm","Toxic Egg 2","Bag of Preparation","SilverBlades","SteamSale","KillingDoll","Deep Breath+1","BottledTime+1","Singing Bowl","Enlightenment+1","Orrery","AT_TimeSand","AT_ChloranthyRing","TheAbacus","Medical Kit","Potential+1","SilverBlades","Hightail+1","Barrier+1","Mummified Hand","Anchor","Replay:Rubber Ducky","AT_FamilyPortrait+1","Lee\u0027s Waffle","Happy Flower","ClockworkSouvenir","BlankCard","OrangePellets","KneeBrace","TheBattery","Eternal Feather","AT_SunfireAegis","ColorlessPotion","Damocles","Potion Belt","Juzu Bracelet","Embodiment","Bottled Lightning","Replay:Ringing Soul","FastForward+1"],"campfire_rested":0,"item_purchase_floors":[0,0,0,0,0,0,0,0,0,0,0,0,0,0,0,0,0,0,0,0,0,0,0,0,0,0,0,0,0,0,13,13,13,21,21,30,30,34,37,37,53,53,53,53],"current_hp_per_floor":[74,74,74,74,74,74,74,76,76,76,78,80,80,80,80,80,80,83,84,84,84,88,91,91,96,96,99,102,102,102,105,105,110,100,103,108,108,111,111,121,124,127,127,127,130,133,139,132,132,137,137,137,140,144,151],"gold":3223,"neow_bonus":"","is_daily":false,"chose_seed":false,"campfire_upgraded":1,"win_rate":0.0,"timestamp":1614000505,"path_taken":["M","?","?","?","M","E","R","E","T","R","E","M","$","M","R","BOSS","M","M","?","$","M","E","R","E","T","E","M","R","$","E","R","BOSS","M","M","$","M","?","E","?","E","T","R","M","E","M","?","R","BOSS","R","$","E","BOSS"],"items_purchased_type":["Relic","Relic","Relic","Card","Card","Relic","Relic","Card","Relic","Card","Card","Card","Relic","Card","Relic","Relic","Relic","Relic","Relic","Card","Card","Card","Card","Relic","Relic","Relic","Card","Relic","Relic","Relic","Relic","Relic","Relic","Relic","Relic","Relic","Potion","Relic","Relic","Relic","Card","Relic","Relic","Card"],"build_version":"2020-12-22","purchased_purges":15,"victory":true,"max_hp_per_floor":[74,74,74,74,74,74,74,76,76,76,78,80,80,80,80,80,80,83,84,84,84,88,91,91,96,96,99,102,102,102,105,105,110,100,103,108,108,111,111,121,124,127,127,127,130,133,139,132,132,137,137,137,140,144,151],"card_choices":[{"not_picked":[],"picked":"BettingIsNotGood","floor":0.0},{"not_picked":["Revamp+1","Rewind+1","TimeWarp"],"picked":"Singing Bowl","floor":0.0},{"not_picked":["DoubleEdge","Unruled"],"picked":"Rearm+1","floor":0.0},{"not_picked":["Rewind+1","Ricochet"],"picked":"Alleviate+1","floor":0.0},{"not_picked":["Ricochet","Potential"],"picked":"Solidify+1","floor":0.0},{"not_picked":["Spin","Rearm+1"],"picked":"Potential","floor":0.0},{"not_picked":["BottledTime+1","Desolation"],"picked":"TheWorld+1","floor":1.0},{"not_picked":["Advance+1","Foresight"],"picked":"InstantArmor+1","floor":5.0},{"not_picked":["DoubleEdge","Deadline+1","Advance+1"],"picked":"SKIP","floor":6.0},{"not_picked":["Alleviate+1","FastForward+1","Sabotage"],"picked":"Singing Bowl","floor":8.0},{"not_picked":["Replace+1","Read+1","StarChef"],"picked":"Singing Bowl","floor":11.0},{"not_picked":["Defy+1","Comet","ShatteredReality"],"picked":"Singing Bowl","floor":12.0},{"not_picked":["DoubleEdge","Unruled"],"picked":"StarChef","floor":14.0},{"not_picked":["KillingDoll","ForgedInTime+1"],"picked":"Solidify+1","floor":16.0},{"not_picked":["SoulSculpture","Initiator"],"picked":"Solidify+1","floor":16.0},{"not_picked":["Deny+1","KillingDoll"],"picked":"MurderousAura","floor":16.0},{"not_picked":["DancingSilver+1","TimeWarp+1","Hightail+1"],"picked":"Singing Bowl","floor":18.0},{"not_picked":["Rearm+1","Alleviate+1"],"picked":"ShiftingGears+1","floor":19.0},{"not_picked":["Ricochet+1","Potential","Replace+1"],"picked":"Singing Bowl","floor":22.0},{"not_picked":["Replace+1","Dilation+1","Gouge+1"],"picked":"Singing Bowl","floor":23.0},{"not_picked":["TimeWarp","Rearm+1","Revamp+1"],"picked":"Singing Bowl","floor":25.0},{"not_picked":["LightFlow","Barrier+1","Manipulate+1"],"picked":"Singing Bowl","floor":27.0},{"not_picked":["Revamp+1","Rewind+1","Contraction+1"],"picked":"Singing Bowl","floor":28.0},{"not_picked":["Barrier+1","SurpressingFire","ReturningBlade"],"picked":"Singing Bowl","floor":31.0},{"not_picked":["Dilation+1","LightFlow","ForgedInTime+1"],"picked":"Singing Bowl","floor":33.0},{"not_picked":["KillingDoll","LightFlow","SoulSculpture"],"picked":"Singing Bowl","floor":33.0},{"not_picked":["LightFlow","Duplication+1"],"picked":"FlawlessForm","floor":33.0},{"not_picked":["Read+1","Rewind+1","SurpressingFire"],"picked":"Singing Bowl","floor":35},{"not_picked":["TimeWarp+1","Starlight+1","FastForward+1"],"picked":"Singing Bowl","floor":36},{"not_picked":["FanOfKnives","Spin+1","Ricochet+1"],"picked":"Singing Bowl","floor":38},{"not_picked":["Ricochet","Alleviate+1","BestPractice"],"picked":"Singing Bowl","floor":40},{"not_picked":["TimeWarp+1","SilverMatrix","Barrier+1"],"picked":"Singing Bowl","floor":41},{"not_picked":["Misdirection+1","FastForward+1","ShatteredReality+1"],"picked":"Singing Bowl","floor":42},{"not_picked":["FastForward+1","Defy+1","GearUp+1"],"picked":"Singing Bowl","floor":45},{"not_picked":["ForgedInTime+1","Rewind+1","Misdirection+1"],"picked":"Singing Bowl","floor":46},{"not_picked":["TimeWarp","Ricochet+1","Starlight"],"picked":"Singing Bowl","floor":47},{"not_picked":["RealityMarble","Spin","Deadline+1"],"picked":"Singing Bowl","floor":54}],"player_experience":156076,"relics_obtained":[{"floor":6.0,"key":"Grinning Jar"},{"floor":8.0,"key":"DeadEye"},{"floor":9.0,"key":"Omamori"},{"floor":10.0,"key":"Bag of Marbles"},{"floor":11.0,"key":"Centennial Puzzle"},{"floor":15.0,"key":"Replay:Bottled Flurry"},{"floor":16.0,"key":"StrikeDummy"},{"floor":23.0,"key":"Letter Opener"},{"floor":24.0,"key":"Bottled Flame"},{"floor":25.0,"key":"Snack Pack"},{"floor":27.0,"key":"Ancient Tea Set"},{"floor":31.0,"key":"Orichalcum"},{"floor":32.0,"key":"InkBottle"},{"floor":33.0,"key":"Divine Protection"},{"floor":35,"key":"AT_BladeRuinedKing"},{"floor":36,"key":"Replay:Wax Seal"},{"floor":38,"key":"Replay:Mystery Machine"},{"floor":40,"key":"Strawberry"},{"floor":40,"key":"AT_TheCollector"},{"floor":41,"key":"Thread and Needle"},{"floor":41,"key":"Regal Pillow"},{"floor":42,"key":"BookofShadows"},{"floor":42,"key":"Replay:Baseball"},{"floor":43,"key":"AT_MibuBalloonWealth"},{"floor":44,"key":"GnawedLeaf"},{"floor":45,"key":"PreservedInsect"},{"floor":46,"key":"Mirror"},{"floor":46,"key":"AT_RedTearstoneRing"},{"floor":47,"key":"Shuriken"},{"floor":49,"key":"HowToJump"},{"floor":52,"key":"TheBible"},{"floor":54,"key":"Pantograph"},{"floor":54,"key":"Art of War"}],"event_choices":[{"damage_healed":0.0,"max_hp_gain":0.0,"max_hp_loss":0.0,"gold_gain":0.0,"event_name":"Golden Wing","player_choice":"Ignored","floor":3.0,"gold_loss":0.0,"damage_taken":0.0},{"damage_healed":0.0,"max_hp_gain":0.0,"max_hp_loss":0.0,"gold_gain":0.0,"event_name":"The Cleric","player_choice":"Leave","floor":4.0,"gold_loss":0.0,"damage_taken":0.0},{"damage_healed":0.0,"max_hp_gain":0.0,"max_hp_loss":0.0,"gold_gain":0.0,"event_name":"Addict","player_choice":"Obtained Relic","floor":20.0,"gold_loss":85.0,"damage_taken":0.0,"relics_obtained":["AT_SilvercatRing"]},{"damage_healed":0,"gold_gain":0,"player_choice":"Fight","damage_taken":0,"max_hp_gain":0,"max_hp_loss":0,"event_name":"MindBloom","floor":41,"gold_loss":0},{"damage_healed":0,"gold_gain":0,"player_choice":"Max HP","damage_taken":0,"max_hp_gain":0,"max_hp_loss":7,"event_name":"Winding Halls","floor":48,"gold_loss":0}],"is_beta":false,"boss_relics":[{"not_picked":["MagicMushroom","Astrolabe"],"picked":"StoneMask"},{"not_picked":[]},{"not_picked":["SlaversCollar","Replay:Grab Bag"],"picked":"AT_MortalBlade"},{"not_picked":[]}],"items_purged_floors":[0,0,0,0,0,0,0,0,0,13,21,53,53,53,53],"is_endless":false,"potions_floor_spawned":[1,5,6,8,11,12,14,14,16,18,19,22,22,23,23,25,25,25,33,35,36,38,38,40,40,40,42,46,47,54],"ascension_level":3}}