{"host":"y4fuci1jk2rsxnep","time":1614024945,"event":{"mods":["AchievementEnabler","BaseMod","Colored Powertips","Custom Start","Defuse TimeMaze Blight","Dio Mod","Downfall","Hermit","Hero for Fun","Hubris","Hunter ??","Infinite Spire","Minty Spire (QoL Compilation)","Quick Restart","Reliquary","Remove Card Discount Mod","Replay The Spire","StSLib","The Blackbeard","The Bug Knight","The Mystic","The Runesmith"],"gold_per_floor":[113,113,128,128,128,128,158,158,184,195,122,122,122,147,147,147,147],"floor_reached":16,"language":"ENG","playtime":712,"items_purged":["hermit:Defend_Hermit"],"score":157,"play_id":"7b6debbb-40d1-4b31-8e12-a815fff24bfc","local_time":"20210222211545","is_ascension_mode":true,"campfire_choices":[{"data":"hermit:Midnight","floor":6,"key":"SMITH"},{"data":"hermit:HighCaliber","floor":8,"key":"SMITH"},{"data":"hermit:Virtue","floor":15,"key":"SMITH"}],"circlet_count":0,"master_deck":["hermit:Strike_Hermit","hermit:Strike_Hermit","hermit:Strike_Hermit","hermit:Strike_Hermit","hermit:Defend_Hermit","hermit:Defend_Hermit","hermit:Defend_Hermit","hermit:Snapshot","hermit:Covet","hermit:Midnight+1","hermit:HighCaliber+1","hermit:Virtue+1","hermit:ShadowCloak+1","hermit:Grudge"],"relics":["hermit:Momento","NeowsBlessing","reliquary:Spinner","reliquary:BallBearing","hubris:Towel","reliquary:JackalopeAntler"],"acts_visited":["Exordium"],"potions_floor_usage":[],"damage_taken":[{"damage":0,"enemies":"Small Slimes","floor":1,"turns":1},{"damage":0,"enemies":"Jaw Worm","floor":3,"turns":1},{"damage":0,"enemies":"Lagavulin","floor":7,"turns":1},{"damage":0,"enemies":"2 Louse","floor":10,"turns":1},{"damage":26,"enemies":"Gremlin Nob","floor":14,"turns":4},{"damage":53,"enemies":"Slime Boss","floor":16,"turns":7}],"seed_played":"2089041445387135077","potions_obtained":[{"floor":1,"key":"Strength Potion"},{"floor":3,"key":"AttackPotion"},{"floor":14,"key":"DistilledChaos"}],"is_trial":false,"path_per_floor":["M","?","M","$","?","R","E","R","T","M","$","?","?","E","R","B"],"character_chosen":"HERMIT","items_purchased":["hermit:ShadowCloak"],"campfire_rested":0,"item_purchase_floors":[11],"current_hp_per_floor":[75,68,68,68,71,71,71,71,71,71,71,71,71,45,45,0,0],"gold":147,"neow_bonus":"THREE_ENEMY_KILL","is_daily":false,"chose_seed":false,"campfire_upgraded":3,"win_rate":0.0,"timestamp":1614024945,"path_taken":["M","?","M","?","?","R","E","R","T","M","$","?","?","E","R","BOSS"],"items_purchased_type":["Card"],"build_version":"2020-12-22","purchased_purges":1,"victory":false,"max_hp_per_floor":[75,75,75,75,78,78,78,78,78,78,78,78,78,78,78,78,78],"card_choices":[{"not_picked":["hermit:Coalescence","hermit:CalledShot"],"picked":"hermit:Midnight","floor":1},{"not_picked":["hermit:TrackingShot","hermit:LowProfile","hermit:Manifest"],"picked":"SKIP","floor":3},{"not_picked":["hermit:SprayPray","hermit:TakeAim"],"picked":"hermit:HighCaliber","floor":7},{"not_picked":["hermit:Combo","hermit:FinalCanter"],"picked":"hermit:Virtue","floor":10},{"not_picked":["hermit:Desperado","hermit:Manifest"],"picked":"hermit:Grudge","floor":14}],"player_experience":690693,"relics_obtained":[{"floor":7,"key":"reliquary:BallBearing"},{"floor":14,"key":"reliquary:JackalopeAntler"}],"event_choices":[{"damage_healed":0,"gold_gain":0,"player_choice":"Success","damage_taken":7,"relics_obtained":["reliquary:Spinner"],"max_hp_gain":0,"max_hp_loss":0,"event_name":"Scrap Ooze","floor":2,"gold_loss":0},{"damage_healed":0,"gold_gain":0,"player_choice":"Grow","damage_taken":0,"max_hp_gain":0,"max_hp_loss":0,"event_name":"Living Wall","floor":13,"gold_loss":0,"cards_upgraded":["hermit:ShadowCloak"]}],"is_beta":false,"boss_relics":[],"items_purged_floors":[11],"is_endless":false,"potions_floor_spawned":[1,3,14],"killed_by":"Slime Boss","ascension_level":4}}