{"host":"l4jj3li0klahglqo","time":1614036538,"event":{"mods":["BaseMod","Conspire","Hubris","Infinite Spire","Minty Spire (QoL Compilation)","Quick Restart","Replay The Spire","Shop Mod","StSLib","The Animator"],"gold_per_floor":[109,109,121,28,54,89,89,89,89],"floor_reached":8,"language":"ENG","playtime":417,"items_purged":[],"score":70,"play_id":"35b742ec-816c-4271-a111-c0b966e7afb2","local_time":"20210222172858","is_ascension_mode":true,"campfire_choices":[{"floor":7.0,"key":"REST"}],"circlet_count":0,"master_deck":["Strike_G","Strike_G","Strike_G","Strike_G","Strike_G","Defend_G","Defend_G","Defend_G","Defend_G","Defend_G","Survivor","Neutralize","Backstab","Deflect","Deflect","Deflect","Dodge and Roll","Acrobatics","Dodge and Roll"],"relics":["Ring of the Snake","NeowsBlessing","hubris:AncientText","CeramicFish"],"acts_visited":["Exordium"],"potions_floor_usage":[],"damage_taken":[{"damage":0.0,"enemies":"Small Slimes","floor":1.0,"turns":1.0},{"damage":0.0,"enemies":"2 Louse","floor":3.0,"turns":1.0},{"damage":0.0,"enemies":"conspire:MimicChest","floor":5.0,"turns":1.0},{"damage":18.0,"enemies":"3 Sentries","floor":6.0,"turns":17.0},{"damage":0,"enemies":"Gremlin Nob","floor":8,"turns":1}],"seed_played":"-8237421038321814114","potions_obtained":[{"floor":1.0,"key":"LifebloodPotion"},{"floor":3.0,"key":"Languid Potion"}],"is_trial":false,"path_per_floor":["M","?","M","$","?","E","R","E"],"character_chosen":"THE_SILENT","items_purchased":["Deflect","Dodge and Roll"],"campfire_rested":1,"item_purchase_floors":[4,4],"current_hp_per_floor":[63,63,63,63,63,45,66,66,66],"gold":89,"neow_bonus":"THREE_ENEMY_KILL","is_daily":false,"chose_seed":false,"campfire_upgraded":0,"win_rate":0.0,"timestamp":1614036538,"path_taken":["M","?","M","$","?","E","R","E"],"items_purchased_type":["Card","Card"],"build_version":"2020-12-22","purchased_purges":0,"victory":false,"max_hp_per_floor":[70,70,70,70,70,70,70,70,70],"card_choices":[{"not_picked":["Tactician","Deflect"],"picked":"Backstab","floor":1.0},{"not_picked":["Poisoned Stab","Flechettes"],"picked":"Deflect","floor":3.0},{"not_picked":["Outmaneuver","Caltrops"],"picked":"Acrobatics","floor":5.0},{"not_picked":["Well Laid Plans","Deadly Poison"],"picked":"Dodge and Roll","floor":6.0}],"player_experience":1197786,"relics_obtained":[{"floor":5.0,"key":"hubris:AncientText"},{"floor":6.0,"key":"CeramicFish"}],"event_choices":[{"damage_healed":0.0,"max_hp_gain":0.0,"max_hp_loss":0.0,"gold_gain":0.0,"event_name":"conspire:Investor","player_choice":"Leave","floor":2.0,"gold_loss":0.0,"damage_taken":0.0}],"is_beta":false,"boss_relics":[],"items_purged_floors":[],"is_endless":false,"potions_floor_spawned":[1,3],"killed_by":"Gremlin Nob","ascension_level":6}}