{"host":"a3wpq7kyokchzawk","time":1614028819,"event":{"mods":["BaseMod","Colored Map","Highlight Path","Minty Spire (QoL Compilation)","Permanent Neow","Potion Indicator Mod","Relic Stats","Weighted Paths"],"gold_per_floor":[112,112,77,90,90,90,100,125,125,141,141,161,181,210,210,210,210],"floor_reached":16,"language":"ENG","playtime":1102,"items_purged":[],"score":224,"play_id":"28e17960-299e-4809-990b-a55764cec538","local_time":"20210222182019","is_ascension_mode":true,"campfire_choices":[{"data":"Armaments","floor":6.0,"key":"SMITH"},{"floor":11.0,"key":"REST"},{"data":"Disarm","floor":15,"key":"SMITH"}],"circlet_count":0,"master_deck":["AscendersBane","Strike_R","Strike_R","Strike_R","Strike_R","Strike_R","Defend_R","Defend_R","Defend_R","Defend_R","Bash+1","Double Tap","Sword Boomerang","Armaments+1","Clothesline","Disarm+1","Cleave","Power Through","True Grit","Impervious"],"relics":["Burning Blood","HornCleat","Frozen Egg 2","Oddly Smooth Stone","Matryoshka"],"acts_visited":["Exordium"],"potions_floor_usage":[16],"damage_taken":[{"damage":14.0,"enemies":"Jaw Worm","floor":1.0,"turns":3.0},{"damage":3.0,"enemies":"2 Louse","floor":4.0,"turns":3.0},{"damage":6.0,"enemies":"Small Slimes","floor":7.0,"turns":3.0},{"damage":49.0,"enemies":"Gremlin Nob","floor":8.0,"turns":5.0},{"damage":0.0,"enemies":"Exordium Wildlife","floor":10.0,"turns":3.0},{"damage":5.0,"enemies":"Looter","floor":12.0,"turns":3.0},{"damage":0.0,"enemies":"2 Fungi Beasts","floor":13.0,"turns":3.0},{"damage":13.0,"enemies":"Lagavulin","floor":14.0,"turns":5.0},{"damage":59,"enemies":"Hexaghost","floor":16,"turns":15}],"seed_played":"7088576642811068896","potions_obtained":[{"floor":8.0,"key":"Explosive Potion"},{"floor":12.0,"key":"FearPotion"},{"floor":13.0,"key":"DistilledChaos"},{"floor":14,"key":"BloodPotion"}],"is_trial":false,"path_per_floor":["M","?","?","M","?","R","M","E","T","M","R","M","M","E","R","B"],"character_chosen":"IRONCLAD","items_purchased":[],"campfire_rested":1,"item_purchase_floors":[],"current_hp_per_floor":[60,60,75,75,57,57,57,14,14,20,42,43,49,42,42,0,0],"gold":210,"neow_bonus":"ONE_RANDOM_RARE_CARD","is_daily":false,"chose_seed":false,"campfire_upgraded":2,"win_rate":0.0,"timestamp":1614028819,"path_taken":["M","?","?","M","?","R","M","E","T","M","R","M","?","E","R","BOSS"],"items_purchased_type":[],"build_version":"2020-12-22","purchased_purges":0,"victory":false,"max_hp_per_floor":[75,75,75,75,75,75,75,75,75,75,75,75,75,75,75,75,75],"relic_stats":{"counters":[9,43],"obtain_stats":[{"HornCleat":5,"Matryoshka":14,"Oddly Smooth Stone":9,"Frozen Egg 2":8,"Burning Blood":0},{"HornCleat":2,"Matryoshka":8,"Oddly Smooth Stone":4,"Frozen Egg 2":4,"Burning Blood":0},{"HornCleat":6,"Matryoshka":28,"Oddly Smooth Stone":14,"Frozen Egg 2":14,"Burning Blood":0}],"Burning Blood":45},"card_choices":[{"not_picked":["Wild Strike","Body Slam"],"picked":"Sword Boomerang","floor":1.0},{"not_picked":["Reckless Charge","Pommel Strike"],"picked":"Armaments","floor":4.0},{"not_picked":["Perfected Strike","Flex"],"picked":"Clothesline","floor":7.0},{"not_picked":["Blood for Blood","Feel No Pain+1"],"picked":"Disarm","floor":8.0},{"not_picked":["Burning Pact","Bloodletting"],"picked":"Cleave","floor":10.0},{"not_picked":["Warcry","Hemokinesis"],"picked":"Power Through","floor":12.0},{"not_picked":["Flex","Havoc"],"picked":"True Grit","floor":13.0},{"not_picked":["Sever Soul","Reckless Charge"],"picked":"Impervious","floor":14}],"player_experience":2837797,"relics_obtained":[{"floor":8.0,"key":"Frozen Egg 2"},{"floor":9.0,"key":"Oddly Smooth Stone"},{"floor":14,"key":"Matryoshka"}],"event_choices":[{"damage_healed":0.0,"max_hp_gain":0.0,"max_hp_loss":0.0,"gold_gain":0.0,"event_name":"Living Wall","player_choice":"Grow","floor":2.0,"gold_loss":0.0,"damage_taken":0.0,"cards_upgraded":["Bash"]},{"damage_healed":18.0,"max_hp_gain":0.0,"max_hp_loss":0.0,"gold_gain":0.0,"event_name":"The Cleric","player_choice":"Healed","floor":3.0,"gold_loss":35.0,"damage_taken":0.0},{"damage_healed":0.0,"max_hp_gain":0.0,"max_hp_loss":0.0,"gold_gain":0.0,"event_name":"Scrap Ooze","player_choice":"Success","floor":5.0,"gold_loss":0.0,"damage_taken":18.0,"relics_obtained":["HornCleat"]}],"is_beta":false,"boss_relics":[],"items_purged_floors":[],"is_endless":false,"potions_floor_spawned":[8,12,13,14],"killed_by":"Hexaghost","ascension_level":20}}