{"host":"phapnj0danpxvjlm","time":1614020704,"event":{"mods":["Act Like it!","BaseMod","Better Note","Better Third Choice","Bossed Relics","Colored Powertips","Downfall","Hermit","Lobotomy","Marisa????????","Minty Spire (QoL Compilation)","Permanent Neow","Quick Restart","Rare Cards Sparkle","Ruina","Spire Arcade","StSLib","The Animator","The Necromancer","The Wild Card"],"gold_per_floor":[117,117,117,117,130,130,143,159,159,176,176,188,112,125,125,125,125],"floor_reached":16,"language":"ENG","playtime":597,"items_purged":[],"score":94,"play_id":"d47c9481-d1e3-4026-ae3f-329a2b923c06","local_time":"20210222200504","is_ascension_mode":false,"campfire_choices":[{"data":"Negative_Energy_Sphere","floor":6,"key":"SMITH"},{"floor":15,"key":"REST"}],"circlet_count":0,"master_deck":["Strike_W","Strike_W","Strike_W","Strike_W","Defend_W","Defend_W","Defend_W","Defend_W","Negative_Energy_Arrows","Bone_Wall","Scarecrow","CurseOfTheBell","CurseOfTheBell","RedShoes","Negative_Energy_Sphere+1","VoidDream","Mercenary","Death_March_Dance","OldLady","Summon_Death_Knight","theWildCard:Metatron","Wellcheers","Summon_Undead_Army","Scorched"],"relics":["Vampire_Amulet","CogitoBucket","downfall:ExtraCursedBell","Omamori","Question Card","CaptainsWheel","Bird Faced Urn","AdjustmentMirror"],"acts_visited":["Exordium"],"potions_floor_usage":[8,12],"damage_taken":[{"damage":1,"enemies":"2 Louse","floor":1,"turns":3},{"damage":2,"enemies":"Small Slimes","floor":5,"turns":4},{"damage":3,"enemies":"Jaw Worm","floor":7,"turns":4},{"damage":8,"enemies":"Large Slime","floor":8,"turns":9},{"damage":9,"enemies":"2 Fungi Beasts","floor":10,"turns":3},{"damage":16,"enemies":"Lots of Slimes","floor":12,"turns":3},{"damage":12,"enemies":"Blue Slaver","floor":14,"turns":4},{"damage":76,"enemies":"The Guardian","floor":16,"turns":10}],"seed_played":"5170831780461994320","potions_obtained":[{"floor":7,"key":"Explosive Potion"},{"floor":10,"key":"LiquidBronze"},{"floor":14,"key":"SkillPotion"}],"is_trial":false,"path_per_floor":["M","?","?","?","M","R","M","M","T","M","?","M","$","M","R","B"],"character_chosen":"NECROMANCER","items_purchased":["Summon_Undead_Army"],"campfire_rested":1,"item_purchase_floors":[13],"current_hp_per_floor":[75,75,75,75,75,75,74,70,70,65,65,55,55,51,73,0,0],"gold":125,"neow_bonus":"","is_daily":false,"chose_seed":false,"campfire_upgraded":1,"win_rate":0.0,"timestamp":1614020704,"path_taken":["M","?","?","?","M","R","M","M","T","M","?","M","$","M","R","BOSS"],"items_purchased_type":["Card"],"build_version":"2020-12-22","purchased_purges":0,"victory":false,"max_hp_per_floor":[75,75,75,75,75,75,75,75,75,75,75,75,75,75,75,75,75],"card_choices":[{"not_picked":["ShyLook","WallGazer"],"picked":"Scarecrow","floor":1},{"not_picked":["Death_Coil","Vampiric_Strike","Deaths_Shadow"],"picked":"SKIP","floor":1},{"not_picked":["Rudolta","OSAHOGD"],"picked":"RedShoes","floor":5},{"not_picked":["Negative_Energy_Shield","Necromantic_Selection","Spectral_Armor"],"picked":"Negative_Energy_Sphere","floor":5},{"not_picked":["Variant","MHz"],"picked":"VoidDream","floor":7},{"not_picked":["Flesh_Made_Foul","Shackles_Of_Pain","Negative_Energy_Javelin","Life_Drain"],"picked":"SKIP","floor":7},{"not_picked":["Alriune","SingingMachine"],"picked":"Mercenary","floor":8},{"not_picked":["Bone_Shift","Negative_Energy_Javelin","Bone_Armor"],"picked":"Death_March_Dance","floor":8},{"not_picked":["Scorched","NakedNest","OSAHOGD"],"picked":"Singing Bowl","floor":10},{"not_picked":["SpiderBud","FieryBird"],"picked":"OldLady","floor":10},{"not_picked":["Finger_Of_Death","Bone_Armor","Blood_Whip"],"picked":"Summon_Death_Knight","floor":10},{"not_picked":["OSAHOGD","LittlePrince"],"picked":"Wellcheers","floor":12},{"not_picked":["Plague_Bolt","Thousand_Bone_Knives","Life_Drain","Negative_Energy_Mist"],"picked":"SKIP","floor":12},{"not_picked":["Variant","MHz","ShyLook"],"picked":"Singing Bowl","floor":14},{"not_picked":["GreedKing","Bloodbath"],"picked":"Scorched","floor":14},{"not_picked":["Blood_Curse","Detonate_Bones","Bone_Bullets","Bone_Armor"],"picked":"SKIP","floor":14}],"player_experience":583406,"relics_obtained":[{"floor":4,"key":"Omamori"},{"floor":4,"key":"Question Card"},{"floor":4,"key":"CaptainsWheel"},{"floor":9,"key":"Bird Faced Urn"}],"event_choices":[{"damage_healed":0,"gold_gain":0,"player_choice":"Ignored","damage_taken":0,"max_hp_gain":0,"max_hp_loss":0,"event_name":"Golden Wing","floor":2,"gold_loss":0},{"damage_healed":0,"gold_gain":0,"player_choice":"Leave","damage_taken":0,"max_hp_gain":0,"max_hp_loss":0,"event_name":"The Cleric","floor":3,"gold_loss":0}],"is_beta":false,"boss_relics":[],"items_purged_floors":[],"is_endless":false,"potions_floor_spawned":[7,10,14],"killed_by":"The Guardian","ascension_level":0}}