{"host":"8ztb9kwpjc2zof9s","time":1614038243,"event":{"mods":["BaseMod","Block Reminder","Curses Come First","Minty Spire (QoL Compilation)","Relic Stats","StSLib"],"gold_per_floor":[117,134,134,134,153,185,185,220,246,264,292,306,123,81,81,155,155,169,60,77,167,180,180,194,194,218,218,235,245,245,245],"floor_reached":30,"language":"ENG","playtime":1293,"items_purged":["Strike_G"],"score":454,"play_id":"5195b87e-0387-4895-b5c5-c4e534ff9141","local_time":"20210222155723","is_ascension_mode":true,"campfire_choices":[{"floor":7.0,"key":"REST"},{"floor":15.0,"key":"REST"},{"floor":23,"key":"REST"},{"data":"Noxious Fumes","floor":25,"key":"SMITH"}],"circlet_count":0,"master_deck":["AscendersBane","Strike_G","Strike_G+1","Strike_G","Strike_G","Defend_G","Defend_G","Defend_G","Defend_G","Defend_G","Survivor","Neutralize+1","Footwork+1","PiercingWail","Escape Plan","Backstab","Slice","Backflip","Well Laid Plans","Footwork","Blade Dance","Noxious Fumes+1","Venomology","Outmaneuver+1","PiercingWail","Noxious Fumes","Footwork","Crippling Poison+1"],"relics":["Runic Pyramid","Centennial Puzzle","Whetstone","Potion Belt","Bag of Marbles","Black Star","Ancient Tea Set"],"acts_visited":["Exordium","TheCity"],"potions_floor_usage":[22,24,24,28,28,29,29,30],"damage_taken":[{"damage":0.0,"enemies":"Jaw Worm","floor":1.0,"turns":6.0},{"damage":1.0,"enemies":"Small Slimes","floor":2.0,"turns":5.0},{"damage":0.0,"enemies":"Cultist","floor":5.0,"turns":4.0},{"damage":31.0,"enemies":"Lagavulin","floor":6.0,"turns":15.0},{"damage":18.0,"enemies":"3 Sentries","floor":8.0,"turns":15.0},{"damage":12.0,"enemies":"Exordium Thugs","floor":10.0,"turns":6.0},{"damage":14.0,"enemies":"Gremlin Nob","floor":11.0,"turns":4.0},{"damage":0.0,"enemies":"Looter","floor":12.0,"turns":3.0},{"damage":1.0,"enemies":"Hexaghost","floor":16.0,"turns":13.0},{"damage":15.0,"enemies":"Shell Parasite","floor":18.0,"turns":8.0},{"damage":11.0,"enemies":"Chosen","floor":20.0,"turns":7.0},{"damage":13,"enemies":"Centurion and Healer","floor":22,"turns":7},{"damage":3,"enemies":"Cultist and Chosen","floor":24,"turns":8},{"damage":18,"enemies":"Shelled Parasite and Fungi","floor":28,"turns":6},{"damage":8,"enemies":"Chosen and Byrds","floor":29,"turns":6},{"damage":6,"enemies":"Snecko","floor":30,"turns":3}],"seed_played":"-7592806176814511410","potions_obtained":[{"floor":5.0,"key":"Weak Potion"},{"floor":6.0,"key":"PowerPotion"},{"floor":10.0,"key":"LiquidMemories"},{"floor":12.0,"key":"FearPotion"},{"floor":18.0,"key":"Strength Potion"},{"floor":28,"key":"LiquidBronze"}],"is_trial":false,"path_per_floor":["M","M","?","?","M","E","R","E","T","M","E","M","$","$","R","B",null,"M","$","M","?","M","R","M","R","T","?","M","M","M"],"character_chosen":"THE_SILENT","items_purchased":["Footwork","Blade Dance","Noxious Fumes","PiercingWail","Noxious Fumes"],"campfire_rested":3,"item_purchase_floors":[13,13,14,19,19],"current_hp_per_floor":[59,58,63,63,63,32,53,35,35,23,9,9,9,9,30,29,61,46,46,35,23,10,31,28,28,28,28,10,2,0,0],"gold":245,"neow_bonus":"BOSS_RELIC","is_daily":false,"chose_seed":false,"campfire_upgraded":1,"win_rate":0.0,"timestamp":1614038243,"path_taken":["M","M","?","?","?","E","R","E","T","M","E","M","?","$","R","BOSS","M","$","M","?","?","R","M","R","T","?","M","M","M"],"items_purchased_type":["Card","Card","Card","Card","Card"],"build_version":"2020-12-22","purchased_purges":1,"victory":false,"max_hp_per_floor":[66,66,71,71,71,71,71,71,71,71,71,71,71,71,71,71,71,71,71,71,71,71,71,71,71,71,71,71,71,71,71],"relic_stats":{"Centennial Puzzle":[30],"counters":[16,116],"Black Star":0,"Whetstone":["Strike_G","Neutralize"],"obtain_stats":[{"Potion Belt":9,"Centennial Puzzle":6,"Bag of Marbles":11,"Black Star":17,"Whetstone":8,"Ancient Tea Set":26,"Ring of the Snake":0,"Runic Pyramid":0},{"Potion Belt":5,"Centennial Puzzle":4,"Bag of Marbles":7,"Black Star":9,"Whetstone":5,"Ancient Tea Set":13,"Ring of the Snake":0,"Runic Pyramid":0},{"Potion Belt":45,"Centennial Puzzle":30,"Bag of Marbles":55,"Black Star":71,"Whetstone":45,"Ancient Tea Set":101,"Ring of the Snake":0,"Runic Pyramid":0}]},"card_choices":[{"not_picked":["Sucker Punch","Blur"],"picked":"Footwork","floor":1.0},{"not_picked":["Expertise","Quick Slash","Skewer"],"picked":"SKIP","floor":2.0},{"not_picked":["Deflect","Setup"],"picked":"PiercingWail","floor":5.0},{"not_picked":["PiercingWail","Underhanded Strike"],"picked":"Escape Plan","floor":6.0},{"not_picked":["Blur","Underhanded Strike"],"picked":"Backstab","floor":8.0},{"not_picked":["Setup","Distraction"],"picked":"Slice","floor":10.0},{"not_picked":["Dodge and Roll","Deflect"],"picked":"Backflip","floor":11.0},{"not_picked":["Bane","Slice"],"picked":"Well Laid Plans","floor":12.0},{"not_picked":["Die Die Die","Unload"],"picked":"Venomology","floor":16.0},{"not_picked":["Bane","Dodge and Roll","Outmaneuver+1"],"picked":"SKIP","floor":18.0},{"not_picked":["Bane","Dodge and Roll"],"picked":"Outmaneuver+1","floor":18.0},{"not_picked":["Skewer","Acrobatics","Flying Knee"],"picked":"SKIP","floor":20.0},{"not_picked":["Bane","Outmaneuver","Glass Knife"],"picked":"SKIP","floor":22},{"not_picked":["Slice","Outmaneuver","Setup"],"picked":"SKIP","floor":24},{"not_picked":["Tactician","Outmaneuver"],"picked":"Footwork","floor":28},{"not_picked":["Cloak And Dagger","Dagger Spray"],"picked":"Crippling Poison+1","floor":29}],"player_experience":381027,"relics_obtained":[{"floor":6.0,"key":"Centennial Puzzle"},{"floor":8.0,"key":"Whetstone"},{"floor":9.0,"key":"Potion Belt"},{"floor":11.0,"key":"Bag of Marbles"},{"floor":26,"key":"Ancient Tea Set"}],"event_choices":[{"damage_healed":0.0,"max_hp_gain":5.0,"max_hp_loss":0.0,"gold_gain":0.0,"event_name":"Big Fish","player_choice":"Donut","floor":3.0,"gold_loss":0.0,"damage_taken":0.0},{"damage_healed":0.0,"max_hp_gain":0.0,"max_hp_loss":0.0,"gold_gain":0.0,"event_name":"Upgrade Shrine","player_choice":"Upgraded","floor":4.0,"gold_loss":0.0,"damage_taken":0.0,"cards_upgraded":["Footwork"]},{"damage_healed":0.0,"max_hp_gain":0.0,"max_hp_loss":0.0,"gold_gain":90.0,"event_name":"Knowing Skull","player_choice":"GOLD ","floor":21.0,"potions_obtained":[],"gold_loss":0.0,"damage_taken":12.0,"cards_obtained":[]},{"damage_healed":0,"gold_gain":0,"player_choice":"Ignored","damage_taken":0,"max_hp_gain":0,"max_hp_loss":0,"event_name":"Ghosts","floor":27,"gold_loss":0}],"is_beta":false,"boss_relics":[{"not_picked":["Fusion Hammer","HoveringKite"],"picked":"Black Star"}],"items_purged_floors":[13],"is_endless":false,"potions_floor_spawned":[5,6,10,12,18,22,28],"killed_by":"Snecko","ascension_level":16}}