{"host":"4nqeo0vu1vuav7gg","time":1614020208,"event":{"mods":["AchievementEnabler","BaseMod","Block Reminder","Colored Map","Colored Powertips","Highlight Path","Minty Spire (QoL Compilation)","Quick Restart","Rare Cards Sparkle","Relic Relevance Reorder","StSLib"],"gold_per_floor":[112,27,27,27,102,102,12,47,47,75,75,86,118,128,128,206,206,226,226,226,239,256,256,290,2,75,75,88,28,55,70,70,145,145,161,173,39,39,50,50,50],"floor_reached":40,"language":"ENG","playtime":1620,"items_purged":["Regret"],"score":1009,"play_id":"5121d3ae-444f-4e5d-89fb-3a444a7cbd80","local_time":"20210222195648","is_ascension_mode":true,"campfire_choices":[{"data":"Self Repair","floor":6.0,"key":"SMITH"},{"data":"Double Energy","floor":11.0,"key":"SMITH"},{"data":"Fission","floor":15.0,"key":"SMITH"},{"floor":23,"key":"DIG"},{"data":"Seek","floor":27,"key":"SMITH"},{"floor":32,"key":"DIG"}],"circlet_count":0,"master_deck":["AscendersBane","Defend_B","Defend_B","Defend_B","Defend_B","Zap","Dualcast","Reinforced Body+1","Self Repair+1","Loop+1","Double Energy+1","Reinforced Body","White Noise","Fission+1","Electrodynamics+1","CurseOfTheBell","Heatsinks+1","Bite","Bite","Bite","Bite","Bite","Cold Snap","White Noise+1","Defragment+1","Seek+1","Ball Lightning","Thunder Strike","Buffer+1","Doom and Gloom","Madness","Madness"],"relics":["Cracked Core","Kunai","Cables","Mercury Hourglass","HornCleat","Lantern","Happy Flower","NeowsBlessing","Anchor","Du-Vu Doll","White Beast Statue","Black Star","Frozen Egg 2","Shovel","The Courier","Strawberry","Calling Bell"],"acts_visited":["TheCity","TheBeyond"],"potions_floor_usage":[22,24,30,30,33,36,36,39,40],"damage_taken":[{"damage":0.0,"enemies":"2 Louse","floor":1.0,"turns":1.0},{"damage":0.0,"enemies":"Gremlin Nob","floor":8.0,"turns":1.0},{"damage":0.0,"enemies":"Lagavulin","floor":10.0,"turns":1.0},{"damage":5.0,"enemies":"Small Slimes","floor":12.0,"turns":3.0},{"damage":22.0,"enemies":"3 Sentries","floor":13.0,"turns":6.0},{"damage":5.0,"enemies":"Jaw Worm","floor":14.0,"turns":3.0},{"damage":72.0,"enemies":"Hexaghost","floor":16.0,"turns":10.0},{"damage":3.0,"enemies":"3 Byrds","floor":18.0,"turns":2.0},{"damage":18.0,"enemies":"Spheric Guardian","floor":21.0,"turns":4.0},{"damage":18,"enemies":"Centurion and Healer","floor":22,"turns":6},{"damage":15,"enemies":"Gremlin Leader","floor":24,"turns":5},{"damage":0,"enemies":"Snecko","floor":28,"turns":3},{"damage":21,"enemies":"Slavers","floor":30,"turns":3},{"damage":0,"enemies":"3 Cultists","floor":31,"turns":3},{"damage":36,"enemies":"Champ","floor":33,"turns":8},{"damage":0,"enemies":"3 Shapes","floor":35,"turns":2},{"damage":0,"enemies":"3 Darklings","floor":36,"turns":3},{"damage":54,"enemies":"Writhing Mass","floor":39,"turns":7},{"damage":34,"enemies":"Reptomancer","floor":40,"turns":2}],"seed_played":"2071351041692790377","potions_obtained":[{"floor":1.0,"key":"LiquidMemories"},{"floor":10.0,"key":"EssenceOfDarkness"},{"floor":18.0,"key":"BlessingOfTheForge"},{"floor":20.0,"key":"Energy Potion"},{"floor":20.0,"key":"Energy Potion"},{"floor":21.0,"key":"DuplicationPotion"},{"floor":22,"key":"LiquidBronze"},{"floor":24,"key":"Dexterity Potion"},{"floor":28,"key":"DistilledChaos"},{"floor":30,"key":"CultistPotion"},{"floor":31,"key":"Explosive Potion"},{"floor":33,"key":"LiquidMemories"},{"floor":36,"key":"Explosive Potion"},{"floor":39,"key":"AttackPotion"}],"is_trial":false,"path_per_floor":["M","$","?","?","?","R","$","E","T","E","R","M","E","M","R","B",null,"M","?","?","M","M","R","E","$","T","R","M","$","E","M","R","B",null,"M","M","$","?","M","E"],"character_chosen":"DEFECT","items_purchased":["Self Repair","Loop+1","Defragment+1","Seek","Ball Lightning","Happy Flower"],"campfire_rested":0,"item_purchase_floors":[2,7,25,25,25,37],"current_hp_per_floor":[64,64,64,64,53,53,53,70,70,78,78,78,66,73,73,13,62,61,61,61,63,67,67,74,74,74,74,78,78,57,73,73,45,70,72,78,78,64,30,0,0],"gold":50,"neow_bonus":"THREE_ENEMY_KILL","is_daily":false,"chose_seed":false,"campfire_upgraded":4,"win_rate":0.0,"timestamp":1614020208,"path_taken":["M","$","?","?","?","R","$","E","T","E","R","M","E","M","R","BOSS","M","?","?","?","M","R","E","?","T","R","?","$","E","M","R","BOSS","M","M","$","?","M","E"],"items_purchased_type":["Card","Card","Card","Card","Card","Relic"],"build_version":"2020-12-22","purchased_purges":1,"victory":false,"max_hp_per_floor":[71,71,71,71,71,71,71,78,78,78,78,78,78,78,78,78,78,78,78,78,78,78,78,78,78,78,78,78,78,78,78,78,78,78,78,78,78,78,78,78,78],"card_choices":[{"not_picked":["Reprogram","Steam"],"picked":"Reinforced Body","floor":1.0},{"not_picked":["Scrape","Gash","Turbo"],"picked":"SKIP","floor":8.0},{"not_picked":["Force Field","Cold Snap"],"picked":"Double Energy","floor":10.0},{"not_picked":["Aggregate","Cold Snap"],"picked":"Reinforced Body","floor":12.0},{"not_picked":["Stack","Streamline"],"picked":"White Noise","floor":13.0},{"not_picked":["Coolheaded","Reinforced Body"],"picked":"Fission","floor":14.0},{"not_picked":["Rainbow","Creative AI+1"],"picked":"Electrodynamics+1","floor":16.0},{"not_picked":["Steam Power","Recycle"],"picked":"Heatsinks+1","floor":18.0},{"not_picked":["Streamline","Rebound","Aggregate"],"picked":"SKIP","floor":21.0},{"not_picked":["Gash","Hello World+1"],"picked":"Cold Snap","floor":22},{"not_picked":["Cold Snap","Steam"],"picked":"White Noise+1","floor":24},{"not_picked":["Streamline","Rebound","Go for the Eyes"],"picked":"SKIP","floor":28},{"not_picked":["Redo+1","Heatsinks+1"],"picked":"Thunder Strike","floor":30},{"not_picked":["Turbo+1","Leap","Auto Shields+1"],"picked":"SKIP","floor":31},{"not_picked":["Multi-Cast","Amplify"],"picked":"Buffer+1","floor":33},{"not_picked":["Conserve Battery","Turbo","Hologram"],"picked":"SKIP","floor":35},{"not_picked":["Chaos","Conserve Battery"],"picked":"Doom and Gloom","floor":36},{"not_picked":["Blizzard+1","Hologram","Doom and Gloom"],"picked":"SKIP","floor":39}],"player_experience":1110838,"relics_obtained":[{"floor":8.0,"key":"Strawberry"},{"floor":9.0,"key":"Mercury Hourglass"},{"floor":10.0,"key":"Blood Vial"},{"floor":13.0,"key":"HornCleat"},{"floor":17.0,"key":"Anchor"},{"floor":17.0,"key":"White Beast Statue"},{"floor":17.0,"key":"Shovel"},{"floor":23,"key":"Lantern"},{"floor":24,"key":"Cables"},{"floor":26,"key":"The Courier"},{"floor":30,"key":"Kunai"},{"floor":32,"key":"Du-Vu Doll"}],"event_choices":[{"damage_healed":0.0,"max_hp_gain":0.0,"max_hp_loss":0.0,"gold_gain":0.0,"event_name":"Big Fish","player_choice":"Box","floor":3.0,"gold_loss":0.0,"damage_taken":0.0,"relics_obtained":["Frozen Egg 2"],"cards_obtained":["Regret"]},{"damage_healed":0.0,"max_hp_gain":0.0,"max_hp_loss":0.0,"gold_gain":0.0,"event_name":"Living Wall","player_choice":"Grow","floor":4.0,"gold_loss":0.0,"damage_taken":0.0,"cards_upgraded":["Reinforced Body"]},{"damage_healed":0.0,"max_hp_gain":0.0,"max_hp_loss":0.0,"gold_gain":75.0,"event_name":"World of Goop","player_choice":"Gather Gold","floor":5.0,"gold_loss":0.0,"damage_taken":11.0},{"damage_healed":0.0,"max_hp_gain":0.0,"max_hp_loss":0.0,"gold_gain":0.0,"event_name":"Vampires","player_choice":"Became a vampire (Vial)","floor":19.0,"relics_lost":["Blood Vial"],"gold_loss":0.0,"damage_taken":0.0,"cards_obtained":["Bite","Bite","Bite","Bite","Bite"]},{"damage_healed":0.0,"max_hp_gain":0.0,"max_hp_loss":0.0,"gold_gain":0.0,"event_name":"Lab","player_choice":"Got Potions","floor":20.0,"gold_loss":0.0,"damage_taken":0.0},{"damage_healed":0,"gold_gain":0,"player_choice":"Embrace Madness","damage_taken":14,"max_hp_gain":0,"max_hp_loss":0,"event_name":"Winding Halls","floor":38,"gold_loss":0,"cards_obtained":["Madness","Madness"]}],"is_beta":false,"boss_relics":[{"not_picked":["Cursed Key","Ectoplasm"],"picked":"Calling Bell"},{"not_picked":["Fusion Hammer","Busted Crown"],"picked":"Black Star"}],"items_purged_floors":[29],"is_endless":false,"potions_floor_spawned":[1,10,18,21,22,24,28,30,31,33,35,36,39],"killed_by":"Reptomancer","ascension_level":20}}