{"host":"Ringo","time":1614002865,"event":{"mods":["BaseMod","Colored Map","Conspire","Dota2Spire","Hubris","Minty Spire (QoL Compilation)","Replay The Spire","StSLib","The Construct","[IsaacMod]ÒÔÈö¼âËþ","¡¾ÒÅÎï¿¨ÅÆ¡¿REMEMod"],"gold_per_floor":[115,199,218,234,234,266,297,325,403,433,466,537,566,111,111,185,185,204,261,183,57,68,109,109,136,208,286,298,359,442,517,517,634,634,687,687,413,493,493,538,648,723,803,905,512,583,628,698,698,718,763],"floor_reached":52,"language":"ZHS","playtime":1543,"items_purged":["CrushJoints","Protect"],"score":3732,"play_id":"7677f3ab-3261-4ddc-902b-dbe48eb43deb","local_time":"20210222220745","daily_mods":["SealedDeck","Vintage","Colorless Cards","Heirloom","Time Dilation","Flight","DeadlyEvents","Elite Swarm","Lethality","Binary"],"is_ascension_mode":true,"campfire_choices":[{"data":"conspire:Banana","floor":15.0,"key":"SMITH"},{"floor":24.0,"key":"REST"},{"data":"Blasphemy","floor":32.0,"key":"SMITH"},{"data":"Apotheosis","floor":49.0,"key":"SMITH"},{"data":"Scrawl","floor":49.0,"key":"SMITH"}],"circlet_count":0,"master_deck":["AscendersBane","Panacea","BowlingBash","SashWhip+1","ForeignInfluence+1","Swift Strike","Consecrate+1","conspire:Banana+1","FlyingSleeves+1","Replay:BluntJabs","Evaluate","Blasphemy+1","FearNoEvil","Halt","JustLucky","FollowUp","Good Instincts","Flash of Steel+1","ThirdEye","Blind+1","Scrawl+1","Master of Strategy","hubris:Insight","Madness+1","Apotheosis+1","CrushJoints"],"relics":["PureWater","Busted Crown","HushsDoor","REME_ComplimentaryCards","replay:Trail_Library","GuppysPaw","GuppysTail","Bottled Flame","HowToJump","hubris:CuriousFeather","Replay:Rubber Ducky","Pet Ghost","Dota2Spire:UrnOfShadows","Matryoshka","conspire:GlowingRock","Dota2Spire:ArmletOfMordiggian","Dota2Spire:LinkenSphere","White Beast Statue","Centennial Puzzle","Membership Card","Dota2Spire:AssaultCuirass","REME_LowDesire","SalivaCoin","ReplayFunnel","Tiny Chest","Dota2Spire:BlackKingBar","Pen Nib","Bag of Marbles","Dota2Spire:BladeMail","Quantum Egg","BelialBook","BFFS","Onion Ring","Replay:Bandana","construct:FoamFinger","CaptainsWheel","BlankCard","Dota2Spire:AssaultCuirass","Black Star","SatanicBible","Gremlin Food","construct:RocketBooster","BargainBundle","hubris:ToyBattleship","Replay:Arrowhead","Dota2Spire:MantaStyle","Pantograph","hubris:PeanutButter","ReplayTheSpireMod:TigerMarble","Dota2Spire:LotusOrb","UnicornStump","Pocketwatch","TuHaoJin","Pondfish Scales","REME_HourglassOfDeath","conspire:TreasureMap","conspire:DecoderRing","Blood Vial","DeathBook","Damaru","Ancient Tea Set","HornCleat"],"acts_visited":["Exordium","TheCity","TheBeyond"],"potions_floor_usage":[51,51],"damage_taken":[{"damage":0.0,"enemies":"Jaw Worm","floor":1.0,"turns":2.0},{"damage":0.0,"enemies":"Small Slimes","floor":3.0,"turns":1.0},{"damage":0.0,"enemies":"2 Louse","floor":4.0,"turns":1.0},{"damage":0.0,"enemies":"3 Sentries","floor":6.0,"turns":2.0},{"damage":0.0,"enemies":"Lagavulin","floor":7.0,"turns":2.0},{"damage":0.0,"enemies":"Gremlin Nob","floor":8.0,"turns":2.0},{"damage":0.0,"enemies":"Lagavulin","floor":10.0,"turns":1.0},{"damage":0.0,"enemies":"3 Sentries","floor":11.0,"turns":3.0},{"damage":0.0,"enemies":"Gremlin Nob","floor":13.0,"turns":2.0},{"damage":8.0,"enemies":"The Guardian","floor":16.0,"turns":3.0},{"damage":2.0,"enemies":"2 Thieves","floor":18.0,"turns":2.0},{"damage":0.0,"enemies":"Hiden Room Battle","floor":19.0,"turns":2.0},{"damage":0.0,"enemies":"Spheric Guardian","floor":22.0,"turns":2.0},{"damage":26.0,"enemies":"Slavers","floor":23.0,"turns":2.0},{"damage":0.0,"enemies":"Gremlin Leader","floor":25.0,"turns":3.0},{"damage":0.0,"enemies":"Cultist and Chosen","floor":28.0,"turns":2.0},{"damage":0.0,"enemies":"Book of Stabbing","floor":29.0,"turns":2.0},{"damage":0.0,"enemies":"Gremlin Leader","floor":30.0,"turns":2.0},{"damage":0.0,"enemies":"Book of Stabbing","floor":31.0,"turns":2.0},{"damage":0.0,"enemies":"Collector","floor":33.0,"turns":2.0},{"damage":0.0,"enemies":"Orb Walker","floor":35.0,"turns":2.0},{"damage":0.0,"enemies":"Mind Bloom Boss Battle","floor":38.0,"turns":1.0},{"damage":0.0,"enemies":"Reptomancer","floor":40.0,"turns":1.0},{"damage":0.0,"enemies":"Giant Head","floor":41.0,"turns":3.0},{"damage":0.0,"enemies":"Reptomancer","floor":42.0,"turns":1.0},{"damage":0.0,"enemies":"R_Hoarder","floor":44.0,"turns":2.0},{"damage":0.0,"enemies":"Giant Head","floor":46.0,"turns":2.0},{"damage":0.0,"enemies":"3 Shapes","floor":47.0,"turns":1.0},{"damage":0.0,"enemies":"R_Hoarder","floor":48.0,"turns":1.0},{"damage":0,"enemies":"Time Eater","floor":50,"turns":1},{"damage":0,"enemies":"Donu and Deca","floor":51,"turns":2}],"seed_played":"8186523713193368894","potions_obtained":[{"floor":6.0,"key":"DuplicationPotion"},{"floor":8.0,"key":"SkillPotion"},{"floor":13.0,"key":"SpeedPotion"},{"floor":19.0,"key":"Energy Potion"},{"floor":25.0,"key":"Toxic Potion"},{"floor":46.0,"key":"BottledMiracle"},{"floor":48.0,"key":"StancePotion"}],"is_trial":true,"path_per_floor":["M","?","M","M","?","E","E","E","T","E","E","T","E","$","R","B",null,"M","?","$","$","M","E","R","E","T","T","M","E","E","E","R","B",null,"M","?","$","?","T","E","E","E","T","E","$","E","M","E","R","B","B",null],"character_chosen":"WATCHER","items_purchased":["Membership Card","Dota2Spire:AssaultCuirass","Halt","JustLucky","FollowUp","Good Instincts","Bag of Marbles","Flash of Steel","SatanicBible","construct:RocketBooster","BargainBundle","hubris:ToyBattleship","Scrawl","Master of Strategy","hubris:Insight","conspire:TreasureMap","Apotheosis","CrushJoints","conspire:DecoderRing"],"campfire_rested":1,"item_purchase_floors":[14,14,14,14,20,20,21,21,34,37,37,37,37,37,37,45,45,45,45],"current_hp_per_floor":[60,36,36,37,37,38,39,40,40,40,41,41,42,42,42,36,60,60,47,47,47,49,28,50,52,52,52,54,56,56,58,58,58,70,72,72,72,72,72,72,74,76,76,80,80,82,82,82,82,82,82],"gold":763,"neow_bonus":"","is_daily":false,"chose_seed":false,"campfire_upgraded":4,"win_rate":0.0,"timestamp":1614002865,"path_taken":["M","?","?","?","?","E","E","E","T","E","?","?","E","$","R","BOSS","M","?","?","$","?","E","R","E","T","?","M","E","E","?","R","BOSS","M","?","$","?","?","E","E","E","T","E","$","E","M","E","R","BOSS","BOSS"],"items_purchased_type":["Relic","Relic","Card","Card","Card","Card","Relic","Card","Relic","Relic","Relic","Relic","Card","Card","Card","Relic","Card","Card","Relic"],"build_version":"2020-12-18","purchased_purges":2,"victory":true,"max_hp_per_floor":[60,60,60,61,61,62,63,64,64,64,65,65,66,66,66,68,68,70,72,72,72,74,76,76,78,78,78,80,82,82,84,84,84,74,76,76,76,76,76,76,78,80,80,80,80,82,82,82,82,82,82],"card_choices":[{"not_picked":["Panacea+1"],"picked":"SKIP","floor":23.0},{"not_picked":["conspire:Banana"],"picked":"SKIP","floor":25.0},{"not_picked":["conspire:Banana"],"picked":"SKIP","floor":25.0},{"not_picked":["conspire:Banana"],"picked":"SKIP","floor":29.0},{"not_picked":[],"picked":"Blind","floor":30.0},{"not_picked":["REME_ShortnessOfBreath"],"picked":"SKIP","floor":31.0},{"not_picked":[],"picked":"Madness+1","floor":38.0},{"not_picked":["Forethought"],"picked":"SKIP","floor":40.0},{"not_picked":["Discovery"],"picked":"SKIP","floor":41.0},{"not_picked":["ReplayTheSpireMod:Brewmster"],"picked":"SKIP","floor":42.0},{"not_picked":["REME_WheelOfFate"],"picked":"SKIP","floor":44.0},{"not_picked":["hubris:Insight"],"picked":"SKIP","floor":46.0},{"not_picked":["Survey Options"],"picked":"SKIP","floor":48.0}],"player_experience":739050,"relics_obtained":[{"floor":1.0,"key":"Bottled Flame"},{"floor":2.0,"key":"HowToJump"},{"floor":3.0,"key":"hubris:CuriousFeather"},{"floor":4.0,"key":"Replay:Rubber Ducky"},{"floor":6.0,"key":"Pet Ghost"},{"floor":7.0,"key":"Dota2Spire:UrnOfShadows"},{"floor":8.0,"key":"Diplopia"},{"floor":9.0,"key":"Matryoshka"},{"floor":10.0,"key":"conspire:GlowingRock"},{"floor":11.0,"key":"Dota2Spire:ArmletOfMordiggian"},{"floor":12.0,"key":"Dota2Spire:LinkenSphere"},{"floor":12.0,"key":"White Beast Statue"},{"floor":13.0,"key":"Centennial Puzzle"},{"floor":17.0,"key":"SalivaCoin"},{"floor":17.0,"key":"ReplayFunnel"},{"floor":18.0,"key":"Tiny Chest"},{"floor":19.0,"key":"Dota2Spire:BlackKingBar"},{"floor":19.0,"key":"Pen Nib"},{"floor":22.0,"key":"Dota2Spire:BladeMail"},{"floor":23.0,"key":"Quantum Egg"},{"floor":26.0,"key":"BelialBook"},{"floor":26.0,"key":"BFFS"},{"floor":27.0,"key":"Onion Ring"},{"floor":28.0,"key":"Replay:Bandana"},{"floor":29.0,"key":"construct:FoamFinger"},{"floor":30.0,"key":"CaptainsWheel"},{"floor":31.0,"key":"BlankCard"},{"floor":35.0,"key":"Gremlin Food"},{"floor":38.0,"key":"Replay:Arrowhead"},{"floor":39.0,"key":"Dota2Spire:MantaStyle"},{"floor":40.0,"key":"Pantograph"},{"floor":40.0,"key":"hubris:PeanutButter"},{"floor":41.0,"key":"ReplayTheSpireMod:TigerMarble"},{"floor":41.0,"key":"Dota2Spire:LotusOrb"},{"floor":42.0,"key":"UnicornStump"},{"floor":42.0,"key":"Pocketwatch"},{"floor":43.0,"key":"TuHaoJin"},{"floor":44.0,"key":"Pondfish Scales"},{"floor":44.0,"key":"REME_HourglassOfDeath"},{"floor":46.0,"key":"Blood Vial"},{"floor":46.0,"key":"DeathBook"},{"floor":47.0,"key":"Damaru"},{"floor":48.0,"key":"Ancient Tea Set"},{"floor":48.0,"key":"HornCleat"}],"event_choices":[{"damage_healed":0.0,"max_hp_gain":0.0,"max_hp_loss":0.0,"gold_gain":0.0,"event_name":"Liars Game","player_choice":"Ignored","floor":5.0,"gold_loss":0.0,"damage_taken":0.0},{"damage_healed":0.0,"max_hp_gain":0.0,"max_hp_loss":0.0,"gold_gain":0.0,"event_name":"HidenRoomEvent","player_choice":"Fight","floor":19.0,"gold_loss":0.0,"damage_taken":0.0},{"damage_healed":0.0,"max_hp_gain":0.0,"max_hp_loss":0.0,"gold_gain":0.0,"event_name":"MindBloom","player_choice":"Fight","floor":38.0,"gold_loss":0.0,"damage_taken":0.0}],"is_beta":true,"boss_relics":[{"not_picked":["Velvet Choker","Fusion Hammer"],"picked":"REME_LowDesire"},{"not_picked":[]},{"not_picked":["Empty Cage","Ring of Chaos"],"picked":"Black Star"},{"not_picked":[]}],"items_purged_floors":[14,45],"is_endless":false,"potions_floor_spawned":[6,8,10,13,16,18,19,22,23,25,28,29,30,31,33,35,38,40,41,42,44,46,47,48],"ascension_level":20}}