{"host":"bf5upntvbdompq33","time":1614018251,"event":{"mods":["BaseMod","Bestiary","Colored Map","Colored Powertips","Curses Come First","Highlight Path","Minty Spire (QoL Compilation)","StSLib","ojb\u0027s Info Mod"],"gold_per_floor":[118,15,190,190,202,234,234,309,309,340,340,352,367,53,53,156,156,172,172,186,200,200,231,231,257,283,283,293,65,99,111,111,207,207,223,67,82,82,0,30,30,64,89,120,12,12,12,12,12,12,12,12,12,12,12],"floor_reached":54,"language":"ENG","playtime":8741,"items_purged":["Strike_G","Strike_G"],"score":1361,"play_id":"1c8e0513-e588-4b2d-9c3d-37c9894bbf71","local_time":"20210222112411","is_ascension_mode":true,"campfire_choices":[{"data":"Dash","floor":7.0,"key":"SMITH"},{"floor":11.0,"key":"REST"},{"data":"Adrenaline","floor":15,"key":"SMITH"},{"floor":24,"key":"REST"},{"data":"Cloak And Dagger","floor":27,"key":"SMITH"},{"data":"Accuracy","floor":32,"key":"SMITH"},{"floor":41,"key":"REST"},{"data":"Wraith Form v2","floor":46,"key":"SMITH"},{"floor":49,"key":"RECALL"},{"floor":52,"key":"REST"}],"circlet_count":0,"master_deck":["AscendersBane","Strike_G+1","Strike_G+1","Strike_G+1","Defend_G+1","Defend_G+1","Defend_G+1","Defend_G+1","Defend_G+1","Survivor+1","Neutralize+1","Deflect+1","Blade Dance+1","Dagger Spray+1","Blade Dance+1","Dash+1","Glass Knife+1","Well Laid Plans+1","Slice+1","Adrenaline+1","Bullet Time+1","Acrobatics+1","Deflect+1","Terror+1","Cloak And Dagger+1","Dodge and Roll+1","Accuracy+1","All Out Attack+1","After Image+1","Flechettes+1","Wraith Form v2+1"],"relics":["Ring of the Snake","NeowsBlessing","Darkstone Periapt","Ninja Scroll","Mango","Nunchaku","WristBlade","Bag of Marbles","Girya","The Courier","Runic Pyramid","Tingsha","Red Mask","Regal Pillow","Vajra","Blood Vial","Bottled Flame","Mark of the Bloom"],"acts_visited":["Exordium","TheCity","TheBeyond","TheEnding"],"potions_floor_usage":[20,25,30,33,36,40,50],"damage_taken":[{"damage":0.0,"enemies":"2 Louse","floor":1.0,"turns":1.0},{"damage":0.0,"enemies":"Small Slimes","floor":5.0,"turns":1.0},{"damage":0.0,"enemies":"3 Sentries","floor":6.0,"turns":2.0},{"damage":28.0,"enemies":"Lagavulin","floor":10.0,"turns":8.0},{"damage":0,"enemies":"Cultist","floor":12,"turns":3},{"damage":0,"enemies":"3 Louse","floor":13,"turns":2},{"damage":32,"enemies":"Hexaghost","floor":16,"turns":13},{"damage":0,"enemies":"Shell Parasite","floor":18,"turns":2},{"damage":0,"enemies":"2 Thieves","floor":20,"turns":2},{"damage":21,"enemies":"Centurion and Healer","floor":21,"turns":4},{"damage":10,"enemies":"Book of Stabbing","floor":23,"turns":4},{"damage":2,"enemies":"Slavers","floor":25,"turns":3},{"damage":0,"enemies":"Snake Plant","floor":28,"turns":2},{"damage":0,"enemies":"Gremlin Leader","floor":30,"turns":1},{"damage":1,"enemies":"Cultist and Chosen","floor":31,"turns":4},{"damage":42,"enemies":"Champ","floor":33,"turns":8},{"damage":0,"enemies":"Orb Walker","floor":35,"turns":2},{"damage":5,"enemies":"3 Darklings","floor":37,"turns":5},{"damage":18,"enemies":"Reptomancer","floor":40,"turns":3},{"damage":0,"enemies":"Nemesis","floor":42,"turns":1},{"damage":0,"enemies":"Giant Head","floor":44,"turns":6},{"damage":65,"enemies":"Time Eater","floor":50,"turns":9},{"damage":25,"enemies":"Shield and Spear","floor":54,"turns":2}],"seed_played":"3881547097208672846","potions_obtained":[{"floor":5.0,"key":"FairyPotion"},{"floor":6.0,"key":"Fire Potion"},{"floor":23,"key":"CunningPotion"},{"floor":28,"key":"AttackPotion"},{"floor":30,"key":"CultistPotion"},{"floor":37,"key":"DuplicationPotion"},{"floor":44,"key":"LiquidBronze"}],"is_trial":false,"path_per_floor":["M","$","?","?","M","E","R","?","T","E","R","M","M","$","R","B",null,"M","?","M","M","?","E","R","E","T","R","M","$","E","M","R","B",null,"M","$","M","T","?","E","R","E","T","E","$","R","$","?","R","B",null,"R","$","E"],"character_chosen":"THE_SILENT","items_purchased":["Blade Dance","Dagger Spray","Nunchaku","Adrenaline","CunningPotion","Accuracy","Fruit Juice","Wraith Form v2"],"campfire_rested":4,"item_purchase_floors":[2,2,14,14,29,29,36,45],"current_hp_per_floor":[63,63,63,56,56,56,56,45,45,31,56,56,56,56,56,24,69,69,63,63,42,42,32,57,55,55,55,55,55,55,54,54,12,66,66,71,66,66,66,48,89,89,89,89,89,89,89,89,89,24,24,24,24,0,0],"gold":12,"neow_bonus":"THREE_ENEMY_KILL","is_daily":false,"chose_seed":false,"campfire_upgraded":5,"win_rate":0.0,"timestamp":1614018251,"path_taken":["M","$","?","?","M","E","R","?","T","E","R","M","M","$","R","BOSS","M","?","M","?","?","E","R","E","T","R","M","$","E","M","R","BOSS","M","$","M","?","?","E","R","E","T","E","$","R","?","?","R","BOSS","R","$","E"],"items_purchased_type":["Card","Card","Relic","Card","Potion","Card","Potion","Card"],"build_version":"2020-12-22","purchased_purges":2,"victory":false,"max_hp_per_floor":[70,70,70,70,70,70,70,70,70,84,84,84,84,84,84,84,84,84,84,84,84,84,84,84,84,84,84,84,84,84,84,84,84,84,84,89,89,89,89,89,89,89,89,89,89,89,89,89,89,89,89,89,89,89,89],"card_choices":[{"not_picked":["Eviscerate","PiercingWail"],"picked":"Deflect","floor":1.0},{"not_picked":["Reflex","Dagger Spray"],"picked":"Blade Dance","floor":5.0},{"not_picked":["Outmaneuver","Prepared"],"picked":"Dash","floor":6.0},{"not_picked":["Deflect","Doppelganger"],"picked":"Glass Knife","floor":10.0},{"not_picked":["Predator","Masterful Stab"],"picked":"Well Laid Plans","floor":12},{"not_picked":["Deadly Poison","Underhanded Strike"],"picked":"Slice","floor":13},{"not_picked":["Die Die Die","Storm of Steel"],"picked":"Bullet Time","floor":16},{"not_picked":["Bane+1","Riddle With Holes"],"picked":"Acrobatics","floor":18},{"not_picked":["Dodge and Roll","Acrobatics"],"picked":"Deflect+1","floor":20},{"not_picked":["Poisoned Stab+1","Flechettes"],"picked":"Terror","floor":21},{"not_picked":["Tactician+1","Setup+1"],"picked":"Cloak And Dagger","floor":23},{"not_picked":["Terror","Dagger Spray","Acrobatics+1"],"picked":"SKIP","floor":25},{"not_picked":["Storm of Steel","PiercingWail"],"picked":"Dodge and Roll+1","floor":28},{"not_picked":["Slice","Predator"],"picked":"All Out Attack+1","floor":30},{"not_picked":["Cloak And Dagger","Dodge and Roll","Dagger Throw"],"picked":"SKIP","floor":31},{"not_picked":["Night Terror","Adrenaline"],"picked":"After Image","floor":33},{"not_picked":["Endless Agony+1","Dagger Spray+1"],"picked":"Flechettes+1","floor":35},{"not_picked":["Masterful Stab","Slice","All Out Attack"],"picked":"SKIP","floor":37},{"not_picked":["Dagger Spray+1","All Out Attack+1","Deadly Poison+1"],"picked":"SKIP","floor":40},{"not_picked":["Flying Knee","Sucker Punch","Dodge and Roll+1"],"picked":"SKIP","floor":42},{"not_picked":["Underhanded Strike","Crippling Poison","Flying Knee+1"],"picked":"SKIP","floor":44}],"player_experience":1692568,"relics_obtained":[{"floor":6.0,"key":"Darkstone Periapt"},{"floor":9.0,"key":"Ninja Scroll"},{"floor":10.0,"key":"Mango"},{"floor":23,"key":"Bag of Marbles"},{"floor":25,"key":"Girya"},{"floor":30,"key":"The Courier"},{"floor":38,"key":"Tingsha"},{"floor":40,"key":"Regal Pillow"},{"floor":42,"key":"Vajra"},{"floor":43,"key":"Blood Vial"},{"floor":44,"key":"Bottled Flame"}],"event_choices":[{"damage_healed":0.0,"max_hp_gain":0.0,"max_hp_loss":0.0,"gold_gain":175.0,"event_name":"Liars Game","player_choice":"AGREE","floor":3.0,"gold_loss":0.0,"damage_taken":0.0,"cards_obtained":["Doubt"]},{"cards_removed":["Doubt"],"damage_healed":0.0,"max_hp_gain":0.0,"max_hp_loss":0.0,"gold_gain":0.0,"event_name":"Golden Wing","player_choice":"Card Removal","floor":4.0,"gold_loss":0.0,"damage_taken":7.0},{"damage_healed":0.0,"max_hp_gain":0.0,"max_hp_loss":0.0,"gold_gain":75.0,"event_name":"World of Goop","player_choice":"Gather Gold","floor":8.0,"gold_loss":0.0,"damage_taken":11.0},{"damage_healed":0,"gold_gain":0,"player_choice":"","damage_taken":6,"max_hp_gain":0,"max_hp_loss":0,"event_name":"Knowing Skull","floor":19,"potions_obtained":[],"gold_loss":0,"cards_obtained":[]},{"damage_healed":0,"gold_gain":0,"player_choice":"Leave","damage_taken":0,"max_hp_gain":0,"max_hp_loss":0,"event_name":"FaceTrader","floor":22,"gold_loss":0},{"damage_healed":0,"gold_gain":0,"player_choice":"Paid","damage_taken":0,"relics_obtained":["Red Mask"],"max_hp_gain":0,"max_hp_loss":0,"event_name":"Tomb of Lord Red Mask","floor":39,"gold_loss":82},{"damage_healed":0,"gold_gain":0,"player_choice":"Upgrade","damage_taken":0,"relics_obtained":["Mark of the Bloom"],"max_hp_gain":0,"max_hp_loss":0,"event_name":"MindBloom","floor":48,"gold_loss":0,"cards_upgraded":["Strike_G","Strike_G","Strike_G","Defend_G","Defend_G","Defend_G","Defend_G","Defend_G","Survivor","Neutralize","Deflect","Blade Dance","Dagger Spray","Blade Dance","Glass Knife","Well Laid Plans","Slice","Bullet Time","Acrobatics","Terror","After Image"]}],"is_beta":false,"boss_relics":[{"not_picked":["Sozu","Empty Cage"],"picked":"WristBlade"},{"not_picked":["Pandora\u0027s Box","SacredBark"],"picked":"Runic Pyramid"}],"items_purged_floors":[29,36],"is_endless":false,"potions_floor_spawned":[5,6,13,16,23,28,30,37,44],"killed_by":"Shield and Spear","ascension_level":11}}