{"host":"ndqkyrxelzss439h","time":1614015269,"event":{"mods":["100% Spire Juice","2.2 Compatiblity","ATMod(??Mod)","Act Like it!","BaseMod","Better Third Choice","Colored Map","Colored Powertips","Hallownest","Highlight Path","Minty Spire (QoL Compilation)","Permanent Neow","Quick Restart","Replay The Spire","StSLib","The Bug Knight"],"gold_per_floor":[131,131,131,155,175,175,211,244,244,57,57,57,84,116,116,124,124],"floor_reached":16,"language":"ENG","playtime":1894,"items_purged":[],"score":102,"play_id":"addbbf47-1a6a-4aeb-900d-384fd80dfc80","local_time":"20210222123429","is_ascension_mode":false,"campfire_choices":[{"data":"HollowMod:SoulEater","floor":6,"key":"SMITH"},{"floor":12,"key":"REST"},{"floor":15,"key":"REST"}],"circlet_count":0,"master_deck":["HollowMod:NailStrikeStart","HollowMod:NailStrikeStart","HollowMod:NailStrikeStart","HollowMod:NailStrikeStart","HollowMod:QuickDashStart","HollowMod:QuickDashStart","HollowMod:QuickDashStart","HollowMod:QuickDashStart","HollowMod:FocusHealStart","HollowMod:PogoStrike","HollowMod:SoulEater+1","HollowMod:HowlingWraiths","HollowMod:SoulEater","HollowMod:CycloneSlash","HollowMod:CycloneSlash","HollowMod:SoulVessel","HollowMod:SoulStrike"],"relics":["HollowMod:VesselMask","AT_ATBox","Replay:Bandana","Hallownest:DreamNailRelic","Hallownest:SalubrasBlessingRelic","Replay:Bottled Steam"],"acts_visited":["Hallownest:Greenpath"],"potions_floor_usage":[7,13,13],"damage_taken":[{"damage":0,"enemies":"Hallownest:2_Baldur","floor":1,"turns":3},{"damage":10,"enemies":"Hallownest:monsterHuskGuard","floor":4,"turns":4},{"damage":16,"enemies":"Hallownest:2_Tiktiks_and_1_Crawlid","floor":5,"turns":6},{"damage":24,"enemies":"Hallownest:eliteCrystalGuardian","floor":7,"turns":8},{"damage":1,"enemies":"Hallownest:monsterMossCharger","floor":8,"turns":6},{"damage":35,"enemies":"Hallownest:Guard_and_Warrior","floor":13,"turns":5},{"damage":12,"enemies":"Hallownest:MossCreep_and_Mosskin","floor":14,"turns":4},{"damage":77,"enemies":"Hallownest:BossHornet","floor":16,"turns":9}],"seed_played":"3377215613013771584","potions_obtained":[{"floor":4,"key":"CultistPotion"}],"is_trial":false,"path_per_floor":["M","?","?","M","M","R","E","M","T","$","?","R","M","M","R_BF","B"],"character_chosen":"THE_BUGKNIGHT","items_purchased":["HollowMod:SoulVessel","Regen Potion","DuplicationPotion"],"campfire_rested":2,"item_purchase_floors":[10,10,10],"current_hp_per_floor":[75,75,75,65,55,55,41,46,46,46,46,70,47,41,66,0,0],"gold":124,"neow_bonus":"RANDOM_COMMON_RELIC","is_daily":false,"chose_seed":false,"campfire_upgraded":1,"win_rate":0.0,"timestamp":1614015269,"path_taken":["M","?","?","M","M","R","E","M","T","?","?","R","M","M","R_BF","BOSS"],"items_purchased_type":["Card","Potion","Potion"],"build_version":"2020-12-22","purchased_purges":0,"victory":false,"max_hp_per_floor":[75,75,75,75,75,75,75,75,75,75,75,77,77,77,79,79,79],"card_choices":[{"not_picked":["HollowMod:HowlingWraiths","HollowMod:CloakDash"],"picked":"HollowMod:SoulEater","floor":1},{"not_picked":["HollowMod:SharpenedNail","HollowMod:NewJinnsSoul"],"picked":"HollowMod:HowlingWraiths","floor":4},{"not_picked":["HollowMod:FastStrike","HollowMod:HowlingWraiths"],"picked":"HollowMod:SoulEater","floor":5},{"not_picked":["HollowMod:NewGlowingWomb","HollowMod:DesolateDive"],"picked":"HollowMod:CycloneSlash","floor":7},{"not_picked":["HollowMod:MantisMark","HollowMod:DreamGate"],"picked":"HollowMod:CycloneSlash","floor":8},{"not_picked":["HollowMod:CloakDash","HollowMod:InfectedCysts"],"picked":"HollowMod:SoulStrike","floor":13},{"not_picked":["HollowMod:NewLittleFool","HollowMod:HeavyBlow","HollowMod:CloakDash"],"picked":"SKIP","floor":14}],"player_experience":90323,"relics_obtained":[{"floor":7,"key":"Replay:Bottled Steam"}],"event_choices":[],"is_beta":false,"boss_relics":[],"items_purged_floors":[],"is_endless":false,"potions_floor_spawned":[4],"killed_by":"Hallownest:BossHornet","ascension_level":0}}