{"host":"94aus4jnk6thj94q","time":1614029181,"event":{"mods":["BaseMod","Minty Spire (QoL Compilation)","Quick Restart","StSLib"],"gold_per_floor":[110,110,16,33,44,44,69,69,95,95,112,112,130,130,130,233,233,245,257,257,49,49,74,74,74],"floor_reached":24,"language":"ENG","playtime":1378,"items_purged":[],"score":214,"play_id":"f68ae71c-5402-4c8a-bf70-c12e53ccc4e5","local_time":"20210222232621","is_ascension_mode":false,"campfire_choices":[{"floor":6.0,"key":"RECALL"},{"floor":8.0,"key":"REST"},{"floor":10.0,"key":"REST"},{"data":"Infinite Blades","floor":15.0,"key":"SMITH"}],"circlet_count":0,"master_deck":["Strike_G","Strike_G","Strike_G","Strike_G","Strike_G","Defend_G","Defend_G","Defend_G","Defend_G","Defend_G","Survivor+1","Neutralize","Flying Knee","Infinite Blades+1","Deflect+1","Poisoned Stab","Slice","Footwork","Cloak And Dagger","Bane","After Image","All Out Attack","Decay","Cloak And Dagger","Deadly Poison+1"],"relics":["Ring of the Snake","NeowsBlessing","War Paint","WristBlade","TwistedFunnel","Boot"],"acts_visited":["Exordium","TheCity"],"potions_floor_usage":[],"damage_taken":[{"damage":0.0,"enemies":"Jaw Worm","floor":1.0,"turns":1.0},{"damage":0.0,"enemies":"Cultist","floor":4.0,"turns":1.0},{"damage":0.0,"enemies":"2 Louse","floor":5.0,"turns":1.0},{"damage":44.0,"enemies":"3 Sentries","floor":7.0,"turns":14.0},{"damage":2.0,"enemies":"Exordium Thugs","floor":11.0,"turns":5.0},{"damage":5.0,"enemies":"Large Slime","floor":13.0,"turns":6.0},{"damage":17.0,"enemies":"Slime Boss","floor":16.0,"turns":13.0},{"damage":9.0,"enemies":"Chosen","floor":18.0,"turns":5.0},{"damage":9.0,"enemies":"3 Byrds","floor":19.0,"turns":6.0},{"damage":37.0,"enemies":"Book of Stabbing","floor":23.0,"turns":7.0},{"damage":0,"enemies":"Centurion and Healer","floor":24,"turns":1}],"seed_played":"-2086726871713506509","potions_obtained":[{"floor":1.0,"key":"FearPotion"},{"floor":5.0,"key":"SpeedPotion"},{"floor":11.0,"key":"SpeedPotion"},{"floor":19.0,"key":"Ancient Potion"},{"floor":23,"key":"SpeedPotion"}],"is_trial":false,"path_per_floor":["M","?","$","M","M","R","E","R","T","R","M","?","M","?","R","B",null,"M","M","?","$","$","E","M"],"character_chosen":"THE_SILENT","items_purchased":["Infinite Blades","Deflect","TwistedFunnel","Cloak And Dagger"],"campfire_rested":2,"item_purchase_floors":[3,3,21,21],"current_hp_per_floor":[70,70,70,70,70,70,26,47,47,68,66,66,61,61,61,44,70,61,52,52,52,52,15,15,15],"gold":74,"neow_bonus":"THREE_ENEMY_KILL","is_daily":false,"chose_seed":false,"campfire_upgraded":1,"win_rate":0.0,"timestamp":1614029181,"path_taken":["M","?","$","M","?","R","E","R","T","R","M","?","M","?","R","BOSS","M","M","?","?","$","E","M"],"items_purchased_type":["Card","Card","Relic","Card"],"build_version":"2020-12-22","purchased_purges":0,"victory":false,"max_hp_per_floor":[70,70,70,70,70,70,70,70,70,70,70,70,70,70,70,70,70,70,70,70,70,70,70,70,70],"card_choices":[{"not_picked":["Blur","Catalyst"],"picked":"Flying Knee","floor":1.0},{"not_picked":["Well Laid Plans","Underhanded Strike"],"picked":"Poisoned Stab","floor":4.0},{"not_picked":["Dodge and Roll","Choke"],"picked":"Slice","floor":5.0},{"not_picked":["Dagger Spray","Underhanded Strike"],"picked":"Footwork","floor":7.0},{"not_picked":["Prepared","Acrobatics"],"picked":"Cloak And Dagger","floor":11.0},{"not_picked":["Dagger Spray","All Out Attack"],"picked":"Bane","floor":13.0},{"not_picked":["Doppelganger","Night Terror"],"picked":"After Image","floor":16.0},{"not_picked":["Dodge and Roll","Crippling Poison","Outmaneuver+1"],"picked":"SKIP","floor":18.0},{"not_picked":["Calculated Gamble","Backflip"],"picked":"All Out Attack","floor":19.0},{"not_picked":["Well Laid Plans+1","Flying Knee+1"],"picked":"Deadly Poison+1","floor":23}],"player_experience":4492313,"relics_obtained":[{"floor":7.0,"key":"War Paint"},{"floor":23,"key":"Boot"}],"event_choices":[{"damage_healed":0.0,"max_hp_gain":0.0,"max_hp_loss":0.0,"gold_gain":0.0,"event_name":"NoteForYourself","player_choice":"Ignored","floor":2.0,"gold_loss":0.0,"damage_taken":0.0},{"damage_healed":0.0,"max_hp_gain":0.0,"max_hp_loss":0.0,"gold_gain":0.0,"event_name":"Shining Light","player_choice":"Ignored","floor":12.0,"gold_loss":0.0,"damage_taken":0.0},{"damage_healed":0.0,"max_hp_gain":0.0,"max_hp_loss":0.0,"gold_gain":0.0,"event_name":"FaceTrader","player_choice":"Leave","floor":14.0,"gold_loss":0.0,"damage_taken":0.0},{"damage_healed":0.0,"max_hp_gain":0.0,"max_hp_loss":0.0,"gold_gain":0.0,"event_name":"Forgotten Altar","player_choice":"Smashed Altar","floor":20.0,"gold_loss":0.0,"damage_taken":0.0,"cards_obtained":["Decay"]}],"is_beta":false,"boss_relics":[{"not_picked":["Velvet Choker","Snecko Eye"],"picked":"WristBlade"}],"items_purged_floors":[],"is_endless":false,"potions_floor_spawned":[1,5,11,19,23],"killed_by":"Centurion and Healer","ascension_level":0}}