{"host":"c6u7e77myxvw4d0m","time":1614016118,"event":{"mods":["AchievementEnabler","BaseMod","Bestiary","Colored Map","Colored Powertips","Minty Spire (QoL Compilation)","Rare Cards Sparkle","Relic Stats","everything is the same but u backflip on backflip"],"gold_per_floor":[112,173,191,206,216,216,236,269,269,282,282,314,330,351,351,429,429,448,466,19,39,39],"floor_reached":21,"language":"ENG","playtime":1613,"items_purged":[],"score":440,"play_id":"1bc22092-9e78-4252-b2c2-73fc3e6d21a3","local_time":"20210222194838","is_ascension_mode":true,"campfire_choices":[{"floor":6.0,"key":"REST"},{"floor":11.0,"key":"REST"},{"data":"Flechettes","floor":15.0,"key":"SMITH"}],"circlet_count":0,"master_deck":["AscendersBane","Survivor","Neutralize","Dash","Sucker Punch","Deadly Poison","Cloak And Dagger","Cloak And Dagger","Poisoned Stab","Flechettes+1","Blade Dance","Bouncing Flask","Backflip","Corpse Explosion","Burst","Catalyst","Quick Slash","Underhanded Strike","Venomology","Unload","Flying Knee","Die Die Die","Adrenaline","Tactician","PiercingWail","Blur+1","Leg Sweep","Noxious Fumes"],"relics":["Ring of the Snake","Ancient Tea Set","Snake Skull","Akabeko","Odd Mushroom","Pandora\u0027s Box","Medical Kit"],"acts_visited":["Exordium","TheCity"],"potions_floor_usage":[],"damage_taken":[{"damage":25.0,"enemies":"Jaw Worm","floor":1.0,"turns":6.0},{"damage":1.0,"enemies":"Small Slimes","floor":3.0,"turns":3.0},{"damage":3.0,"enemies":"Cultist","floor":4.0,"turns":4.0},{"damage":6.0,"enemies":"Large Slime","floor":5.0,"turns":8.0},{"damage":6.0,"enemies":"2 Fungi Beasts","floor":7.0,"turns":5.0},{"damage":16.0,"enemies":"3 Sentries","floor":8.0,"turns":9.0},{"damage":4.0,"enemies":"Blue Slaver","floor":10.0,"turns":3.0},{"damage":0.0,"enemies":"Gremlin Nob","floor":12.0,"turns":3.0},{"damage":1.0,"enemies":"Looter","floor":13.0,"turns":3.0},{"damage":8.0,"enemies":"The Mushroom Lair","floor":14.0,"turns":3.0},{"damage":6.0,"enemies":"Hexaghost","floor":16.0,"turns":7.0},{"damage":0.0,"enemies":"Chosen","floor":18.0,"turns":1.0},{"damage":0.0,"enemies":"3 Byrds","floor":19.0,"turns":2.0},{"damage":35.0,"enemies":"Snecko","floor":21.0,"turns":6.0}],"seed_played":"648035608963655435","potions_obtained":[{"floor":3.0,"key":"Strength Potion"},{"floor":4.0,"key":"EntropicBrew"},{"floor":8.0,"key":"DuplicationPotion"},{"floor":13.0,"key":"FearPotion"},{"floor":14.0,"key":"FearPotion"},{"floor":16.0,"key":"Energy Potion"},{"floor":21,"key":"Block Potion"}],"is_trial":false,"path_per_floor":["M","?","M","M","M","R","M","E","T","M","R","E","M","?","R","B",null,"M","M","$","M"],"character_chosen":"THE_SILENT","items_purchased":["Leg Sweep","Medical Kit","Noxious Fumes","AttackPotion","SteroidPotion"],"campfire_rested":2,"item_purchase_floors":[20,20,20,20,20],"current_hp_per_floor":[34,34,33,30,24,43,37,21,21,17,36,36,35,27,27,21,55,55,55,55,20,20],"gold":39,"neow_bonus":"RANDOM_COMMON_RELIC","is_daily":false,"chose_seed":false,"campfire_upgraded":1,"win_rate":0.0,"timestamp":1614016118,"path_taken":["M","?","M","M","M","R","M","E","T","M","R","E","M","?","R","BOSS","M","M","$","M"],"items_purchased_type":["Card","Relic","Card","Potion","Potion"],"build_version":"2020-12-22","purchased_purges":0,"victory":false,"max_hp_per_floor":[66,66,66,66,66,66,66,66,66,66,66,66,66,66,66,66,66,66,66,66,66,66],"relic_stats":{"counters":[14,63],"Pandora\u0027s Box":["Burst","Catalyst","Quick Slash","Underhanded Strike","Venomology","Unload","Flying Knee","Die Die Die","Adrenaline","Tactician"],"Snake Skull":[13],"Medical Kit":[0],"obtain_stats":[{"Pandora\u0027s Box":17,"Snake Skull":8,"Odd Mushroom":14,"Ancient Tea Set":0,"Medical Kit":20,"Akabeko":12,"Ring of the Snake":0},{"Pandora\u0027s Box":11,"Snake Skull":6,"Odd Mushroom":10,"Ancient Tea Set":0,"Medical Kit":13,"Akabeko":8,"Ring of the Snake":0},{"Pandora\u0027s Box":54,"Snake Skull":35,"Odd Mushroom":47,"Ancient Tea Set":0,"Medical Kit":57,"Akabeko":41,"Ring of the Snake":0}],"Ring of the Snake":[28]},"card_choices":[{"not_picked":["Blade Dance","Setup"],"picked":"Dash","floor":1.0},{"not_picked":["Heel Hook","Concentrate"],"picked":"Sucker Punch","floor":3.0},{"not_picked":["Distraction","Backstab"],"picked":"Deadly Poison","floor":4.0},{"not_picked":["Dodge and Roll","Underhanded Strike"],"picked":"Cloak And Dagger","floor":5.0},{"not_picked":["Setup","Prepared"],"picked":"Cloak And Dagger","floor":7.0},{"not_picked":["Underhanded Strike","Terror"],"picked":"Poisoned Stab","floor":8.0},{"not_picked":["Backstab","Cloak And Dagger"],"picked":"Flechettes","floor":10.0},{"not_picked":["Distraction","Cloak And Dagger"],"picked":"Blade Dance","floor":12.0},{"not_picked":["Prepared","Terror"],"picked":"Bouncing Flask","floor":13.0},{"not_picked":["Sucker Punch","Dagger Spray"],"picked":"Backflip","floor":14.0},{"not_picked":["Die Die Die","Phantasmal Killer"],"picked":"Corpse Explosion","floor":16.0},{"not_picked":["Backflip","Blur"],"picked":"PiercingWail","floor":18.0},{"not_picked":["Finisher","Expertise"],"picked":"Blur+1","floor":19.0},{"not_picked":["Sucker Punch","Slice","Tactician"],"picked":"SKIP","floor":21}],"player_experience":861992,"relics_obtained":[{"floor":8.0,"key":"Snake Skull"},{"floor":12.0,"key":"Akabeko"},{"floor":14.0,"key":"Odd Mushroom"}],"event_choices":[{"damage_healed":0.0,"max_hp_gain":0.0,"max_hp_loss":0.0,"gold_gain":61.0,"event_name":"Golden Wing","player_choice":"Gained Gold","floor":2.0,"gold_loss":0.0,"damage_taken":0.0},{"damage_healed":0.0,"max_hp_gain":0.0,"max_hp_loss":0.0,"gold_gain":0.0,"event_name":"Mushrooms","player_choice":"Fought Mushrooms","floor":14.0,"gold_loss":0.0,"damage_taken":0.0}],"is_beta":false,"boss_relics":[{"not_picked":["WristBlade","Runic Dome"],"picked":"Pandora\u0027s Box"}],"items_purged_floors":[],"is_endless":false,"potions_floor_spawned":[3,4,7,8,13,14,16,21],"killed_by":"Snecko","ascension_level":20}}