{"host":"312klq0911jlgvh2","time":1614021385,"event":{"mods":["100% Spire Juice","2.2 Compatiblity","AchievementEnabler","Act Like it!","Ascension Unlocker","Aspiration","Astrologer","BaseMod","Beaked The Cultist","Block Reminder","Chen","Clockwork Mod","Colored Powertips","Conspire","Custom Start","Downfall","Energized Spire","Evolution","Friendly Minions","Gensokyo","GifTheSpireLib","Gold Saver","GungeonMod","Halation","Hermit","HololiveMod","Hubris","Infinite Spire","Jedi Mod","Koishi","Marisa????????","Mimic Mod","Minty Spire (QoL Compilation)","Prisma Mod","Random Character Button","Reimu??????","Relic Sorter","Reliquary","Remilia??????","Replay The Spire","Retaliation","Ruina","RumiaBox-????????","Spikes Relics","StS++","StSLib","Stuff the Spire","Synergy Search","The Animator","The Blue Laboratory","The Bug Knight","The Poker Player","TheVacant","Trackpad","Uncapped","UnlockEverythingMod","yUi"],"gold_per_floor":[114,114,134,146,160,187,187,199,199,199,224,237,255,281,281,383,383,401,412,412,429,446,446,473,488,542,542,571,585,601,612,612,707,707,726,741,756,768,787,819,834,846,925,939,974,991,1028,1078,1078,1094],"floor_reached":51,"language":"ENG","playtime":2612,"items_purged":[],"score":1158,"play_id":"b096552c-d606-4bab-a0f8-31be7a10bd32","local_time":"20210222141625","daily_mods":["Draft","Hoarder","Vintage","Heirloom"],"is_ascension_mode":true,"campfire_choices":[{"data":"PrismaMod:MiyuEvokeCheapAttack","floor":7,"key":"SMITH"},{"data":"PrismaMod:MiyuUncommonDexBuff","floor":10,"key":"SMITH"},{"data":"PrismaMod:MiyuUncommonDefend","floor":15,"key":"SMITH"},{"data":"PrismaMod:MiyuUncommonPlate","floor":23,"key":"SMITH"},{"data":"PrismaMod:MiyuUncommonPlate","floor":27,"key":"SMITH"},{"data":"PrismaMod:MiyuUncommonPlate","floor":32,"key":"SMITH"},{"data":"PrismaMod:MiyuUncommonDexBuff","floor":49,"key":"SMITH"}],"circlet_count":0,"master_deck":["PrismaMod:MiyuEvokeCheapAttack+1","PrismaMod:MiyuEvokeCheapAttack","PrismaMod:MiyuUncommonDexBuff+1","PrismaMod:MiyuUncommonDexBuff+1","PrismaMod:MiyuUncommonDefend+1","PrismaMod:MiyuUncommonDefend","PrismaMod:MiyuUncommonPlate+1","PrismaMod:MiyuUncommonPlate+1","PrismaMod:MiyuUncommonPlate+1","PrismaMod:MiyuUberAttack","PrismaMod:MiyuUberAttack","PrismaMod:MiyuUberAttack","PrismaMod:MiyuUberAOEAttack","PrismaMod:MiyuUberAOEAttack","PrismaMod:MiyuUberAOEAttack","PrismaMod:MiyuCheapAttack2","PrismaMod:MiyuCheapAttack2","PrismaMod:MiyuAttackChannelAttack","PrismaMod:MiyuAttackChannelAttack","PrismaMod:MiyuUncommonAOEAttack","PrismaMod:MiyuUncommonAOEAttack","PrismaMod:MiyuEvokeCheapAttack","PrismaMod:MiyuEvokeCheapAttack","PrismaMod:MiyuEvokeCheapAttack","PrismaMod:MiyuCheapChannelHeal","PrismaMod:MiyuCarnivalAttack","PrismaMod:MiyuCarnivalAttack","PrismaMod:MiyuUncommonPlate","PrismaMod:MiyuUncommonPlate","PrismaMod:MiyuUncommonPlate","PrismaMod:MiyuUberAttack","PrismaMod:MiyuUberAttack","PrismaMod:MiyuUberAttack","PrismaMod:MiyuAttackChannelWeak","PrismaMod:MiyuAttackChannelWeak","PrismaMod:MiyuUberDefend","PrismaMod:MiyuUberDefend+1","PrismaMod:MiyuCheapAttack1","PrismaMod:MiyuCheapAttack1","PrismaMod:MiyuCarnivalDefend","PrismaMod:MiyuCarnivalDefend","Doubt","Doubt","Doubt","PrismaMod:MiyuCheapChannelDefend+1","PrismaMod:MiyuCheapChannelDefend","PrismaMod:MiyuCheapChannelDefend","PrismaMod:MiyuCheapDexBuff","PrismaMod:MiyuCheapDexBuff","PrismaMod:MiyuCheapDexBuff","PrismaMod:MiyuEvokeAllAttack","PrismaMod:MiyuUberAttack+1","PrismaMod:MiyuUberAttack+1","PrismaMod:MiyuUberAttack+1","PrismaMod:MiyuCheapDefend1+1","PrismaMod:MiyuCheapDefend1+1","PrismaMod:MiyuCheapDefend1+1","PrismaMod:MiyuDefenseRemoval+1","PrismaMod:MiyuDefenseRemoval+1","PrismaMod:MiyuDefenseRemoval+1"],"relics":["PrismaMod:PrismaSapphire","DemoMod:PartiallyEatenCheese","EVO:Axolotl","DemoMod:VorpalBullet","FossilizedHelix","LugNut","DemoMod:Relodestone","StoneCalendar","reliquary:TuningFork","trackpad:GuardianSpirit","jedi:kaleidoscope","trackpad:Compendium","halation:SelfBoilingWater","Singing Bowl","Sozu","Eternal Feather","Snack Pack","jedi:firstaidkit","LastBattle","aspiration:HummingbirdHeart","hubris:MysteriousPyramids","reliquary:PorcupineQuills","Akabeko","aspiration:EmptySkull","Ornamental Fan","Strawberry","DemoMod:GlassGuonStoneRelic","Hololive_ChaosS","War Paint","Pet Ghost","Toy Ornithopter","Bottled Flame","halation:LettersToHer","Ancient Tea Set","infinitespire:Joker Card","trackpad:FieryHotPepper","reliquary:FeatherDuster","Replay:Bandana","aspiration:ChemicalBlood","Omamori"],"acts_visited":["Exordium","Exordium","TheBeyond"],"potions_floor_usage":[],"damage_taken":[{"damage":4,"enemies":"Small Slimes","floor":1,"turns":3},{"damage":0,"enemies":"Cultist","floor":3,"turns":3},{"damage":0,"enemies":"Jaw Worm","floor":4,"turns":3},{"damage":0,"enemies":"Red Slaver","floor":5,"turns":1},{"damage":0,"enemies":"HollowMod:MossKnight","floor":6,"turns":4},{"damage":0,"enemies":"Blue Slaver","floor":8,"turns":3},{"damage":10,"enemies":"3 Sentries","floor":11,"turns":3},{"damage":5,"enemies":"3 Louse","floor":12,"turns":2},{"damage":5,"enemies":"Gremlin Gang","floor":13,"turns":3},{"damage":20,"enemies":"Replay:BlueRogue","floor":14,"turns":4},{"damage":18,"enemies":"Hexaghost","floor":16,"turns":6},{"damage":7,"enemies":"ruina:Nosferatu","floor":18,"turns":3},{"damage":0,"enemies":"ruina:2_Scarecrows","floor":19,"turns":3},{"damage":0,"enemies":"ruina:KingOfGreed","floor":21,"turns":2},{"damage":0,"enemies":"ruina:KnightOfDespair","floor":22,"turns":3},{"damage":14,"enemies":"ruina:ServantOfWrath","floor":24,"turns":3},{"damage":0,"enemies":"ruina:Woodsman","floor":25,"turns":2},{"damage":6,"enemies":"ruina:RoadHome","floor":28,"turns":5},{"damage":0,"enemies":"ruina:KingOfGreed","floor":29,"turns":2},{"damage":0,"enemies":"ruina:KnightOfDespair","floor":30,"turns":3},{"damage":0,"enemies":"ruina:3_Scarecrows","floor":31,"turns":2},{"damage":15,"enemies":"ruina:Red_and_Wolf","floor":33,"turns":7},{"damage":0,"enemies":"Orb Walker","floor":35,"turns":2},{"damage":38,"enemies":"3 Shapes","floor":36,"turns":4},{"damage":0,"enemies":"Writhing Mass","floor":37,"turns":1},{"damage":0,"enemies":"Maw","floor":38,"turns":5},{"damage":0,"enemies":"Sphere and 2 Shapes","floor":39,"turns":2},{"damage":0,"enemies":"Nemesis","floor":40,"turns":7},{"damage":0,"enemies":"Spire Growth","floor":41,"turns":4},{"damage":0,"enemies":"Maw","floor":42,"turns":3},{"damage":0,"enemies":"Jaw Worm Horde","floor":44,"turns":1},{"damage":0,"enemies":"Giant Head","floor":45,"turns":5},{"damage":0,"enemies":"HollowMod:SlobberingHusk","floor":46,"turns":3},{"damage":0,"enemies":"beaked:SuperParasite","floor":47,"turns":5},{"damage":0,"enemies":"3 Darklings","floor":48,"turns":2},{"damage":8,"enemies":"hubris:GrandSnecko","floor":50,"turns":13}],"seed_played":"9140766172070409926","potions_obtained":[{"floor":5,"key":"blueLaboratory:PolymorphPotion"}],"is_trial":true,"path_per_floor":["M","?","M","M","M","E","R","M","T","R","E","M","M","E","R","B",null,"M","M","?","M","M","R","E","M","T","R","E","M","M","M","R","B",null,"M","M","M","M","M","E","M","M","T","M","E","M","E","M","R","B",null],"character_chosen":"MIYU","items_purchased":[],"campfire_rested":0,"item_purchase_floors":[],"current_hp_per_floor":[75,75,75,75,75,75,75,75,75,75,69,72,70,60,60,50,75,68,75,75,75,75,75,61,63,63,75,71,73,75,82,82,82,82,82,44,44,80,82,82,82,82,82,82,82,82,82,82,82,82],"gold":1094,"neow_bonus":"","is_daily":false,"chose_seed":false,"campfire_upgraded":7,"win_rate":0.0,"timestamp":1614021385,"path_taken":["M","?","M","M","M","E","R","M","T","R","E","?","M","E","R","BOSS","M","M","?","M","M","R","E","M","T","R","E","M","M","M","R","BOSS","M","M","M","M","M","E","M","M","T","M","E","M","E","M","R","BOSS"],"items_purchased_type":[],"build_version":"2020-12-22","purchased_purges":0,"victory":true,"max_hp_per_floor":[75,75,75,75,75,75,75,75,75,75,75,75,75,75,75,75,75,75,75,75,75,75,75,75,75,75,75,75,75,75,82,82,82,82,82,82,82,82,82,82,82,82,82,82,82,82,82,82,82,82],"card_choices":[{"not_picked":["PrismaMod:MiyuCheapChannelWeak","PrismaMod:MiyuCheapEvoke"],"picked":"PrismaMod:MiyuEvokeCheapAttack","floor":0},{"not_picked":["PrismaMod:MiyuEvokeBuffStr","PrismaMod:MiyuUncommonStrBuff"],"picked":"PrismaMod:MiyuUncommonDexBuff","floor":0},{"not_picked":["PrismaMod:MiyuCarnivalAttack","PrismaMod:MiyuOrbIncreasePerm"],"picked":"PrismaMod:MiyuUncommonDefend","floor":0},{"not_picked":["PrismaMod:MiyuCheapEvoke","PrismaMod:MiyuUncommonStrBuff"],"picked":"PrismaMod:MiyuUncommonPlate","floor":0},{"not_picked":["PrismaMod:MiyuCheapAttack1","PrismaMod:MiyuCheapPlate"],"picked":"PrismaMod:MiyuUncommonAttack","floor":0},{"not_picked":["PrismaMod:MiyuCheapAttack2","PrismaMod:MiyuDefenseExplosion"],"picked":"PrismaMod:MiyuUberAttack","floor":0},{"not_picked":["PrismaMod:MiyuUncommonDexBuff","PrismaMod:MiyuUncommonDefend"],"picked":"PrismaMod:MiyuUberAOEAttack","floor":0},{"not_picked":["PrismaMod:MiyuCheapChannelWeak","PrismaMod:MiyuCheapEvoke"],"picked":"PrismaMod:MiyuCheapAttack2","floor":0},{"not_picked":["PrismaMod:MiyuCarnivalAttack","PrismaMod:MiyuMaid"],"picked":"PrismaMod:MiyuAttackChannelAttack","floor":0},{"not_picked":["PrismaMod:MiyuDefenseExplosion","PrismaMod:MiyuDefenseRemoval"],"picked":"PrismaMod:MiyuUncommonAOEAttack","floor":0},{"not_picked":["PrismaMod:MiyuEvokeCheapDefend","PrismaMod:MiyuCheapEvoke"],"picked":"PrismaMod:MiyuEvokeCheapAttack","floor":0},{"not_picked":["PrismaMod:MiyuCarnivalAttack","PrismaMod:MiyuMaid"],"picked":"PrismaMod:MiyuCheapChannelHeal","floor":0},{"not_picked":["PrismaMod:MiyuCheapAttack1","PrismaMod:MiyuUberAOEAttack"],"picked":"PrismaMod:MiyuCarnivalAttack","floor":0},{"not_picked":["PrismaMod:MiyuEvokeBuffDex","PrismaMod:MiyuMaid"],"picked":"PrismaMod:MiyuUncommonPlate","floor":0},{"not_picked":["PrismaMod:MiyuCheapDexBuff","PrismaMod:MiyuCommonAOEAttack"],"picked":"PrismaMod:MiyuUberAttack","floor":0},{"not_picked":["PrismaMod:MiyuDefenseExplosion","PrismaMod:MiyuMaid"],"picked":"PrismaMod:MiyuAttackChannelWeak","floor":6},{"not_picked":["PrismaMod:MiyuEvokeCheapAttack","PrismaMod:MiyuCarnivalAttack"],"picked":"PrismaMod:MiyuUberDefend","floor":11},{"not_picked":["PrismaMod:MiyuChannelAttackEvoke","PrismaMod:MiyuUncommonAttack"],"picked":"PrismaMod:MiyuCheapAttack1","floor":14},{"not_picked":["PrismaMod:MiyuCheapDefend2","PrismaMod:MiyuChannelDefendEvoke"],"picked":"PrismaMod:MiyuCarnivalDefend","floor":16},{"not_picked":["PrismaMod:MiyuCheapEvoke","PrismaMod:MiyuOrbIncreasePerm"],"picked":"PrismaMod:MiyuCheapChannelDefend","floor":24},{"not_picked":["PrismaMod:MiyuBride","PrismaMod:MiyuCarnivalDefend"],"picked":"PrismaMod:MiyuCheapDexBuff","floor":28},{"not_picked":["PrismaMod:MiyuUberDefend","PrismaMod:MiyuDefenseAbsorbMinor"],"picked":"PrismaMod:MiyuEvokeAllAttack","floor":33},{"not_picked":["PrismaMod:MiyuEvokeCheapAttack+1","PrismaMod:MiyuUncommonDefend"],"picked":"PrismaMod:MiyuUberAttack+1","floor":40},{"not_picked":["PrismaMod:MiyuUncommonDexBuff+1","PrismaMod:MiyuCheapEvoke"],"picked":"PrismaMod:MiyuCheapDefend1+1","floor":45},{"not_picked":["PrismaMod:MiyuEvokeBuffStr","PrismaMod:MiyuMaid+1"],"picked":"PrismaMod:MiyuDefenseRemoval+1","floor":47}],"player_experience":563951,"relics_obtained":[{"floor":1,"key":"FossilizedHelix"},{"floor":3,"key":"LugNut"},{"floor":4,"key":"DemoMod:Relodestone"},{"floor":5,"key":"StoneCalendar"},{"floor":6,"key":"reliquary:TuningFork"},{"floor":8,"key":"trackpad:GuardianSpirit"},{"floor":9,"key":"jedi:kaleidoscope"},{"floor":11,"key":"trackpad:Compendium"},{"floor":12,"key":"halation:SelfBoilingWater"},{"floor":14,"key":"Singing Bowl"},{"floor":18,"key":"Eternal Feather"},{"floor":19,"key":"Snack Pack"},{"floor":21,"key":"LastBattle"},{"floor":22,"key":"aspiration:HummingbirdHeart"},{"floor":25,"key":"hubris:MysteriousPyramids"},{"floor":26,"key":"reliquary:PorcupineQuills"},{"floor":28,"key":"Akabeko"},{"floor":29,"key":"aspiration:EmptySkull"},{"floor":30,"key":"Ornamental Fan"},{"floor":31,"key":"Strawberry"},{"floor":35,"key":"War Paint"},{"floor":36,"key":"Pet Ghost"},{"floor":37,"key":"Toy Ornithopter"},{"floor":38,"key":"Bottled Flame"},{"floor":39,"key":"halation:LettersToHer"},{"floor":40,"key":"Ancient Tea Set"},{"floor":41,"key":"DemoMod:PartiallyEatenCheese"},{"floor":42,"key":"infinitespire:Joker Card"},{"floor":43,"key":"halation:LettersToHer"},{"floor":44,"key":"trackpad:FieryHotPepper"},{"floor":45,"key":"reliquary:FeatherDuster"},{"floor":46,"key":"Replay:Bandana"},{"floor":47,"key":"aspiration:ChemicalBlood"},{"floor":48,"key":"Omamori"}],"event_choices":[{"cards_removed":["PrismaMod:MiyuUncommonAOEAttack"],"damage_healed":0,"gold_gain":0,"player_choice":"Offered Uncommon","damage_taken":0,"max_hp_gain":0,"max_hp_loss":0,"event_name":"Bonfire Elementals","floor":2,"gold_loss":0}],"is_beta":false,"boss_relics":[{"not_picked":["Replay:Ancient Bell","ChewingGum"],"picked":"Sozu"},{"not_picked":["hubris:HollowSoul","reliquary:Craggleroot"],"picked":"Hololive_ChaosS"}],"items_purged_floors":[],"is_endless":false,"potions_floor_spawned":[5,6,11,13,19,21,28,33,36,37,40,44,45,46,48],"ascension_level":1}}