{"host":"1ftto2vaskemldx8","time":1614022016,"event":{"mods":["BaseMod","Minty Spire (QoL Compilation)","Replay The Spire","StSLib","Together in Spire","[功能]功能增强和修复MOD"],"gold_per_floor":[367,380,234,234,141,175,350,191,270,298,298,133,133,133,133,382,382,397,397,209,209,80,108,108,125,207,225,241,122,122,152,152,409,409,422,422,337,355,405,431,431,463,487,505,540,540,594,551,551,551,551,551,486,515,515],"floor_reached":56,"language":"ZHS","playtime":3141,"items_purged":["Strike_R","Strike_R","Defend_R","Defend_R","Defend_R","Regret","Doubt","Defend_P","Defend_G","Looming Evil","Crow Ritual+1","Strike_R","Defend_R","Strike_R","Strike_R","ReplayTheSpireMod:Doomed","Whirlwind"],"score":1953,"play_id":"5fef7d4b-f928-4b6f-8dde-87777e4d374f","local_time":"20210223032656","is_ascension_mode":true,"campfire_choices":[{"floor":11,"key":"RECALL"},{"data":"ReplayTheSpireMod:Brewmster","floor":15,"key":"SMITH"},{"data":"Demon Form","floor":32,"key":"SMITH"},{"data":"Double Tap","floor":41,"key":"SMITH"},{"data":"Inflame","floor":41,"key":"SMITH"},{"data":"Replay:Many Hands","floor":46,"key":"SMITH"},{"data":"Pommel Strike","floor":46,"key":"SMITH"},{"data":"Pommel Strike","floor":49,"key":"SMITH"},{"data":"Inflame","floor":49,"key":"SMITH"},{"data":"Ghostly","floor":52,"key":"SMITH"},{"data":"Spot Weakness","floor":52,"key":"SMITH"}],"circlet_count":0,"master_deck":["Bash","Flex","Seeing Red","Shrug It Off","Entrench","ReplayTheSpireMod:Brewmster+1","Thunderclap","Demon Form+1","Flame Barrier","Ghostly Armor","Offering","Double Tap+1","Juggernaut","Pommel Strike+1","Pot Of Greed","Pot Of Greed","Inflame+1","Bandage Up","Necronomicurse","Pommel Strike+1","Pot Of Greed","Power Through","Whirlwind+1","Panache","Ghostly+1","Ghostly","Ghostly","Ghostly","Ghostly","Exhume","Replay:Many Hands+1","Master of Strategy","Pummel+1","Pot Of Greed","Inflame+1","Spot Weakness+1","Ghostly+1","ReplayTheSpireMod:Muscle Training+1"],"relics":["Burning Blood","Bag of Preparation","Replay:WaspNest","ClockworkSouvenir","Blood Vial","BargainBundle","Ornamental Fan","Pen Nib","Boot","Strawberry","Medical Kit","Juzu Bracelet","Durian","Replay:Bottled Steam","Frozen Eye","Red Skull","SlaversCollar","Ring of Hypnosis","Ring of Misfortune","Grinning Jar","Ice Cream","HandDrill","Art of War","ReplayTheSpireMod:TigerMarble","TheAbacus","Replay:Bottled Snecko","Bronze Scales","Necronomicon","HornCleat","PreservedInsect","Sundial","ReplayTheSpireMod:ShopPack","Akabeko","Quantum Egg","Mark of Pain","Membership Card","Pondfish Scales","Self Forming Clay","Replay:Arrowhead","Pet Ghost","Toy Ornithopter","Omamori","Snack Pack","ReplayTheSpireMod:Shallot","Happy Flower","Gremlin Food","Mummified Hand","DollysMirror","Golden Egg","Centennial Puzzle"],"acts_visited":["Exordium","TheCity","TheBeyond","TheEnding"],"potions_floor_usage":[6,6,6,6,10,10,10,10,16,16,16,16,16,18,18,23,23,25,27,33,33,33,38,38,38,39,50,50,55,55],"damage_taken":[{"damage":6,"enemies":"Cultist","floor":1,"turns":4},{"damage":10,"enemies":"Small Slimes","floor":2,"turns":4},{"damage":6,"enemies":"Gremlin Nob","floor":6,"turns":4},{"damage":5,"enemies":"Lagavulin","floor":10,"turns":5},{"damage":12,"enemies":"Fading Forest","floor":16,"turns":11},{"damage":18,"enemies":"Spheric Guardian","floor":18,"turns":4},{"damage":11,"enemies":"Slavers","floor":23,"turns":2},{"damage":13,"enemies":"3 Byrds","floor":25,"turns":3},{"damage":0,"enemies":"Snake Plant","floor":27,"turns":3},{"damage":6,"enemies":"Centurion and Healer","floor":28,"turns":2},{"damage":6,"enemies":"Replay:Snechameleon","floor":31,"turns":1},{"damage":0,"enemies":"Collector","floor":33,"turns":4},{"damage":0,"enemies":"3 Shapes","floor":35,"turns":5},{"damage":1,"enemies":"3 Darklings","floor":38,"turns":3},{"damage":0,"enemies":"Mind Bloom Boss Battle","floor":39,"turns":4},{"damage":0,"enemies":"Reptomancer","floor":40,"turns":1},{"damage":0,"enemies":"Nemesis","floor":42,"turns":5},{"damage":0,"enemies":"Writhing Mass","floor":44,"turns":2},{"damage":6,"enemies":"R_Hoarder","floor":45,"turns":2},{"damage":4,"enemies":"Time Eater","floor":50,"turns":6},{"damage":1,"enemies":"Shield and Spear","floor":54,"turns":4},{"damage":0,"enemies":"The Heart","floor":55,"turns":7}],"seed_played":"3372844992739243753","potions_obtained":[{"floor":2,"key":"GamblersBrew"},{"floor":2,"key":"Toxic Potion"},{"floor":6,"key":"HeartOfIron"},{"floor":10,"key":"Strength Potion"},{"floor":23,"key":"ElixirPotion"},{"floor":25,"key":"Adrenaline Potion"},{"floor":28,"key":"EssenceOfSteel"},{"floor":31,"key":"Toxic Potion"},{"floor":35,"key":"BloodPotion"},{"floor":38,"key":"Venom Potion"},{"floor":42,"key":"Swift Potion"}],"is_trial":false,"path_per_floor":["M","M","$","?","$","E","?","$","T","E","R","$","?","?","R","B",null,"M","?","$","?","$","E","?","M","T","M","M","$","?","E","R","B",null,"M","?","$","M","?","E","R","E","T","M","E","R","?","$","R","B",null,"R","$","E","B",null],"character_chosen":"IRONCLAD","items_purchased":["Bag of Preparation","Replay:WaspNest","ClockworkSouvenir","Shrug It Off","BargainBundle","Entrench","ReplayTheSpireMod:Brewmster","Ornamental Fan","Boot","Strawberry","Medical Kit","Demon Form","Flame Barrier","Flash of Steel","Durian","Replay:Bottled Steam","Frozen Eye","Ghostly Armor","Grinning Jar","Ice Cream","HandDrill","Inflame","Bandage Up","Whirlwind","ReplayTheSpireMod:TigerMarble","TheAbacus","Replay:Bottled Snecko","PreservedInsect","Sundial","Whirlwind+1","ReplayTheSpireMod:ShopPack","Membership Card","Pondfish Scales","Self Forming Clay","Happy Flower","Inflame","Spot Weakness","Gremlin Food","Mummified Hand","DollysMirror","Golden Egg"],"campfire_rested":0,"item_purchase_floors":[3,3,3,3,5,5,5,5,8,8,8,8,8,8,12,12,12,12,20,20,20,20,20,22,22,22,22,29,29,29,29,37,37,37,48,48,48,48,53,53,53],"current_hp_per_floor":[80,76,76,76,76,78,78,85,85,87,87,92,92,92,92,86,92,80,80,80,80,80,85,69,68,68,80,86,86,46,46,46,46,46,46,36,36,46,46,46,46,46,46,46,46,46,46,46,46,46,46,46,46,46,46],"gold":515,"neow_bonus":"TWO_FIFTY_GOLD","is_daily":false,"chose_seed":false,"campfire_upgraded":10,"win_rate":0.0,"timestamp":1614022016,"path_taken":["M","?","$","?","$","E","?","$","T","E","R","?","?","?","R","BOSS","M","?","$","?","$","E","?","M","T","M","M","$","?","E","R","BOSS","M","?","$","M","?","E","R","E","T","M","E","R","?","$","R","BOSS","R","$","E","BOSS"],"items_purchased_type":["Relic","Relic","Relic","Card","Relic","Card","Card","Relic","Relic","Relic","Relic","Card","Card","Card","Relic","Relic","Relic","Card","Relic","Relic","Relic","Card","Card","Card","Relic","Relic","Relic","Relic","Relic","Card","Relic","Relic","Relic","Relic","Relic","Card","Card","Relic","Relic","Relic","Relic"],"build_version":"2020-12-22","purchased_purges":17,"victory":true,"max_hp_per_floor":[80,80,80,80,80,80,80,87,87,87,87,92,92,92,92,92,92,92,92,92,92,92,92,92,92,92,92,92,92,46,46,46,46,46,46,46,46,46,46,46,46,46,46,46,46,46,46,46,46,46,46,46,46,46,46],"card_choices":[{"not_picked":["Sentinel","Uppercut"],"picked":"Flex","floor":1},{"not_picked":["Headbutt","Dual Wield"],"picked":"Seeing Red","floor":2},{"not_picked":["Bloodletting","Dark Embrace"],"picked":"Thunderclap","floor":6},{"not_picked":["Replay:Undeath\u0027s Touch","Wild Strike","Heavy Blade"],"picked":"SKIP","floor":10},{"not_picked":["Fiend Fire","Demonic Infusion"],"picked":"Offering","floor":16},{"not_picked":["Immolate","Offering"],"picked":"Double Tap","floor":16},{"not_picked":["Berserk","Impervious"],"picked":"Juggernaut","floor":16},{"not_picked":["Wild Strike+1","ReplayReversal"],"picked":"Pommel Strike","floor":18},{"not_picked":["Anger+1","Run Through","Armaments"],"picked":"SKIP","floor":23},{"not_picked":["Seeing Red","Perfected Strike","Wild Strike"],"picked":"SKIP","floor":25},{"not_picked":["Clash","Combust+1"],"picked":"Pommel Strike","floor":27},{"not_picked":["Juggernaut","Entrench"],"picked":"Power Through","floor":28},{"not_picked":["The Bomb","Secret Weapon"],"picked":"Panache","floor":29},{"not_picked":["Blood for Blood","Replay:Undeath\u0027s Touch","Berserk"],"picked":"SKIP","floor":31},{"not_picked":["Offering","Impervious"],"picked":"Exhume","floor":33},{"not_picked":["Berserk","Offering"],"picked":"Replay:Many Hands","floor":33},{"not_picked":["ReplayTheSpireMod:Limb From Limb+1","Carnage","Armaments"],"picked":"SKIP","floor":35},{"not_picked":["Violence","Panache"],"picked":"Master of Strategy","floor":36},{"not_picked":["True Grit+1","Spot Weakness","Flame Barrier"],"picked":"SKIP","floor":38},{"not_picked":["Dropkick","Exhume","Iron Wave+1"],"picked":"SKIP","floor":40},{"not_picked":["ReplayTheSpireMod:Strike From Hell","ReplayReversal+1","Evolve+1"],"picked":"SKIP","floor":42},{"not_picked":["Wild Strike+1","Armaments"],"picked":"Pummel+1","floor":44},{"not_picked":["Wild Strike+1","Dual Wield","Headbutt"],"picked":"SKIP","floor":45},{"not_picked":["Clash+1","Evolve+1"],"picked":"ReplayTheSpireMod:Muscle Training+1","floor":54}],"player_experience":206219,"relics_obtained":[{"floor":6,"key":"Pen Nib"},{"floor":10,"key":"Juzu Bracelet"},{"floor":16,"key":"Red Skull"},{"floor":19,"key":"Ring of Hypnosis"},{"floor":19,"key":"Ring of Misfortune"},{"floor":23,"key":"Bronze Scales"},{"floor":24,"key":"Necronomicon"},{"floor":26,"key":"HornCleat"},{"floor":31,"key":"Akabeko"},{"floor":33,"key":"Quantum Egg"},{"floor":39,"key":"Replay:Arrowhead"},{"floor":40,"key":"Pet Ghost"},{"floor":42,"key":"Toy Ornithopter"},{"floor":43,"key":"Omamori"},{"floor":45,"key":"Snack Pack"},{"floor":47,"key":"ReplayTheSpireMod:Shallot"},{"floor":54,"key":"Centennial Puzzle"}],"event_choices":[{"damage_healed":0,"gold_gain":0,"player_choice":"Box","damage_taken":0,"relics_obtained":["Blood Vial"],"max_hp_gain":0,"max_hp_loss":0,"event_name":"Big Fish","floor":4,"gold_loss":0,"cards_obtained":["Regret"]},{"damage_healed":0,"gold_gain":175,"player_choice":"AGREE","damage_taken":0,"max_hp_gain":0,"max_hp_loss":0,"event_name":"Liars Game","floor":7,"gold_loss":0,"cards_obtained":["Doubt"]},{"damage_healed":0,"gold_gain":0,"player_choice":"Bought 0 Potions","damage_taken":0,"max_hp_gain":0,"max_hp_loss":0,"event_name":"The Woman in Blue","floor":14,"gold_loss":0},{"damage_healed":0,"gold_gain":0,"player_choice":"Obtained Book","damage_taken":16,"max_hp_gain":0,"max_hp_loss":0,"event_name":"Cursed Tome","floor":24,"gold_loss":0},{"damage_healed":0,"gold_gain":0,"player_choice":"Became a Ghost","damage_taken":0,"max_hp_gain":0,"max_hp_loss":46,"event_name":"Ghosts","floor":30,"gold_loss":0,"cards_obtained":["Ghostly","Ghostly","Ghostly","Ghostly","Ghostly"]},{"damage_healed":0,"gold_gain":0,"player_choice":"Memory 3","damage_taken":10,"max_hp_gain":0,"max_hp_loss":0,"event_name":"SensoryStone","floor":36,"gold_loss":0},{"damage_healed":0,"gold_gain":0,"player_choice":"Fight","damage_taken":0,"max_hp_gain":0,"max_hp_loss":0,"event_name":"MindBloom","floor":39,"gold_loss":0}],"is_beta":false,"boss_relics":[{"not_picked":["Calling Bell","Replay:Ancient Bell"],"picked":"SlaversCollar"},{"not_picked":["SacredBark","Replay:Wanted Poster"],"picked":"Mark of Pain"}],"items_purged_floors":[3,3,3,3,3,5,8,12,12,20,20,20,20,20,20,22,29],"is_endless":false,"potions_floor_spawned":[2,2,6,10,23,23,25,25,28,28,31,35,38,39,40,42,42,44,45,45,45],"ascension_level":4}}