{"host":"ymmeoa1x24ihslbm","time":1614005477,"event":{"mods":["AchievementEnabler","BaseMod","Colored Map","Colored Powertips","Defuse TimeMaze Blight","Highlight Path","Minty Spire (QoL Compilation)","Permanent Neow","Quick Restart","StSLib","The Senshi","Unceasing Turn Reminder"],"gold_per_floor":[118,118,137,152,152,152,183,183,183,183,214,19,34,46,46,151,151,167,167,177,197,197,197],"floor_reached":22,"language":"ENG","playtime":886,"items_purged":[],"score":344,"play_id":"86c374d9-a778-4f14-9644-f67e2fcb6771","local_time":"20210222155117","is_ascension_mode":true,"campfire_choices":[{"data":"theSenshi:SailorVenusAssists","floor":6.0,"key":"SMITH"},{"data":"theSenshi:SailorPlanetAttack","floor":8.0,"key":"SMITH"},{"data":"theSenshi:RoseThrow","floor":10.0,"key":"SMITH"},{"data":"theSenshi:MoonCrisisMakeUp","floor":15.0,"key":"SMITH"}],"circlet_count":0,"master_deck":["theSenshi:SailorKick","theSenshi:SailorKick","theSenshi:SailorKick","theSenshi:SailorKick","theSenshi:SailorBlock","theSenshi:SailorBlock","theSenshi:SailorBlock","theSenshi:RoseThrow+1","theSenshi:MoonPrismPowerMakeUp+1","theSenshi:SailorMarsAssists+1","theSenshi:SailorPlanetAttack+1","theSenshi:SailorVenusAssists+1","theSenshi:MoonCrisisMakeUp+1","theSenshi:StarlightHoneymoonTherapyKiss","theSenshi:SailorChibiMoonAssists","theSenshi:LunaSensingAllies","theSenshi:SailorMercuryAssists","J.A.X.","theSenshi:MoonHealingEscalation+1"],"relics":["theSenshi:TransformationBroochRelic","Eternal Feather","Mercury Hourglass","Dead Branch","SacredBark"],"acts_visited":["Exordium","TheCity"],"potions_floor_usage":[],"damage_taken":[{"damage":8.0,"enemies":"2 Louse","floor":1.0,"turns":3.0},{"damage":0.0,"enemies":"Jaw Worm","floor":3.0,"turns":3.0},{"damage":6.0,"enemies":"Small Slimes","floor":4.0,"turns":4.0},{"damage":20.0,"enemies":"Gremlin Nob","floor":7.0,"turns":4.0},{"damage":24.0,"enemies":"Lagavulin","floor":11.0,"turns":6.0},{"damage":3.0,"enemies":"Blue Slaver","floor":13.0,"turns":3.0},{"damage":10.0,"enemies":"Lots of Slimes","floor":14.0,"turns":2.0},{"damage":0.0,"enemies":"Slime Boss","floor":16.0,"turns":6.0},{"damage":18.0,"enemies":"2 Thieves","floor":18.0,"turns":3.0},{"damage":4.0,"enemies":"Shell Parasite","floor":20.0,"turns":4.0},{"damage":23.0,"enemies":"Cultist and Chosen","floor":21.0,"turns":6.0},{"damage":30,"enemies":"Masked Bandits","floor":22,"turns":2}],"seed_played":"356686211605426164","potions_obtained":[{"floor":3.0,"key":"Strength Potion"},{"floor":11.0,"key":"SkillPotion"},{"floor":14.0,"key":"SneckoOil"},{"floor":16.0,"key":"GamblersBrew"},{"floor":20.0,"key":"AttackPotion"},{"floor":21.0,"key":"FearPotion"}],"is_trial":false,"path_per_floor":["M","?","M","M","?","R","E","R","T","R","E","$","M","M","R","B",null,"M","?","M","M","?"],"character_chosen":"THE_SENSHI","items_purchased":["theSenshi:MoonCrisisMakeUp","theSenshi:StarlightHoneymoonTherapyKiss"],"campfire_rested":0,"item_purchase_floors":[12,12],"current_hp_per_floor":[60,53,53,47,47,47,27,33,33,39,15,15,12,2,11,11,59,41,41,37,14,0,0],"gold":197,"neow_bonus":"UPGRADE_CARD","is_daily":false,"chose_seed":false,"campfire_upgraded":4,"win_rate":0.0,"timestamp":1614005477,"path_taken":["M","?","M","M","?","R","E","R","T","R","E","?","M","M","R","BOSS","M","?","M","M","?"],"items_purchased_type":["Card","Card"],"build_version":"2020-12-22","purchased_purges":0,"victory":false,"max_hp_per_floor":[75,75,75,75,75,75,75,75,75,75,75,75,75,75,75,75,75,75,75,75,75,75,75],"card_choices":[{"not_picked":["theSenshi:Sidestep","theSenshi:PlutosSolemnity"],"picked":"theSenshi:SailorMarsAssists","floor":1.0},{"not_picked":["theSenshi:InTheNickOfTime","theSenshi:MoonPunch"],"picked":"theSenshi:SailorPlanetAttack","floor":3.0},{"not_picked":["theSenshi:TallSilhouette","theSenshi:MoonTiaraMagic"],"picked":"theSenshi:SailorVenusAssists","floor":4.0},{"not_picked":["theSenshi:MoonPunch","theSenshi:SailorVenusAssists","theSenshi:MoonPower"],"picked":"SKIP","floor":7.0},{"not_picked":["theSenshi:MoonsReflection","theSenshi:MoonTiaraMagic","theSenshi:KlutzyLuck"],"picked":"SKIP","floor":11.0},{"not_picked":["theSenshi:MoonCosmicPowerMakeUp","theSenshi:SailorMarsAssists","theSenshi:SailorVenusAssists"],"picked":"SKIP","floor":13.0},{"not_picked":["theSenshi:TuxedoMaskAssists","theSenshi:SailorPlanetAttack"],"picked":"theSenshi:SailorChibiMoonAssists","floor":14.0},{"not_picked":["theSenshi:SilverCrystal","theSenshi:ChibiMoonsLove"],"picked":"theSenshi:LunaSensingAllies","floor":16.0},{"not_picked":["theSenshi:UranusStrength+1","theSenshi:MoonTiaraMagic+1"],"picked":"theSenshi:SailorMercuryAssists","floor":18.0},{"not_picked":["theSenshi:NeptunesGrace","theSenshi:RainbowMoonHeartAche"],"picked":"theSenshi:MoonHealingEscalation+1","floor":20.0},{"not_picked":["theSenshi:SailorStarFighterAssists","theSenshi:MoonPunch","theSenshi:PlutosSolemnity"],"picked":"SKIP","floor":21.0}],"player_experience":764806,"relics_obtained":[{"floor":7.0,"key":"Eternal Feather"},{"floor":9.0,"key":"Mercury Hourglass"},{"floor":11.0,"key":"Dead Branch"}],"event_choices":[{"cards_removed":["theSenshi:SailorBlock"],"damage_healed":0.0,"max_hp_gain":0.0,"max_hp_loss":0.0,"gold_gain":0.0,"event_name":"Golden Wing","player_choice":"Card Removal","floor":2.0,"gold_loss":0.0,"damage_taken":7.0},{"damage_healed":0.0,"max_hp_gain":0.0,"max_hp_loss":0.0,"gold_gain":0.0,"event_name":"Living Wall","player_choice":"Grow","floor":5.0,"gold_loss":0.0,"damage_taken":0.0,"cards_upgraded":["theSenshi:SailorMarsAssists"]},{"damage_healed":0.0,"max_hp_gain":0.0,"max_hp_loss":0.0,"gold_gain":0.0,"event_name":"Drug Dealer","player_choice":"Obtain J.A.X.","floor":19.0,"gold_loss":0.0,"damage_taken":0.0,"cards_obtained":["J.A.X."]},{"damage_healed":0,"gold_gain":0,"player_choice":"Fought Bandits","damage_taken":0,"max_hp_gain":0,"max_hp_loss":0,"event_name":"Masked Bandits","floor":22,"gold_loss":0}],"is_beta":false,"boss_relics":[{"not_picked":["Snecko Eye","Ectoplasm"],"picked":"SacredBark"}],"items_purged_floors":[],"is_endless":false,"potions_floor_spawned":[3,11,14,16,20,21],"killed_by":"Masked Bandits","ascension_level":8}}