{"host":"r4aerl4ckfvw1dw3","time":1614036756,"event":{"mods":["BaseMod","BetterRewards","Minty Spire (QoL Compilation)","Quick Restart","StSLib"],"gold_per_floor":[109,123,48,64,80,80,112,112,112,125,125,125],"floor_reached":11,"language":"ENG","playtime":383,"items_purged":["Strike_G"],"score":116,"play_id":"129323ab-cd5e-47ae-a19f-0307ec01dc07","local_time":"20210222153236","is_ascension_mode":true,"campfire_choices":[{"data":"Blade Dance","floor":6,"key":"SMITH"},{"floor":8,"key":"REST"}],"circlet_count":0,"master_deck":["AscendersBane","Strike_G","Strike_G","Strike_G","Strike_G","Defend_G","Defend_G","Defend_G","Defend_G","Defend_G","Survivor","Neutralize","Grand Finale","Blade Dance+1","Cloak And Dagger","Well Laid Plans","Terror"],"relics":["Ring of the Snake","Bottled Lightning","StrikeDummy"],"acts_visited":["Exordium"],"potions_floor_usage":[10],"damage_taken":[{"damage":0,"enemies":"Cultist","floor":1,"turns":4},{"damage":11,"enemies":"Jaw Worm","floor":2,"turns":5},{"damage":3,"enemies":"2 Louse","floor":4,"turns":3},{"damage":3,"enemies":"Blue Slaver","floor":5,"turns":4},{"damage":40,"enemies":"Gremlin Nob","floor":7,"turns":5},{"damage":13,"enemies":"Exordium Wildlife","floor":10,"turns":4},{"damage":17,"enemies":"3 Sentries","floor":11,"turns":2}],"seed_played":"-4605496151351923485","potions_obtained":[{"floor":1,"key":"Explosive Potion"}],"is_trial":false,"path_per_floor":["M","M","$","M","M","R","E","R","T","M","E"],"character_chosen":"THE_SILENT","items_purchased":[],"campfire_rested":1,"item_purchase_floors":[],"current_hp_per_floor":[63,52,52,49,46,46,6,24,24,11,0,0],"gold":125,"neow_bonus":"THREE_RARE_CARDS","is_daily":false,"chose_seed":false,"campfire_upgraded":1,"win_rate":0.0,"timestamp":1614036756,"path_taken":["M","M","$","M","M","R","E","R","T","M","E"],"items_purchased_type":[],"build_version":"2020-12-22","purchased_purges":1,"victory":false,"max_hp_per_floor":[63,63,63,63,63,63,63,63,63,63,63,63],"card_choices":[{"not_picked":["After Image","Bullet Time"],"picked":"Grand Finale","floor":0},{"not_picked":["Well Laid Plans","Deflect"],"picked":"Blade Dance","floor":1},{"not_picked":["Flying Knee","Caltrops"],"picked":"Cloak And Dagger","floor":2},{"not_picked":["Acrobatics","Slice"],"picked":"Well Laid Plans","floor":4},{"not_picked":["Bane","Bouncing Flask","Concentrate"],"picked":"SKIP","floor":5},{"not_picked":["Slice","Endless Agony","Predator"],"picked":"SKIP","floor":7},{"not_picked":["Cloak And Dagger","Quick Slash"],"picked":"Terror","floor":10}],"player_experience":667640,"relics_obtained":[{"floor":7,"key":"Bottled Lightning"},{"floor":9,"key":"StrikeDummy"}],"event_choices":[],"is_beta":false,"boss_relics":[],"items_purged_floors":[3],"is_endless":false,"potions_floor_spawned":[1],"killed_by":"3 Sentries","ascension_level":11}}