{"host":"zcqxp6x6rw0ud13y","time":1614000393,"event":{"mods":["BaseMod","Beaked The Cultist","Better Altar","Better Match","Better Note","Better Sensory Stone","Better Skull","Better Third Choice","Colored Map","Colored Powertips","Downfall","Energized Spire","Friendly Minions","Gremlin Mod","Highlight Path","Hubris","Minty Spire (QoL Compilation)","Random Character Button","Rare Cards Sparkle","Reliquary","Replay The Spire","SIMod","Slumbering Mod","Spicy Shops","StSLib","The Dragon Tamer","The Spell Scribe","TheBandit","Trackpad","Wandering Minibosses"],"gold_per_floor":[99,99,116,26,44,44,44,59,59,94,49,60,60,87,100,100,100],"floor_reached":16,"language":"ENG","playtime":1963,"items_purged":["Strike_TS"],"score":185,"play_id":"d5ad9713-38bb-41d7-8390-f8743c5ab5f6","local_time":"20210222142633","is_ascension_mode":false,"campfire_choices":[{"floor":1,"key":"RECALL"},{"data":"TenInstruments","floor":6,"key":"SMITH"},{"data":"GemstoneDetection","floor":9,"key":"SMITH"}],"circlet_count":0,"master_deck":["Strike_AJ","Strike_RR","Strike_RD","Defend_TS","Defend_PP","Defend_FS","Defend_AJ","ConcertedEfforts","HarmonyShield","GemstoneDetection+1","BehindTheScene","TenInstruments+1","Stare","BigDeal","Smile","Magictrain","ReplayTheSpireMod:Faulty Equipment","MirrorLake","RashStunts"],"relics":["Honey Jar","hubris:DisguiseKit","White Beast Statue"],"acts_visited":["Exordium"],"potions_floor_usage":[],"damage_taken":[{"damage":0,"enemies":"Small Slimes","floor":3,"turns":2},{"damage":5,"enemies":"downfall:FleeingMerchant","floor":4,"turns":4},{"damage":1,"enemies":"Cultist","floor":5,"turns":3},{"damage":7,"enemies":"2 Louse","floor":8,"turns":3},{"damage":0,"enemies":"Lagavulin","floor":10,"turns":14},{"damage":14,"enemies":"downfall:FleeingMerchant","floor":11,"turns":5},{"damage":2,"enemies":"Exordium Thugs","floor":12,"turns":4},{"damage":5,"enemies":"3 Sentries","floor":14,"turns":11},{"damage":18,"enemies":"Blue Slaver","floor":15,"turns":6},{"damage":80,"enemies":"DF_ARCHETYPE_STREAMLINE","floor":16,"turns":17}],"seed_played":"5617367597791742848","potions_obtained":[{"floor":5,"key":"Guardian:BlockOnCardUsePotion"},{"floor":10,"key":"Weak Potion"},{"floor":12,"key":"Regen Potion"},{"floor":14,"key":"hexamod:SoulburnPotion"},{"floor":15,"key":"Dexterity Potion"}],"is_trial":false,"path_per_floor":["R","?","M","$","M","R","T","M","R","E","$","M","?","E","M","B"],"character_chosen":"TWI_CLASS","items_purchased":[],"campfire_rested":0,"item_purchase_floors":[],"current_hp_per_floor":[82,82,82,77,76,76,76,69,69,69,55,53,53,48,39,0,0],"gold":100,"neow_bonus":"BOSS_RELIC","is_daily":false,"chose_seed":false,"campfire_upgraded":2,"win_rate":0.0,"timestamp":1614000393,"path_taken":["R","?","M","?","M","R","T","?","R","E","$","M","?","E","M","BOSS"],"items_purchased_type":[],"build_version":"2020-12-22","purchased_purges":1,"victory":false,"max_hp_per_floor":[82,82,82,82,82,82,82,82,82,82,82,82,82,82,82,164,164],"card_choices":[{"not_picked":["FriendOfNature","ThunderCloud","Magic_Beam"],"picked":"GemstoneDetection","floor":3},{"not_picked":["Yay","GemstoneDetection","Louder"],"picked":"BehindTheScene","floor":4},{"not_picked":["FollowTherRainbow","PartyAlone","FriendOfNature"],"picked":"TenInstruments","floor":5},{"not_picked":["AppleFeast","ServeMeal","BehindTheScene"],"picked":"Stare","floor":8},{"not_picked":["SwiftKick","Charge","KillingWithKindness"],"picked":"BigDeal","floor":10},{"not_picked":["ThunderCloud","ServeMeal","FollowTherRainbow"],"picked":"Smile","floor":11},{"not_picked":["Lasso","Magic","Charge"],"picked":"Magictrain","floor":12},{"not_picked":["Charge","PartyCana","Honesty","Sword Boomerang"],"picked":"MirrorLake","floor":14},{"not_picked":["BehindTheScene","ThrowingApples","Celebrities","Carnage"],"picked":"RashStunts","floor":15}],"player_experience":86259,"relics_obtained":[{"floor":10,"key":"PreservedInsect"},{"floor":14,"key":"White Beast Statue"}],"event_choices":[{"damage_healed":0,"gold_gain":0,"player_choice":"Ignored","damage_taken":0,"max_hp_gain":0,"max_hp_loss":0,"event_name":"betterNote:BetterNote","floor":2,"gold_loss":0,"cards_obtained":["DTMod:GearUp"]}],"is_beta":false,"boss_relics":[],"items_purged_floors":[4],"is_endless":false,"potions_floor_spawned":[5,10,12,14,15],"killed_by":"DF_ARCHETYPE_STREAMLINE","ascension_level":0}}