{"host":"oq9vgnvl0fi8z8ha","time":1614004070,"event":{"mods":["BaseMod","Block Reminder","ChefMod","Curses Come First","Evolution","Fox Events","Highlight Path","Minty Spire (QoL Compilation)","Relic Stats","Robot Space Explorer","Smile Girya","StSLib","The Blue Laboratory","The Bug Knight","The Runesmith","Treasure Hunter","Unceasing Turn Reminder"],"gold_per_floor":[537,537,537,554,572,598,598,598,623,623,658,682,66,79,79,175,175,191,191,48,66,66,66,83,111,111,121,121,121],"floor_reached":28,"language":"ENG","playtime":2227,"items_purged":[],"score":246,"play_id":"1afd756b-0504-4efb-908e-63e7c7f82b15","local_time":"20210222072750","is_ascension_mode":false,"campfire_choices":[{"data":"Runesmith:Fortify","floor":7,"key":"SMITH"},{"floor":10,"key":"RECALL"},{"floor":15,"key":"REST"},{"data":"RitualDagger","floor":23,"key":"SMITH"}],"circlet_count":0,"master_deck":["Runesmith:Overpower","Runesmith:EnergizedChisel","Runesmith:HeatedChisel","Runesmith:ShiftingStrike","Runesmith:Grindstone","Runesmith:Defend_RS+1","Runesmith:Defend_RS+1","Runesmith:CraftFirestone","Runesmith:Fortify+1","Runesmith:HammerThrow","Runesmith:ChiselStab","Runesmith:HammerTime","TH:DeckOfManyThings","Runesmith:Grindstone","TH:BikiniMail","TH:TreasureMap","TH:CopperCoins","Runesmith:Augment","Runesmith:HammerThrow","Runesmith:LithiumIon","Runesmith:Grindstone+1","Swift Strike","Runesmith:EarthShield+1","TH:DeckOfManyThings","Runesmith:CraftIndustria+1","Runesmith:UnstableHammer","Runesmith:Superposition","RitualDagger+1","TH:ArmorSpikes","Runesmith:RunicBlueprint+1","TH:ElvenBoots","Runesmith:CraftProtectio+1"],"relics":["Runesmith:BrokenRuby","EVO:Axolotl","Mercury Hourglass","Runesmith:MiniCore","Toy Ornithopter","Odd Mushroom","Toxic Egg 2","Orichalcum","Busted Crown","Akabeko","War Paint","Du-Vu Doll"],"acts_visited":["Exordium","TheCity"],"potions_floor_usage":[16,21,24,25],"damage_taken":[{"damage":0,"enemies":"2 Louse","floor":1,"turns":2},{"damage":0,"enemies":"Jaw Worm","floor":4,"turns":2},{"damage":0,"enemies":"Small Slimes","floor":5,"turns":2},{"damage":24,"enemies":"Lagavulin","floor":6,"turns":5},{"damage":20,"enemies":"HollowMod:MossKnight","floor":11,"turns":6},{"damage":7,"enemies":"The Mushroom Lair","floor":12,"turns":3},{"damage":6,"enemies":"Blue Slaver","floor":14,"turns":3},{"damage":22,"enemies":"The Guardian","floor":16,"turns":12},{"damage":14,"enemies":"3 Byrds","floor":18,"turns":5},{"damage":0,"enemies":"Spheric Guardian","floor":21,"turns":5},{"damage":10,"enemies":"Cultist and Chosen","floor":24,"turns":7},{"damage":41,"enemies":"Slavers","floor":25,"turns":8},{"damage":18,"enemies":"Shelled Parasite and Fungi","floor":27,"turns":5},{"damage":9,"enemies":"Gremlin Leader","floor":28,"turns":2}],"seed_played":"6538934360864390831","potions_obtained":[{"floor":4,"key":"DistilledChaos"},{"floor":11,"key":"blueLaboratory:StoneskinPotion"},{"floor":14,"key":"blueLaboratory:HummingbirdPotion"},{"floor":16,"key":"blueLaboratory:BubblePotion"}],"is_trial":false,"path_per_floor":["M","?","?","M","M","E","R","T","T","R","E","?","$","M","R","B",null,"M","?","$","M","?","R","M","E","T","M","E"],"character_chosen":"RUNESMITH_CLASS","items_purchased":["Toxic Egg 2","Orichalcum","Runesmith:LithiumIon","Runesmith:Grindstone+1","Swift Strike","Akabeko"],"campfire_rested":1,"item_purchase_floors":[13,13,13,13,13,20],"current_hp_per_floor":[77,77,77,77,77,53,53,53,53,53,33,26,26,20,43,26,77,63,63,63,68,62,62,57,21,21,3,0,0],"gold":121,"neow_bonus":"TEN_PERCENT_HP_BONUS","is_daily":false,"chose_seed":false,"campfire_upgraded":2,"win_rate":0.0,"timestamp":1614004070,"path_taken":["M","?","?","M","M","E","R","?","T","R","E","?","$","?","R","BOSS","M","?","?","?","?","R","M","E","T","M","E"],"items_purchased_type":["Relic","Relic","Card","Card","Card","Relic"],"build_version":"2020-12-22","purchased_purges":0,"victory":false,"max_hp_per_floor":[77,77,77,77,77,77,77,77,77,77,77,77,77,77,77,77,77,77,77,77,77,77,77,77,77,77,77,77,77],"relic_stats":{"Busted Crown":18,"counters":[14,67],"Orichalcum":[42],"War Paint":["Runesmith:Defend_RS","Runesmith:Defend_RS"],"obtain_stats":[{"Du-Vu Doll":26,"Runesmith:BrokenRuby":0,"Busted Crown":17,"Runesmith:MiniCore":9,"EVO:Axolotl":0,"Odd Mushroom":12,"Toxic Egg 2":13,"Orichalcum":13,"War Paint":25,"Toy Ornithopter":11,"Akabeko":20,"Mercury Hourglass":6},{"Du-Vu Doll":12,"Runesmith:BrokenRuby":0,"Busted Crown":8,"Runesmith:MiniCore":4,"EVO:Axolotl":0,"Odd Mushroom":6,"Toxic Egg 2":6,"Orichalcum":6,"War Paint":12,"Toy Ornithopter":5,"Akabeko":9,"Mercury Hourglass":4},{"Du-Vu Doll":60,"Runesmith:BrokenRuby":0,"Busted Crown":35,"Runesmith:MiniCore":11,"EVO:Axolotl":0,"Odd Mushroom":20,"Toxic Egg 2":20,"Orichalcum":20,"War Paint":60,"Toy Ornithopter":17,"Akabeko":40,"Mercury Hourglass":11}],"Toy Ornithopter":20,"Mercury Hourglass":[224]},"card_choices":[{"not_picked":["Runesmith:Grindstone","Runesmith:RuneHurl"],"picked":"Runesmith:HammerThrow","floor":1},{"not_picked":["Runesmith:StaticCage","Runesmith:HammerThrow"],"picked":"Runesmith:ChiselStab","floor":4},{"not_picked":["Runesmith:Superposition","Runesmith:HammerThrow"],"picked":"Runesmith:HammerTime","floor":5},{"not_picked":["TH:ElvenBoots"],"picked":"TH:DeckOfManyThings","floor":6},{"not_picked":["Runesmith:UnlimitedPower","Runesmith:ChiselStab"],"picked":"Runesmith:Grindstone","floor":6},{"not_picked":["TH:CopperCoins"],"picked":"TH:BikiniMail","floor":8},{"not_picked":["TH:DeckOfManyThings"],"picked":"TH:TreasureMap","floor":9},{"not_picked":["TH:DeckOfManyThings"],"picked":"TH:CopperCoins","floor":11},{"not_picked":["Runesmith:BackupBattery","Runesmith:CraftMagma"],"picked":"Runesmith:Augment","floor":11},{"not_picked":["Runesmith:Malloc","Runesmith:EnergizedChisel"],"picked":"Runesmith:HammerThrow","floor":12},{"not_picked":["Runesmith:Refine+1","Runesmith:MakeshiftArmor+1"],"picked":"Runesmith:EarthShield+1","floor":14},{"not_picked":["TH:PixieDust"],"picked":"TH:DeckOfManyThings","floor":16},{"not_picked":["Runesmith:UnlimitedPower","Runesmith:CreatorForm"],"picked":"Runesmith:CraftIndustria+1","floor":16},{"not_picked":[],"picked":"Runesmith:UnstableHammer","floor":18},{"not_picked":[],"picked":"Runesmith:Superposition","floor":21},{"not_picked":["Runesmith:StaticCage+1"],"picked":"SKIP","floor":24},{"not_picked":[],"picked":"TH:ArmorSpikes","floor":25},{"not_picked":[],"picked":"Runesmith:RunicBlueprint+1","floor":25},{"not_picked":[],"picked":"TH:ElvenBoots","floor":26},{"not_picked":[],"picked":"Runesmith:CraftProtectio+1","floor":27}],"player_experience":290807,"relics_obtained":[{"floor":6,"key":"Mercury Hourglass"},{"floor":9,"key":"Runesmith:MiniCore"},{"floor":11,"key":"Toy Ornithopter"},{"floor":12,"key":"Odd Mushroom"},{"floor":25,"key":"War Paint"},{"floor":26,"key":"Du-Vu Doll"}],"event_choices":[{"damage_healed":0,"gold_gain":0,"player_choice":"Leave","damage_taken":0,"max_hp_gain":0,"max_hp_loss":0,"event_name":"The Cleric","floor":2,"gold_loss":0},{"damage_healed":0,"gold_gain":0,"player_choice":"Fought Mushrooms","damage_taken":0,"max_hp_gain":0,"max_hp_loss":0,"event_name":"Mushrooms","floor":12,"gold_loss":0},{"cards_removed":["Runesmith:Defend_RS"],"damage_healed":0,"gold_gain":0,"player_choice":"Purged","damage_taken":0,"max_hp_gain":0,"max_hp_loss":0,"event_name":"Purifier","floor":19,"gold_loss":0},{"damage_healed":0,"gold_gain":0,"player_choice":"Joined the Cult","damage_taken":6,"max_hp_gain":0,"max_hp_loss":0,"event_name":"Nest","floor":22,"gold_loss":0,"cards_obtained":["RitualDagger"]}],"is_beta":false,"boss_relics":[{"not_picked":["Fusion Hammer","SlaversCollar"],"picked":"Busted Crown"}],"items_purged_floors":[],"is_endless":false,"potions_floor_spawned":[4,11,14,16,18],"killed_by":"Gremlin Leader","ascension_level":0}}