{"host":"8jwrv7sn1174lfer","time":1614012604,"event":{"mods":["BaseMod","Colored Map","Colored Powertips","Highlight Path","Minty Spire (QoL Compilation)","StSLib"],"gold_per_floor":[111,111,111,121,135,135,160,160,229,329,359,377,342,371,371,470,470,490,54,71,171,171,205,205,205,255,273,285,285,315,18,18,115,115,128,178,190,190,190,190,190,190],"floor_reached":41,"language":"ENG","playtime":2160,"items_purged":["Strike_B","Strike_B"],"score":594,"play_id":"ddea3caf-3feb-4265-82d9-9f8f650354b8","local_time":"20210222115004","is_ascension_mode":true,"campfire_choices":[{"data":"Hologram","floor":6,"key":"SMITH"},{"data":"Gash","floor":8,"key":"SMITH"},{"data":"Zap","floor":15,"key":"SMITH"},{"floor":24,"key":"REST"},{"data":"Capacitor","floor":29,"key":"SMITH"},{"floor":32,"key":"REST"},{"data":"Thinking Ahead","floor":40,"key":"SMITH"}],"circlet_count":0,"master_deck":["Strike_B+1","Defend_B+1","Defend_B+1","Zap+1","Dualcast+1","Hologram+1","Hologram","Gash+1","Biased Cognition","Barrage","Conserve Battery","Rebound","Sunder","Glacier+1","Capacitor+1","Self Repair+1","Coolheaded+1","Conserve Battery","Metamorphosis","All For One","Madness","Madness","Thinking Ahead+1"],"relics":["Cracked Core","NeowsBlessing","Juzu Bracelet","Bottled Lightning","Vajra","Bag of Marbles","Empty Cage","ClockworkSouvenir","War Paint","Potion Belt","DataDisk","HornCleat","Cursed Key","Peace Pipe"],"acts_visited":["Exordium","TheCity","TheBeyond"],"potions_floor_usage":[7,14,30,30,33,37],"damage_taken":[{"damage":0,"enemies":"2 Louse","floor":1,"turns":1},{"damage":0,"enemies":"Small Slimes","floor":4,"turns":1},{"damage":0,"enemies":"Jaw Worm","floor":5,"turns":1},{"damage":17,"enemies":"Lagavulin","floor":7,"turns":6},{"damage":9,"enemies":"3 Sentries","floor":11,"turns":6},{"damage":0,"enemies":"Large Slime","floor":12,"turns":2},{"damage":9,"enemies":"Gremlin Nob","floor":14,"turns":3},{"damage":0,"enemies":"Slime Boss","floor":16,"turns":5},{"damage":17,"enemies":"3 Byrds","floor":18,"turns":3},{"damage":4,"enemies":"Chosen","floor":20,"turns":3},{"damage":43,"enemies":"Book of Stabbing","floor":23,"turns":5},{"damage":13,"enemies":"Centurion and Healer","floor":27,"turns":8},{"damage":6,"enemies":"Shelled Parasite and Fungi","floor":28,"turns":5},{"damage":26,"enemies":"Slavers","floor":30,"turns":3},{"damage":17,"enemies":"Collector","floor":33,"turns":11},{"damage":0,"enemies":"Orb Walker","floor":35,"turns":3},{"damage":0,"enemies":"Mind Bloom Boss Battle","floor":36,"turns":6},{"damage":22,"enemies":"3 Darklings","floor":37,"turns":4},{"damage":60,"enemies":"2 Orb Walkers","floor":41,"turns":4}],"seed_played":"1401472475873191063","potions_obtained":[{"floor":4,"key":"PotionOfCapacity"},{"floor":5,"key":"ColorlessPotion"},{"floor":7,"key":"PotionOfCapacity"},{"floor":11,"key":"Energy Potion"},{"floor":23,"key":"Explosive Potion"},{"floor":28,"key":"Explosive Potion"},{"floor":36,"key":"AttackPotion"}],"is_trial":false,"path_per_floor":["M","?","?","M","M","R","E","R","T","?","E","M","?","E","R","B",null,"M","$","M","?","?","E","R","?","T","M","M","R","E","$","R","B",null,"M","?","M","?","?","R","?"],"character_chosen":"DEFECT","items_purchased":["ClockworkSouvenir","War Paint","Rebound","Metamorphosis"],"campfire_rested":2,"item_purchase_floors":[19,19,19,31],"current_hp_per_floor":[75,80,64,64,64,64,47,47,47,47,38,38,58,49,49,49,80,63,63,59,59,59,16,40,40,40,27,31,31,15,15,39,32,80,80,80,68,58,58,58,0,0],"gold":190,"neow_bonus":"THREE_ENEMY_KILL","is_daily":false,"chose_seed":false,"campfire_upgraded":5,"win_rate":0.0,"timestamp":1614012604,"path_taken":["M","?","?","M","?","R","E","R","T","?","E","M","?","E","R","BOSS","M","$","M","?","?","E","R","?","T","M","M","R","E","$","R","BOSS","M","?","M","?","?","R","?"],"items_purchased_type":["Relic","Relic","Card","Card"],"build_version":"2020-12-22","purchased_purges":2,"victory":false,"max_hp_per_floor":[75,80,80,80,80,80,80,80,80,80,80,80,80,80,80,80,80,80,80,80,80,80,80,80,80,80,80,80,80,80,80,80,80,80,80,80,80,80,80,80,80,80],"card_choices":[{"not_picked":["Stack","Steam"],"picked":"Hologram","floor":1},{"not_picked":["Stack","Redo"],"picked":"Hologram","floor":4},{"not_picked":["Sweeping Beam","Undo"],"picked":"Gash","floor":5},{"not_picked":["Beam Cell","Fusion"],"picked":"Biased Cognition","floor":7},{"not_picked":["Coolheaded","Fission","Leap"],"picked":"SKIP","floor":11},{"not_picked":["Redo","Go for the Eyes"],"picked":"Barrage","floor":12},{"not_picked":["Skim","Creative AI"],"picked":"Conserve Battery","floor":14},{"not_picked":["Reprogram","Recycle","Leap"],"picked":"SKIP","floor":18},{"not_picked":["Conserve Battery","Ball Lightning"],"picked":"Sunder","floor":20},{"not_picked":["Hologram","Storm"],"picked":"Glacier+1","floor":23},{"not_picked":["Sunder+1","Barrage+1"],"picked":"Self Repair+1","floor":27},{"not_picked":["Sweeping Beam","Genetic Algorithm"],"picked":"Coolheaded+1","floor":28},{"not_picked":["Cold Snap","Streamline"],"picked":"Conserve Battery","floor":30},{"not_picked":["Buffer","Rainbow"],"picked":"All For One","floor":33},{"not_picked":["Glacier+1","Conserve Battery+1","Turbo+1"],"picked":"SKIP","floor":35},{"not_picked":["Ball Lightning","Conserve Battery+1","Coolheaded+1"],"picked":"SKIP","floor":37},{"not_picked":["Secret Technique","Good Instincts"],"picked":"Thinking Ahead","floor":39}],"player_experience":668880,"relics_obtained":[{"floor":7,"key":"Juzu Bracelet"},{"floor":9,"key":"Bottled Lightning"},{"floor":11,"key":"Vajra"},{"floor":14,"key":"Bag of Marbles"},{"floor":23,"key":"Potion Belt"},{"floor":26,"key":"DataDisk"},{"floor":30,"key":"HornCleat"},{"floor":36,"key":"Peace Pipe"}],"event_choices":[{"damage_healed":0,"gold_gain":0,"player_choice":"Donut","damage_taken":0,"max_hp_gain":5,"max_hp_loss":0,"event_name":"Big Fish","floor":2,"gold_loss":0},{"damage_healed":0,"gold_gain":0,"player_choice":"Entered Light","damage_taken":16,"max_hp_gain":0,"max_hp_loss":0,"event_name":"Shining Light","floor":3,"gold_loss":0,"cards_upgraded":["Defend_B","Strike_B"]},{"damage_healed":0,"gold_gain":100,"player_choice":"Pray","damage_taken":0,"max_hp_gain":0,"max_hp_loss":0,"event_name":"Golden Shrine","floor":10,"gold_loss":0},{"damage_healed":20,"gold_gain":0,"player_choice":"Healed","damage_taken":0,"max_hp_gain":0,"max_hp_loss":0,"event_name":"The Cleric","floor":13,"gold_loss":35},{"damage_healed":0,"gold_gain":100,"player_choice":"Pray","damage_taken":0,"max_hp_gain":0,"max_hp_loss":0,"event_name":"Golden Shrine","floor":21,"gold_loss":0},{"damage_healed":0,"gold_gain":0,"player_choice":"Ignored","damage_taken":0,"max_hp_gain":0,"max_hp_loss":0,"event_name":"Ghosts","floor":22,"gold_loss":0},{"damage_healed":0,"gold_gain":0,"cards_transformed":["Defend_B"],"player_choice":"Transformed","damage_taken":0,"max_hp_gain":0,"max_hp_loss":0,"event_name":"Transmorgrifier","floor":25,"gold_loss":0,"cards_obtained":["Capacitor"]},{"damage_healed":0,"gold_gain":0,"player_choice":"Fight","damage_taken":0,"max_hp_gain":0,"max_hp_loss":0,"event_name":"MindBloom","floor":36,"gold_loss":0},{"damage_healed":0,"gold_gain":0,"player_choice":"Embrace Madness","damage_taken":10,"max_hp_gain":0,"max_hp_loss":0,"event_name":"Winding Halls","floor":38,"gold_loss":0,"cards_obtained":["Madness","Madness"]},{"damage_healed":0,"gold_gain":0,"player_choice":"Memory 1","damage_taken":0,"max_hp_gain":0,"max_hp_loss":0,"event_name":"SensoryStone","floor":39,"gold_loss":0},{"damage_healed":0,"gold_gain":0,"player_choice":"Fight","damage_taken":0,"max_hp_gain":0,"max_hp_loss":0,"event_name":"Mysterious Sphere","floor":41,"gold_loss":0}],"is_beta":false,"boss_relics":[{"not_picked":["Calling Bell","Coffee Dripper"],"picked":"Empty Cage"},{"not_picked":["Pandora\u0027s Box","Nuclear Battery"],"picked":"Cursed Key"}],"items_purged_floors":[19,31],"is_endless":false,"potions_floor_spawned":[4,5,7,11,23,28,36],"killed_by":"2 Orb Walkers","ascension_level":4}}