{"host":"u3jso2n2r8azv7u2","time":1614001517,"event":{"mods":["BaseMod","Downfall","Lobotomy","Minty Spire (QoL Compilation)","Replay The Spire","StSLib","The Necromancer"],"gold_per_floor":[99,113,113,113,113,133,157,157,92,92,109,127,112,146,166,265,265,65,81,281,281,266,266,266,266],"floor_reached":23,"language":"RUS","playtime":2669,"items_purged":[],"score":186,"play_id":"aad11551-a38b-41bd-95a5-f848551f73a5","local_time":"20210222164517","is_ascension_mode":false,"campfire_choices":[{"floor":1.0,"key":"DIG"},{"floor":8.0,"key":"RECALL"},{"floor":18.0,"key":"DIG"}],"circlet_count":1,"master_deck":["champ:Strike","champ:Strike","champ:Strike+1","champ:Defend","champ:Defend","champ:Defend","champ:Taunt+1","champ:PerfectedStrike+1","champ:StanceDance","champ:PerfectedStrike","champ:DefensiveShout","champ:Duel","champ:ShieldWall","champ:GladiatorStyle","champ:EndlessRage","champ:VampiricStrike","champ:LastStand","champ:BringItOn"],"relics":["champ:ChampionCrown","Juzu Bracelet","Spirit Poop","ReplayTheSpireMod:TigerMarble","Snack Pack","Replay:Drink Me","downfall:HeartBlessingRed","downfall:HeartBlessingBlue","Girya","Circlet"],"acts_visited":["Exordium","TheCity"],"potions_floor_usage":[],"damage_taken":[{"damage":25.0,"enemies":"Jaw Worm","floor":2.0,"turns":7.0},{"damage":5.0,"enemies":"Small Slimes","floor":6.0,"turns":3.0},{"damage":50.0,"enemies":"downfall:FleeingMerchant","floor":9.0,"turns":4.0},{"damage":0.0,"enemies":"Cultist","floor":11.0,"turns":2.0},{"damage":12.0,"enemies":"Red Slaver","floor":12.0,"turns":4.0},{"damage":5.0,"enemies":"downfall:FleeingMerchant","floor":13.0,"turns":4.0},{"damage":16.0,"enemies":"Replay:BlueRogue","floor":14.0,"turns":3.0},{"damage":21.0,"enemies":"Exordium Thugs","floor":15.0,"turns":4.0},{"damage":21.0,"enemies":"DF_ARCHETYPE_STREAMLINE","floor":16.0,"turns":8.0},{"damage":25.0,"enemies":"3 Byrds","floor":19.0,"turns":7.0},{"damage":28.0,"enemies":"downfall:FleeingMerchant","floor":22.0,"turns":4.0},{"damage":69,"enemies":"Gremlin Leader","floor":23,"turns":7}],"seed_played":"-6460049513997983016","potions_obtained":[{"floor":2.0,"key":"FearPotion"},{"floor":12.0,"key":"ColorlessPotion"},{"floor":15.0,"key":"EssenceOfSteel"},{"floor":19.0,"key":"champ:OpenerPotion"}],"is_trial":false,"path_per_floor":["R","M","?","?","?","M","T","R","$","T","M","M","$","E","M","B",null,"R","M","?","?","$","E"],"character_chosen":"THE_CHAMP","items_purchased":["champ:DefensiveShout"],"campfire_rested":0,"item_purchase_floors":[9],"current_hp_per_floor":[99,94,94,94,79,74,74,74,64,64,64,52,52,36,20,4,75,85,65,65,65,59,0,0,0],"gold":266,"neow_bonus":"TEN_PERCENT_HP_BONUS","is_daily":false,"chose_seed":false,"campfire_upgraded":0,"win_rate":0.0,"timestamp":1614001517,"path_taken":["R","M","?","?","?","M","T","R","?","?","M","M","?","E","M","BOSS","R","M","?","?","?","E"],"items_purchased_type":["Card"],"build_version":"2020-12-22","purchased_purges":0,"victory":false,"max_hp_per_floor":[99,99,99,99,99,99,99,99,99,99,99,99,99,99,99,99,75,85,85,85,85,85,85,85,85],"card_choices":[{"not_picked":["champ:EnGarde","champ:Backstep"],"picked":"champ:PerfectedStrike","floor":2.0},{"not_picked":["champ:BladeFlurry","champ:FanOfKnives"],"picked":"champ:StanceDance","floor":6.0},{"not_picked":["champ:StanceDance","champ:ShieldSlam"],"picked":"champ:PerfectedStrike","floor":9.0},{"not_picked":["champ:FaceSlap","champ:BladeFlurry"],"picked":"champ:Duel","floor":11.0},{"not_picked":["champ:CrookedStrike","champ:IronFortress"],"picked":"champ:ShieldWall","floor":12.0},{"not_picked":["champ:AdrenalArmor","champ:GutPunch"],"picked":"champ:GladiatorStyle","floor":13.0},{"not_picked":["champ:CrookedStrike","champ:GladiatorStyle"],"picked":"champ:EndlessRage","floor":14.0},{"not_picked":["champ:Circumvent","champ:CrownThrow"],"picked":"champ:VampiricStrike","floor":15.0},{"not_picked":["champ:SwordThrow","champ:HeavySlash"],"picked":"champ:LastStand","floor":16.0},{"not_picked":["champ:Lariat","champ:PreemptiveStrike"],"picked":"champ:BringItOn","floor":19.0}],"player_experience":57030,"relics_obtained":[{"floor":1.0,"key":"Juzu Bracelet"},{"floor":10.0,"key":"ReplayTheSpireMod:TigerMarble"},{"floor":14.0,"key":"Snack Pack"},{"floor":18.0,"key":"Girya"}],"event_choices":[{"cards_removed":["downfall:Malfunctioning"],"damage_healed":0.0,"max_hp_gain":0.0,"max_hp_loss":0.0,"gold_gain":0.0,"event_name":"Bonfire Elementals","player_choice":"Offered Curse","floor":4.0,"gold_loss":0.0,"damage_taken":0.0,"relics_obtained":["Spirit Poop"]},{"cards_removed":["downfall:Haunted"],"damage_healed":0,"gold_gain":0,"player_choice":"Offered Curse","damage_taken":0,"relics_obtained":["Spirit Poop"],"max_hp_gain":0,"max_hp_loss":0,"event_name":"Bonfire Elementals","floor":22,"gold_loss":0}],"is_beta":false,"boss_relics":[{"not_picked":["Kintsugi","Coffee Dripper"],"picked":"Replay:Drink Me"}],"items_purged_floors":[],"is_endless":false,"potions_floor_spawned":[2,12,15,19],"killed_by":"Gremlin Leader","ascension_level":0}}