{"host":"0ghi9uxs64f8c30g","time":1614021863,"event":{"mods":["BaseMod","Downfall","Minty Spire (QoL Compilation)","StSLib"],"gold_per_floor":[116,116,116,22,35,61,61,96,96,109,141,21,41,216,216,316,316,271,271,271,271,271,271,271,271,271,271,271,271,171,171,171,171,171,171,171,171,171,171,171,171,171,171,171,171,171,171,171,171,171],"floor_reached":51,"language":"ENG","playtime":2243,"items_purged":["Strike_R","Strike_R"],"score":1024,"play_id":"8630ee46-d139-49ae-905e-e0ddf5e4617e","local_time":"20210222202423","is_ascension_mode":true,"campfire_choices":[{"data":"Armaments","floor":7,"key":"SMITH"},{"data":"Bash","floor":15,"key":"SMITH"},{"floor":23,"key":"REST"},{"data":"Combust","floor":25,"key":"SMITH"},{"data":"Dramatic Entrance","floor":27,"key":"SMITH"},{"data":"Dropkick","floor":32,"key":"SMITH"},{"floor":40,"key":"REST"},{"data":"Feed","floor":42,"key":"SMITH"},{"data":"Infernal Blade","floor":46,"key":"SMITH"},{"floor":49,"key":"REST"}],"circlet_count":0,"master_deck":["Strike_R","Strike_R+1","Strike_R","Defend_R+1","Defend_R+1","Defend_R+1","Bash+1","Dropkick","Dramatic Entrance+1","Combust+1","Armaments+1","Dropkick","Dropkick+1","Thunderclap","Battle Trance+1","Pommel Strike+1","Shockwave+1","Pommel Strike+1","Feed+1","Infernal Blade+1","Clash+1","Spot Weakness+1"],"relics":["Burning Blood","NeowsBlessing","Meat on the Bone","Omamori","Nunchaku","MealTicket","Odd Mushroom","Ectoplasm","White Beast Statue","Red Mask","Letter Opener","Darkstone Periapt","SlaversCollar","Self Forming Clay","Lantern","War Paint"],"acts_visited":["Exordium","TheCity","TheBeyond"],"potions_floor_usage":[11,16,16,24,24,33,33,33,44,50,50,50],"damage_taken":[{"damage":0,"enemies":"Cultist","floor":1,"turns":1},{"damage":0,"enemies":"Small Slimes","floor":5,"turns":1},{"damage":0,"enemies":"3 Sentries","floor":6,"turns":1},{"damage":33,"enemies":"Lagavulin","floor":8,"turns":6},{"damage":0,"enemies":"2 Louse","floor":10,"turns":2},{"damage":23,"enemies":"3 Sentries","floor":11,"turns":4},{"damage":5,"enemies":"The Mushroom Lair","floor":13,"turns":3},{"damage":52,"enemies":"The Guardian","floor":16,"turns":7},{"damage":24,"enemies":"2 Thieves","floor":18,"turns":3},{"damage":5,"enemies":"3 Byrds","floor":20,"turns":3},{"damage":32,"enemies":"Snake Plant","floor":21,"turns":4},{"damage":4,"enemies":"Masked Bandits","floor":22,"turns":3},{"damage":1,"enemies":"Gremlin Leader","floor":24,"turns":4},{"damage":15,"enemies":"Centurion and Healer","floor":31,"turns":4},{"damage":53,"enemies":"Champ","floor":33,"turns":7},{"damage":48,"enemies":"3 Shapes","floor":35,"turns":4},{"damage":4,"enemies":"Orb Walker","floor":37,"turns":2},{"damage":25,"enemies":"4 Shapes","floor":38,"turns":4},{"damage":40,"enemies":"Sphere and 2 Shapes","floor":41,"turns":4},{"damage":2,"enemies":"Jaw Worm Horde","floor":44,"turns":3},{"damage":4,"enemies":"3 Darklings","floor":47,"turns":3},{"damage":9,"enemies":"Nemesis","floor":48,"turns":5},{"damage":71,"enemies":"Time Eater","floor":50,"turns":7}],"seed_played":"6024945104121976101","potions_obtained":[{"floor":5,"key":"Fire Potion"},{"floor":8,"key":"AttackPotion"},{"floor":11,"key":"LiquidBronze"},{"floor":16,"key":"hexamod:SoulburnPotion"},{"floor":20,"key":"FearPotion"},{"floor":21,"key":"SmokeBomb"},{"floor":22,"key":"SkillPotion"},{"floor":24,"key":"champ:CounterPotion"},{"floor":31,"key":"EssenceOfSteel"},{"floor":33,"key":"GamblersBrew"},{"floor":35,"key":"bronze:BurnAndBuffPotion"},{"floor":37,"key":"FearPotion"},{"floor":38,"key":"Fire Potion"},{"floor":41,"key":"BloodPotion"},{"floor":44,"key":"GamblersBrew"},{"floor":48,"key":"DistilledChaos"}],"is_trial":false,"path_per_floor":["M","?","?","$","M","E","R","E","T","M","E","$","?","?","R","B",null,"M","?","M","M","?","R","E","R","T","R","?","?","$","M","R","B",null,"M","?","M","M","?","R","M","R","T","M","?","R","M","E","R","B",null],"character_chosen":"IRONCLAD","items_purchased":["Dramatic Entrance","Thunderclap"],"campfire_rested":3,"item_purchase_floors":[4,12],"current_hp_per_floor":[78,62,62,62,68,74,74,47,47,53,48,63,64,64,64,30,68,50,50,51,37,51,75,80,80,80,80,80,65,80,71,71,36,73,43,43,57,53,53,79,60,60,60,68,68,68,70,67,95,61],"gold":171,"neow_bonus":"THREE_ENEMY_KILL","is_daily":false,"chose_seed":false,"campfire_upgraded":7,"win_rate":0.0,"timestamp":1614021863,"path_taken":["M","?","?","$","?","E","R","E","T","M","E","?","?","?","R","BOSS","M","?","M","M","?","R","E","R","T","R","?","?","?","M","R","BOSS","M","?","?","M","?","R","M","R","T","M","?","R","?","E","R","BOSS"],"items_purchased_type":["Card","Card"],"build_version":"2020-12-22","purchased_purges":2,"victory":true,"max_hp_per_floor":[80,80,80,80,80,80,80,80,80,80,80,80,80,80,80,80,80,80,80,80,80,80,80,80,80,80,80,80,85,85,85,85,85,85,85,85,85,88,88,88,91,91,91,95,95,95,95,95,95,95],"card_choices":[{"not_picked":["Flex","Shrug It Off"],"picked":"Dropkick","floor":1},{"not_picked":["Perfected Strike","Burning Pact"],"picked":"Combust","floor":5},{"not_picked":["True Grit","Burning Pact"],"picked":"Armaments","floor":6},{"not_picked":["Headbutt","Clothesline"],"picked":"Dropkick","floor":8},{"not_picked":["Cleave","Clothesline","Reckless Charge"],"picked":"SKIP","floor":10},{"not_picked":["Evolve","Dark Embrace"],"picked":"Dropkick","floor":11},{"not_picked":["Cleave","Searing Blow"],"picked":"Battle Trance+1","floor":18},{"not_picked":["Headbutt","Wild Strike","Cleave"],"picked":"SKIP","floor":20},{"not_picked":["Body Slam+1","Cleave"],"picked":"Pommel Strike+1","floor":21},{"not_picked":["Headbutt","Inflame"],"picked":"Shockwave+1","floor":24},{"not_picked":["Iron Wave","Rupture+1"],"picked":"Pommel Strike+1","floor":31},{"not_picked":["Double Tap","Demon Form"],"picked":"Feed","floor":33},{"not_picked":["Armaments+1","Iron Wave+1"],"picked":"Infernal Blade","floor":35},{"not_picked":["Thunderclap","Sword Boomerang+1"],"picked":"Clash+1","floor":37},{"not_picked":["Pommel Strike","Uppercut","Perfected Strike"],"picked":"SKIP","floor":38},{"not_picked":["Warcry+1","Sword Boomerang+1","Shockwave"],"picked":"SKIP","floor":41},{"not_picked":["Clash","Thunderclap+1","Barricade"],"picked":"SKIP","floor":44},{"not_picked":["Iron Wave+1","Perfected Strike+1","Wild Strike+1"],"picked":"SKIP","floor":47},{"not_picked":["Entrench","Exhume"],"picked":"Spot Weakness+1","floor":48}],"player_experience":214746,"relics_obtained":[{"floor":6,"key":"Meat on the Bone"},{"floor":8,"key":"Omamori"},{"floor":9,"key":"Nunchaku"},{"floor":11,"key":"MealTicket"},{"floor":13,"key":"Odd Mushroom"},{"floor":22,"key":"Red Mask"},{"floor":24,"key":"Letter Opener"},{"floor":26,"key":"Darkstone Periapt"},{"floor":43,"key":"Lantern"},{"floor":48,"key":"War Paint"}],"event_choices":[{"damage_healed":0,"gold_gain":0,"player_choice":"Entered Light","damage_taken":16,"max_hp_gain":0,"max_hp_loss":0,"event_name":"Shining Light","floor":2,"gold_loss":0,"cards_upgraded":["Strike_R","Defend_R"]},{"damage_healed":0,"gold_gain":0,"player_choice":"Bought 0 Potions","damage_taken":0,"max_hp_gain":0,"max_hp_loss":0,"event_name":"The Woman in Blue","floor":3,"gold_loss":0},{"damage_healed":0,"gold_gain":0,"player_choice":"Fought Mushrooms","damage_taken":0,"max_hp_gain":0,"max_hp_loss":0,"event_name":"Mushrooms","floor":13,"gold_loss":0},{"damage_healed":0,"gold_gain":175,"player_choice":"AGREE","damage_taken":0,"max_hp_gain":0,"max_hp_loss":0,"event_name":"Liars Game","floor":14,"gold_loss":0,"cards_obtained":["Doubt"]},{"damage_healed":0,"gold_gain":0,"player_choice":"Opened","damage_taken":0,"relics_obtained":["White Beast Statue"],"max_hp_gain":0,"max_hp_loss":0,"event_name":"The Mausoleum","floor":19,"gold_loss":0,"cards_obtained":["Writhe"]},{"damage_healed":0,"gold_gain":0,"player_choice":"Fought Bandits","damage_taken":0,"max_hp_gain":0,"max_hp_loss":0,"event_name":"Masked Bandits","floor":22,"gold_loss":0},{"damage_healed":0,"gold_gain":0,"player_choice":"Ignored","damage_taken":0,"max_hp_gain":0,"max_hp_loss":0,"event_name":"Vampires","floor":28,"gold_loss":0},{"damage_healed":0,"gold_gain":0,"player_choice":"Shed Blood","damage_taken":20,"max_hp_gain":5,"max_hp_loss":0,"event_name":"Forgotten Altar","floor":29,"gold_loss":0},{"damage_healed":0,"gold_gain":0,"player_choice":"Gave Potion","damage_taken":0,"relics_obtained":["Self Forming Clay"],"max_hp_gain":0,"max_hp_loss":0,"event_name":"WeMeetAgain","floor":36,"gold_loss":0},{"damage_healed":0,"gold_gain":0,"player_choice":"Ignored","damage_taken":0,"max_hp_gain":0,"max_hp_loss":0,"event_name":"Tomb of Lord Red Mask","floor":39,"gold_loss":0},{"cards_removed":["Defend_R"],"damage_healed":0,"gold_gain":0,"player_choice":"Purged","damage_taken":0,"max_hp_gain":0,"max_hp_loss":0,"event_name":"Purifier","floor":45,"gold_loss":0}],"is_beta":false,"boss_relics":[{"not_picked":["Runic Pyramid","Tiny House"],"picked":"Ectoplasm"},{"not_picked":["Pandora\u0027s Box","Runic Cube"],"picked":"SlaversCollar"}],"items_purged_floors":[12,30],"is_endless":false,"potions_floor_spawned":[5,8,11,16,20,21,22,24,31,33,35,37,38,41,44,47,48],"ascension_level":6}}