{"host":"srv5asjf43cuzsar","time":1614009771,"event":{"mods":["100% Spire Juice","2.2 Compatiblity","A Magickal Journey","AchievementEnabler","Act Like it!","Astrologer","Bartender","BaseMod","Best Route Mod","Better Third Choice","Card Forge","CatGirl Mod","Clockwork Mod","Conspire","Duelist Mod","Friendly Minions","GifTheSpireLib","Hermit","Hubris","Infinite Spire","Jorbs\u0027s Wanderer Trilogy","Luminous","Mad Scientist","Magitek Elite","Marisa????????","Minty Spire (QoL Compilation)","Pale of the Ancients","Random Character Button","Reliquary","Replay The Spire","Ruina","StSLib","The Alterego","The Animator","The Construct","The Cursed","The Druid","The Exalted","The Judge","The Jungle","The Mystic","The Necromancer","The Poker Player","The Runesmith","The Saiyan","The Senshi","The Servant 0.9.4","TheBandit","TheSwordswoman"],"gold_per_floor":[109,303,313,488,388,400,430,430,510,528,79,108,108,127,127,222,222,235,235,235,253,253,266,292,292,292,304,304,322,193,219,219,322,322,341,353,366,366,366,401,421,450,475,475,488,500,513,532,532,532],"floor_reached":51,"language":"ENG","playtime":3974,"items_purged":[],"score":1111,"play_id":"af3c6462-8627-48d3-a90b-66903a8ef1ce","local_time":"20210222160251","is_ascension_mode":false,"campfire_choices":[{"floor":8.0,"key":"REST"},{"floor":15.0,"key":"REST"},{"floor":25.0,"key":"REST"},{"floor":32.0,"key":"REST"}],"circlet_count":0,"master_deck":["Bromod:Strike_Bro+1","Bromod:Strike_Bro+1","Bromod:Strike_Bro+1","Bromod:Defend_Bro+1","Bromod:Defend_Bro+1","Bromod:Defend_Bro+1","Bromod:Defend_Bro+1","Bromod:SlashDash+1","Bromod:SlashDash+1","Bromod:SlashDash+1","Bromod:SteelCharge+1","ReplayTheSpireMod:Splinters","Bromod:ShatteringImpact+1","Bromod:BulletJump+1","Ghostly+1","Bromod:Flow+1","Bromod:BulletJump+1","Bromod:BodyCount+1","Panache+1","Bromod:PointStrike+1","Bromod:DriftingContact+1","Bromod:OrganShatter+1","Insight+1","Bromod:ShatteringImpact+1","Bromod:Maglev+1","ReplayTheSpireMod:Black Plague+1","Bromod:PressurePoint+1","Panache+1","Dramatic Entrance+1","Jack Of All Trades+1","Bromod:BulletJump+1","Bromod:ExaltedBlade+1","Bromod:SteelFiber+1","Bromod:PointStrike+1","Bromod:ArchwingLauncher+1","Madness+1","Madness+1","ReplayTheSpireMod:Brewmster+1","Mind Blast+1","ReplayTheSpireMod:Private Reserves+1","Bromod:BloodRush+1","Bromod:ToxicBarrage+1","Bromod:Continuity+1","Bromod:EnergySiphon+1","Bromod:ToxicFlight+1","Bromod:SteelFiber+1","hubris:DuctTapeCard","Bromod:Vitality+1"],"relics":["Bromod:AscarisDevice","Hammer of Thor","Seething Fire","Anvil of the Gods","Honey Jar","conspire:TopHat","Bromod:ArcaneAwakening","Matryoshka","Replay:Wax Seal","Black Star","Bromod:DecayingDragonKey","hubris:Towel","hubris:DuctTape","Guard_Bracelet","reliquary:PorcupineQuills","Turnip","StoneCalendar","hubris:Backtick","hubris:PeanutButter","ReplayTheSpireMod:ShopPack","hubris:Spice","conspire:DeflatedDodgeball","SlaversCollar","Mirror","infinitespire:Bottled Soul","Nunchaku","Ancient Tea Set","infinitespire:CheckeredPen","Replay:Rubber Ducky","hubris:Icosahedron"],"acts_visited":["Exordium","TheCity","TheBeyond"],"potions_floor_usage":[],"damage_taken":[{"damage":1.0,"enemies":"Jaw Worm","floor":1.0,"turns":4.0},{"damage":0.0,"enemies":"2 Louse","floor":3.0,"turns":2.0},{"damage":0.0,"enemies":"Small Slimes","floor":6.0,"turns":2.0},{"damage":0.0,"enemies":"Replay:BlueRogue","floor":7.0,"turns":3.0},{"damage":0.0,"enemies":"Looter","floor":10.0,"turns":2.0},{"damage":3.0,"enemies":"Gremlin Nob","floor":12.0,"turns":3.0},{"damage":0.0,"enemies":"Gremlin Nob","floor":13.0,"turns":3.0},{"damage":0.0,"enemies":"Large Slime","floor":14.0,"turns":4.0},{"damage":0.0,"enemies":"Hexaghost","floor":16.0,"turns":7.0},{"damage":0.0,"enemies":"Shell Parasite","floor":18.0,"turns":4.0},{"damage":0.0,"enemies":"Spheric Guardian","floor":21.0,"turns":3.0},{"damage":1.0,"enemies":"Centurion and Healer","floor":23.0,"turns":4.0},{"damage":14.0,"enemies":"theDuelist:KaibaA2","floor":24.0,"turns":4.0},{"damage":0.0,"enemies":"Snake Plant","floor":27.0,"turns":4.0},{"damage":0.0,"enemies":"Cultist and Chosen","floor":29.0,"turns":3.0},{"damage":0.0,"enemies":"Replay:Snechameleon","floor":31.0,"turns":3.0},{"damage":0.0,"enemies":"Champ","floor":33.0,"turns":5.0},{"damage":0.0,"enemies":"3 Darklings","floor":35.0,"turns":3.0},{"damage":5.0,"enemies":"3 Shapes","floor":36.0,"turns":3.0},{"damage":0.0,"enemies":"Sphere and 2 Shapes","floor":37.0,"turns":3.0},{"damage":0.0,"enemies":"R_Hoarder","floor":40.0,"turns":5.0},{"damage":6.0,"enemies":"Maw","floor":41.0,"turns":4.0},{"damage":0.0,"enemies":"Nemesis","floor":42.0,"turns":3.0},{"damage":0.0,"enemies":"Transient","floor":45.0,"turns":5.0},{"damage":2.0,"enemies":"3 Darklings","floor":46.0,"turns":2.0},{"damage":11.0,"enemies":"Writhing Mass","floor":47.0,"turns":2.0},{"damage":0,"enemies":"Spire Growth","floor":48,"turns":1},{"damage":0,"enemies":"Time Eater","floor":50,"turns":8}],"seed_played":"6376663346188904664","potions_obtained":[{"floor":3.0,"key":"SneckoOil"},{"floor":6.0,"key":"Bromod:HealthRestore"},{"floor":10.0,"key":"LiquidBronze"},{"floor":23.0,"key":"Flashbang"},{"floor":29.0,"key":"Bromod:HealthRestore"},{"floor":33.0,"key":"BlessingOfTheForge"},{"floor":35.0,"key":"Regen Potion"},{"floor":40.0,"key":"Fire Potion"},{"floor":41.0,"key":"Bromod:AmmoRestore"},{"floor":46.0,"key":"Bromod:Endo"}],"is_trial":false,"path_per_floor":["M","?","M","?","?","M","E","R","T","M","$","E","?","M","R","B",null,"M","?","?","M","?","M","E","R","T","M","AVR","M","$","E","R","B",null,"M","M","M","?","?","E","M","E","T","?","M","M","M","M","R","B",null],"character_chosen":"THE_EXALTED","items_purchased":["Matryoshka","Panache","ReplayTheSpireMod:ShopPack"],"campfire_rested":4,"item_purchase_floors":[11,11,30],"current_hp_per_floor":[74,74,74,74,74,74,74,75,75,75,75,72,72,72,75,75,75,75,75,75,75,75,74,60,75,75,75,75,75,75,83,83,83,83,83,78,78,68,58,80,74,74,74,74,74,72,61,61,83,83],"gold":532,"neow_bonus":"BOSS_RELIC","is_daily":false,"chose_seed":false,"campfire_upgraded":0,"win_rate":0.0,"timestamp":1614009771,"path_taken":["M","?","M","?","?","M","E","R","T","M","$","E","?","M","R","BOSS","M","?","?","M","?","M","E","R","T","M","AVR","M","$","E","R","BOSS","M","M","M","?","?","E","M","E","T","?","M","M","M","M","R","BOSS"],"items_purchased_type":["Relic","Card","Relic"],"build_version":"2020-12-22","purchased_purges":0,"victory":true,"max_hp_per_floor":[75,75,75,75,75,75,75,75,75,75,75,75,75,75,75,75,75,75,75,75,75,75,75,75,75,75,75,75,75,75,83,83,83,83,83,83,83,83,83,83,83,83,83,83,83,83,83,83,83,83],"card_choices":[{"not_picked":["Bromod:Foundry","Bromod:Stretch","Bromod:FastHands"],"picked":"Bromod:SteelCharge","floor":1.0},{"not_picked":["Bromod:Redirection","Bromod:Reflection","Bromod:SlipMagazine"],"picked":"Bromod:ShatteringImpact","floor":2.0},{"not_picked":["Bromod:QuickDraw","Bromod:RelentlessCombination","Bromod:Stretch"],"picked":"Bromod:BulletJump","floor":3.0},{"not_picked":["Bromod:FastHands","Bromod:Vitality","Bromod:SlipMagazine"],"picked":"Bromod:Flow","floor":6.0},{"not_picked":["Bromod:HornetStrike","Bromod:Stretch","Bromod:Reflection"],"picked":"Bromod:BulletJump","floor":7.0},{"not_picked":["Bromod:Redirection","Bromod:KillingBlow","Bromod:Reflection"],"picked":"Bromod:BodyCount","floor":10.0},{"not_picked":["Bromod:PointBlank","Bromod:Foundry","Bromod:Adaptation"],"picked":"Bromod:PointStrike","floor":12.0},{"not_picked":["Bromod:BulletJump","Bromod:OrganShatter","Bromod:SeismicWave"],"picked":"Bromod:Vitality","floor":14.0},{"not_picked":["Bromod:SplitChamber","Bromod:FocusEnergy","Bromod:Berserker"],"picked":"Bromod:DriftingContact","floor":16.0},{"not_picked":["Bromod:SteelFiber","Bromod:QuickDraw","Bromod:PressurePoint"],"picked":"Bromod:OrganShatter","floor":18.0},{"not_picked":["Bromod:Vitality","Bromod:FinishingTouch","Bromod:ShatteringImpact+1"],"picked":"Bromod:NorthWind","floor":21.0},{"not_picked":["Bromod:TargetCracker","Bromod:QuickDraw","Bromod:SlipMagazine"],"picked":"Bromod:Foundry","floor":23.0},{"not_picked":["Bromod:Reflection","Bromod:SlipMagazine","Bromod:SpeedTrigger"],"picked":"Bromod:ShatteringImpact","floor":24.0},{"not_picked":["Bromod:SpeedTrigger","Bromod:Fury","Bromod:BodyCount"],"picked":"Bromod:Maglev","floor":27.0},{"not_picked":["Bromod:OrganShatter+1","Bromod:Maglev+1","Bromod:Reflection+1"],"picked":"Bromod:PressurePoint","floor":29.0},{"not_picked":["ReplayUltimateDefense","Chrysalis","Mayhem"],"picked":"Panache","floor":30.0},{"not_picked":["Thinking Ahead","Chrysalis","ReplayTheSpireMod:Trickstab"],"picked":"Dramatic Entrance","floor":30.0},{"not_picked":["Survey Options","hubris:Ssssneak","Dark Shackles"],"picked":"Jack Of All Trades","floor":30.0},{"not_picked":["Bromod:Rage","Bromod:KillingBlow","Bromod:PointBlank+1"],"picked":"Bromod:BulletJump","floor":31.0},{"not_picked":["Bromod:ToxicFlight","Bromod:LethalTorrent","Bromod:Thunderbolt"],"picked":"Bromod:ExaltedBlade","floor":33.0},{"not_picked":["Bromod:SlashDash","Bromod:ReflexCoil+1","Bromod:SlipMagazine+1"],"picked":"Bromod:SteelFiber+1","floor":35.0},{"not_picked":["Bromod:NorthWind+1","Bromod:ContagiousSpread+1","Bromod:TargetCracker"],"picked":"Bromod:PointStrike+1","floor":36.0},{"not_picked":["Bromod:Vitality","Bromod:Intensify","Bromod:SeismicWave"],"picked":"Bromod:ArchwingLauncher+1","floor":37.0},{"not_picked":["The Bomb","Specialist","Dark Shackles"],"picked":"ReplayTheSpireMod:Brewmster","floor":39.0},{"not_picked":["Replay:Parry","Forethought","Swift Strike"],"picked":"Mind Blast","floor":39.0},{"not_picked":["Swift Strike","Flash of Steel","Replay:Parry"],"picked":"ReplayTheSpireMod:Private Reserves","floor":39.0},{"not_picked":["Bromod:BodyCount","Bromod:SpeedTrigger","Bromod:FormaBlueprint"],"picked":"Bromod:BloodRush","floor":40.0},{"not_picked":["Bromod:QuickDraw","Bromod:FastHands","Bromod:Reflection+1"],"picked":"Bromod:ToxicBarrage","floor":41.0},{"not_picked":["Bromod:FormaBlueprint+1","Bromod:FastHands","Bromod:Foundry"],"picked":"Bromod:Continuity","floor":42.0},{"not_picked":["Bromod:FormaBlueprint+1","Bromod:KillingBlow+1","Bromod:Serration+1"],"picked":"Bromod:EnergySiphon+1","floor":45.0},{"not_picked":["Bromod:Stormbringer","Bromod:Redirection","Bromod:Foundry"],"picked":"Bromod:ToxicFlight","floor":46.0},{"not_picked":["Bromod:PointStrike","Bromod:NorthWind","Bromod:HornetStrike"],"picked":"Bromod:SteelFiber+1","floor":47.0},{"not_picked":["Bromod:TacticalPump+1","Bromod:Reflection+1","Bromod:PointStrike+1"],"picked":"Bromod:Vitality+1","floor":48}],"player_experience":543363,"relics_obtained":[{"floor":7.0,"key":"conspire:TopHat"},{"floor":9.0,"key":"Bromod:ArcaneAwakening"},{"floor":12.0,"key":"Replay:Wax Seal"},{"floor":24.0,"key":"hubris:DuctTape"},{"floor":24.0,"key":"Guard_Bracelet"},{"floor":26.0,"key":"reliquary:PorcupineQuills"},{"floor":26.0,"key":"Turnip"},{"floor":31.0,"key":"hubris:Spice"},{"floor":31.0,"key":"conspire:DeflatedDodgeball"},{"floor":40.0,"key":"Mirror"},{"floor":40.0,"key":"infinitespire:Bottled Soul"},{"floor":42.0,"key":"Nunchaku"},{"floor":42.0,"key":"Ancient Tea Set"},{"floor":43.0,"key":"infinitespire:CheckeredPen"},{"floor":43.0,"key":"Replay:Rubber Ducky"}],"event_choices":[{"damage_healed":0.0,"max_hp_gain":0.0,"max_hp_loss":0.0,"gold_gain":175.0,"event_name":"betterThird:BetterSerpent","player_choice":"AGREE","floor":4.0,"gold_loss":0.0,"damage_taken":313.0},{"damage_healed":0.0,"max_hp_gain":0.0,"max_hp_loss":0.0,"gold_gain":0.0,"event_name":"conspire:LoneGhost","player_choice":"Argue","floor":5.0,"gold_loss":0.0,"damage_taken":0.0},{"damage_healed":0.0,"max_hp_gain":0.0,"max_hp_loss":0.0,"gold_gain":0.0,"event_name":"betterThird:BetterWriting","player_choice":"Insight","floor":20.0,"gold_loss":0.0,"damage_taken":0.0,"cards_obtained":["Insight"]},{"damage_healed":0.0,"max_hp_gain":0.0,"max_hp_loss":0.0,"gold_gain":0.0,"event_name":"Winding Halls","player_choice":"Embrace Madness","floor":38.0,"gold_loss":0.0,"damage_taken":10.0,"cards_obtained":["Madness","Madness"]},{"damage_healed":0.0,"max_hp_gain":0.0,"max_hp_loss":0.0,"gold_gain":0.0,"event_name":"SensoryStone","player_choice":"Memory 3","floor":39.0,"gold_loss":0.0,"damage_taken":10.0}],"is_beta":false,"boss_relics":[{"not_picked":["Coffee Dripper","Busted Crown"],"picked":"Black Star"},{"not_picked":["hubris:Spice","reliquary:RedPaperclip"],"picked":"SlaversCollar"}],"items_purged_floors":[],"is_endless":false,"potions_floor_spawned":[3,6,10,23,29,33,35,40,41,42,46],"ascension_level":0}}