{"host":"7hek758ba7rrttw2","time":1614006929,"event":{"mods":["BaseMod","Minty Spire (QoL Compilation)","Weighted Paths"],"gold_per_floor":[115,134,145,145,68,68,99,99,99,124,134,134,134,134],"floor_reached":13,"language":"ENG","playtime":437,"items_purged":[],"score":130,"play_id":"3d69765e-f79c-4cec-bc6e-299267bbf1bb","local_time":"20210222161529","is_ascension_mode":true,"campfire_choices":[{"data":"True Grit","floor":6,"key":"SMITH"},{"data":"Pummel","floor":8,"key":"SMITH"},{"data":"Second Wind","floor":12,"key":"SMITH"}],"circlet_count":0,"master_deck":["Strike_R","Strike_R","Strike_R","Strike_R","Defend_R","Defend_R","Defend_R","Defend_R","Bash","Pommel Strike","True Grit+1","Pummel+1","Spot Weakness","Second Wind+1"],"relics":["Burning Blood","NeowsBlessing","Bird Faced Urn","Charon\u0027s Ashes","Dead Branch"],"acts_visited":["Exordium"],"potions_floor_usage":[10,13],"damage_taken":[{"damage":0,"enemies":"Cultist","floor":1,"turns":1},{"damage":0,"enemies":"Small Slimes","floor":2,"turns":1},{"damage":0,"enemies":"2 Louse","floor":3,"turns":1},{"damage":50,"enemies":"Lagavulin","floor":7,"turns":9},{"damage":10,"enemies":"Gremlin Nob","floor":10,"turns":3},{"damage":10,"enemies":"Lots of Slimes","floor":11,"turns":3},{"damage":23,"enemies":"3 Sentries","floor":13,"turns":4}],"seed_played":"-1650053062015047788","potions_obtained":[{"floor":7,"key":"AttackPotion"},{"floor":11,"key":"CultistPotion"}],"is_trial":false,"path_per_floor":["M","M","M","?","$","R","E","R","T","E","M","R","E"],"character_chosen":"IRONCLAD","items_purchased":["Spot Weakness"],"campfire_rested":0,"item_purchase_floors":[5],"current_hp_per_floor":[78,80,80,73,73,73,29,29,29,25,21,21,0,0],"gold":134,"neow_bonus":"THREE_ENEMY_KILL","is_daily":false,"chose_seed":false,"campfire_upgraded":3,"win_rate":0.0,"timestamp":1614006929,"path_taken":["M","?","M","?","$","R","E","R","T","E","M","R","E"],"items_purchased_type":["Card"],"build_version":"2020-12-22","purchased_purges":0,"victory":false,"max_hp_per_floor":[80,80,80,80,80,80,80,80,80,80,80,80,80,80],"card_choices":[{"not_picked":["Clothesline","Armaments"],"picked":"Pommel Strike","floor":1},{"not_picked":["Thunderclap","Warcry"],"picked":"True Grit","floor":2},{"not_picked":["Twin Strike","Anger"],"picked":"Pummel","floor":3},{"not_picked":["Cleave","Iron Wave","Clothesline"],"picked":"SKIP","floor":7},{"not_picked":["Headbutt","Warcry","Twin Strike"],"picked":"SKIP","floor":10},{"not_picked":["Shrug It Off","Burning Pact"],"picked":"Second Wind","floor":11}],"player_experience":379981,"relics_obtained":[{"floor":7,"key":"Bird Faced Urn"},{"floor":9,"key":"Charon\u0027s Ashes"},{"floor":10,"key":"Dead Branch"}],"event_choices":[{"cards_removed":["Strike_R"],"damage_healed":0,"gold_gain":0,"player_choice":"Card Removal","damage_taken":7,"max_hp_gain":0,"max_hp_loss":0,"event_name":"Golden Wing","floor":4,"gold_loss":0}],"is_beta":false,"boss_relics":[],"items_purged_floors":[],"is_endless":false,"potions_floor_spawned":[7,11],"killed_by":"3 Sentries","ascension_level":8}}