{"host":"64ub6hloe4gtkym4","time":1614018327,"event":{"mods":["AchievementEnabler","BaseMod","Colored Map","Colored Powertips","Googly Eyes","Hermit","Highlight Path","Hubris","Minty Spire (QoL Compilation)","Reliquary","Shop Mod","StSLib","The Construct","The Runesmith","The Servant 0.9.4"],"gold_per_floor":[113,124,41,41,61,61,61,85,110,110,133,133,96,109,109,109,109],"floor_reached":16,"language":"ENG","playtime":1244,"items_purged":[],"score":92,"play_id":"42dd2503-2a59-4a9b-84f0-83af4267f808","local_time":"20210222182527","is_ascension_mode":false,"campfire_choices":[{"floor":6,"key":"REST"},{"floor":12,"key":"REST"},{"data":"hermit:Virtue","floor":15,"key":"SMITH"}],"circlet_count":0,"master_deck":["hermit:Strike_Hermit","hermit:Strike_Hermit","hermit:Strike_Hermit","hermit:Strike_Hermit","hermit:Defend_Hermit","hermit:Defend_Hermit","hermit:Defend_Hermit","hermit:Defend_Hermit","hermit:Snapshot","hermit:Covet","hermit:HighCaliber","hermit:Quickdraw","hermit:Brawl","Entrench+1","hermit:Virtue+1","Injury","hermit:TrackingShot","hermit:Dive","hermit:ItchyTrigger"],"relics":["hermit:Momento","Regal Pillow","Golden Idol","reliquary:ExpiredCoupon","hubris:Towel"],"acts_visited":["Exordium"],"potions_floor_usage":[14,16],"damage_taken":[{"damage":6,"enemies":"Small Slimes","floor":1,"turns":3},{"damage":1,"enemies":"Cultist","floor":2,"turns":4},{"damage":4,"enemies":"Jaw Worm","floor":5,"turns":4},{"damage":9,"enemies":"Looter","floor":8,"turns":4},{"damage":6,"enemies":"Exordium Wildlife","floor":11,"turns":5},{"damage":0,"enemies":"3 Louse","floor":14,"turns":1},{"damage":78,"enemies":"Hexaghost","floor":16,"turns":14}],"seed_played":"-6861810122126698206","potions_obtained":[{"floor":5,"key":"Swift Potion"},{"floor":8,"key":"SteroidPotion"},{"floor":11,"key":"AttackPotion"}],"is_trial":false,"path_per_floor":["M","M","$","?","M","R","?","M","T","?","M","R","?","M","R","B"],"character_chosen":"HERMIT","items_purchased":["hermit:Quickdraw","hermit:Brawl"],"campfire_rested":2,"item_purchase_floors":[3,3],"current_hp_per_floor":[69,68,68,68,64,75,75,66,66,66,60,75,75,75,75,0,0],"gold":109,"neow_bonus":"RANDOM_COMMON_RELIC","is_daily":false,"chose_seed":false,"campfire_upgraded":1,"win_rate":0.0,"timestamp":1614018327,"path_taken":["M","M","$","?","?","R","?","M","T","?","M","R","?","M","R","BOSS"],"items_purchased_type":["Card","Card"],"build_version":"2020-12-22","purchased_purges":0,"victory":false,"max_hp_per_floor":[75,75,75,75,75,75,75,75,75,75,75,75,75,75,75,75,75],"card_choices":[{"not_picked":["hermit:Roulette","hermit:FullyLoaded"],"picked":"hermit:LuckOfTheDraw","floor":1},{"not_picked":["hermit:Desperado","hermit:ShadowCloak"],"picked":"hermit:HighCaliber","floor":2},{"not_picked":["hermit:HoleUp","hermit:NoHoldsBarred"],"picked":"hermit:Virtue","floor":5},{"not_picked":["hermit:SprayPray","hermit:NoHoldsBarred"],"picked":"hermit:TrackingShot","floor":8},{"not_picked":["hermit:TakeAim","hermit:Virtue"],"picked":"hermit:Dive","floor":11},{"not_picked":["hermit:Feint","hermit:Manifest"],"picked":"hermit:ItchyTrigger","floor":14}],"player_experience":52950,"relics_obtained":[{"floor":9,"key":"reliquary:ExpiredCoupon"}],"event_choices":[{"cards_removed":["hermit:LuckOfTheDraw"],"damage_healed":0,"gold_gain":0,"player_choice":"Took Card","damage_taken":0,"max_hp_gain":0,"max_hp_loss":0,"event_name":"NoteForYourself","floor":4,"gold_loss":0,"cards_obtained":["Entrench"]},{"damage_healed":0,"gold_gain":0,"player_choice":"Take Wound","damage_taken":0,"relics_obtained":["Golden Idol"],"max_hp_gain":0,"max_hp_loss":0,"event_name":"Golden Idol","floor":7,"gold_loss":0,"cards_obtained":["Injury"]},{"damage_healed":0,"gold_gain":0,"player_choice":"Left Gold","damage_taken":0,"max_hp_gain":0,"max_hp_loss":0,"event_name":"World of Goop","floor":13,"gold_loss":37}],"is_beta":false,"boss_relics":[],"items_purged_floors":[],"is_endless":false,"potions_floor_spawned":[5,8,11],"killed_by":"Hexaghost","ascension_level":0}}