{"host":"at5b10nm0iti0w4x","time":1614036253,"event":{"mods":["2.2 Compatiblity","AchievementEnabler","BaseMod","Bestiary","Block Reminder","Colored Map","Colored Powertips","Highlight Path","Keyboard Shortcuts","Minty Spire (QoL Compilation)","Quick Restart","Relic Stats","Slay the Relics Exporter","StSLib","SuperFastMode","Unknown Chances"],"gold_per_floor":[114,43,55,55,55,55,55,55,55,15,59,80,100,50,50,176,239,254,274,274,45,64,64,64],"floor_reached":23,"language":"ENG","playtime":499,"items_purged":["Defend_G"],"score":214,"play_id":"82d124b6-aa68-43ce-91c7-98411ee0131b","local_time":"20210222182413","is_ascension_mode":false,"campfire_choices":[{"data":"Venomology","floor":6,"key":"SMITH"},{"data":"Infinite Blades","floor":8,"key":"SMITH"},{"data":"Neutralize","floor":15,"key":"SMITH"}],"circlet_count":0,"master_deck":["Strike_G","Strike_G","Strike_G","Strike_G","Defend_G+1","Defend_G","Defend_G+1","Survivor","Neutralize+1","Slice+1","Infinite Blades+1","Venomology+1","Eviscerate","Quick Slash","Die Die Die","Deadly Poison","Escape Plan+1","Storm of Steel","Predator"],"relics":["Ring of the Snake","NeowsBlessing","Golden Idol","Paper Crane","Meat on the Bone","Tiny House","Nilry\u0027s Codex","Membership Card"],"acts_visited":["Exordium","TheCity"],"potions_floor_usage":[16,16,16,18,19,22,22,23],"damage_taken":[{"damage":0,"enemies":"Small Slimes","floor":1,"turns":1},{"damage":0,"enemies":"Jaw Worm","floor":3,"turns":1},{"damage":0,"enemies":"Gremlin Nob","floor":11,"turns":1},{"damage":0,"enemies":"2 Louse","floor":12,"turns":2},{"damage":26,"enemies":"Exordium Thugs","floor":13,"turns":6},{"damage":12,"enemies":"The Guardian","floor":16,"turns":8},{"damage":23,"enemies":"Chosen","floor":18,"turns":6},{"damage":26,"enemies":"2 Thieves","floor":19,"turns":3},{"damage":18,"enemies":"Centurion and Healer","floor":22,"turns":6},{"damage":17,"enemies":"Book of Stabbing","floor":23,"turns":5}],"seed_played":"4395614930247059257","potions_obtained":[{"floor":10,"key":"CultistPotion"},{"floor":10,"key":"GhostInAJar"},{"floor":10,"key":"DistilledChaos"},{"floor":16,"key":"AttackPotion"},{"floor":17,"key":"BlessingOfTheForge"}],"is_trial":false,"path_per_floor":["M","$","M","?","?","R","?","R","T","?","E","M","M","?","R","B",null,"M","M","?","$","M","E"],"character_chosen":"THE_SILENT","items_purchased":["Infinite Blades","Membership Card","Storm of Steel"],"campfire_rested":0,"item_purchase_floors":[2,21,21],"current_hp_per_floor":[70,70,70,53,39,39,32,32,32,32,32,44,30,30,30,30,75,52,38,22,22,16,0,0],"gold":64,"neow_bonus":"THREE_ENEMY_KILL","is_daily":false,"chose_seed":false,"campfire_upgraded":3,"win_rate":0.0,"timestamp":1614036253,"path_taken":["M","$","M","?","?","R","?","R","T","?","E","M","?","?","R","BOSS","M","M","?","$","M","E"],"items_purchased_type":["Card","Relic","Card"],"build_version":"2020-12-22","purchased_purges":1,"victory":false,"max_hp_per_floor":[70,70,70,70,70,70,70,70,70,70,70,70,70,70,70,70,75,75,75,75,75,75,75,75],"relic_stats":{"counters":[10,39],"Golden Idol":66,"obtain_stats":[{"Tiny House":17,"NeowsBlessing":0,"Golden Idol":4,"Nilry\u0027s Codex":20,"Membership Card":21,"Paper Crane":9,"Ring of the Snake":0,"Meat on the Bone":11},{"Tiny House":6,"NeowsBlessing":0,"Golden Idol":2,"Nilry\u0027s Codex":8,"Membership Card":8,"Paper Crane":2,"Ring of the Snake":0,"Meat on the Bone":3},{"Tiny House":19,"NeowsBlessing":0,"Golden Idol":2,"Nilry\u0027s Codex":28,"Membership Card":28,"Paper Crane":2,"Ring of the Snake":0,"Meat on the Bone":3}],"Ring of the Snake":[20],"Meat on the Bone":60},"card_choices":[{"not_picked":["Dodge and Roll","Bane"],"picked":"Slice","floor":1},{"not_picked":["Prepared","Poisoned Stab"],"picked":"Venomology","floor":3},{"not_picked":["Riddle With Holes","Footwork"],"picked":"Eviscerate","floor":11},{"not_picked":["Endless Agony","Dagger Throw"],"picked":"Quick Slash","floor":12},{"not_picked":["Heel Hook","Escape Plan","Dodge and Roll"],"picked":"SKIP","floor":13},{"not_picked":["Grand Finale","Glass Knife"],"picked":"Die Die Die","floor":16},{"not_picked":["Backflip","Eviscerate"],"picked":"Deadly Poison","floor":17},{"not_picked":["Prepared","Well Laid Plans+1","Bane"],"picked":"SKIP","floor":18},{"not_picked":["Flechettes","Acrobatics"],"picked":"Escape Plan+1","floor":19},{"not_picked":["Caltrops","Sucker Punch+1"],"picked":"Predator","floor":22}],"player_experience":114890,"relics_obtained":[{"floor":9,"key":"Paper Crane"},{"floor":11,"key":"Meat on the Bone"},{"floor":20,"key":"Nilry\u0027s Codex"}],"event_choices":[{"damage_healed":0,"gold_gain":0,"player_choice":"Take Damage","damage_taken":17,"relics_obtained":["Golden Idol"],"max_hp_gain":0,"max_hp_loss":0,"event_name":"Golden Idol","floor":4,"gold_loss":0},{"damage_healed":0,"gold_gain":0,"player_choice":"Entered Light","damage_taken":14,"max_hp_gain":0,"max_hp_loss":0,"event_name":"Shining Light","floor":5,"gold_loss":0,"cards_upgraded":["Defend_G","Slice"]},{"cards_removed":["Strike_G"],"damage_healed":0,"gold_gain":0,"player_choice":"Card Removal","damage_taken":7,"max_hp_gain":0,"max_hp_loss":0,"event_name":"Golden Wing","floor":7,"gold_loss":0},{"damage_healed":0,"gold_gain":0,"player_choice":"Bought 3 Potions","damage_taken":0,"max_hp_gain":0,"max_hp_loss":0,"event_name":"The Woman in Blue","floor":10,"gold_loss":0},{"cards_removed":["Defend_G"],"damage_healed":0,"gold_gain":0,"player_choice":"Card Removal","damage_taken":0,"max_hp_gain":0,"max_hp_loss":0,"event_name":"The Cleric","floor":14,"gold_loss":50},{"damage_healed":0,"gold_gain":0,"player_choice":"Obtained Book","damage_taken":16,"max_hp_gain":0,"max_hp_loss":0,"event_name":"Cursed Tome","floor":20,"gold_loss":0}],"is_beta":false,"boss_relics":[{"not_picked":["SacredBark","Runic Dome"],"picked":"Tiny House"}],"items_purged_floors":[21],"is_endless":false,"potions_floor_spawned":[12,13,16],"killed_by":"Book of Stabbing","ascension_level":0}}