{"host":"a6m4v7p1efmaozv7","time":1614004594,"event":{"mods":["BaseMod","Colored Map","Colored Powertips","DeckTracker","Keyboard Shortcuts","Minty Spire (QoL Compilation)","Permanent Neow","Relic Stats","StSLib","SuperFastMode"],"gold_per_floor":[213,230,230,230,245,245,225,243,267,283,283,208,221,15,15,108,108,126,126,146,160,210,210,233,233,233,257,280,71,71,96,96,192,192,215,238,113,113,131,131,175,175,175,7,23,356,368,388,388,388,388],"floor_reached":50,"language":"ENG","playtime":1233,"items_purged":["Strike_G","Strike_G+1","Strike_G+1"],"score":1061,"play_id":"726253fa-5873-47ce-8214-55dce003a1c7","local_time":"20210222233634","is_ascension_mode":true,"campfire_choices":[{"data":"Dash","floor":6.0,"key":"SMITH"},{"data":"Catalyst","floor":11.0,"key":"SMITH"},{"data":"Deadly Poison","floor":15.0,"key":"SMITH"},{"data":"Night Terror","floor":23.0,"key":"SMITH"},{"floor":25.0,"key":"REST"},{"floor":30.0,"key":"REST"},{"data":"Catalyst","floor":32.0,"key":"SMITH"},{"floor":40.0,"key":"REST"},{"floor":42.0,"key":"DIG"},{"floor":49.0,"key":"RECALL"}],"circlet_count":0,"master_deck":["AscendersBane","Strike_G+1","Defend_G+1","Defend_G+1","Defend_G+1","Defend_G+1","Defend_G+1","Survivor","Neutralize","Dash+1","Deadly Poison+1","Catalyst+1","Poisoned Stab","Backflip","Escape Plan+1","Night Terror+1","Catalyst+1","Tactician","Deadly Poison","Corpse Explosion+1","PiercingWail","Deflect+1"],"relics":["Ring of the Snake","Runic Pyramid","Shovel","Fusion Hammer","MealTicket","Ninja Scroll","Girya","War Paint"],"acts_visited":["TheCity","TheBeyond"],"potions_floor_usage":[50],"damage_taken":[{"damage":1.0,"enemies":"Small Slimes","floor":1.0,"turns":4.0},{"damage":0.0,"enemies":"Jaw Worm","floor":2.0,"turns":5.0},{"damage":0.0,"enemies":"2 Louse","floor":5.0,"turns":3.0},{"damage":6.0,"enemies":"Red Slaver","floor":8.0,"turns":6.0},{"damage":16.0,"enemies":"Large Slime","floor":10.0,"turns":8.0},{"damage":10.0,"enemies":"Exordium Wildlife","floor":13.0,"turns":7.0},{"damage":12.0,"enemies":"Hexaghost","floor":16.0,"turns":9.0},{"damage":12.0,"enemies":"3 Byrds","floor":18.0,"turns":7.0},{"damage":12.0,"enemies":"Shell Parasite","floor":20.0,"turns":7.0},{"damage":2.0,"enemies":"Snake Plant","floor":21.0,"turns":4.0},{"damage":22.0,"enemies":"Chosen and Byrds","floor":24.0,"turns":9.0},{"damage":2.0,"enemies":"Centurion and Healer","floor":27.0,"turns":8.0},{"damage":11.0,"enemies":"Sentry and Sphere","floor":28.0,"turns":9.0},{"damage":6.0,"enemies":"Snake Plant","floor":31.0,"turns":5.0},{"damage":14.0,"enemies":"Collector","floor":33.0,"turns":5.0},{"damage":4.0,"enemies":"Orb Walker","floor":35.0,"turns":2.0},{"damage":0.0,"enemies":"3 Shapes","floor":36.0,"turns":5.0},{"damage":23.0,"enemies":"Jaw Worm Horde","floor":39.0,"turns":3.0},{"damage":0.0,"enemies":"Nemesis","floor":41.0,"turns":5.0},{"damage":0.0,"enemies":"Spire Growth","floor":45.0,"turns":2.0},{"damage":10.0,"enemies":"Writhing Mass","floor":47.0,"turns":3.0},{"damage":16.0,"enemies":"Jaw Worm Horde","floor":48.0,"turns":3.0},{"damage":25,"enemies":"Donu and Deca","floor":50,"turns":5}],"seed_played":"2439164771738288649","potions_obtained":[{"floor":2.0,"key":"ColorlessPotion"},{"floor":5.0,"key":"Poison Potion"},{"floor":7.0,"key":"Dexterity Potion"},{"floor":13.0,"key":"LiquidMemories"},{"floor":21.0,"key":"FearPotion"},{"floor":27.0,"key":"Fire Potion"},{"floor":33.0,"key":"Block Potion"},{"floor":39.0,"key":"Explosive Potion"},{"floor":45.0,"key":"Dexterity Potion"}],"is_trial":false,"path_per_floor":["M","M","?","?","M","R","?","M","T","M","R","?","M","$","R","B",null,"M","?","M","M","?","R","M","R","T","M","M","$","R","M","R","B",null,"M","M","$","?","M","R","E","R","T","$","M","?","M","M","R","B"],"character_chosen":"THE_SILENT","items_purchased":["Backflip","Escape Plan","Deadly Poison","Swift Potion","War Paint"],"campfire_rested":3,"item_purchase_floors":[14,14,29,29,44],"current_hp_per_floor":[58,58,58,58,58,58,58,52,52,36,36,36,26,26,26,14,49,37,37,25,23,23,23,1,19,19,17,6,6,24,18,18,4,46,42,42,42,42,19,37,37,37,37,52,52,52,42,26,26,1,1],"gold":388,"neow_bonus":"HUNDRED_GOLD","is_daily":false,"chose_seed":false,"campfire_upgraded":5,"win_rate":0.0,"timestamp":1614004594,"path_taken":["M","M","?","?","M","R","?","?","T","M","R","?","M","$","R","BOSS","M","?","M","M","?","R","?","R","T","M","M","$","R","M","R","BOSS","M","M","$","?","M","R","E","R","T","$","?","?","M","M","R","BOSS"],"items_purchased_type":["Card","Card","Card","Potion","Relic"],"build_version":"2020-12-22","purchased_purges":3,"victory":false,"max_hp_per_floor":[66,66,66,60,60,60,60,60,60,60,60,60,60,60,60,60,60,60,60,60,60,60,60,60,60,60,60,60,60,60,60,60,60,60,60,60,60,60,60,60,60,60,60,60,60,60,60,60,60,60,60],"relic_stats":{"Shovel":1,"counters":[23,124],"MealTicket":15,"War Paint":["Corpse Explosion","Escape Plan"],"obtain_stats":[{"Girya":43,"Shovel":26,"Golden Idol":4,"Ninja Scroll":42,"MealTicket":41,"Fusion Hammer":34,"War Paint":44,"Ring of the Snake":0,"Runic Pyramid":17},{"Girya":19,"Shovel":11,"Golden Idol":2,"Ninja Scroll":19,"MealTicket":19,"Fusion Hammer":15,"War Paint":19,"Ring of the Snake":0,"Runic Pyramid":7},{"Girya":111,"Shovel":69,"Golden Idol":9,"Ninja Scroll":111,"MealTicket":111,"Fusion Hammer":96,"War Paint":111,"Ring of the Snake":0,"Runic Pyramid":42}],"Ring of the Snake":[46]},"card_choices":[{"not_picked":["Dagger Throw","Blade Dance"],"picked":"Dash","floor":1.0},{"not_picked":["Heel Hook","Quick Slash","Bane"],"picked":"SKIP","floor":2.0},{"not_picked":["Setup","Riddle With Holes","Bane"],"picked":"SKIP","floor":5.0},{"not_picked":["Masterful Stab","Sucker Punch"],"picked":"Deadly Poison","floor":8.0},{"not_picked":["Concentrate","Blur"],"picked":"Catalyst","floor":10.0},{"not_picked":["Quick Slash","Flying Knee"],"picked":"Poisoned Stab","floor":13.0},{"not_picked":["Storm of Steel","Envenom"],"picked":"Night Terror","floor":16.0},{"not_picked":["Finisher","Eviscerate","Caltrops"],"picked":"SKIP","floor":18.0},{"not_picked":["Dagger Spray+1","Deflect","Dash"],"picked":"SKIP","floor":20.0},{"not_picked":["Blade Dance","Bouncing Flask"],"picked":"Catalyst","floor":21.0},{"not_picked":["Slice","Endless Agony","Deflect"],"picked":"SKIP","floor":24.0},{"not_picked":["Well Laid Plans","Quick Slash","Crippling Poison"],"picked":"SKIP","floor":27.0},{"not_picked":["Acrobatics","Deflect"],"picked":"Tactician","floor":28.0},{"not_picked":["Bouncing Flask","Slice","Outmaneuver"],"picked":"SKIP","floor":31.0},{"not_picked":["After Image","Unload"],"picked":"Corpse Explosion","floor":33.0},{"not_picked":["Bane","Sucker Punch","Backflip"],"picked":"SKIP","floor":35.0},{"not_picked":["Outmaneuver","Dagger Throw","Dagger Spray"],"picked":"SKIP","floor":36.0},{"not_picked":["Cloak And Dagger","Blade Dance"],"picked":"PiercingWail","floor":39.0},{"not_picked":["Venomology","Caltrops+1","Deadly Poison"],"picked":"SKIP","floor":41.0},{"not_picked":["Eviscerate","Dagger Spray"],"picked":"Deflect+1","floor":45.0},{"not_picked":["Dodge and Roll","Prepared","Poisoned Stab"],"picked":"SKIP","floor":47.0},{"not_picked":["Underhanded Strike","Dagger Throw+1","Dodge and Roll+1"],"picked":"SKIP","floor":48.0}],"player_experience":2012425,"relics_obtained":[{"floor":26.0,"key":"Shovel"},{"floor":41.0,"key":"MealTicket"},{"floor":42.0,"key":"Ninja Scroll"},{"floor":43.0,"key":"Girya"}],"event_choices":[{"damage_healed":0.0,"max_hp_gain":0.0,"max_hp_loss":0.0,"gold_gain":0.0,"event_name":"Liars Game","player_choice":"Ignored","floor":3.0,"gold_loss":0.0,"damage_taken":0.0},{"damage_healed":0.0,"max_hp_gain":0.0,"max_hp_loss":6.0,"gold_gain":0.0,"event_name":"Golden Idol","player_choice":"Lose Max HP","floor":4.0,"gold_loss":0.0,"damage_taken":0.0,"relics_obtained":["Golden Idol"]},{"damage_healed":0.0,"max_hp_gain":0.0,"max_hp_loss":0.0,"gold_gain":0.0,"event_name":"The Woman in Blue","player_choice":"Bought 1 Potion","floor":7.0,"gold_loss":0.0,"damage_taken":0.0},{"cards_removed":["Strike_G"],"damage_healed":0.0,"max_hp_gain":0.0,"max_hp_loss":0.0,"gold_gain":0.0,"event_name":"The Cleric","player_choice":"Card Removal","floor":12.0,"gold_loss":75.0,"damage_taken":0.0},{"damage_healed":0.0,"max_hp_gain":0.0,"max_hp_loss":0.0,"gold_gain":0.0,"event_name":"Back to Basics","player_choice":"Simplicity","floor":19.0,"gold_loss":0.0,"damage_taken":0.0,"cards_upgraded":["Strike_G","Strike_G","Strike_G","Defend_G","Defend_G","Defend_G","Defend_G","Defend_G"]},{"damage_healed":0.0,"max_hp_gain":0.0,"max_hp_loss":0.0,"gold_gain":100.0,"event_name":"The Joust","player_choice":"Bet on Murderer","floor":22.0,"gold_loss":50.0,"damage_taken":0.0},{"damage_healed":0.0,"max_hp_gain":0.0,"max_hp_loss":0.0,"gold_gain":0.0,"event_name":"Lab","player_choice":"Got Potions","floor":38.0,"gold_loss":0.0,"damage_taken":0.0},{"damage_healed":0.0,"max_hp_gain":0.0,"max_hp_loss":0.0,"gold_gain":333.0,"event_name":"The Moai Head","player_choice":"Gave Idol","floor":46.0,"relics_lost":["Golden Idol"],"gold_loss":0.0,"damage_taken":0.0}],"is_beta":false,"boss_relics":[{"not_picked":["Velvet Choker","Cursed Key"],"picked":"Runic Pyramid"},{"not_picked":["Pandora\u0027s Box","WristBlade"],"picked":"Fusion Hammer"}],"items_purged_floors":[14,29,37],"is_endless":false,"potions_floor_spawned":[2,5,13,21,27,33,39,45,47,48],"killed_by":"Donu and Deca","ascension_level":20}}