{"host":"vfg9szunmpjwj08o","time":1614025990,"event":{"mods":["Act Like it!","BaseMod","BetterRewards","Bossed Relics","Challenge The Spire","Colored Map","Colored Powertips","Dark Map","Highlight Path","Minty Spire (QoL Compilation)","Quick Restart","Relic Stats","StSLib","Waifu the Spire","everything is the same but u backflip on backflip"],"gold_per_floor":[115,115,115,125,50,50,77,89,127,139,163,450,273,292,292,393,393,412,412,15,0,200,211,211,230,230,258,258,273,273,273],"floor_reached":30,"language":"ENG","playtime":984,"items_purged":["Strike_P","Regret"],"score":381,"play_id":"01c5e4ff-19fb-427e-b201-92b281185b6f","local_time":"20210222213310","is_ascension_mode":true,"campfire_choices":[{"data":"Eruption","floor":6,"key":"SMITH"},{"data":"Defend_P","floor":8,"key":"PURGE"},{"data":"Strike_P","floor":10,"key":"PURGE"},{"data":"Wallop","floor":15,"key":"SMITH"},{"floor":24,"key":"RECALL"},{"data":"Devotion","floor":28,"key":"SMITH"}],"circlet_count":0,"master_deck":["AscendersBane","Strike_P+1","Strike_P+1","Defend_P","Defend_P","Defend_P","Eruption+1","Vigilance","JustLucky","TalkToTheHand","Nirvana","Meditate","JustLucky","Wallop+1","Devotion+1","TalkToTheHand","BattleHymn","Prostrate","EmptyMind"],"relics":["PureWater","Peace Pipe","MawBank","Happy Flower","Sozu","Meat on the Bone","Gremlin Horn"],"acts_visited":["Exordium","TheCity"],"potions_floor_usage":[],"damage_taken":[{"damage":7,"enemies":"Jaw Worm","floor":1,"turns":3},{"damage":0,"enemies":"2 Louse","floor":4,"turns":1},{"damage":32,"enemies":"Lagavulin","floor":7,"turns":6},{"damage":0,"enemies":"Cultist","floor":11,"turns":2},{"damage":1,"enemies":"Looter","floor":14,"turns":3},{"damage":2,"enemies":"Slime Boss","floor":16,"turns":7},{"damage":22,"enemies":"Spheric Guardian","floor":18,"turns":4},{"damage":19,"enemies":"2 Thieves","floor":23,"turns":3},{"damage":6,"enemies":"Shelled Parasite and Fungi","floor":25,"turns":4},{"damage":25,"enemies":"Book of Stabbing","floor":27,"turns":6},{"damage":13,"enemies":"Snecko","floor":29,"turns":6},{"damage":20,"enemies":"Gremlin Leader","floor":30,"turns":4}],"seed_played":"8549649241909321624","potions_obtained":[{"floor":7,"key":"Energy Potion"},{"floor":16,"key":"StancePotion"}],"is_trial":false,"path_per_floor":["M","?","?","M","$","R","E","R","T","R","M","?","$","M","R","B",null,"M","?","$","?","?","M","R","M","T","E","R","M","E"],"character_chosen":"WATCHER","items_purchased":["Meditate","JustLucky","Meat on the Bone","TalkToTheHand","BattleHymn"],"campfire_rested":0,"item_purchase_floors":[13,13,20,20,20],"current_hp_per_floor":[58,45,50,50,50,50,18,18,18,18,18,18,18,17,17,15,56,34,34,34,34,34,27,27,33,33,20,20,19,0,0],"gold":273,"neow_bonus":"ONE_RARE_RELIC","is_daily":false,"chose_seed":false,"campfire_upgraded":3,"win_rate":0.0,"timestamp":1614025990,"path_taken":["M","?","?","M","$","R","E","R","T","R","M","?","$","?","R","BOSS","M","?","$","?","?","M","R","M","T","E","R","?","E"],"items_purchased_type":["Card","Card","Relic","Card","Card"],"build_version":"2020-12-22","purchased_purges":2,"victory":false,"max_hp_per_floor":[65,65,70,70,70,70,70,70,70,70,70,70,70,70,70,70,70,70,70,70,70,70,70,70,70,70,70,70,70,70,70],"relic_stats":{"Peace Pipe":2,"Sozu":1,"Happy Flower":[13],"Gremlin Horn":[2,2],"counters":[12,49],"MawBank":72,"obtain_stats":[{"Peace Pipe":0,"Sozu":17,"Happy Flower":9,"Gremlin Horn":27,"PureWater":0,"MawBank":7,"Meat on the Bone":20},{"Peace Pipe":0,"Sozu":6,"Happy Flower":3,"Gremlin Horn":10,"PureWater":0,"MawBank":3,"Meat on the Bone":7},{"Peace Pipe":0,"Sozu":22,"Happy Flower":10,"Gremlin Horn":39,"PureWater":0,"MawBank":10,"Meat on the Bone":26}],"Meat on the Bone":48},"card_choices":[{"not_picked":["ForeignInfluence","WreathOfFlame"],"picked":"JustLucky","floor":1},{"not_picked":["WaveOfTheHand","SignatureMove"],"picked":"TalkToTheHand","floor":4},{"not_picked":["BattleHymn","Indignation"],"picked":"Nirvana","floor":7},{"not_picked":["FollowUp","Consecrate","FlyingSleeves"],"picked":"SKIP","floor":11},{"not_picked":["Crescendo","Halt"],"picked":"Wallop","floor":14},{"not_picked":["SpiritShield","Establishment"],"picked":"Devotion","floor":16},{"not_picked":["Crescendo+1","Consecrate","FearNoEvil"],"picked":"SKIP","floor":18},{"not_picked":["Halt","CrushJoints","Protect"],"picked":"SKIP","floor":23},{"not_picked":["PathToVictory","FollowUp"],"picked":"Prostrate","floor":25},{"not_picked":["FollowUp","Conclude"],"picked":"EmptyMind","floor":27},{"not_picked":["Wallop","Protect","Blasphemy"],"picked":"SKIP","floor":29}],"player_experience":1119361,"relics_obtained":[{"floor":7,"key":"MawBank"},{"floor":9,"key":"Happy Flower"},{"floor":27,"key":"Gremlin Horn"}],"event_choices":[{"damage_healed":0,"gold_gain":0,"player_choice":"Entered Light","damage_taken":13,"max_hp_gain":0,"max_hp_loss":0,"event_name":"Shining Light","floor":2,"gold_loss":0,"cards_upgraded":["Strike_P","Strike_P"]},{"damage_healed":0,"gold_gain":0,"player_choice":"Donut","damage_taken":0,"max_hp_gain":5,"max_hp_loss":0,"event_name":"Big Fish","floor":3,"gold_loss":0},{"damage_healed":0,"gold_gain":275,"player_choice":"Desecrate","damage_taken":0,"max_hp_gain":0,"max_hp_loss":0,"event_name":"Golden Shrine","floor":12,"gold_loss":0,"cards_obtained":["Regret"]},{"damage_healed":0,"gold_gain":0,"player_choice":"Ignored","damage_taken":0,"max_hp_gain":0,"max_hp_loss":0,"event_name":"Ghosts","floor":19,"gold_loss":0},{"damage_healed":0,"gold_gain":0,"player_choice":"Paid Fearfully","damage_taken":0,"max_hp_gain":0,"max_hp_loss":0,"event_name":"Masked Bandits","floor":21,"gold_loss":15},{"damage_healed":0,"gold_gain":200,"player_choice":"Gold","damage_taken":0,"max_hp_gain":0,"max_hp_loss":0,"event_name":"Wheel of Change","floor":22,"gold_loss":0}],"is_beta":false,"boss_relics":[{"not_picked":["Coffee Dripper","Cursed Key"],"picked":"Sozu"}],"items_purged_floors":[5,13],"is_endless":false,"potions_floor_spawned":[7,16,27],"killed_by":"Gremlin Leader","ascension_level":11}}