{"host":"97k5lqmr6aaz1p9r","time":1614030813,"event":{"mods":["BaseMod","Colored Map","Downfall","Jorbs\u0027s Wanderer Trilogy","Minty Spire (QoL Compilation)","StSLib","The Cursed"],"gold_per_floor":[144,189,114,159,27,117,67,112,112,157,157,247,197,197,147,447,447,492,537,462,507,507,597,642,687,687,637,462,507,597,642,592,892,892,937,982,982,564,609,559,649,222,222,222,312,222,172,217,167,167],"floor_reached":51,"language":"ENG","playtime":3402,"items_purged":["Slimebound:Defend_Slimebound","Slimebound:Strike_Slimebound"],"score":1007,"play_id":"f08e69c9-cc30-4e6b-97b7-b8bc34ffd3a3","local_time":"20210222215333","daily_mods":["Cursed Run","Purple Cards","Midas"],"is_ascension_mode":false,"campfire_choices":[{"floor":7,"key":"REST"},{"floor":13,"key":"REST"},{"floor":15,"key":"REST"},{"floor":27,"key":"REST"},{"floor":32,"key":"REST"},{"floor":40,"key":"REST"},{"floor":47,"key":"REST"},{"floor":49,"key":"REST"}],"circlet_count":0,"master_deck":["Slimebound:Strike_Slimebound","Slimebound:Tackle","Slimebound:Defend_Slimebound","Slimebound:Defend_Slimebound+1","Slimebound:Defend_Slimebound","Slimebound:Split","Slimebound:CorrosiveSpit","Slimebound:ComboTackle","JustLucky","Slimebound:MegaLick+1","Slimebound:Schlurp","Slimebound:TongueLash","Slimebound:Chomp+1","Shame","FlyingSleeves","ConjureBlade","Slimebound:RainOfGoop","Slimebound:LeechLife","Slimebound:SlimeBrawl","Slimebound:Prepare","Slimebound:Gluttony+1","Slimebound:RejuvenatingLick","Slimebound:RallyTheTroops","downfall:Bewildered","Slimebound:GrowthPunch","Slimebound:LivingWall+1","TheCursedMod:Dregs","DeusExMachina","ThirdEye","Evaluate+1","Slimebound:LevelUp","Mayhem","Slimebound:RollThrough+1","Slimebound:FlameTackle+1","Sadistic Nature","Slimebound:LeadByExample","Doubt"],"relics":["Cursed Key","Darkstone Periapt","Du-Vu Doll","Slimebound:GreedOozeRelic","HornCleat","bronze:DecasWashers","Slimebound:AggressiveSlimeRelic","SacredBark","Anchor","Slimebound:SlimedSkullRelic","Boot","sneckomod:SneckoTalon","Centennial Puzzle","Happy Flower","ClockworkSouvenir","Orichalcum","White Beast Statue"],"acts_visited":["Exordium","TheCity","TheBeyond"],"potions_floor_usage":[16,24,29,45,50,50,50,50],"damage_taken":[{"damage":6,"enemies":"2 Louse","floor":1,"turns":2},{"damage":0,"enemies":"Small Slimes","floor":2,"turns":3},{"damage":0,"enemies":"Jaw Worm","floor":4,"turns":3},{"damage":9,"enemies":"Gremlin Nob","floor":6,"turns":3},{"damage":0,"enemies":"2 Fungi Beasts","floor":8,"turns":3},{"damage":0,"enemies":"Gremlin Gang","floor":10,"turns":4},{"damage":0,"enemies":"Lagavulin","floor":12,"turns":4},{"damage":0,"enemies":"Slime Boss","floor":16,"turns":4},{"damage":18,"enemies":"2 Thieves","floor":18,"turns":3},{"damage":0,"enemies":"Spheric Guardian","floor":19,"turns":3},{"damage":5,"enemies":"Centurion and Healer","floor":21,"turns":6},{"damage":29,"enemies":"Gremlin Leader","floor":23,"turns":5},{"damage":0,"enemies":"Chosen and Byrds","floor":24,"turns":5},{"damage":14,"enemies":"Snake Plant","floor":25,"turns":4},{"damage":0,"enemies":"Shelled Parasite and Fungi","floor":29,"turns":3},{"damage":2,"enemies":"Book of Stabbing","floor":30,"turns":3},{"damage":3,"enemies":"Centurion and Healer","floor":31,"turns":4},{"damage":49,"enemies":"Automaton","floor":33,"turns":8},{"damage":22,"enemies":"3 Darklings","floor":35,"turns":6},{"damage":0,"enemies":"3 Shapes","floor":36,"turns":5},{"damage":4,"enemies":"3 Shapes","floor":37,"turns":5},{"damage":13,"enemies":"Transient","floor":39,"turns":5},{"damage":40,"enemies":"Giant Head","floor":41,"turns":6},{"damage":14,"enemies":"Reptomancer","floor":45,"turns":4},{"damage":0,"enemies":"Sphere and 2 Shapes","floor":48,"turns":5},{"damage":38,"enemies":"Time Eater","floor":50,"turns":11}],"seed_played":"-9004314451342404475","potions_obtained":[{"floor":6,"key":"SmokeBomb"},{"floor":8,"key":"hexamod:SoulburnPotion"},{"floor":12,"key":"Dexterity Potion"},{"floor":16,"key":"Block Potion"},{"floor":18,"key":"EntropicBrew"},{"floor":25,"key":"AttackPotion"},{"floor":29,"key":"Dexterity Potion"},{"floor":37,"key":"DistilledChaos"},{"floor":48,"key":"Swift Potion"}],"is_trial":false,"path_per_floor":["M","M","?","M","$","E","R","M","T","M","?","E","R","?","R","B",null,"M","M","?","M","?","E","M","M","T","R","$","M","E","M","R","B",null,"M","M","?","$","M","R","E","$","T","?","E","?","R","M","R","B",null],"character_chosen":"SLIMEBOUND","items_purchased":["Slimebound:Schlurp","Slimebound:TongueLash","Fruit Juice","Slimebound:LevelUp","Centennial Puzzle","Mayhem","Sadistic Nature","ClockworkSouvenir"],"campfire_rested":8,"item_purchase_floors":[5,5,28,38,38,38,42,42],"current_hp_per_floor":[59,59,59,59,59,50,65,65,71,71,71,71,71,57,71,77,77,59,59,59,77,77,58,77,63,69,83,83,93,91,88,93,67,99,77,77,80,80,79,99,69,69,75,75,61,61,92,92,105,73],"gold":167,"neow_bonus":"","is_daily":true,"chose_seed":false,"campfire_upgraded":0,"win_rate":0.0,"timestamp":1614030813,"path_taken":["M","M","?","M","$","E","R","M","T","M","?","E","R","?","R","BOSS","M","M","?","M","?","E","?","M","T","R","$","M","E","M","R","BOSS","M","M","?","$","M","R","E","$","T","?","E","?","R","M","R","BOSS"],"items_purchased_type":["Card","Card","Potion","Card","Relic","Card","Card","Relic"],"build_version":"2020-12-22","purchased_purges":2,"victory":true,"max_hp_per_floor":[65,65,65,65,65,65,65,65,71,71,71,71,71,71,71,77,77,77,77,77,77,77,77,77,77,83,83,83,93,93,93,93,99,99,99,99,99,99,99,99,99,99,105,105,105,105,105,105,105,111],"card_choices":[{"not_picked":["Slimebound:SlimeSpikes","Slimebound:MegaLick"],"picked":"Slimebound:ComboTackle","floor":1},{"not_picked":["BowlingBash","Weave"],"picked":"JustLucky","floor":2},{"not_picked":["LikeWater","Slimebound:SlimeTap"],"picked":"Slimebound:MegaLick","floor":4},{"not_picked":["EmptyFist","Slimebound:SplitSpecialist"],"picked":"Swivel","floor":6},{"not_picked":["Slimebound:SlimeSpikes","Slimebound:LeechingTouch"],"picked":"Slimebound:Chomp","floor":8},{"not_picked":["Crescendo","Adaptation"],"picked":"FlyingSleeves","floor":10},{"not_picked":["Weave","BowlingBash"],"picked":"Slimebound:RainOfGoop","floor":12},{"not_picked":["Slimebound:Overexert","Slimebound:Teamwork"],"picked":"Slimebound:LeechLife","floor":16},{"not_picked":["Slimebound:LeechEnergy","WindmillStrike"],"picked":"Slimebound:SlimeBrawl","floor":18},{"not_picked":["CarveReality+1","Crescendo"],"picked":"Slimebound:Prepare","floor":19},{"not_picked":["CarveReality","Meditate"],"picked":"Slimebound:Gluttony+1","floor":21},{"not_picked":["JustLucky","PathToVictory+1","Weave+1"],"picked":"SKIP","floor":23},{"not_picked":["Slimebound:GrowthPunch","Protect"],"picked":"Slimebound:RejuvenatingLick","floor":24},{"not_picked":["Evaluate","CutThroughFate+1"],"picked":"Slimebound:RallyTheTroops","floor":25},{"not_picked":["Slimebound:ComboTackle","Perseverance"],"picked":"Slimebound:GrowthPunch","floor":29},{"not_picked":["Slimebound:ItLooksTasty","WindmillStrike"],"picked":"Slimebound:LivingWall+1","floor":30},{"not_picked":["Adaptation","Slimebound:OneTwoCombo","Slimebound:LeechingTouch"],"picked":"SKIP","floor":31},{"not_picked":["DevaForm","Slimebound:MinionMaster"],"picked":"DeusExMachina","floor":33},{"not_picked":["Slimebound:Replication+1","Consecrate+1"],"picked":"ThirdEye","floor":35},{"not_picked":["Slimebound:LeechingTouch","Slimebound:ComboTackle"],"picked":"Evaluate+1","floor":36},{"not_picked":["Slimebound:Schlurp+1","Slimebound:ViciousTackle"],"picked":"Slimebound:RollThrough+1","floor":39},{"not_picked":["Slimebound:ComboTackle","Slimebound:SlimeSlap"],"picked":"Slimebound:FlameTackle+1","floor":41},{"not_picked":["Prostrate+1","Slimebound:LivingWall"],"picked":"Slimebound:LeadByExample","floor":45},{"not_picked":["Slimebound:FinishingTackle+1","Slimebound:SlimeSpikes","Vengeance"],"picked":"SKIP","floor":48}],"player_experience":709168,"relics_obtained":[{"floor":6,"key":"HornCleat"},{"floor":9,"key":"bronze:DecasWashers"},{"floor":12,"key":"Slimebound:AggressiveSlimeRelic"},{"floor":23,"key":"Anchor"},{"floor":26,"key":"Slimebound:SlimedSkullRelic"},{"floor":30,"key":"Boot"},{"floor":41,"key":"Happy Flower"},{"floor":43,"key":"Orichalcum"},{"floor":45,"key":"White Beast Statue"}],"event_choices":[{"damage_healed":0,"gold_gain":0,"cards_transformed":["Slimebound:Strike_Slimebound"],"player_choice":"Change","damage_taken":0,"max_hp_gain":0,"max_hp_loss":0,"event_name":"Living Wall","floor":11,"gold_loss":0,"cards_obtained":["ConjureBlade"]},{"damage_healed":0,"gold_gain":0,"player_choice":"Entered Light","damage_taken":14,"max_hp_gain":0,"max_hp_loss":0,"event_name":"Shining Light","floor":14,"gold_loss":0,"cards_upgraded":["Slimebound:MegaLick","Slimebound:Chomp"]},{"cards_removed":["downfall:Haunted"],"damage_healed":0,"gold_gain":0,"player_choice":"Gave Gold","damage_taken":0,"max_hp_gain":0,"max_hp_loss":0,"event_name":"Beggar","floor":20,"gold_loss":75},{"cards_removed":["Swivel"],"damage_healed":0,"gold_gain":0,"player_choice":"Offered Uncommon","damage_taken":0,"max_hp_gain":0,"max_hp_loss":0,"event_name":"Bonfire Elementals","floor":22,"gold_loss":0},{"damage_healed":0,"gold_gain":0,"player_choice":"Ignored","damage_taken":0,"max_hp_gain":0,"max_hp_loss":0,"event_name":"Tomb of Lord Red Mask","floor":44,"gold_loss":0},{"cards_removed":["Normality"],"damage_healed":0,"gold_gain":0,"player_choice":"Upgrade and Remove","damage_taken":0,"max_hp_gain":0,"max_hp_loss":0,"event_name":"Designer","floor":46,"gold_loss":90,"cards_upgraded":["Slimebound:Defend_Slimebound"]}],"is_beta":false,"boss_relics":[{"not_picked":["Runic Pyramid","Sozu"],"picked":"SacredBark"},{"not_picked":["Philosopher\u0027s Stone","Runic Dome"],"picked":"sneckomod:SneckoTalon"}],"items_purged_floors":[28,42],"is_endless":false,"potions_floor_spawned":[6,8,12,16,18,23,25,29,33,35,37,39,41,48],"ascension_level":0}}