{"host":"r4aerl4ckfvw1dw3","time":1614031259,"event":{"mods":["BaseMod","BetterRewards","Minty Spire (QoL Compilation)","Quick Restart","StSLib"],"gold_per_floor":[128,215,242,268,295,307,54,54,77,95,124,124,86,86,86,181,181,194,26,26,101,29,59,59,91,117,117,137,137,137],"floor_reached":29,"language":"ENG","playtime":2496,"items_purged":["Strike_G","Strike_G"],"score":401,"play_id":"ece55dd3-c3b1-495b-ac2c-1103906beec4","local_time":"20210222140059","is_ascension_mode":true,"campfire_choices":[{"data":"Dagger Spray","floor":6.0,"key":"SMITH"},{"floor":8.0,"key":"REST"},{"floor":15.0,"key":"REST"},{"floor":24.0,"key":"REST"},{"floor":27.0,"key":"REST"}],"circlet_count":0,"master_deck":["AscendersBane","Strike_G","Strike_G","Defend_G","Defend_G","Defend_G","Defend_G","Defend_G","Survivor","Neutralize","Backflip","Slice","Dagger Spray+1","Flying Knee","Terror+1","Dash","Infinite Blades","Bullet Time","Footwork","Tools of the Trade","Masterful Stab+1","Distraction","Deflect","Flying Knee","Footwork","PiercingWail","Dagger Spray+1"],"relics":["Ring of the Serpent","MawBank","Medical Kit","Bronze Scales","PreservedInsect","Dream Catcher","Mummified Hand"],"acts_visited":["Exordium","TheCity"],"potions_floor_usage":[],"damage_taken":[{"damage":2.0,"enemies":"Jaw Worm","floor":1.0,"turns":5.0},{"damage":0.0,"enemies":"2 Louse","floor":3.0,"turns":3.0},{"damage":1.0,"enemies":"Cultist","floor":4.0,"turns":4.0},{"damage":11.0,"enemies":"Blue Slaver","floor":5.0,"turns":5.0},{"damage":6.0,"enemies":"Exordium Thugs","floor":10.0,"turns":3.0},{"damage":42.0,"enemies":"Gremlin Nob","floor":11.0,"turns":4.0},{"damage":21.0,"enemies":"The Guardian","floor":16.0,"turns":12.0},{"damage":14.0,"enemies":"2 Thieves","floor":18.0,"turns":5.0},{"damage":11.0,"enemies":"Gremlin Leader","floor":23.0,"turns":4.0},{"damage":25.0,"enemies":"Book of Stabbing","floor":25.0,"turns":6.0},{"damage":6,"enemies":"Chosen","floor":28,"turns":5},{"damage":43,"enemies":"Gremlin Leader","floor":29,"turns":4}],"seed_played":"7753281590301634309","potions_obtained":[{"floor":1.0,"key":"CunningPotion"},{"floor":11.0,"key":"FearPotion"},{"floor":16.0,"key":"Strength Potion"},{"floor":23.0,"key":"Ancient Potion"}],"is_trial":false,"path_per_floor":["M","?","M","M","M","R","$","R","T","M","E","?","$","?","R","B",null,"M","$","$","?","$","E","R","E","T","R","M","E"],"character_chosen":"THE_SILENT","items_purchased":["Medical Kit","Terror","Footwork","Distraction","CunningPotion"],"campfire_rested":4,"item_purchase_floors":[7,7,13,19,22],"current_hp_per_floor":[61,50,50,49,38,38,38,59,59,53,11,11,11,11,32,11,55,41,41,41,34,34,23,44,19,19,40,34,0,0],"gold":137,"neow_bonus":"RANDOM_COMMON_RELIC","is_daily":false,"chose_seed":false,"campfire_upgraded":1,"win_rate":0.0,"timestamp":1614031259,"path_taken":["M","?","M","M","M","R","$","R","T","M","E","?","$","?","R","BOSS","M","?","$","?","$","E","R","E","T","R","M","E"],"items_purchased_type":["Relic","Card","Card","Card","Potion"],"build_version":"2020-12-22","purchased_purges":2,"victory":false,"max_hp_per_floor":[70,70,70,70,70,70,70,70,70,70,70,70,70,70,70,70,70,70,70,70,70,70,70,70,70,70,70,70,70,70],"card_choices":[{"not_picked":["Choke","Outmaneuver"],"picked":"Backflip","floor":1.0},{"not_picked":["Masterful Stab","Bouncing Flask"],"picked":"Slice","floor":3.0},{"not_picked":["Masterful Stab","Outmaneuver"],"picked":"Dagger Spray","floor":4.0},{"not_picked":["Sucker Punch","Predator"],"picked":"Flying Knee","floor":5.0},{"not_picked":["Acrobatics","Heel Hook"],"picked":"Dash","floor":10.0},{"not_picked":["Grand Finale","Terror"],"picked":"Infinite Blades","floor":11.0},{"not_picked":["Unload","Envenom"],"picked":"Tools of the Trade","floor":16.0},{"not_picked":["Quick Slash","Deadly Poison"],"picked":"Masterful Stab+1","floor":18.0},{"not_picked":["Backstab","Footwork"],"picked":"Deflect","floor":23.0},{"not_picked":["Cloak And Dagger","Bane"],"picked":"Flying Knee","floor":24.0},{"not_picked":["Calculated Gamble","Catalyst+1"],"picked":"Footwork","floor":25.0},{"not_picked":["Cloak And Dagger+1","Flying Knee"],"picked":"PiercingWail","floor":27.0},{"not_picked":["Outmaneuver","Finisher+1"],"picked":"Dagger Spray+1","floor":28}],"player_experience":667640,"relics_obtained":[{"floor":9.0,"key":"Bronze Scales"},{"floor":11.0,"key":"PreservedInsect"},{"floor":23.0,"key":"Dream Catcher"},{"floor":25.0,"key":"Mummified Hand"}],"event_choices":[{"damage_healed":0.0,"max_hp_gain":0.0,"max_hp_loss":0.0,"gold_gain":75.0,"event_name":"World of Goop","player_choice":"Gather Gold","floor":2.0,"gold_loss":0.0,"damage_taken":11.0},{"damage_healed":0.0,"max_hp_gain":0.0,"max_hp_loss":0.0,"gold_gain":0.0,"cards_transformed":["Strike_G"],"event_name":"Living Wall","player_choice":"Change","floor":12.0,"gold_loss":0.0,"damage_taken":0.0,"cards_obtained":["Bullet Time"]},{"damage_healed":0.0,"max_hp_gain":0.0,"max_hp_loss":0.0,"gold_gain":0.0,"event_name":"Accursed Blacksmith","player_choice":"Forge","floor":14.0,"gold_loss":0.0,"damage_taken":0.0,"cards_upgraded":["Terror"]},{"damage_healed":0.0,"max_hp_gain":0.0,"max_hp_loss":0.0,"gold_gain":75.0,"event_name":"FaceTrader","player_choice":"Touch","floor":21.0,"gold_loss":0.0,"damage_taken":7.0}],"is_beta":false,"boss_relics":[{"not_picked":["Busted Crown","Runic Dome"],"picked":"Ring of the Serpent"}],"items_purged_floors":[7,19],"is_endless":false,"potions_floor_spawned":[1,11,16,23,25],"killed_by":"Gremlin Leader","ascension_level":11}}