{"host":"dowi7cgbhepuzvpj","time":1614005098,"event":{"mods":["AchievementEnabler","BaseMod","Keyboard Shortcuts","Minty Spire (QoL Compilation)","Permanent Neow","Quick Restart","StSLib","SuperFastMode"],"gold_per_floor":[13,13,30,45,60,60,91,16,86,86,12,12,12,37,37,160,160,176,176,190,190,211,211,249,249,275,310,310,331,34,53,53,181,181,195,195,195,220,241,241,282,282,331,331,331,356,376,376,376,376],"floor_reached":51,"language":"KOR","playtime":1371,"items_purged":["Defend_P"],"score":1455,"play_id":"0c9248ff-06ff-4f0f-ab53-d4f8ff053a25","local_time":"20210222234458","is_ascension_mode":true,"campfire_choices":[{"data":"Eruption","floor":6.0,"key":"SMITH"},{"data":"CrushJoints","floor":10.0,"key":"SMITH"},{"data":"EmptyBody","floor":15.0,"key":"SMITH"},{"data":"Scrawl","floor":23.0,"key":"SMITH"},{"data":"FlurryOfBlows","floor":25.0,"key":"SMITH"},{"data":"FlurryOfBlows","floor":28.0,"key":"SMITH"},{"data":"TalkToTheHand","floor":32.0,"key":"SMITH"},{"data":"Madness","floor":40,"key":"SMITH"},{"data":"Madness","floor":42,"key":"SMITH"},{"floor":44,"key":"REST"},{"floor":49,"key":"REST"}],"circlet_count":0,"master_deck":["AscendersBane","Strike_P","Strike_P","Strike_P","Defend_P","Defend_P","Defend_P","Eruption+1","Vigilance","Panache","BattleHymn","FlurryOfBlows+1","EmptyBody+1","CrushJoints+1","ClearTheMind","Scrawl+1","FollowUp+1","FlurryOfBlows+1","FlurryOfBlows+1","TalkToTheHand+1","Tantrum","MasterReality","MentalFortress","Madness+1","Madness+1","ClearTheMind+1","TalkToTheHand+1","CutThroughFate","TalkToTheHand+1","Decay"],"relics":["HolyWater","CaptainsWheel","Darkstone Periapt","Golden Idol","Lantern","Prayer Wheel","Orichalcum","Singing Bowl","Membership Card","Shuriken","Sozu","Bag of Marbles","Juzu Bracelet"],"acts_visited":["Exordium","TheCity","TheBeyond"],"potions_floor_usage":[46,50],"damage_taken":[{"damage":7.0,"enemies":"Jaw Worm","floor":1.0,"turns":4.0},{"damage":1.0,"enemies":"Cultist","floor":3.0,"turns":5.0},{"damage":2.0,"enemies":"Small Slimes","floor":4.0,"turns":4.0},{"damage":5.0,"enemies":"Looter","floor":5.0,"turns":4.0},{"damage":13.0,"enemies":"Lagavulin","floor":7.0,"turns":5.0},{"damage":6.0,"enemies":"Red Slaver","floor":14.0,"turns":3.0},{"damage":0.0,"enemies":"Slime Boss","floor":16.0,"turns":4.0},{"damage":0.0,"enemies":"Chosen","floor":18.0,"turns":4.0},{"damage":6.0,"enemies":"3 Byrds","floor":20.0,"turns":4.0},{"damage":9.0,"enemies":"Centurion and Healer","floor":22.0,"turns":4.0},{"damage":0.0,"enemies":"Slavers","floor":24.0,"turns":2.0},{"damage":0.0,"enemies":"Gremlin Leader","floor":27.0,"turns":3.0},{"damage":0.0,"enemies":"3 Cultists","floor":29.0,"turns":2.0},{"damage":0.0,"enemies":"Shelled Parasite and Fungi","floor":31.0,"turns":2.0},{"damage":0.0,"enemies":"Champ","floor":33.0,"turns":4.0},{"damage":4.0,"enemies":"3 Shapes","floor":35.0,"turns":3.0},{"damage":30.0,"enemies":"3 Darklings","floor":38.0,"turns":4.0},{"damage":0,"enemies":"Spire Growth","floor":39,"turns":1},{"damage":0,"enemies":"Reptomancer","floor":41,"turns":2},{"damage":21,"enemies":"Sphere and 2 Shapes","floor":46,"turns":4},{"damage":19,"enemies":"4 Shapes","floor":47,"turns":3},{"damage":44,"enemies":"Time Eater","floor":50,"turns":6}],"seed_played":"9284683091219679","potions_obtained":[{"floor":7.0,"key":"EntropicBrew"},{"floor":14.0,"key":"Weak Potion"},{"floor":29.0,"key":"Dexterity Potion"},{"floor":33.0,"key":"Explosive Potion"}],"is_trial":false,"path_per_floor":["M","?","M","M","M","R","E","$","T","R","$","?","?","M","R","B",null,"M","?","M","?","M","R","E","R","T","E","R","M","$","M","R","B",null,"M","?","?","M","M","R","E","R","T","R","?","M","M","?","R","B",null],"character_chosen":"WATCHER","items_purchased":["ClearTheMind","EmptyFist","Membership Card","Shuriken","Tantrum"],"campfire_rested":2,"item_purchase_floors":[11,11,30,30,30],"current_hp_per_floor":[58,58,57,55,50,50,37,37,37,37,37,37,37,31,31,31,58,58,58,52,52,43,43,43,43,43,45,45,47,47,51,51,51,69,67,57,57,27,29,29,31,31,31,55,55,36,21,27,54,10],"gold":376,"neow_bonus":"RANDOM_COLORLESS_2","is_daily":false,"chose_seed":false,"campfire_upgraded":9,"win_rate":0.0,"timestamp":1614005098,"path_taken":["M","?","?","M","?","R","E","?","T","R","$","?","?","M","R","BOSS","M","?","?","?","M","R","E","R","T","E","R","M","$","M","R","BOSS","M","?","?","M","M","R","E","R","T","R","?","M","M","?","R","BOSS"],"items_purchased_type":["Card","Card","Relic","Relic","Card"],"build_version":"2020-12-22","purchased_purges":1,"victory":true,"max_hp_per_floor":[72,72,72,72,72,72,72,72,72,72,72,72,67,67,67,67,67,67,67,67,67,67,67,67,67,67,69,69,71,71,75,75,75,75,77,77,77,77,79,79,81,81,81,81,81,83,87,93,93,93],"card_choices":[{"not_picked":["Secret Weapon","Thinking Ahead"],"picked":"Panache","floor":0.0},{"not_picked":["Evaluate","Protect","BowlingBash"],"picked":"SKIP","floor":1.0},{"not_picked":["Evaluate","DeceiveReality"],"picked":"BattleHymn","floor":3.0},{"not_picked":["CutThroughFate","PathToVictory"],"picked":"FlurryOfBlows","floor":4.0},{"not_picked":["SashWhip","Conclude"],"picked":"EmptyBody","floor":5.0},{"not_picked":["Prostrate","SignatureMove"],"picked":"CrushJoints","floor":7.0},{"not_picked":["ConjureBlade","ThirdEye","Protect"],"picked":"SKIP","floor":14.0},{"not_picked":["Devotion","Judgement"],"picked":"Scrawl","floor":16.0},{"not_picked":["Collect","WheelKick"],"picked":"FollowUp+1","floor":18.0},{"not_picked":["Consecrate","CutThroughFate+1","DeceiveReality+1"],"picked":"SKIP","floor":20.0},{"not_picked":["EmptyFist","CutThroughFate+1"],"picked":"FlurryOfBlows","floor":22.0},{"not_picked":["ReachHeaven","FollowUp"],"picked":"FlurryOfBlows+1","floor":24.0},{"not_picked":["Protect","ClearTheMind","Blasphemy"],"picked":"Singing Bowl","floor":27.0},{"not_picked":["EmptyFist","EmptyBody"],"picked":"TalkToTheHand","floor":29.0},{"not_picked":["WaveOfTheHand","EmptyBody","PathToVictory+1"],"picked":"Singing Bowl","floor":29.0},{"not_picked":["Wireheading","ForeignInfluence","EmptyBody"],"picked":"Singing Bowl","floor":31.0},{"not_picked":["Consecrate","EmptyFist+1","ClearTheMind"],"picked":"Singing Bowl","floor":31.0},{"not_picked":["LessonLearned","Omniscience"],"picked":"MasterReality","floor":33.0},{"not_picked":["BowlingBash+1","CutThroughFate"],"picked":"MentalFortress","floor":35.0},{"not_picked":["ClearTheMind+1","Fasting2","FlurryOfBlows"],"picked":"Singing Bowl","floor":35.0},{"not_picked":["ForeignInfluence+1","PathToVictory"],"picked":"ClearTheMind+1","floor":38},{"not_picked":["Consecrate","Collect"],"picked":"TalkToTheHand+1","floor":38},{"not_picked":["ThirdEye+1","Consecrate+1","ClearTheMind+1"],"picked":"Singing Bowl","floor":39},{"not_picked":["ClearTheMind+1","Swivel"],"picked":"CutThroughFate","floor":39},{"not_picked":["FlurryOfBlows","LessonLearned","PathToVictory+1"],"picked":"Singing Bowl","floor":41},{"not_picked":["Nirvana","Wireheading","Prostrate"],"picked":"Singing Bowl","floor":46},{"not_picked":["DeceiveReality","WindmillStrike+1"],"picked":"TalkToTheHand+1","floor":46},{"not_picked":["Halt+1","Crescendo+1","CutThroughFate"],"picked":"Singing Bowl","floor":47},{"not_picked":["EmptyBody+1","Nirvana+1","Ragnarok"],"picked":"Singing Bowl","floor":47}],"player_experience":892252,"relics_obtained":[{"floor":7.0,"key":"CaptainsWheel"},{"floor":9.0,"key":"Darkstone Periapt"},{"floor":24.0,"key":"Prayer Wheel"},{"floor":26.0,"key":"Orichalcum"},{"floor":27.0,"key":"Singing Bowl"},{"floor":41,"key":"Bag of Marbles"},{"floor":43,"key":"Juzu Bracelet"}],"event_choices":[{"cards_removed":["Strike_P"],"damage_healed":0.0,"max_hp_gain":0.0,"max_hp_loss":0.0,"gold_gain":0.0,"event_name":"Wheel of Change","player_choice":"Card Removal","floor":2.0,"gold_loss":0.0,"damage_taken":0.0},{"damage_healed":0.0,"max_hp_gain":0.0,"max_hp_loss":0.0,"gold_gain":0.0,"event_name":"Dead Adventurer","player_choice":"Searched \u00270\u0027 times","floor":12.0,"gold_loss":0.0,"damage_taken":0.0},{"damage_healed":0.0,"max_hp_gain":0.0,"max_hp_loss":5.0,"gold_gain":0.0,"event_name":"Golden Idol","player_choice":"Lose Max HP","floor":13.0,"gold_loss":0.0,"damage_taken":0.0,"relics_obtained":["Golden Idol"]},{"damage_healed":0.0,"max_hp_gain":0.0,"max_hp_loss":0.0,"gold_gain":0.0,"event_name":"WeMeetAgain","player_choice":"Gave Potion","floor":19.0,"gold_loss":0.0,"damage_taken":0.0,"relics_obtained":["Lantern"]},{"damage_healed":0.0,"max_hp_gain":0.0,"max_hp_loss":0.0,"gold_gain":0.0,"event_name":"Vampires","player_choice":"Ignored","floor":21.0,"gold_loss":0.0,"damage_taken":0.0},{"damage_healed":0.0,"max_hp_gain":0.0,"max_hp_loss":0.0,"gold_gain":0.0,"event_name":"Winding Halls","player_choice":"Embrace Madness","floor":36.0,"gold_loss":0.0,"damage_taken":10.0,"cards_obtained":["Madness","Madness"]},{"damage_healed":0.0,"max_hp_gain":0.0,"max_hp_loss":0.0,"gold_gain":0.0,"event_name":"Tomb of Lord Red Mask","player_choice":"Ignored","floor":37.0,"gold_loss":0.0,"damage_taken":0.0},{"cards_removed":["EmptyFist"],"damage_healed":0,"gold_gain":0,"player_choice":"Removed Attack","damage_taken":0,"max_hp_gain":0,"max_hp_loss":0,"event_name":"Falling","floor":45,"gold_loss":0},{"damage_healed":0,"gold_gain":0,"player_choice":"Cursed","damage_taken":0,"max_hp_gain":0,"max_hp_loss":0,"event_name":"Wheel of Change","floor":48,"gold_loss":0,"cards_obtained":["Decay"]}],"is_beta":false,"boss_relics":[{"not_picked":["Snecko Eye","Busted Crown"],"picked":"HolyWater"},{"not_picked":["Runic Pyramid","Black Star"],"picked":"Sozu"}],"items_purged_floors":[8],"is_endless":false,"potions_floor_spawned":[7,14,16,22,29,31,33,38,41],"ascension_level":11}}