{"host":"sr8h12zimc8zi8zs","time":1614016482,"event":{"mods":["2.2 Compatiblity","AchievementEnabler","BaseMod","CapriCore","GifTheSpireLib","Minty Spire (QoL Compilation)","Permanent Neow","Prisma Mod","StSLib"],"gold_per_floor":[18,53,53,53,70,124,124,154,181,181,199,218,232,232,232,332,332,347,362,362,396,406,406,435,435,435,360,360,396,430,456,468,584,596,627,861,873,950,333,333,347,347,373,373,402,446,464,63,63,63,63,63,24,60,80],"floor_reached":56,"language":"KOR","playtime":5258,"items_purged":["PrismaMod:IllyaRapidFire","PrismaMod:IllyaUpgradeOrbs"],"score":1198,"play_id":"21968ba6-7b8e-413f-a042-7381080821c3","local_time":"20210223025442","is_ascension_mode":false,"campfire_choices":[{"data":"PrismaMod:IllyaUberAttackChannel","floor":7.0,"key":"SMITH"},{"data":"PrismaMod:IllyaCheapChannelPoison","floor":10.0,"key":"SMITH"},{"data":"PrismaMod:IllyaBride","floor":15.0,"key":"SMITH"},{"data":"PrismaMod:IllyaPoisonBlock","floor":23.0,"key":"SMITH"},{"floor":25.0,"key":"REST"},{"data":"PrismaMod:IllyaUberPoisonBlock","floor":28.0,"key":"SMITH"},{"data":"PrismaMod:IllyaUberPoisonChannel","floor":32,"key":"SMITH"},{"floor":40,"key":"RECALL"},{"data":"PrismaMod:IllyaGrailKun","floor":42,"key":"SMITH"},{"data":"PrismaMod:IllyaPoisonTippedWeapons","floor":44,"key":"SMITH"},{"floor":49,"key":"REST"},{"data":"PrismaMod:IllyaUberAttackChannel","floor":52,"key":"SMITH"}],"circlet_count":0,"master_deck":["PrismaMod:IllyaUncommonAttack","PrismaMod:IllyaUncommonDefend","PrismaMod:IllyaUberAttackChannel+1","PrismaMod:IllyaCarnivalPrismaAstolfo","PrismaMod:IllyaBride+1","PrismaMod:IllyaBoysLove","PrismaMod:IllyaUberPoisonBlock+1","PrismaMod:IllyaCheapChannelPoison+1","PrismaMod:IllyaUncommonAOEAttack","PrismaMod:IllyaUberAttackChannel+1","PrismaMod:IllyaInstallCaster","PrismaMod:IllyaReinForce","PrismaMod:IllyaMinorRapidFire","PrismaMod:IllyaGrailKun+1","PrismaMod:IllyaPoisonTippedWeapons+1","PrismaMod:IllyaCommonEvoke","PrismaMod:IllyaBoysLove","PrismaMod:IllyaPoisonBlock+1","PrismaMod:IllyaMinorZwei+1","PrismaMod:IllyaGun+1","PrismaMod:IllyaGrail","PrismaMod:IllyaUberPoisonChannel+1","PrismaMod:IllyaCarnivalDefend","PrismaMod:IllyaGrail","Purity","PrismaMod:IllyaSaphire+1","PrismaMod:IllyaCommandSeal","PrismaMod:IllyaMinorReinForce+1","PrismaMod:IllyaPoisonTippedWeapons+1","Madness","Madness","PrismaMod:IllyaPoisonTippedWeapons","PrismaMod:IllyaCheapAttack+1"],"relics":["PrismaMod:PrismaRuby","Strawberry","Art of War","Matryoshka","Pandora\u0027s Box","Red Mask","Darkstone Periapt","Mango","Mummified Hand","MawBank","SlaversCollar","Turnip","Bottled Tornado","ClockworkSouvenir","Bronze Scales","CeramicFish","Akabeko","Ginger","PreservedInsect","OrangePellets","Bag of Marbles"],"acts_visited":["Exordium","TheCity","TheBeyond","TheEnding"],"potions_floor_usage":[33,55,55],"damage_taken":[{"damage":0.0,"enemies":"Jaw Worm","floor":1.0,"turns":3.0},{"damage":2.0,"enemies":"2 Louse","floor":2.0,"turns":3.0},{"damage":0.0,"enemies":"Small Slimes","floor":5.0,"turns":3.0},{"damage":16.0,"enemies":"Lagavulin","floor":6.0,"turns":6.0},{"damage":16.0,"enemies":"3 Sentries","floor":8.0,"turns":5.0},{"damage":0.0,"enemies":"2 Fungi Beasts","floor":11.0,"turns":3.0},{"damage":15.0,"enemies":"3 Louse","floor":12.0,"turns":3.0},{"damage":0.0,"enemies":"Large Slime","floor":13.0,"turns":4.0},{"damage":11.0,"enemies":"The Guardian","floor":16.0,"turns":9.0},{"damage":5.0,"enemies":"Spheric Guardian","floor":18.0,"turns":4.0},{"damage":6.0,"enemies":"Chosen","floor":19.0,"turns":4.0},{"damage":32.0,"enemies":"Masked Bandits","floor":21.0,"turns":4.0},{"damage":9.0,"enemies":"Centurion and Healer","floor":22.0,"turns":6.0},{"damage":25.0,"enemies":"Slavers","floor":24.0,"turns":5.0},{"damage":1.0,"enemies":"Sentry and Sphere","floor":29.0,"turns":4.0},{"damage":24,"enemies":"Gremlin Leader","floor":30,"turns":8},{"damage":0,"enemies":"3 Cultists","floor":31,"turns":5},{"damage":6,"enemies":"Champ","floor":33,"turns":9},{"damage":10,"enemies":"Orb Walker","floor":35,"turns":4},{"damage":4,"enemies":"2 Orb Walkers","floor":38,"turns":5},{"damage":0,"enemies":"3 Shapes","floor":41,"turns":3},{"damage":0,"enemies":"Sphere and 2 Shapes","floor":45,"turns":4},{"damage":23,"enemies":"Reptomancer","floor":46,"turns":5},{"damage":23,"enemies":"Awakened One","floor":50,"turns":10},{"damage":15,"enemies":"Shield and Spear","floor":54,"turns":5},{"damage":38,"enemies":"The Heart","floor":55,"turns":8}],"seed_played":"1401258988207484066","potions_obtained":[{"floor":1.0,"key":"AttackPotion"},{"floor":2.0,"key":"Explosive Potion"},{"floor":6.0,"key":"Energy Potion"},{"floor":12.0,"key":"DistilledChaos"},{"floor":16.0,"key":"SpeedPotion"},{"floor":22.0,"key":"CultistPotion"},{"floor":29.0,"key":"Ancient Potion"},{"floor":33,"key":"SneckoOil"},{"floor":41,"key":"Weak Potion"}],"is_trial":false,"path_per_floor":["M","M","?","$","M","E","R","E","T","R","M","M","M","?","R","B",null,"M","M","?","?","M","R","E","R","T","?","R","M","E","M","R","B",null,"M","?","?","?","$","R","M","R","T","R","M","E","?","$","R","B",null,"R","$","E","B",null],"character_chosen":"ILLYA","items_purchased":["Bottled Tornado","ClockworkSouvenir","Bronze Scales","PreservedInsect","OrangePellets","PrismaMod:IllyaPoisonTippedWeapons"],"campfire_rested":2,"item_purchase_floors":[39,39,39,48,48,53],"current_hp_per_floor":[77,75,75,75,77,68,68,52,52,52,52,37,39,32,32,23,84,81,75,75,48,44,44,21,46,60,60,60,59,37,37,37,33,102,94,94,94,90,90,90,90,90,90,90,90,72,59,59,90,70,104,104,104,92,54],"gold":80,"neow_bonus":"TRANSFORM_TWO_CARDS","is_daily":false,"chose_seed":false,"campfire_upgraded":9,"win_rate":0.0,"timestamp":1614016482,"path_taken":["M","M","?","$","M","E","R","E","T","R","M","M","M","?","R","BOSS","BOSS","M","M","?","?","M","R","E","R","T","?","R","M","E","M","R","BOSS","M","?","?","?","$","R","M","R","T","R","M","E","?","$","R","BOSS","R","$","E","BOSS"],"items_purchased_type":["Relic","Relic","Relic","Relic","Relic","Card"],"build_version":"2020-12-22","purchased_purges":2,"victory":true,"max_hp_per_floor":[77,77,77,77,77,84,84,84,84,84,84,84,84,84,84,84,84,86,86,86,86,86,86,86,86,100,100,100,100,100,100,100,102,102,102,102,102,102,102,102,102,102,102,102,102,104,104,104,104,104,104,104,104,104,104],"card_choices":[{"not_picked":["PrismaMod:IllyaPoisonBomb","PrismaMod:IllyaAssassinRevenge"],"picked":"PrismaMod:IllyaBride","floor":1.0},{"not_picked":["PrismaMod:IllyaHassanGift","PrismaMod:IllyaMinorRapidFire","PrismaMod:IllyaEvokeAll"],"picked":"SKIP","floor":2.0},{"not_picked":["PrismaMod:IllyaHassanGift","PrismaMod:IllyaUpgradeOrbs"],"picked":"PrismaMod:IllyaBoysLove","floor":5.0},{"not_picked":["PrismaMod:IllyaBoysLove","PrismaMod:IllyaStunPoison"],"picked":"PrismaMod:IllyaUberPoisonBlock","floor":6.0},{"not_picked":["PrismaMod:IllyaCheapChannelDefend","PrismaMod:IllyaReinForce"],"picked":"PrismaMod:IllyaCheapChannelPoison","floor":8.0},{"not_picked":["PrismaMod:IllyaCheapChannelDefend","PrismaMod:IllyaRussianRoulette","PrismaMod:IllyaFriendMaker"],"picked":"SKIP","floor":11.0},{"not_picked":["PrismaMod:IllyaHassanGift","PrismaMod:IllyaUncommonDefend"],"picked":"PrismaMod:IllyaUncommonAOEAttack","floor":12.0},{"not_picked":["PrismaMod:IllyaMinorZwei","PrismaMod:IllyaUpgradeOrbs","PrismaMod:IllyaEvokeAll"],"picked":"SKIP","floor":13.0},{"not_picked":["PrismaMod:IllyaZwei","PrismaMod:IllyaInstallBerserker"],"picked":"PrismaMod:IllyaUberAttackChannel","floor":16.0},{"not_picked":["PrismaMod:IllyaMinorRapidFire","PrismaMod:IllyaCheapChannelAttack"],"picked":"PrismaMod:IllyaBoysLove","floor":18.0},{"not_picked":["PrismaMod:IllyaReinForce","PrismaMod:IllyaDualEvoke"],"picked":"PrismaMod:IllyaAlice","floor":19.0},{"not_picked":["PrismaMod:IllyaFriendMaker","PrismaMod:IllyaAlice"],"picked":"PrismaMod:IllyaPoisonBlock","floor":21.0},{"not_picked":["PrismaMod:IllyaCheapChannelDefend","PrismaMod:IllyaHassanGift"],"picked":"PrismaMod:IllyaMinorZwei+1","floor":22.0},{"not_picked":["PrismaMod:IllyaPoisonTippedWeapons","PrismaMod:IllyaMaid"],"picked":"PrismaMod:IllyaGun+1","floor":24.0},{"not_picked":["PrismaMod:IllyaRussianRoulette","PrismaMod:IllyaGun","PrismaMod:IllyaUncommonEvoke"],"picked":"SKIP","floor":29.0},{"not_picked":["PrismaMod:IllyaCheapChannelDefend","PrismaMod:IllyaGun"],"picked":"PrismaMod:IllyaGrail","floor":30},{"not_picked":["PrismaMod:IllyaUncommonDefend","PrismaMod:IllyaBerserCAR"],"picked":"PrismaMod:IllyaUberPoisonChannel","floor":31},{"not_picked":["PrismaMod:IllyaInstallForeigner","PrismaMod:IllyaUberDefendChannel"],"picked":"PrismaMod:IllyaCarnivalDefend","floor":33},{"not_picked":["PrismaMod:IllyaCheapChannelAttack","PrismaMod:IllyaGrailKun"],"picked":"PrismaMod:IllyaGrail","floor":35},{"not_picked":["Good Instincts","Impatience"],"picked":"Purity","floor":37},{"not_picked":["PrismaMod:IllyaCheapDefend+1","PrismaMod:IllyaHassanGift"],"picked":"PrismaMod:IllyaSaphire+1","floor":38},{"not_picked":["PrismaMod:IllyaHassanGift+1","PrismaMod:IllyaDualEvoke"],"picked":"PrismaMod:IllyaCommandSeal","floor":41},{"not_picked":["PrismaMod:IllyaGun+1","PrismaMod:IllyaCarnivalPrismaAstolfo"],"picked":"PrismaMod:IllyaMinorReinForce+1","floor":45},{"not_picked":["PrismaMod:IllyaMinorReinForce","PrismaMod:IllyaFeed"],"picked":"PrismaMod:IllyaPoisonTippedWeapons+1","floor":46},{"not_picked":["PrismaMod:IllyaDualEvoke","PrismaMod:IllyaFeed+1"],"picked":"PrismaMod:IllyaCheapAttack+1","floor":54}],"player_experience":163140,"relics_obtained":[{"floor":6.0,"key":"Strawberry"},{"floor":8.0,"key":"Art of War"},{"floor":21.0,"key":"Red Mask"},{"floor":24.0,"key":"Darkstone Periapt"},{"floor":26.0,"key":"Mango"},{"floor":26.0,"key":"Mummified Hand"},{"floor":30,"key":"MawBank"},{"floor":38,"key":"Turnip"},{"floor":43,"key":"CeramicFish"},{"floor":43,"key":"Akabeko"},{"floor":46,"key":"Ginger"},{"floor":54,"key":"Bag of Marbles"}],"event_choices":[{"damage_healed":0.0,"max_hp_gain":0.0,"max_hp_loss":0.0,"gold_gain":0.0,"event_name":"Liars Game","player_choice":"Ignored","floor":3.0,"gold_loss":0.0,"damage_taken":0.0},{"damage_healed":0.0,"max_hp_gain":0.0,"max_hp_loss":0.0,"gold_gain":0.0,"event_name":"Scrap Ooze","player_choice":"Success","floor":14.0,"gold_loss":0.0,"damage_taken":7.0,"relics_obtained":["Matryoshka"]},{"damage_healed":0.0,"max_hp_gain":0.0,"max_hp_loss":0.0,"gold_gain":0.0,"event_name":"Vampires","player_choice":"Ignored","floor":20.0,"gold_loss":0.0,"damage_taken":0.0},{"damage_healed":0.0,"max_hp_gain":0.0,"max_hp_loss":0.0,"gold_gain":0.0,"event_name":"Masked Bandits","player_choice":"Fought Bandits","floor":21.0,"gold_loss":0.0,"damage_taken":0.0},{"cards_removed":["PrismaMod:IllyaAlice"],"damage_healed":0.0,"max_hp_gain":0.0,"max_hp_loss":0.0,"gold_gain":0.0,"event_name":"Beggar","player_choice":"Gave Gold","floor":27.0,"gold_loss":75.0,"damage_taken":0.0},{"damage_healed":0,"gold_gain":222,"player_choice":"Wore Mask","damage_taken":0,"max_hp_gain":0,"max_hp_loss":0,"event_name":"Tomb of Lord Red Mask","floor":36,"gold_loss":0},{"damage_healed":0,"gold_gain":0,"player_choice":"Memory 1","damage_taken":0,"max_hp_gain":0,"max_hp_loss":0,"event_name":"SensoryStone","floor":37,"gold_loss":0},{"damage_healed":0,"gold_gain":0,"player_choice":"Fight","damage_taken":0,"max_hp_gain":0,"max_hp_loss":0,"event_name":"Mysterious Sphere","floor":38,"gold_loss":0},{"damage_healed":0,"gold_gain":0,"player_choice":"Embrace Madness","damage_taken":13,"max_hp_gain":0,"max_hp_loss":0,"event_name":"Winding Halls","floor":47,"gold_loss":0,"cards_obtained":["Madness","Madness"]}],"is_beta":false,"boss_relics":[{"not_picked":["Coffee Dripper","Runic Dome"],"picked":"Pandora\u0027s Box"},{"not_picked":["Velvet Choker","Tiny House"],"picked":"SlaversCollar"}],"items_purged_floors":[39,48],"is_endless":false,"potions_floor_spawned":[1,2,6,12,16,22,29,33,41,54],"ascension_level":0}}