{"host":"a6m4v7p1efmaozv7","time":1614006982,"event":{"mods":["BaseMod","Colored Map","Colored Powertips","DeckTracker","Keyboard Shortcuts","Minty Spire (QoL Compilation)","Permanent Neow","Relic Stats","StSLib","SuperFastMode"],"gold_per_floor":[109,109,126,126,136,136,186,186,213,213,228,248,97,97,97,168,168,188,188,198,198,211,211,230,104,173,186,132,132,143,159,159,238,238,249,43,55,0,13,13,33,33,33,45,45,79,79,4,4,4,4,4,4,4,38,38,38],"floor_reached":56,"language":"ENG","playtime":2361,"items_purged":["Strike_G","Defend_G","Defend_G"],"score":2238,"play_id":"12ba3b32-9032-40fe-b25b-ed7bf10ad0db","local_time":"20210223001622","is_ascension_mode":true,"campfire_choices":[{"data":"Deadly Poison","floor":6.0,"key":"SMITH"},{"data":"Flechettes","floor":8.0,"key":"SMITH"},{"data":"Neutralize","floor":10.0,"key":"SMITH"},{"data":"Well Laid Plans","floor":15.0,"key":"SMITH"},{"data":"Backflip","floor":23,"key":"SMITH"},{"data":"Acrobatics","floor":29,"key":"SMITH"},{"floor":32,"key":"REST"},{"data":"Reflex","floor":40,"key":"SMITH"},{"data":"Prepared","floor":45,"key":"SMITH"},{"data":"Prepared","floor":47,"key":"SMITH"},{"floor":49,"key":"RECALL"},{"data":"Escape Plan","floor":53,"key":"SMITH"}],"circlet_count":0,"master_deck":["AscendersBane","Neutralize+1","Venomology+1","Flechettes+1","Deadly Poison+1","Backflip+1","Well Laid Plans+1","Corpse Explosion+1","Prepared+1","Escape Plan+1","Acrobatics+1","Reflex+1","Prepared+1","Phantasmal Killer","Underhanded Strike"],"relics":["Ring of the Snake","Vajra","Empty Cage","Mercury Hourglass","Frozen Egg 2","Coffee Dripper","Red Mask","Art of War","Bronze Scales"],"acts_visited":["Exordium","TheCity","TheBeyond","TheEnding"],"potions_floor_usage":[18,20,22,24,27,30,31,33,35,39,44,50,51,55,56,56,56],"damage_taken":[{"damage":0.0,"enemies":"Jaw Worm","floor":1.0,"turns":7.0},{"damage":0.0,"enemies":"Small Slimes","floor":3.0,"turns":4.0},{"damage":0.0,"enemies":"Cultist","floor":5.0,"turns":3.0},{"damage":1.0,"enemies":"Lots of Slimes","floor":11.0,"turns":4.0},{"damage":3.0,"enemies":"2 Fungi Beasts","floor":12.0,"turns":3.0},{"damage":0.0,"enemies":"Hexaghost","floor":16.0,"turns":6.0},{"damage":0,"enemies":"Chosen","floor":18,"turns":5},{"damage":0,"enemies":"3 Byrds","floor":20,"turns":2},{"damage":13,"enemies":"Centurion and Healer","floor":22,"turns":4},{"damage":1,"enemies":"Snake Plant","floor":24,"turns":4},{"damage":8,"enemies":"Shelled Parasite and Fungi","floor":27,"turns":4},{"damage":14,"enemies":"Sentry and Sphere","floor":30,"turns":5},{"damage":0,"enemies":"Cultist and Chosen","floor":31,"turns":3},{"damage":33,"enemies":"Automaton","floor":33,"turns":8},{"damage":0,"enemies":"3 Shapes","floor":35,"turns":3},{"damage":0,"enemies":"3 Darklings","floor":37,"turns":3},{"damage":0,"enemies":"Maw","floor":39,"turns":4},{"damage":0,"enemies":"Sphere and 2 Shapes","floor":41,"turns":4},{"damage":0,"enemies":"Jaw Worm Horde","floor":44,"turns":2},{"damage":0,"enemies":"Reptomancer","floor":46,"turns":3},{"damage":0,"enemies":"Donu and Deca","floor":50,"turns":3},{"damage":0,"enemies":"Awakened One","floor":51,"turns":4},{"damage":7,"enemies":"Shield and Spear","floor":55,"turns":6},{"damage":33,"enemies":"The Heart","floor":56,"turns":3}],"seed_played":"-4230666751977240831","potions_obtained":[{"floor":1.0,"key":"Energy Potion"},{"floor":16.0,"key":"SkillPotion"}],"is_trial":false,"path_per_floor":["M","?","M","?","M","R","?","R","T","R","M","M","$","?","R","B",null,"M","?","M","?","M","R","M","$","T","M","$","R","M","M","R","B",null,"M","$","M","?","M","R","M","$","T","M","R","E","R","?","R","B","B",null,"R","$","E","B"],"character_chosen":"THE_SILENT","items_purchased":["Well Laid Plans","Prepared","Acrobatics","Reflex"],"campfire_rested":1,"item_purchase_floors":[13,25,28,36],"current_hp_per_floor":[59,59,59,41,41,41,41,41,41,41,40,37,37,30,30,30,53,53,53,53,53,40,40,39,39,39,31,31,31,17,17,35,2,46,46,46,46,46,46,46,46,46,46,46,46,46,46,46,46,46,46,57,57,57,50,17,17],"gold":38,"neow_bonus":"TRANSFORM_TWO_CARDS","is_daily":false,"chose_seed":false,"campfire_upgraded":10,"win_rate":0.0,"timestamp":1614006982,"path_taken":["M","?","M","?","M","R","?","R","T","R","?","M","?","?","R","BOSS","M","?","?","?","M","R","?","$","T","M","$","R","M","M","R","BOSS","M","?","?","?","M","R","M","$","T","M","R","E","R","?","R","BOSS","BOSS","R","$","E","BOSS"],"items_purchased_type":["Card","Card","Card","Card"],"build_version":"2020-12-22","purchased_purges":3,"victory":false,"max_hp_per_floor":[60,60,60,60,60,60,60,60,60,60,60,60,60,60,60,60,60,60,60,60,60,60,60,60,60,60,60,60,60,60,60,60,60,60,60,60,60,60,60,60,60,60,60,60,60,60,60,60,60,60,60,60,60,60,60,60,60],"relic_stats":{"counters":[24,96],"Bronze Scales":[45],"Art of War":[0],"obtain_stats":[{"Bronze Scales":55,"Vajra":9,"Coffee Dripper":34,"Red Mask":38,"Art of War":46,"Frozen Egg 2":26,"Empty Cage":17,"Ring of the Snake":0,"Mercury Hourglass":21},{"Bronze Scales":23,"Vajra":3,"Coffee Dripper":14,"Red Mask":16,"Art of War":20,"Frozen Egg 2":10,"Empty Cage":6,"Ring of the Snake":0,"Mercury Hourglass":8},{"Bronze Scales":93,"Vajra":14,"Coffee Dripper":62,"Red Mask":67,"Art of War":80,"Frozen Egg 2":42,"Empty Cage":27,"Ring of the Snake":0,"Mercury Hourglass":34}],"Ring of the Snake":[48],"Mercury Hourglass":[257]},"card_choices":[{"not_picked":["Underhanded Strike","Dagger Throw","Choke"],"picked":"SKIP","floor":1.0},{"not_picked":["Concentrate","Flying Knee"],"picked":"Dash","floor":3.0},{"not_picked":["Dagger Spray","Terror"],"picked":"Deadly Poison","floor":5.0},{"not_picked":["Catalyst","Blade Dance","Deadly Poison"],"picked":"SKIP","floor":11.0},{"not_picked":["Choke","Eviscerate"],"picked":"Backflip","floor":12.0},{"not_picked":["Tools of the Trade","Burst"],"picked":"Corpse Explosion","floor":16.0},{"not_picked":["All Out Attack+1","Cloak And Dagger","Dagger Spray"],"picked":"SKIP","floor":18},{"not_picked":["Terror","Deflect","Dagger Spray"],"picked":"SKIP","floor":20},{"not_picked":["Backflip","Terror","Quick Slash"],"picked":"SKIP","floor":22},{"not_picked":["PiercingWail","Outmaneuver","Quick Slash"],"picked":"SKIP","floor":24},{"not_picked":["Concentrate+1","Glass Knife"],"picked":"Escape Plan","floor":27},{"not_picked":["Dodge and Roll","Deflect","Slice+1"],"picked":"SKIP","floor":30},{"not_picked":["Dodge and Roll","Outmaneuver","Distraction"],"picked":"SKIP","floor":31},{"not_picked":["Heel Hook+1","Sucker Punch+1","All Out Attack"],"picked":"SKIP","floor":35},{"not_picked":["Underhanded Strike+1","Sucker Punch+1","Bane+1"],"picked":"SKIP","floor":37},{"not_picked":["Well Laid Plans+1","Catalyst","Deflect"],"picked":"SKIP","floor":39},{"not_picked":["Flying Knee","Bane","Dagger Throw+1"],"picked":"SKIP","floor":41},{"not_picked":["All Out Attack","Backflip"],"picked":"Prepared","floor":44},{"not_picked":["Quick Slash+1","Skewer","Dagger Throw"],"picked":"SKIP","floor":46},{"not_picked":["Crippling Poison","Dash","Predator+1"],"picked":"SKIP","floor":55}],"player_experience":2013658,"relics_obtained":[{"floor":9.0,"key":"Vajra"},{"floor":26,"key":"Frozen Egg 2"},{"floor":46,"key":"Art of War"},{"floor":55,"key":"Bronze Scales"}],"event_choices":[{"cards_removed":["Strike_G"],"damage_healed":0.0,"max_hp_gain":0.0,"max_hp_loss":0.0,"gold_gain":0.0,"event_name":"Living Wall","player_choice":"Forget","floor":2.0,"gold_loss":0.0,"damage_taken":0.0},{"damage_healed":0.0,"max_hp_gain":0.0,"max_hp_loss":0.0,"gold_gain":0.0,"event_name":"Shining Light","player_choice":"Entered Light","floor":4.0,"gold_loss":0.0,"damage_taken":18.0,"cards_upgraded":["Defend_G","Venomology"]},{"damage_healed":0.0,"max_hp_gain":0.0,"max_hp_loss":0.0,"gold_gain":50.0,"event_name":"Golden Shrine","player_choice":"Pray","floor":7.0,"gold_loss":0.0,"damage_taken":0.0},{"cards_removed":["Strike_G"],"damage_healed":0.0,"max_hp_gain":0.0,"max_hp_loss":0.0,"gold_gain":0.0,"event_name":"Golden Wing","player_choice":"Card Removal","floor":14.0,"gold_loss":0.0,"damage_taken":7.0},{"damage_healed":0,"gold_gain":0,"player_choice":"Forge","damage_taken":0,"max_hp_gain":0,"max_hp_loss":0,"event_name":"Accursed Blacksmith","floor":19,"gold_loss":0,"cards_upgraded":["Corpse Explosion"]},{"cards_removed":["Dash"],"damage_healed":0,"gold_gain":0,"player_choice":"Gave Card","damage_taken":0,"relics_obtained":["Mercury Hourglass"],"max_hp_gain":0,"max_hp_loss":0,"event_name":"WeMeetAgain","floor":21,"gold_loss":0},{"damage_healed":0,"gold_gain":0,"player_choice":"Paid","damage_taken":0,"relics_obtained":["Red Mask"],"max_hp_gain":0,"max_hp_loss":0,"event_name":"Tomb of Lord Red Mask","floor":38,"gold_loss":55},{"damage_healed":0,"gold_gain":0,"cards_transformed":["Defend_G","Survivor"],"player_choice":"Transformed Cards","damage_taken":0,"max_hp_gain":0,"max_hp_loss":0,"event_name":"Designer","floor":48,"gold_loss":75,"cards_obtained":["Phantasmal Killer","Underhanded Strike"]}],"is_beta":false,"boss_relics":[{"not_picked":["Snecko Eye","Ectoplasm"],"picked":"Empty Cage"},{"not_picked":["WristBlade","Black Star"],"picked":"Coffee Dripper"}],"items_purged_floors":[13,25,36],"is_endless":false,"potions_floor_spawned":[1,5,11,16,30,31,33,35],"killed_by":"The Heart","ascension_level":20}}