{"host":"8a72fthmlk1o8pdb","time":1614019881,"event":{"mods":["AchievementEnabler","Aspiration","Astrologer","Bard","BaseMod","Beaked The Cultist","Better Altar","Better Match","Better Note","Better Sensory Stone","Better Skull","Better Third Choice","ChefMod","Colored Map","Colored Powertips","Dark Map","Downfall","Friendly Minions","GifTheSpireLib","Googly Eyes","Gremlin Mod","Hermit","Hubris","JesterMod","Jorbs\u0027s Wanderer Trilogy","Marisa????????","Melee Mod","Minty Spire (QoL Compilation)","Monster B Gone","Permanent Neow","Pikachu Mod","Random Character Button","Rare Cards Sparkle","Relic Filter Mod","Relic Stats","Reliquary","Robot Space Explorer","Shade Mod","Shop Mod","Smile Girya","Somnambulant","Spire Arcade","Spire Birthday Party","StSLib","The Animator","The Blue Laboratory","The Construct","The Cursed","The Disciple","The Edgeheg","The Hayseed","The Hierophant","The Juggle","The Jungle","The Marked","The Mystic","The Necromancer","The Poker Player","The Problem Sleuth","The Runesmith","The Showman","TheBandit","TheFirefly","TheVacant","everything is the same but u backflip on backflip","thorton"],"gold_per_floor":[112,112,126,141,158,158,158,158,185,195,230,230,247,78,78,175,175,189,189,208,222,236,236,268,268,268,268,268],"floor_reached":27,"language":"ENG","playtime":1163,"items_purged":["Strike_B"],"score":273,"play_id":"c03d3aeb-f4f7-4a6f-95fa-a01c611bc7f4","local_time":"20210222105121","is_ascension_mode":true,"campfire_choices":[{"data":"Leap","floor":6,"key":"SMITH"},{"floor":8,"key":"REST"},{"floor":15,"key":"REST"},{"data":"Hologram","floor":23,"key":"SMITH"},{"data":"hubris:DuctTapeCard","floor":25,"key":"SMITH"}],"circlet_count":0,"master_deck":["Strike_B","Strike_B","Strike_B","Defend_B","Defend_B","Defend_B","Defend_B","Zap","Dualcast","Leap+1","Rebound","Heatsinks","Heatsinks","Machine Learning","Gash","Electrodynamics","Ball Lightning+1","Beam Cell+1","Hologram+1","Rebound+1","hubris:DuctTapeCard+2","Self Repair"],"relics":["Cracked Core","WarpedTongs","TheSimpletonMod:WoodChipper","reliquary:Stiletto","hubris:ScarierMask","hubris:BottledHeart","hubris:DuctTape","reliquary:PartyBalloon"],"acts_visited":["Exordium","TheCity"],"potions_floor_usage":[10,10,11,11,18,20,22,27],"damage_taken":[{"damage":1,"enemies":"Jaw Worm","floor":1,"turns":3},{"damage":2,"enemies":"Cultist","floor":3,"turns":3},{"damage":10,"enemies":"Small Slimes","floor":4,"turns":3},{"damage":22,"enemies":"Blue Slaver","floor":5,"turns":4},{"damage":14,"enemies":"2 Fungi Beasts","floor":10,"turns":3},{"damage":13,"enemies":"3 Sentries","floor":11,"turns":8},{"damage":0,"enemies":"3 Louse","floor":13,"turns":4},{"damage":16,"enemies":"Slime Boss","floor":16,"turns":10},{"damage":11,"enemies":"Shell Parasite","floor":18,"turns":4},{"damage":0,"enemies":"Chosen","floor":20,"turns":4},{"damage":0,"enemies":"Centurion and Healer","floor":21,"turns":2},{"damage":0,"enemies":"Cultist and Chosen","floor":22,"turns":4},{"damage":0,"enemies":"Slavers","floor":24,"turns":4},{"damage":9,"enemies":"Book of Stabbing","floor":27,"turns":4}],"seed_played":"-8776137005963102326","potions_obtained":[{"floor":1,"key":"bronze:BurnAndBuffPotion"},{"floor":3,"key":"blueLaboratory:RelayPotion"},{"floor":5,"key":"ColorlessPotion"},{"floor":10,"key":"Block Potion"},{"floor":16,"key":"AttackPotion"},{"floor":18,"key":"blueLaboratory:FruitPunch"},{"floor":21,"key":"blueLaboratory:CoolantVial"},{"floor":24,"key":"SteroidPotion"}],"is_trial":false,"path_per_floor":["M","?","M","M","M","R","?","R","T","M","E","?","M","$","R","B",null,"M","?","M","M","M","R","E","R","T","E"],"character_chosen":"DEFECT","items_purchased":["Gash","Beam Cell"],"campfire_rested":2,"item_purchase_floors":[14,14],"current_hp_per_floor":[74,74,72,62,40,40,34,56,56,42,29,22,22,22,44,28,75,64,1,1,1,1,1,1,1,1,0,0],"gold":268,"neow_bonus":"THREE_CARDS","is_daily":false,"chose_seed":false,"campfire_upgraded":3,"win_rate":0.0,"timestamp":1614019881,"path_taken":["M","?","M","?","M","R","?","R","T","M","E","?","M","$","R","BOSS","M","?","M","M","M","R","E","R","T","E"],"items_purchased_type":["Card","Card"],"build_version":"2020-12-22","purchased_purges":1,"victory":false,"max_hp_per_floor":[75,75,75,75,75,75,75,75,75,75,75,75,75,75,75,75,75,75,1,1,1,1,1,1,1,1,1,1],"relic_stats":{"counters":[14,60],"obtain_stats":[{"hubris:DuctTape":24,"hubris:BottledHeart":19,"reliquary:PartyBalloon":26,"hubris:ScarierMask":17,"TheSimpletonMod:WoodChipper":7,"reliquary:Stiletto":11,"Cracked Core":0,"WarpedTongs":2},{"hubris:DuctTape":13,"hubris:BottledHeart":9,"reliquary:PartyBalloon":13,"hubris:ScarierMask":8,"TheSimpletonMod:WoodChipper":4,"reliquary:Stiletto":6,"Cracked Core":0,"WarpedTongs":1},{"hubris:DuctTape":56,"hubris:BottledHeart":42,"reliquary:PartyBalloon":56,"hubris:ScarierMask":38,"TheSimpletonMod:WoodChipper":13,"reliquary:Stiletto":24,"Cracked Core":0,"WarpedTongs":3}],"WarpedTongs":[56]},"card_choices":[{"not_picked":["Blizzard","Force Field"],"picked":"Leap","floor":0},{"not_picked":["Force Field","Steam Power"],"picked":"Rebound","floor":1},{"not_picked":["Force Field","Redo","Loop"],"picked":"SKIP","floor":3},{"not_picked":["Force Field","Streamline"],"picked":"Heatsinks","floor":4},{"not_picked":["Force Field","Leap"],"picked":"Heatsinks","floor":5},{"not_picked":["Barrage","Loop"],"picked":"Streamline","floor":10},{"not_picked":["Reprogram","Leap"],"picked":"Machine Learning","floor":11},{"not_picked":["Rebound","Ball Lightning","Turbo"],"picked":"SKIP","floor":13},{"not_picked":["hubris:SpecializedCircuitry","hubris:Prefetch"],"picked":"Electrodynamics","floor":16},{"not_picked":["Aggregate","Barrage+1"],"picked":"Ball Lightning+1","floor":18},{"not_picked":["Tempest+1","Fusion"],"picked":"Beam Cell+1","floor":20},{"not_picked":["Beam Cell+1","Hello World"],"picked":"Hologram","floor":21},{"not_picked":["Chaos","Consume"],"picked":"Rebound+1","floor":22},{"not_picked":["Cold Snap","Barrage"],"picked":"Self Repair","floor":24}],"player_experience":260414,"relics_obtained":[{"floor":11,"key":"reliquary:Stiletto"},{"floor":24,"key":"hubris:DuctTape"},{"floor":26,"key":"reliquary:PartyBalloon"}],"event_choices":[{"damage_healed":0,"gold_gain":0,"player_choice":"Rummage","damage_taken":0,"relics_obtained":["WarpedTongs"],"max_hp_gain":0,"max_hp_loss":0,"event_name":"Accursed Blacksmith","floor":2,"gold_loss":0,"cards_obtained":["Pain"]},{"cards_removed":["Pain"],"damage_healed":0,"gold_gain":0,"player_choice":"Card Removal","damage_taken":7,"max_hp_gain":0,"max_hp_loss":0,"event_name":"Golden Wing","floor":12,"gold_loss":0}],"is_beta":false,"boss_relics":[{"not_picked":["Nuclear Battery","aspiration:BeakedSkillbook"],"picked":"hubris:ScarierMask"}],"items_purged_floors":[14],"is_endless":false,"potions_floor_spawned":[1,3,5,10,16,18,21,24],"killed_by":"Book of Stabbing","ascension_level":1}}