{"host":"hszimsrtxxc2k25w","time":1614029271,"event":{"mods":["AchievementEnabler","BaseMod","Colored Map","DeckTracker","Minty Spire (QoL Compilation)","Rare Cards Sparkle","SuperFastMode"],"gold_per_floor":[110,128,142,153,166,192,192,192,192],"floor_reached":8,"language":"KOR","playtime":181,"items_purged":[],"score":120,"play_id":"427c72dd-3854-40da-ac1d-fe9a5a54a475","local_time":"20210223062751","is_ascension_mode":true,"campfire_choices":[{"data":"Perfected Strike","floor":7,"key":"SMITH"}],"circlet_count":0,"master_deck":["AscendersBane","Strike_R","Strike_R","Strike_R","Strike_R","Defend_R","Defend_R","Defend_R","Bash","Perfected Strike+1","Wild Strike","Twin Strike"],"relics":["Burning Blood","Smiling Mask"],"acts_visited":["Exordium"],"potions_floor_usage":[5,8],"damage_taken":[{"damage":5,"enemies":"Small Slimes","floor":1,"turns":4},{"damage":6,"enemies":"Cultist","floor":2,"turns":3},{"damage":5,"enemies":"2 Louse","floor":3,"turns":2},{"damage":17,"enemies":"Looter","floor":4,"turns":3},{"damage":0,"enemies":"Exordium Thugs","floor":5,"turns":4},{"damage":32,"enemies":"Gremlin Nob","floor":6,"turns":4},{"damage":45,"enemies":"Lagavulin","floor":8,"turns":5}],"seed_played":"8180271679520720073","potions_obtained":[{"floor":1,"key":"Block Potion"},{"floor":2,"key":"LiquidBronze"},{"floor":6,"key":"AttackPotion"}],"is_trial":false,"path_per_floor":["M","M","M","M","M","E","R","E"],"character_chosen":"IRONCLAD","items_purchased":[],"campfire_rested":0,"item_purchase_floors":[],"current_hp_per_floor":[68,68,68,57,63,37,37,0,0],"gold":192,"neow_bonus":"REMOVE_TWO","is_daily":false,"chose_seed":false,"campfire_upgraded":1,"win_rate":0.0,"timestamp":1614029271,"path_taken":["M","M","M","M","M","E","R","E"],"items_purchased_type":[],"build_version":"2020-12-22","purchased_purges":0,"victory":false,"max_hp_per_floor":[68,68,68,68,68,68,68,68,68],"card_choices":[{"not_picked":["Dropkick","Headbutt"],"picked":"Perfected Strike","floor":1},{"not_picked":["Shrug It Off","Clash"],"picked":"Wild Strike","floor":2},{"not_picked":["Infernal Blade","Fire Breathing","Rupture"],"picked":"SKIP","floor":3},{"not_picked":["Clothesline","Havoc","Thunderclap"],"picked":"SKIP","floor":4},{"not_picked":["Searing Blow","Cleave"],"picked":"Twin Strike","floor":5},{"not_picked":["Disarm","Whirlwind","Dropkick"],"picked":"SKIP","floor":6}],"player_experience":691891,"relics_obtained":[{"floor":6,"key":"Smiling Mask"}],"event_choices":[],"is_beta":false,"boss_relics":[],"items_purged_floors":[],"is_endless":false,"potions_floor_spawned":[1,2,6],"killed_by":"Lagavulin","ascension_level":20}}