{"host":"pptp7dign1ra93gk","time":1614006508,"event":{"mods":["Act Like it!","Aspiration","BaseMod","Conspire","Downfall","Gensokyo","Marisa£®ÏF”Í°°ƒß¿Ì…≥£©","Minty Spire (QoL Compilation)","Remilia£®¿Ÿ√◊¿Ú—«£©","Replay The Spire","StSLib","The Construct","The Cursed","The Servant 0.9.4","Youmu£®ªÍ∆«—˝√Œ£©","Yuyuko","≤–¡Ù÷ÆŒÔ"],"gold_per_floor":[110,110,122,6,6,34,34,47,47,58,73,403,403,413,413,517,517,531,17,17,29,29,29,29,29,29,43,43,43,43,356,356,467,512,540,567,44,44,44,164,164,184,211,251,263,298,347,375,387,399],"floor_reached":51,"language":"ZHS","playtime":3399,"items_purged":["Pain"],"score":789,"play_id":"cdd9c61e-2e52-4517-867a-98698333d9a1","local_time":"20210222230828","daily_mods":["SealedDeck","Heirloom"],"is_ascension_mode":false,"campfire_choices":[{"floor":13,"key":"REST"},{"floor":15,"key":"DIG"},{"data":"DragonMeteor","floor":23,"key":"SMITH"},{"floor":29,"key":"DIG"},{"data":"PropBag","floor":32,"key":"SMITH"},{"data":"EscapeVelocity","floor":41,"key":"SMITH"},{"data":"DarkMatter","floor":45,"key":"SMITH"},{"floor":49,"key":"DIG"}],"circlet_count":0,"master_deck":["GrandCross","IllusionStar","AsteroidBelt","GrandCross+1","PulseMagic+1","IllusionStar+1","DragonMeteor+1","ShootTheMoon","Orbital+1","Orbital+1","PulseMagic","FairyDestructionRay","WitchLeyline","UltimateShortwave+1","EscapeVelocity+1","PropBag+1","SatelliteIllusion+1","ManaConvection+1","SuperNova+1","Parasite","Parasite","Hallucinations","Hallucinations","LuminesStrike+1","Acceleration","WitchLeyline+1","SuperPerseids+1","DarkMatter+1","EarthLightRay+1","RefractionSpark","LuminesStrike+1"],"relics":["MiniHakkero","Replay:Multitool","Gensokyo:LunaticRedEyes","Sundial","NeowsBlessing","Bronze Scales","Slimebound:StickyStick","Replay:Bottled Eggs","construct:FoamFinger","RampagingMagicTools","champ:Barbells","PlaceholderMod:FlatBlood","NeowsBlessing","AntiCross","CeramicFish","Replay:Ancient Bell","ShroomBag","ReplayTheSpireMod:Shallot","champ:DuelingGlove","hexamod:BolsterEngine","White Beast Statue","Guide Book","Slimebound:PreparedRelic","Torii","MawBank","Divine Protection","hexamod:Sixitude"],"acts_visited":["Exordium","Gensokyo:Gensokyo","Gensokyo:Gensokyoer"],"potions_floor_usage":[3,16,21,36],"damage_taken":[{"damage":0,"enemies":"Gensokyo:Gryphon","floor":1,"turns":2},{"damage":7,"enemies":"Gensokyo:2_Kodama","floor":3,"turns":2},{"damage":32,"enemies":"Gensokyo:Aya","floor":6,"turns":6},{"damage":0,"enemies":"Gensokyo:3_Fairies","floor":8,"turns":1},{"damage":0,"enemies":"Gensokyo:Kitsune","floor":10,"turns":1},{"damage":0,"enemies":"Gensokyo:LivingMonolith","floor":11,"turns":3},{"damage":40,"enemies":"Gensokyo:Cirno","floor":12,"turns":6},{"damage":11,"enemies":"Gensokyo:CorruptedTreant","floor":14,"turns":2},{"damage":7,"enemies":"Gensokyo:Yukari","floor":16,"turns":5},{"damage":8,"enemies":"Gensokyo:CosmicMonolith","floor":18,"turns":1},{"damage":22,"enemies":"Gensokyo:2_Gloops","floor":21,"turns":4},{"damage":0,"enemies":"Gensokyo:Slime_Group","floor":27,"turns":1},{"damage":5,"enemies":"Gensokyo:Wraith","floor":31,"turns":2},{"damage":0,"enemies":"Gensokyo:Eternal_Rivals","floor":33,"turns":1},{"damage":0,"enemies":"Gensokyo:3_Bats","floor":35,"turns":2},{"damage":25,"enemies":"Gensokyo:AncientGuardian","floor":36,"turns":3},{"damage":0,"enemies":"Gensokyo:3_Boulders","floor":40,"turns":2},{"damage":43,"enemies":"Gensokyo:Rafflesia","floor":42,"turns":4},{"damage":3,"enemies":"Gensokyo:Sharpion","floor":44,"turns":2},{"damage":1,"enemies":"Gensokyo:Dusk_and_Dawn","floor":46,"turns":2},{"damage":0,"enemies":"Gensokyo:Doremy","floor":47,"turns":2},{"damage":0,"enemies":"Gensokyo:3_Boulders","floor":48,"turns":3},{"damage":0,"enemies":"Gensokyo:Yuyuko","floor":50,"turns":2}],"seed_played":"638070137225615679","potions_obtained":[{"floor":1,"key":"Energy Potion"},{"floor":11,"key":"Strength Potion"},{"floor":16,"key":"Explosive Potion"},{"floor":18,"key":"Fire Potion"},{"floor":27,"key":"SkillPotion"},{"floor":33,"key":"Strength Potion"},{"floor":36,"key":"EntropicBrew"}],"is_trial":true,"path_per_floor":["M","?","M","COS","?","E","WH","M","T","M","M","E","R","M","R","B",null,"M","COS","WH","M","?","R","WH","WH","T","M","$","R","WH","M","R","B",null,"M","M","$","WH","?","M","R","M","T","M","R","M","E","M","R","B",null],"character_chosen":"MARISA","items_purchased":["Guide Book","Slimebound:PreparedRelic","WitchLeyline"],"campfire_rested":1,"item_purchase_floors":[37,37,37],"current_hp_per_floor":[75,75,68,68,75,43,43,43,43,43,43,3,25,14,14,7,75,67,67,74,52,60,60,68,68,68,68,68,68,77,72,72,72,99,99,80,80,89,100,108,108,73,73,76,76,83,89,99,99,99],"gold":411,"neow_bonus":"TEN_PERCENT_HP_BONUS","is_daily":false,"chose_seed":false,"campfire_upgraded":4,"win_rate":0.0,"timestamp":1614006508,"path_taken":["M","?","M","COS","?","E","WH","M","T","?","M","E","R","M","R","BOSS","M","COS","WH","M","?","R","WH","WH","T","M","$","R","WH","M","R","BOSS","M","M","$","WH","?","M","R","M","T","M","R","M","E","M","R","BOSS"],"items_purchased_type":["Relic","Relic","Card"],"build_version":"2020-12-22","purchased_purges":1,"victory":true,"max_hp_per_floor":[75,75,75,75,75,75,75,75,75,75,75,75,75,75,75,75,75,75,75,82,82,82,82,90,90,90,90,90,90,99,99,99,99,99,99,99,99,108,108,108,108,108,108,108,108,108,105,105,105,105],"card_choices":[{"not_picked":["SporeBomb","ShootTheMoon"],"picked":"PulseMagic","floor":1},{"not_picked":["DragonMeteor","AsteroidBelt","UnstableBomb"],"picked":"SKIP","floor":3},{"not_picked":["StarBarrage","6A"],"picked":"FairyDestructionRay","floor":6},{"not_picked":["PowerUp","NonDirectionalLaser"],"picked":"WitchLeyline","floor":8},{"not_picked":["6A","GravityBeat"],"picked":"UltimateShortwave","floor":10},{"not_picked":["BinaryStars","SuperNova"],"picked":"EscapeVelocity","floor":11},{"not_picked":["ChargingUp","OrrerysSun","MysteriousBeam"],"picked":"SKIP","floor":11},{"not_picked":["PowerUp","DoubleSpark"],"picked":"PropBag","floor":12},{"not_picked":["IllusionStar","ShootingEcho","AlicesGift"],"picked":"SKIP","floor":14},{"not_picked":["StarDustReverie","CollectingQuirk"],"picked":"SatelliteIllusion","floor":16},{"not_picked":["MilkyWay","MysteriousBeam+1","SporeBomb"],"picked":"SKIP","floor":18},{"not_picked":["DC","AsteroidBelt"],"picked":"ManaConvection+1","floor":21},{"not_picked":["PowerUp","OpenUniverse","DoubleSpark"],"picked":"SKIP","floor":27},{"not_picked":["IllusionStar+1","PulseMagic","RefractionSpark"],"picked":"SKIP","floor":31},{"not_picked":["MillisecondPulsars","JA"],"picked":"SuperNova","floor":33},{"not_picked":["downfall:Haunted","Delirium"],"picked":"Parasite","floor":34},{"not_picked":["ReplayTheSpireMod:Faulty Equipment","Overencumbered"],"picked":"Hallucinations","floor":34},{"not_picked":["Decay","ReplayTheSpireMod:IOU"],"picked":"Hallucinations","floor":34},{"not_picked":["ChargeUpSpray","DarkMatter+1"],"picked":"LuminesStrike+1","floor":35},{"not_picked":["Singularity+1","GrandCross+1"],"picked":"Acceleration","floor":36},{"not_picked":["GalacticHalo","WitchOfGreed+1"],"picked":"SuperPerseids+1","floor":40},{"not_picked":["ShootingEcho+1","StarDustReverie"],"picked":"DarkMatter","floor":42},{"not_picked":["DoubleSpark","OneTimeOff+1"],"picked":"EarthLightRay+1","floor":44},{"not_picked":["AsteroidBelt+1","IllusionStar+1"],"picked":"RefractionSpark","floor":46},{"not_picked":["Occultation","EarthLightRay"],"picked":"LuminesStrike+1","floor":47},{"not_picked":["AbsoluteMagnitude","EnergyRecoil","PulseMagic"],"picked":"SKIP","floor":48}],"player_experience":135457,"relics_obtained":[{"floor":6,"key":"Sundial"},{"floor":9,"key":"Bronze Scales"},{"floor":12,"key":"Replay:Bottled Eggs"},{"floor":15,"key":"construct:FoamFinger"},{"floor":26,"key":"AntiCross"},{"floor":29,"key":"CeramicFish"},{"floor":43,"key":"MawBank"},{"floor":47,"key":"Divine Protection"},{"floor":49,"key":"hexamod:Sixitude"}],"event_choices":[],"is_beta":false,"boss_relics":[{"not_picked":["Philosopher\u0027s Stone","aspiration:RitualDagger"],"picked":"RampagingMagicTools"},{"not_picked":["Runic Pyramid","construct:ClawGrip"],"picked":"Replay:Ancient Bell"},{"not_picked":["Replay:Mystery Machine","Tiny Chest"],"picked":"ShroomBag"},{"not_picked":["Pantograph","Blue Candle"],"picked":"ReplayTheSpireMod:Shallot"},{"not_picked":["Durian","Ice Cream"],"picked":"champ:DuelingGlove"}],"items_purged_floors":[37],"is_endless":false,"potions_floor_spawned":[1,11,16,18,27,33,36,40,42,44,46,47,48],"ascension_level":0}}