{"host":"o3b7ow6d1xe49css","time":1614000345,"event":{"mods":["Act Like it!","Aspiration","BaseMod","Bestiary","Better Altar","Better Match","Better Note","Better Sensory Stone","Better Skull","Better Third Choice","Colored Powertips","Conspire","Energized Spire","Force Act Four","GifTheSpireLib","Halation","Hermit","Hubris","Infinite Spire","Lobotomy","Minty Spire (QoL Compilation)","Quick Restart","Rare Cards Sparkle","Relic Filter Mod","Reliquary","Replay The Spire","Spicy Shops","Spikes Relics","StSLib","Stuff the Spire","The Blue Laboratory","The Hierophant","The Jungle","Wandering Minibosses"],"gold_per_floor":[118,136,155,155,2,2,36,36,36,62,62,74,87,102,102,177,177,190,190,12,30,46,46,75,75,75,55,89,123,123,148,148,222,222,242,242,568,568,518,551,551,551,600,631,659,124,139,157,157,235,314,314,314,134,163,163,163],"floor_reached":56,"language":"ENG","playtime":2379,"items_purged":["Regret","Sickly","Strike_B","Strike_B","Strike_B"],"score":1863,"play_id":"7e0023ac-72f2-44ba-ac61-6e7fad916a9e","local_time":"20210222042545","daily_mods":["Heirloom","Flight"],"is_ascension_mode":true,"campfire_choices":[{"data":"ReplayTheSpireMod:Fabricate Wheel","floor":6.0,"key":"SMITH"},{"floor":8.0,"key":"REST"},{"data":"hubris:PowerSurge","floor":8.0,"key":"SMITH"},{"floor":11.0,"key":"REST"},{"data":"Zap","floor":11.0,"key":"SMITH"},{"floor":15.0,"key":"REST"},{"data":"Coolheaded","floor":15.0,"key":"SMITH"},{"floor":23.0,"key":"REST"},{"data":"StuffTheSpire:Synthwave","floor":23.0,"key":"SMITH"},{"data":"Defragment","floor":25.0,"key":"SMITH"},{"data":"Reboot","floor":30.0,"key":"SMITH"},{"floor":32.0,"key":"REST"},{"data":"Capacitor","floor":32.0,"key":"SMITH"},{"floor":41.0,"key":"REST"},{"data":"infinitespire:UltimateForm","floor":41.0,"key":"SMITH"},{"data":"Double Energy","floor":42.0,"key":"SMITH"},{"floor":49.0,"key":"RECALL"},{"data":"StuffTheSpire:ForEach","floor":53.0,"key":"SMITH"}],"circlet_count":0,"master_deck":["AscendersBane","Strike_B","Defend_B","Defend_B","Defend_B","Defend_B+1","Zap+1","Dualcast","Steam","hubris:PowerSurge+1","Rip and Tear","Rip and Tear+1","Core Surge+1","StuffTheSpire:Plugnplay","UniverseFragment","Ball Lightning+1","Coolheaded+1","StuffTheSpire:Coldhearted","Capacitor+1","Defragment+1","StuffTheSpire:Synthwave+1","Reboot+1","hubris:PowerSurge+1","Hologram","Double Energy+1","infinitespire:UltimateForm+1","Skim","Lockon","Coolheaded+1","All For One","StuffTheSpire:ForEach+1"],"relics":["Cracked Core","Ring of Chaos","Gambling Chip","CogitoBucket","StuffTheSpire:RedRose","ReplayTheSpireMod:CursedCoin","Prayer Wheel","infinitespire:Magic Flask","Cables","Replay:Bottled Steam","AspirationHeart","Black Star","HandDrill","Prayer Wheel","Shovel","halation:PrussianBluePaint","hubris:ToyBattleship","Dream Catcher","reliquary:Buckler","reliquary:ShortFuse","MiniBlackHole","halation:LettersToHer","reliquary:ThirdArm","SkinProphecy","Lee\u0027s Waffle","Old Coin","ReplayTheSpireMod:Ring of Collecting","ReplayTheSpireMod:Lightbulb","ReplayTheSpireMod:TigerMarble","aspiration:TomeofQuesting","StuffTheSpire:DarkSteelAnvil","Blue Doll","Replay:Bottled Snecko","ClockworkSouvenir","Omamori","conspire:RoyalGoblet","Ring of Chaos","MealTicket","Replay:Bottled Eggs"],"acts_visited":["Exordium","TheCity","TheBeyond","Exordium","TheEnding"],"potions_floor_usage":[56,56],"damage_taken":[{"damage":0.0,"enemies":"Cultist","floor":1.0,"turns":3.0},{"damage":6.0,"enemies":"Small Slimes","floor":2.0,"turns":5.0},{"damage":2.0,"enemies":"Jaw Worm","floor":3.0,"turns":4.0},{"damage":38.0,"enemies":"3 Sentries","floor":7.0,"turns":5.0},{"damage":24.0,"enemies":"Lagavulin","floor":10.0,"turns":5.0},{"damage":5.0,"enemies":"3 Louse","floor":12.0,"turns":3.0},{"damage":4.0,"enemies":"Red Slaver","floor":13.0,"turns":2.0},{"damage":0.0,"enemies":"2 Fungi Beasts","floor":14.0,"turns":2.0},{"damage":31.0,"enemies":"Fading Forest","floor":16.0,"turns":13.0},{"damage":0.0,"enemies":"3 Byrds","floor":18.0,"turns":2.0},{"damage":16.0,"enemies":"Chosen","floor":21.0,"turns":5.0},{"damage":6.0,"enemies":"3 Cultists","floor":22.0,"turns":3.0},{"damage":0.0,"enemies":"Gremlin Leader","floor":24.0,"turns":4.0},{"damage":0.0,"enemies":"Nightmare","floor":28.0,"turns":4.0},{"damage":9.0,"enemies":"Book of Stabbing","floor":29.0,"turns":3.0},{"damage":8.0,"enemies":"conspire:SneckoGhost","floor":31.0,"turns":3.0},{"damage":2.0,"enemies":"Champ","floor":33.0,"turns":5.0},{"damage":13.0,"enemies":"Orb Walker","floor":35.0,"turns":8.0},{"damage":3.0,"enemies":"conspire:MimicChest","floor":37.0,"turns":5.0},{"damage":24.0,"enemies":"Nightmare","floor":40.0,"turns":5.0},{"damage":0.0,"enemies":"R_Hoarder","floor":44.0,"turns":5.0},{"damage":22.0,"enemies":"Reptomancer","floor":45.0,"turns":6.0},{"damage":0.0,"enemies":"3 Shapes","floor":47.0,"turns":2.0},{"damage":0.0,"enemies":"Transient","floor":48.0,"turns":5.0},{"damage":11.0,"enemies":"Replay:Hell Engine","floor":50.0,"turns":5.0},{"damage":19.0,"enemies":"Time Eater","floor":51.0,"turns":4.0},{"damage":77.0,"enemies":"Shield and Spear","floor":55.0,"turns":4.0},{"damage":23,"enemies":"The Heart","floor":56,"turns":3}],"seed_played":"-898242320473708904","potions_obtained":[{"floor":1.0,"key":"Languid Potion"},{"floor":3.0,"key":"blueLaboratory:CreativityPotion"},{"floor":12.0,"key":"LiquidBronze"},{"floor":13.0,"key":"blueLaboratory:BubblePotion"},{"floor":14.0,"key":"blueLaboratory:RelayPotion"},{"floor":18.0,"key":"Strength Potion"},{"floor":21.0,"key":"blueLaboratory:TeslaPotion"},{"floor":27.0,"key":"Toxic Potion"},{"floor":28.0,"key":"Explosive Potion"},{"floor":35.0,"key":"blueLaboratory:ForbiddenFruitJuice"},{"floor":45.0,"key":"Elixir"}],"is_trial":true,"path_per_floor":["M","M","M","?","$","R","E","R","T","E","R","M","M","M","R","B",null,"M","AVR","$","M","M","R","E","R","T","?","NM","E","R","E","R","B",null,"M","AVR","?","?","?","NM","R","R","T","E","E","$","M","M","R","B","B",null,"R","$","E","B"],"character_chosen":"DEFECT","items_purchased":["ReplayTheSpireMod:CursedCoin","hubris:PowerSurge","Rip and Tear","LifebloodPotion","Reboot","ClockworkSouvenir","Omamori","Lockon","Energy Potion"],"campfire_rested":6,"item_purchase_floors":[5,5,5,5,20,46,46,46,54],"current_hp_per_floor":[64,58,56,56,56,56,18,39,39,15,36,41,37,37,61,38,70,70,70,70,54,48,72,72,72,72,72,72,63,63,55,79,77,80,67,88,81,81,81,53,80,80,80,76,50,50,46,42,42,63,40,100,100,100,19,0,0],"gold":163,"neow_bonus":"","is_daily":false,"chose_seed":false,"campfire_upgraded":11,"win_rate":0.0,"timestamp":1614000345,"path_taken":["M","M","M","?","$","R","E","R","T","E","R","M","M","M","R","BOSS","M","AVR","$","M","M","R","E","R","T","?","NM","E","R","E","R","BOSS","M","AVR","?","?","?","NM","R","R","T","E","E","$","?","?","R","BOSS","BOSS","R","$","E","BOSS"],"items_purchased_type":["Relic","Card","Card","Potion","Card","Relic","Relic","Card","Potion"],"build_version":"2020-12-22","purchased_purges":5,"victory":false,"max_hp_per_floor":[71,71,71,71,71,71,71,71,71,71,71,81,81,81,81,81,81,81,81,81,81,81,81,81,81,81,81,81,81,81,81,81,81,81,81,88,90,90,90,92,92,92,92,94,96,96,98,100,100,102,104,104,104,104,106,108,108],"card_choices":[{"not_picked":["CrumblingArmor","PunishingBird","VoidDream"],"picked":"Singing Bowl","floor":1.0},{"not_picked":["Panic Button","Stack","Rebound"],"picked":"SKIP","floor":1.0},{"not_picked":["ReplayTheSpireMod:Repulse","Turbo"],"picked":"Steam","floor":2.0},{"not_picked":["VoidDream","QueenBee","MHz"],"picked":"Singing Bowl","floor":2.0},{"not_picked":["BasicCrystalCard","StuffTheSpire:LoadUp"],"picked":"ReplayTheSpireMod:Fabricate Wheel","floor":3.0},{"not_picked":["QueenOfHatred","PunishingBird","Bloodbath"],"picked":"Singing Bowl","floor":3.0},{"not_picked":["StuffTheSpire:Purify","Beam Cell"],"picked":"StuffTheSpire:Plugnplay","floor":7.0},{"not_picked":["Bloodbath","Murderer"],"picked":"UniverseFragment","floor":7.0},{"not_picked":["BasicCrystalCard","StuffTheSpire:LoadUp","Loop"],"picked":"SKIP","floor":10.0},{"not_picked":["Go for the Eyes","Barrage","Panic Button"],"picked":"SKIP","floor":12.0},{"not_picked":["Turbo","Gash","Streamline"],"picked":"SKIP","floor":12.0},{"not_picked":["Hologram","StuffTheSpire:LoadUp"],"picked":"Ball Lightning","floor":13.0},{"not_picked":["Lockon","Redo"],"picked":"Coolheaded","floor":13.0},{"not_picked":["StuffTheSpire:CleanHardDrive","Stack"],"picked":"StuffTheSpire:Coldhearted","floor":14.0},{"not_picked":["Ball Lightning","Beam Cell"],"picked":"Capacitor","floor":14.0},{"not_picked":["Freischutz","Bloodbath","OSAHOGD"],"picked":"Singing Bowl","floor":16.0},{"not_picked":["Fission","hubris:SpecializedCircuitry"],"picked":"ReplayTheSpireMod:Fabricate Wheel","floor":16.0},{"not_picked":["Barrage","BootSequence"],"picked":"Defragment","floor":18.0},{"not_picked":["Chill+1","Auto Shields"],"picked":"StuffTheSpire:Synthwave","floor":18.0},{"not_picked":["BootSequence","FIFO Queue","Ball Lightning"],"picked":"SKIP","floor":21.0},{"not_picked":["BasicCrystalCard","Rebound+1","ReplayGash"],"picked":"SKIP","floor":21.0},{"not_picked":["Redo+1","Leap"],"picked":"hubris:PowerSurge+1","floor":22.0},{"not_picked":["BeautyBeast","GreedKing","LittleHelper"],"picked":"Singing Bowl","floor":22.0},{"not_picked":["StuffTheSpire:Purify","StuffTheSpire:Rend","Compile Driver"],"picked":"SKIP","floor":22.0},{"not_picked":["Compile Driver","Stack","Scrape"],"picked":"SKIP","floor":22.0},{"not_picked":["Creative AI","Chill","Ball Lightning"],"picked":"SKIP","floor":24.0},{"not_picked":["Conserve Battery","Reinforced Body","Recycle"],"picked":"SKIP","floor":28.0},{"not_picked":["FTL","Compile Driver","Turbo"],"picked":"SKIP","floor":29.0},{"not_picked":["RefreshScreen","ReplayTheSpireMod:GoodbyeWorld","ReplaySolidLightProjector"],"picked":"SKIP","floor":31.0},{"not_picked":["StuffTheSpire:Plugnplay+1","Conserve Battery"],"picked":"Hologram","floor":35.0},{"not_picked":["conspire:Rain+1","StuffTheSpire:Rend+1"],"picked":"Double Energy","floor":35.0},{"not_picked":["Ball Lightning","ReplayTheSpireMod:Repulse+1","Rainbow"],"picked":"SKIP","floor":35.0},{"not_picked":["infinitespire:Collect","hubris:Rewind"],"picked":"infinitespire:UltimateForm","floor":40.0},{"not_picked":["StuffTheSpire:LoadUp","ReplayTheSpireMod:Repulse","Auto Shields+1"],"picked":"SKIP","floor":40.0},{"not_picked":["Sweeping Beam","Machine Learning"],"picked":"Skim","floor":44.0},{"not_picked":["ReplaySort","Coolheaded","Hologram"],"picked":"SKIP","floor":45.0},{"not_picked":["Turbo+1","Time Bomb"],"picked":"Coolheaded+1","floor":47.0},{"not_picked":["hubris:Prefetch","Hello World","Barrage"],"picked":"SKIP","floor":47.0},{"not_picked":["Cold Snap","Panic Button+1","Conserve Battery+1"],"picked":"SKIP","floor":47.0},{"not_picked":["Beam Cell","ReplayTheSpireMod:GoodbyeWorld","Streamline"],"picked":"SKIP","floor":48.0},{"not_picked":["Coolheaded","Self Repair","Time Bomb+1"],"picked":"SKIP","floor":48.0},{"not_picked":["Beam Cell","Aggregate+1","StuffTheSpire:Plugnplay"],"picked":"SKIP","floor":48.0},{"not_picked":["Buffer","hubris:DoWhile"],"picked":"All For One","floor":50.0},{"not_picked":["Meteor Strike","Reboot"],"picked":"StuffTheSpire:ForEach","floor":51.0},{"not_picked":["StuffTheSpire:Plugnplay","Rebound","ReplayTheSpireMod:Dual Polarity"],"picked":"SKIP","floor":55.0}],"player_experience":1461578,"relics_obtained":[{"floor":7.0,"key":"infinitespire:Magic Flask"},{"floor":9.0,"key":"Cables"},{"floor":10.0,"key":"Replay:Bottled Steam"},{"floor":24.0,"key":"Shovel"},{"floor":24.0,"key":"halation:PrussianBluePaint"},{"floor":28.0,"key":"hubris:ToyBattleship"},{"floor":28.0,"key":"Dream Catcher"},{"floor":29.0,"key":"reliquary:Buckler"},{"floor":29.0,"key":"reliquary:ShortFuse"},{"floor":31.0,"key":"MiniBlackHole"},{"floor":31.0,"key":"halation:LettersToHer"},{"floor":37.0,"key":"Old Coin"},{"floor":38.0,"key":"ReplayTheSpireMod:Ring of Collecting"},{"floor":40.0,"key":"ReplayTheSpireMod:Lightbulb"},{"floor":40.0,"key":"ReplayTheSpireMod:TigerMarble"},{"floor":43.0,"key":"aspiration:TomeofQuesting"},{"floor":43.0,"key":"halation:LettersToHer"},{"floor":44.0,"key":"StuffTheSpire:DarkSteelAnvil"},{"floor":44.0,"key":"Blue Doll"},{"floor":45.0,"key":"Replay:Bottled Snecko"},{"floor":55.0,"key":"MealTicket"},{"floor":55.0,"key":"Replay:Bottled Eggs"}],"event_choices":[{"damage_healed":0.0,"max_hp_gain":0.0,"max_hp_loss":0.0,"gold_gain":0.0,"event_name":"The Woman in Blue","player_choice":"Bought 1 Potion","floor":27.0,"gold_loss":0.0,"damage_taken":0.0},{"damage_healed":0.0,"max_hp_gain":0.0,"max_hp_loss":0.0,"gold_gain":0.0,"event_name":"Designer","player_choice":"Upgraded Two","floor":39.0,"gold_loss":50.0,"damage_taken":0.0,"cards_upgraded":["Rip and Tear","Defend_B"]}],"is_beta":false,"boss_relics":[{"not_picked":["aspiration:RitualDagger","Replay:Ancient Bell"],"picked":"Black Star"},{"not_picked":["energizedSpire:StickyHand","ChewingGum"],"picked":"reliquary:ThirdArm"},{"not_picked":["halation:Risk","energizedSpire:SpiderWeb"],"picked":"conspire:RoyalGoblet"}],"items_purged_floors":[5,19,36,46,54],"is_endless":true,"potions_floor_spawned":[1,3,12,13,14,18,21,28,31,35,44,45,48,51,55],"killed_by":"The Heart","ascension_level":20}}