{"host":"og6lam4kt3nibbw0","time":1614014841,"event":{"mods":["AchievementEnabler","BaseMod","Colored Map","DeckTracker","Highlight Path","Keyboard Shortcuts","Minty Spire (QoL Compilation)","Permanent Neow","Quick Restart","StSLib","SuperFastMode"],"gold_per_floor":[17,35,51,51,65,65,98,98,98,61,78,90,108,158,158,232,232,247,267,192,265,190,224,224,254,254,270,270,305,324,335,335,411,411,435,435,454,274,274,274,309,319,346,371,393,450,450,473,473,473,473,473,473,70,98,98,98],"floor_reached":56,"language":"KOR","playtime":2678,"items_purged":["Strike_R","Strike_R","Defend_R"],"score":2188,"play_id":"4be2956b-271e-4e4b-9020-bef51762ea6c","local_time":"20210223022721","is_ascension_mode":true,"campfire_choices":[{"data":"Wild Strike","floor":6.0,"key":"SMITH"},{"data":"Inflame","floor":8.0,"key":"SMITH"},{"floor":15.0,"key":"REST"},{"data":"Demon Form","floor":24.0,"key":"SMITH"},{"data":"Seeing Red","floor":32.0,"key":"SMITH"},{"data":"Heavy Blade","floor":40.0,"key":"SMITH"},{"floor":47.0,"key":"DIG"},{"floor":49.0,"key":"RECALL"},{"floor":53.0,"key":"DIG"}],"circlet_count":0,"master_deck":["AscendersBane","Strike_R","Strike_R","Defend_R","Defend_R","Defend_R","Bash","Warcry","Wild Strike+1","Wild Strike","Sword Boomerang","Inflame+1","Seeing Red+1","Dual Wield","Feed","Heavy Blade+1","Demon Form+1","Heavy Blade+1","Offering+1","Pommel Strike+1","Ghostly+1","Ghostly+1","Ghostly+1","Armaments+1","Burning Pact+1","True Grit+1","Purity+1","Shockwave+1","Feel No Pain+1","Limit Break+1","Inflame"],"relics":["Burning Blood","Thread and Needle","Omamori","Blood Vial","Snecko Eye","Mummified Hand","Eternal Feather","Toxic Egg 2","Ancient Tea Set","Meat on the Bone","Calling Bell","CeramicFish","White Beast Statue","Champion Belt","Lantern","Happy Flower","Shovel","StrikeDummy","Letter Opener","HandDrill","Strawberry"],"acts_visited":["Exordium","TheCity","TheBeyond","TheEnding"],"potions_floor_usage":[],"damage_taken":[{"damage":6.0,"enemies":"Small Slimes","floor":1.0,"turns":3.0},{"damage":2.0,"enemies":"Cultist","floor":2.0,"turns":3.0},{"damage":5.0,"enemies":"2 Louse","floor":3.0,"turns":2.0},{"damage":38.0,"enemies":"Gremlin Gang","floor":5.0,"turns":8.0},{"damage":37.0,"enemies":"3 Sentries","floor":7.0,"turns":9.0},{"damage":5.0,"enemies":"Red Slaver","floor":11.0,"turns":2.0},{"damage":9.0,"enemies":"Blue Slaver","floor":12.0,"turns":3.0},{"damage":5.0,"enemies":"Large Slime","floor":13.0,"turns":6.0},{"damage":37.0,"enemies":"Hexaghost","floor":16.0,"turns":8.0},{"damage":4.0,"enemies":"Chosen","floor":18.0,"turns":4.0},{"damage":21.0,"enemies":"Spheric Guardian","floor":19.0,"turns":4.0},{"damage":29.0,"enemies":"Gremlin Leader","floor":23.0,"turns":5.0},{"damage":23.0,"enemies":"Book of Stabbing","floor":25.0,"turns":3.0},{"damage":12.0,"enemies":"Centurion and Healer","floor":27.0,"turns":6.0},{"damage":0.0,"enemies":"Gremlin Leader","floor":29.0,"turns":8.0},{"damage":2.0,"enemies":"Sentry and Sphere","floor":30.0,"turns":4.0},{"damage":25.0,"enemies":"Chosen and Byrds","floor":31.0,"turns":7.0},{"damage":0.0,"enemies":"Collector","floor":33.0,"turns":8.0},{"damage":18.0,"enemies":"3 Shapes","floor":35.0,"turns":7.0},{"damage":6.0,"enemies":"3 Darklings","floor":37.0,"turns":4.0},{"damage":9.0,"enemies":"Giant Head","floor":41.0,"turns":5.0},{"damage":4.0,"enemies":"Sphere and 2 Shapes","floor":42.0,"turns":4.0},{"damage":22.0,"enemies":"Reptomancer","floor":44.0,"turns":7.0},{"damage":6.0,"enemies":"Transient","floor":45.0,"turns":6.0},{"damage":24.0,"enemies":"2 Orb Walkers","floor":46.0,"turns":5.0},{"damage":6.0,"enemies":"Jaw Worm Horde","floor":48.0,"turns":5.0},{"damage":6.0,"enemies":"Awakened One","floor":50.0,"turns":7.0},{"damage":28.0,"enemies":"Time Eater","floor":51.0,"turns":6.0},{"damage":27.0,"enemies":"Shield and Spear","floor":55.0,"turns":6.0},{"damage":48,"enemies":"The Heart","floor":56,"turns":4}],"seed_played":"2450840072531443582","potions_obtained":[{"floor":1.0,"key":"FairyPotion"},{"floor":4.0,"key":"DuplicationPotion"},{"floor":11.0,"key":"CultistPotion"},{"floor":18.0,"key":"FearPotion"},{"floor":25.0,"key":"Block Potion"},{"floor":31.0,"key":"Explosive Potion"},{"floor":35.0,"key":"SneckoOil"},{"floor":37.0,"key":"BlessingOfTheForge"},{"floor":42.0,"key":"SkillPotion"},{"floor":46.0,"key":"EssenceOfSteel"},{"floor":55.0,"key":"BlessingOfTheForge"}],"is_trial":false,"path_per_floor":["M","M","M","?","M","R","E","R","T","$","M","M","M","?","R","B",null,"M","M","$","T","?","E","R","E","T","M","?","E","M","M","R","B",null,"M","?","M","$","?","R","E","M","T","E","M","?","R","M","R","B","B",null,"R","$","E","B"],"character_chosen":"IRONCLAD","items_purchased":["Seeing Red","Purity+1","LiquidBronze","Inflame","HandDrill"],"campfire_rested":1,"item_purchase_floors":[10,38,54,54,54],"current_hp_per_floor":[68,72,73,73,41,41,10,10,10,10,13,12,15,8,30,28,63,67,54,54,54,54,33,45,30,30,29,29,37,42,35,42,42,42,33,33,35,35,35,45,42,45,45,29,31,27,45,48,48,48,38,46,48,48,46,0,0],"gold":98,"neow_bonus":"ONE_RARE_RELIC","is_daily":false,"chose_seed":false,"campfire_upgraded":5,"win_rate":0.0,"timestamp":1614014841,"path_taken":["M","M","M","?","M","R","E","R","T","$","M","M","?","?","R","BOSS","M","?","$","?","?","E","R","E","T","M","?","E","M","M","R","BOSS","M","?","M","$","?","R","E","?","T","E","M","?","R","M","R","BOSS","BOSS","R","$","E","BOSS"],"items_purchased_type":["Card","Card","Potion","Card","Relic"],"build_version":"2020-12-22","purchased_purges":3,"victory":false,"max_hp_per_floor":[75,75,75,75,75,75,75,75,75,75,75,75,75,75,75,75,75,75,75,75,75,75,75,75,75,75,78,39,39,42,42,42,42,42,45,45,45,45,45,45,45,45,45,45,45,45,45,48,48,48,48,48,48,48,55,55,55],"card_choices":[{"not_picked":["Twin Strike","Sentinel"],"picked":"Warcry","floor":1.0},{"not_picked":["Sever Soul","Searing Blow"],"picked":"Wild Strike","floor":2.0},{"not_picked":["Clash","Clothesline"],"picked":"Wild Strike","floor":3.0},{"not_picked":["Bloodletting","Warcry"],"picked":"Sword Boomerang","floor":5.0},{"not_picked":["Carnage","Pommel Strike"],"picked":"Inflame","floor":7.0},{"not_picked":["Havoc","Intimidate"],"picked":"Dual Wield","floor":11.0},{"not_picked":["Battle Trance","Sword Boomerang"],"picked":"Feed","floor":12.0},{"not_picked":["Flex","Body Slam"],"picked":"Heavy Blade","floor":13.0},{"not_picked":["Double Tap","Brutality"],"picked":"Demon Form","floor":16.0},{"not_picked":["Entrench","Pommel Strike","Headbutt"],"picked":"SKIP","floor":18.0},{"not_picked":["Armaments","Pummel"],"picked":"Heavy Blade+1","floor":19.0},{"not_picked":["Body Slam","Iron Wave","Metallicize"],"picked":"SKIP","floor":23.0},{"not_picked":["Headbutt","Pummel"],"picked":"Offering+1","floor":25.0},{"not_picked":["Sword Boomerang","Thunderclap"],"picked":"Pommel Strike","floor":27.0},{"not_picked":["Infernal Blade+1","Havoc+1"],"picked":"Armaments+1","floor":29.0},{"not_picked":["Entrench+1","Clothesline+1","Perfected Strike"],"picked":"SKIP","floor":30.0},{"not_picked":["True Grit+1","Perfected Strike"],"picked":"Burning Pact+1","floor":31.0},{"not_picked":["Entrench+1","Wild Strike"],"picked":"Intimidate+1","floor":35.0},{"not_picked":["Seeing Red+1","Cleave"],"picked":"True Grit+1","floor":37.0},{"not_picked":["Clash+1","Hemokinesis","Metallicize"],"picked":"SKIP","floor":41.0},{"not_picked":["True Grit+1","Flex+1","Wild Strike"],"picked":"SKIP","floor":42.0},{"not_picked":["Clothesline","Anger","Body Slam"],"picked":"SKIP","floor":44.0},{"not_picked":["Headbutt","Infernal Blade+1"],"picked":"Shockwave+1","floor":45.0},{"not_picked":["Rampage","Fire Breathing+1"],"picked":"Feel No Pain+1","floor":46.0},{"not_picked":["Wild Strike","Feel No Pain+1"],"picked":"Limit Break+1","floor":48.0},{"not_picked":["Searing Blow","Wild Strike+1","Hemokinesis"],"picked":"SKIP","floor":55.0}],"player_experience":990422,"relics_obtained":[{"floor":7.0,"key":"Omamori"},{"floor":9.0,"key":"Blood Vial"},{"floor":21.0,"key":"Mummified Hand"},{"floor":23.0,"key":"Eternal Feather"},{"floor":25.0,"key":"Toxic Egg 2"},{"floor":26.0,"key":"Ancient Tea Set"},{"floor":29.0,"key":"Meat on the Bone"},{"floor":34.0,"key":"CeramicFish"},{"floor":34.0,"key":"White Beast Statue"},{"floor":34.0,"key":"Champion Belt"},{"floor":41.0,"key":"Lantern"},{"floor":44.0,"key":"Happy Flower"},{"floor":46.0,"key":"Shovel"},{"floor":47.0,"key":"StrikeDummy"},{"floor":53.0,"key":"Letter Opener"},{"floor":55.0,"key":"Strawberry"}],"event_choices":[{"damage_healed":0.0,"max_hp_gain":0.0,"max_hp_loss":0.0,"gold_gain":0.0,"event_name":"Lab","player_choice":"Got Potions","floor":4.0,"gold_loss":0.0,"damage_taken":0.0},{"damage_healed":0.0,"max_hp_gain":0.0,"max_hp_loss":0.0,"gold_gain":50.0,"event_name":"FaceTrader","player_choice":"Touch","floor":14.0,"gold_loss":0.0,"damage_taken":7.0},{"cards_removed":["Strike_R"],"damage_healed":0.0,"max_hp_gain":0.0,"max_hp_loss":0.0,"gold_gain":0.0,"event_name":"Beggar","player_choice":"Gave Gold","floor":22.0,"gold_loss":75.0,"damage_taken":0.0},{"damage_healed":0.0,"max_hp_gain":0.0,"max_hp_loss":39.0,"gold_gain":0.0,"event_name":"Ghosts","player_choice":"Became a Ghost","floor":28.0,"gold_loss":0.0,"damage_taken":0.0,"cards_obtained":["Ghostly","Ghostly","Ghostly"]},{"cards_removed":["Intimidate"],"damage_healed":0.0,"max_hp_gain":0.0,"max_hp_loss":0.0,"gold_gain":0.0,"event_name":"Falling","player_choice":"Removed Skill","floor":36.0,"gold_loss":0.0,"damage_taken":0.0},{"damage_healed":0.0,"max_hp_gain":0.0,"max_hp_loss":0.0,"gold_gain":0.0,"event_name":"Upgrade Shrine","player_choice":"Upgraded","floor":39.0,"gold_loss":0.0,"damage_taken":0.0,"cards_upgraded":["Pommel Strike"]},{"damage_healed":0.0,"max_hp_gain":0.0,"max_hp_loss":0.0,"gold_gain":0.0,"event_name":"Mysterious Sphere","player_choice":"Fight","floor":46.0,"gold_loss":0.0,"damage_taken":0.0}],"is_beta":false,"boss_relics":[{"not_picked":["Cursed Key","Black Star"],"picked":"Snecko Eye"},{"not_picked":["Philosopher\u0027s Stone","SacredBark"],"picked":"Calling Bell"}],"items_purged_floors":[20,38,54],"is_endless":false,"potions_floor_spawned":[1,5,11,18,25,31,35,37,41,42,44,45,46,48,55],"killed_by":"The Heart","ascension_level":20}}