{"host":"zdahj580pq9zy75i","time":1614014274,"event":{"mods":["AchievementEnabler","BaseMod","Colored Map","Minty Spire (QoL Compilation)","Relic Stats","StSLib"],"gold_per_floor":[111,186,197,197,197,225,225,254,254,272,325,340,340,367,367,442,442,457,382,128,178,189,217,232,232,232],"floor_reached":25,"language":"ENG","playtime":972,"items_purged":[],"score":478,"play_id":"2caf1d9b-d92c-41a2-88b9-d448dc0805e6","local_time":"20210222121754","is_ascension_mode":true,"campfire_choices":[{"data":"Sever Soul","floor":7,"key":"SMITH"},{"data":"Blood for Blood","floor":13,"key":"SMITH"},{"data":"True Grit","floor":15,"key":"SMITH"}],"circlet_count":0,"master_deck":["AscendersBane","Strike_R","Strike_R","Strike_R","Defend_R","Defend_R","Defend_R","Defend_R","Bash","Cleave","Sever Soul+1","Dark Embrace","Brutality","Blood for Blood+1","True Grit+1","Thunderclap","Feed","Flex","Metallicize","Pommel Strike+1","Spot Weakness"],"relics":["Burning Blood","Happy Flower","Kunai","Orichalcum","Eternal Feather","Ancient Tea Set","Mercury Hourglass","Runic Cube","Medical Kit","Pen Nib"],"acts_visited":["Exordium","TheCity"],"potions_floor_usage":[12,16,22,25],"damage_taken":[{"damage":6.0,"enemies":"Jaw Worm","floor":1.0,"turns":6.0},{"damage":0,"enemies":"Small Slimes","floor":3,"turns":3},{"damage":30,"enemies":"Lagavulin","floor":6,"turns":7},{"damage":10,"enemies":"Gremlin Nob","floor":8,"turns":3},{"damage":2,"enemies":"2 Louse","floor":10,"turns":3},{"damage":9,"enemies":"Blue Slaver","floor":12,"turns":2},{"damage":30,"enemies":"Lagavulin","floor":14,"turns":5},{"damage":38,"enemies":"The Guardian","floor":16,"turns":10},{"damage":24,"enemies":"Chosen","floor":18,"turns":5},{"damage":9,"enemies":"3 Byrds","floor":22,"turns":4},{"damage":27,"enemies":"Gremlin Leader","floor":23,"turns":5},{"damage":11,"enemies":"3 Cultists","floor":24,"turns":4},{"damage":22,"enemies":"Book of Stabbing","floor":25,"turns":4}],"seed_played":"1768275034811752962","potions_obtained":[{"floor":8,"key":"AttackPotion"},{"floor":10,"key":"BloodPotion"},{"floor":12,"key":"PowerPotion"},{"floor":16,"key":"SpeedPotion"},{"floor":22,"key":"Dexterity Potion"}],"is_trial":false,"path_per_floor":["M","?","M","?","?","E","R","E","T","M","T","M","R","E","R","B",null,"M","?","$","?","M","E","M","E"],"character_chosen":"IRONCLAD","items_purchased":["Medical Kit","Metallicize"],"campfire_rested":0,"item_purchase_floors":[20,20],"current_hp_per_floor":[68,57,63,63,63,39,39,35,35,39,39,51,60,36,45,13,60,45,45,45,45,45,24,22,0,0],"gold":232,"neow_bonus":"RANDOM_COMMON_RELIC","is_daily":false,"chose_seed":false,"campfire_upgraded":3,"win_rate":0.0,"timestamp":1614014274,"path_taken":["M","?","M","?","?","E","R","E","T","M","?","?","R","E","R","BOSS","M","?","$","?","M","E","M","E"],"items_purchased_type":["Relic","Card"],"build_version":"2020-12-22","purchased_purges":0,"victory":false,"max_hp_per_floor":[75,75,75,75,75,75,75,75,75,75,75,75,75,75,75,75,75,78,78,78,78,81,81,84,84,84],"relic_stats":{"Happy Flower":[20],"counters":[13,60],"Eternal Feather":18,"Pen Nib":[1],"Kunai":[7],"Orichalcum":[138],"Medical Kit":[0],"obtain_stats":[{"Happy Flower":0,"Eternal Feather":9,"Pen Nib":23,"Kunai":6,"Orichalcum":8,"Ancient Tea Set":11,"Medical Kit":20,"Burning Blood":0,"Mercury Hourglass":14,"Runic Cube":17},{"Happy Flower":0,"Eternal Feather":4,"Pen Nib":11,"Kunai":3,"Orichalcum":4,"Ancient Tea Set":5,"Medical Kit":9,"Burning Blood":0,"Mercury Hourglass":7,"Runic Cube":8},{"Happy Flower":0,"Eternal Feather":19,"Pen Nib":53,"Kunai":16,"Orichalcum":19,"Ancient Tea Set":22,"Medical Kit":44,"Burning Blood":0,"Mercury Hourglass":29,"Runic Cube":39}],"Burning Blood":72,"Mercury Hourglass":[151],"Runic Cube":[24]},"card_choices":[{"not_picked":["Anger","Wild Strike"],"picked":"Cleave","floor":1.0},{"not_picked":["Disarm","Iron Wave"],"picked":"Sever Soul","floor":3},{"not_picked":["Heavy Blade","Rage"],"picked":"Brutality","floor":6},{"not_picked":["Iron Wave","Armaments"],"picked":"Blood for Blood","floor":8},{"not_picked":["Warcry","Iron Wave"],"picked":"True Grit","floor":10},{"not_picked":["Heavy Blade","Anger"],"picked":"Thunderclap","floor":12},{"not_picked":["Thunderclap","Headbutt","Iron Wave"],"picked":"SKIP","floor":14},{"not_picked":["Barricade","Juggernaut"],"picked":"Feed","floor":16},{"not_picked":["Wild Strike","Twin Strike"],"picked":"Flex","floor":18},{"not_picked":["Anger","Thunderclap","Iron Wave"],"picked":"SKIP","floor":22},{"not_picked":["Sword Boomerang","Second Wind"],"picked":"Pommel Strike+1","floor":23},{"not_picked":["Sword Boomerang","Infernal Blade"],"picked":"Spot Weakness","floor":24}],"player_experience":793974,"relics_obtained":[{"floor":6,"key":"Kunai"},{"floor":8,"key":"Orichalcum"},{"floor":9,"key":"Eternal Feather"},{"floor":11,"key":"Ancient Tea Set"},{"floor":14,"key":"Mercury Hourglass"},{"floor":23,"key":"Pen Nib"}],"event_choices":[{"damage_healed":0.0,"max_hp_gain":0.0,"max_hp_loss":0.0,"gold_gain":75.0,"event_name":"World of Goop","player_choice":"Gather Gold","floor":2.0,"gold_loss":0.0,"damage_taken":11.0},{"damage_healed":0,"gold_gain":0,"player_choice":"Ignored","damage_taken":0,"max_hp_gain":0,"max_hp_loss":0,"event_name":"Liars Game","floor":4,"gold_loss":0},{"damage_healed":0,"gold_gain":0,"cards_transformed":["Strike_R"],"player_choice":"Change","damage_taken":0,"max_hp_gain":0,"max_hp_loss":0,"event_name":"Living Wall","floor":5,"gold_loss":0,"cards_obtained":["Dark Embrace"]},{"cards_removed":["Strike_R"],"damage_healed":0,"gold_gain":0,"player_choice":"Gave Gold","damage_taken":0,"max_hp_gain":0,"max_hp_loss":0,"event_name":"Beggar","floor":19,"gold_loss":75},{"damage_healed":0,"gold_gain":100,"player_choice":"Bet on Murderer","damage_taken":0,"max_hp_gain":0,"max_hp_loss":0,"event_name":"The Joust","floor":21,"gold_loss":50}],"is_beta":false,"boss_relics":[{"not_picked":["SacredBark","SlaversCollar"],"picked":"Runic Cube"}],"items_purged_floors":[],"is_endless":false,"potions_floor_spawned":[8,10,12,16,22,23],"killed_by":"Book of Stabbing","ascension_level":20}}