{"host":"3n5xmnb54n2y5mb4","time":1614031890,"event":{"mods":["BaseMod","Colored Map","Colored Powertips","Minty Spire (QoL Compilation)","Permanent Neow","StSLib","Unceasing Turn Reminder","everything is the same but u backflip on backflip"],"gold_per_floor":[118,137,137,137,156,156,173,202,228,228,253,223,223,237,237,237,237],"floor_reached":16,"language":"ENG","playtime":515,"items_purged":[],"score":176,"play_id":"e5e9fa6f-9177-4e28-a940-1d115fb899b9","local_time":"20210222171130","is_ascension_mode":true,"campfire_choices":[{"data":"Zap","floor":6,"key":"SMITH"},{"floor":10,"key":"REST"},{"floor":13,"key":"REST"},{"floor":15,"key":"REST"}],"circlet_count":0,"master_deck":["AscendersBane","Strike_B","Strike_B","Strike_B","Strike_B","Defend_B","Defend_B","Defend_B","Defend_B","Zap+1","Dualcast","Jack Of All Trades","Rebound","Leap","Chaos","Loop","Gash","Streamline"],"relics":["Cracked Core","Juzu Bracelet","Smiling Mask","MealTicket","Matryoshka"],"acts_visited":["Exordium"],"potions_floor_usage":[8,11,16,16],"damage_taken":[{"damage":1,"enemies":"Cultist","floor":1,"turns":3},{"damage":7,"enemies":"Small Slimes","floor":2,"turns":4},{"damage":7,"enemies":"Jaw Worm","floor":5,"turns":2},{"damage":4,"enemies":"Red Slaver","floor":7,"turns":3},{"damage":46,"enemies":"Gremlin Nob","floor":8,"turns":5},{"damage":27,"enemies":"3 Sentries","floor":11,"turns":7},{"damage":11,"enemies":"3 Louse","floor":14,"turns":3},{"damage":46,"enemies":"Slime Boss","floor":16,"turns":10}],"seed_played":"-3078749422365771800","potions_obtained":[{"floor":7,"key":"Swift Potion"},{"floor":8,"key":"Explosive Potion"},{"floor":12,"key":"LiquidMemories"},{"floor":12,"key":"DistilledChaos"}],"is_trial":false,"path_per_floor":["M","M","?","?","M","R","M","E","T","R","E","?","R","M","R","B"],"character_chosen":"DEFECT","items_purchased":[],"campfire_rested":3,"item_purchase_floors":[],"current_hp_per_floor":[67,60,60,65,58,58,54,8,8,32,5,5,29,18,42,0,0],"gold":237,"neow_bonus":"RANDOM_COLORLESS","is_daily":false,"chose_seed":false,"campfire_upgraded":1,"win_rate":0.0,"timestamp":1614031890,"path_taken":["M","?","?","?","M","R","M","E","T","R","E","?","R","M","R","BOSS"],"items_purchased_type":[],"build_version":"2020-12-22","purchased_purges":0,"victory":false,"max_hp_per_floor":[75,75,75,80,80,80,80,80,80,80,80,80,80,80,80,80,80],"card_choices":[{"not_picked":["Blind","Panacea"],"picked":"Jack Of All Trades","floor":0},{"not_picked":["Reprogram","Aggregate"],"picked":"Rebound","floor":1},{"not_picked":["Rebound","Cold Snap"],"picked":"Leap","floor":2},{"not_picked":["Recycle","Rebound"],"picked":"Chaos","floor":5},{"not_picked":["Steam Power","Conserve Battery"],"picked":"Loop","floor":7},{"not_picked":["Steam","Sunder"],"picked":"Gash","floor":8},{"not_picked":["Lockon","Reprogram","Steam"],"picked":"SKIP","floor":11},{"not_picked":["Stack","Fusion"],"picked":"Streamline","floor":14}],"player_experience":1004622,"relics_obtained":[{"floor":3,"key":"Juzu Bracelet"},{"floor":8,"key":"Smiling Mask"},{"floor":9,"key":"MealTicket"},{"floor":11,"key":"Matryoshka"}],"event_choices":[{"damage_healed":0,"gold_gain":0,"player_choice":"Relic","damage_taken":0,"max_hp_gain":0,"max_hp_loss":0,"event_name":"Wheel of Change","floor":3,"gold_loss":0},{"damage_healed":0,"gold_gain":0,"player_choice":"Donut","damage_taken":0,"max_hp_gain":5,"max_hp_loss":0,"event_name":"Big Fish","floor":4,"gold_loss":0},{"damage_healed":0,"gold_gain":0,"player_choice":"Bought 2 Potions","damage_taken":0,"max_hp_gain":0,"max_hp_loss":0,"event_name":"The Woman in Blue","floor":12,"gold_loss":0}],"is_beta":false,"boss_relics":[],"items_purged_floors":[],"is_endless":false,"potions_floor_spawned":[7,8,14],"killed_by":"Slime Boss","ascension_level":12}}