{"host":"43wsnxh97mgjl5zw","time":1614024350,"event":{"mods":["Aspiration","BaseMod","Colored Map","Colored Powertips","Conspire","Downfall","Halation","Hubris","Minty Spire (QoL Compilation)","Quick Restart","Rare Cards Sparkle","Relic Sorter","Reliquary","Replay The Spire","StSLib"],"gold_per_floor":[111,111,52,52,62,62,62,62,141,141,141,171,171,181,181,181,181],"floor_reached":16,"language":"ENG","playtime":857,"items_purged":[],"score":292,"play_id":"5b2fccac-a94b-46a7-825b-f14e156a9c53","local_time":"20210222220550","is_ascension_mode":true,"campfire_choices":[{"data":"Demon Form","floor":6,"key":"SMITH"},{"data":"Bash","floor":8,"key":"SMITH"},{"data":"Flex","floor":11,"key":"SMITH"},{"floor":15,"key":"DIG"}],"circlet_count":0,"master_deck":["AscendersBane","conspire:GhostlyStrike","conspire:GhostlyStrike","conspire:GhostlyStrike","conspire:GhostlyStrike","conspire:GhostlyDefend","conspire:GhostlyDefend","conspire:GhostlyDefend+1","conspire:GhostlyDefend+1","Bash+1","Flex+1","Demon Form+1","Cleave+1","Headbutt","Self Repair+1","Iron Wave","Sword Boomerang"],"relics":["NeowsBlessing","StrikeDummy","Iron Core","reliquary:SharkskinSheath","hubris:SlimyHat"],"acts_visited":["Exordium"],"potions_floor_usage":[],"damage_taken":[{"damage":0,"enemies":"Jaw Worm","floor":1,"turns":1},{"damage":0,"enemies":"Small Slimes","floor":5,"turns":1},{"damage":0,"enemies":"3 Sentries","floor":12,"turns":1},{"damage":6,"enemies":"2 Louse","floor":14,"turns":4},{"damage":59,"enemies":"The Guardian","floor":16,"turns":4}],"seed_played":"1013742569611543627","potions_obtained":[{"floor":5,"key":"Elixir"}],"is_trial":false,"path_per_floor":["M","?","$","?","M","R","?","R","T","?","R","E","?","M","R_BF","B"],"character_chosen":"IRONCLAD","items_purchased":["Cleave"],"campfire_rested":0,"item_purchase_floors":[3],"current_hp_per_floor":[74,74,74,74,75,75,75,75,75,75,75,75,52,56,56,0,0],"gold":181,"neow_bonus":"THREE_ENEMY_KILL","is_daily":false,"chose_seed":false,"campfire_upgraded":3,"win_rate":0.0,"timestamp":1614024350,"path_taken":["M","?","$","?","M","R","?","R","T","?","R","E","?","?","R_BF","BOSS"],"items_purchased_type":["Card"],"build_version":"2020-12-22","purchased_purges":0,"victory":false,"max_hp_per_floor":[75,75,75,75,75,75,75,75,75,75,75,75,75,75,75,75,75],"card_choices":[{"not_picked":["hubris:ReadiedAction","hubris:SharpeningStone"],"picked":"Flex","floor":1},{"not_picked":["Wild Strike","Anger"],"picked":"Headbutt","floor":5},{"not_picked":["Havoc","ReplayTheSpireMod:Corrosion Curse"],"picked":"Iron Wave","floor":12},{"not_picked":["Clash","Beam Cell"],"picked":"Sword Boomerang","floor":14}],"player_experience":1278395,"relics_obtained":[{"floor":9,"key":"StrikeDummy"},{"floor":12,"key":"reliquary:SharkskinSheath"},{"floor":15,"key":"hubris:SlimyHat"}],"event_choices":[{"damage_healed":0,"gold_gain":0,"cards_transformed":["Strike_R"],"player_choice":"Change","damage_taken":0,"max_hp_gain":0,"max_hp_loss":0,"event_name":"Living Wall","floor":2,"gold_loss":0,"cards_obtained":["Demon Form"]},{"damage_healed":0,"gold_gain":0,"player_choice":"Agree","damage_taken":0,"max_hp_gain":0,"max_hp_loss":0,"event_name":"conspire:LoneGhost","floor":7,"gold_loss":0},{"damage_healed":0,"gold_gain":0,"player_choice":"Entered Light","damage_taken":23,"max_hp_gain":0,"max_hp_loss":0,"event_name":"Shining Light","floor":13,"gold_loss":0,"cards_upgraded":["conspire:GhostlyDefend","Cleave"]}],"is_beta":false,"boss_relics":[],"items_purged_floors":[],"is_endless":false,"potions_floor_spawned":[5],"killed_by":"The Guardian","ascension_level":20}}