{"host":"s41rn2jhghpwfrvz","time":1614028513,"event":{"mods":["BaseMod","Minty Spire (QoL Compilation)","Quick Restart","Relic Stats","SuperFastMode"],"gold_per_floor":[119,119,119,142,67,100,100,140,140,183,206,245,5,25,25,119,119,138,161,211,224,249,249,293,293,293,327,327,366,636,670,670,763,763,778,797,533,552,571,606,137,181,181,220,565,595,619,660,672,684,696,708,720,124,149,149],"floor_reached":57,"language":"ENG","playtime":1699,"items_purged":["Dagger Spray","Combust","Fire Breathing"],"score":4081,"play_id":"36a7c660-313e-43b9-a433-f185ac511db3","local_time":"20210222231513","daily_mods":["SealedDeck","Diverse","Elite Swarm"],"is_ascension_mode":true,"campfire_choices":[{"data":"Whirlwind","floor":7,"key":"SMITH"},{"data":"1","floor":15,"key":"LIFT"},{"data":"2","floor":23,"key":"LIFT"},{"data":"3","floor":25,"key":"LIFT"},{"data":"Prostrate","floor":32,"key":"SMITH"},{"floor":49,"key":"RECALL"},{"data":"TalkToTheHand","floor":53,"key":"SMITH"}],"circlet_count":0,"master_deck":["AscendersBane","Acrobatics","Prepared","Sanctity","Prostrate+1","Quick Slash","Whirlwind+1","Adrenaline","Berserk","Adrenaline","Core Surge","Scrawl","Core Surge","TalkToTheHand+1","Finesse","DeusExMachina"],"relics":["Burning Blood","Turnip","Mercury Hourglass","Girya","FossilizedHelix","Anchor","Medical Kit","SacredBark","Lantern","Calipers","Incense Burner","Omamori","Runic Cube","OrangePellets","Boot","TheAbacus","Vajra","Dream Catcher","Blue Candle","MawBank","Champion Belt","Oddly Smooth Stone","Chemical X","Akabeko","Lizard Tail"],"acts_visited":["Exordium","TheCity","TheBeyond","TheEnding"],"potions_floor_usage":[12,24,40,56,56],"damage_taken":[{"damage":10,"enemies":"Jaw Worm","floor":1,"turns":4},{"damage":5,"enemies":"2 Louse","floor":4,"turns":2},{"damage":0,"enemies":"Lagavulin","floor":6,"turns":4},{"damage":10,"enemies":"3 Sentries","floor":8,"turns":2},{"damage":3,"enemies":"Lagavulin","floor":10,"turns":4},{"damage":0,"enemies":"Cultist","floor":11,"turns":2},{"damage":0,"enemies":"Gremlin Nob","floor":12,"turns":3},{"damage":0,"enemies":"Blue Slaver","floor":14,"turns":3},{"damage":0,"enemies":"The Guardian","floor":16,"turns":5},{"damage":0,"enemies":"Shell Parasite","floor":18,"turns":2},{"damage":0,"enemies":"Chosen","floor":19,"turns":3},{"damage":11,"enemies":"Snecko","floor":21,"turns":4},{"damage":20,"enemies":"Shelled Parasite and Fungi","floor":22,"turns":3},{"damage":0,"enemies":"Book of Stabbing","floor":24,"turns":4},{"damage":0,"enemies":"Gremlin Leader","floor":27,"turns":3},{"damage":0,"enemies":"Book of Stabbing","floor":29,"turns":2},{"damage":0,"enemies":"Gremlin Leader","floor":31,"turns":3},{"damage":0,"enemies":"Automaton","floor":33,"turns":2},{"damage":0,"enemies":"3 Shapes","floor":35,"turns":2},{"damage":0,"enemies":"3 Darklings","floor":36,"turns":1},{"damage":0,"enemies":"Spire Growth","floor":38,"turns":2},{"damage":0,"enemies":"Transient","floor":39,"turns":6},{"damage":0,"enemies":"Nemesis","floor":40,"turns":3},{"damage":0,"enemies":"Reptomancer","floor":42,"turns":2},{"damage":0,"enemies":"Giant Head","floor":44,"turns":2},{"damage":0,"enemies":"3 Darklings","floor":46,"turns":1},{"damage":0,"enemies":"Maw","floor":47,"turns":2},{"damage":0,"enemies":"Reptomancer","floor":48,"turns":2},{"damage":0,"enemies":"Time Eater","floor":50,"turns":4},{"damage":0,"enemies":"Awakened One","floor":51,"turns":6},{"damage":0,"enemies":"Shield and Spear","floor":55,"turns":1},{"damage":0,"enemies":"The Heart","floor":56,"turns":5}],"seed_played":"-1962650483663102305","potions_obtained":[{"floor":6,"key":"BloodPotion"},{"floor":11,"key":"SteroidPotion"},{"floor":14,"key":"LiquidBronze"},{"floor":24,"key":"Swift Potion"},{"floor":33,"key":"SpeedPotion"},{"floor":47,"key":"Block Potion"}],"is_trial":true,"path_per_floor":["M","?","?","M","?","E","R","E","T","E","M","E","$","M","R","B",null,"M","M","?","M","M","R","E","R","T","E","?","E","?","E","R","B",null,"M","M","$","M","M","E","$","E","T","E","?","M","M","E","R","B","B",null,"R","$","E","B",null],"character_chosen":"IRONCLAD","items_purchased":["Medical Kit","OrangePellets","TheAbacus","Vajra","Oddly Smooth Stone","Chemical X","Akabeko","Finesse"],"campfire_rested":0,"item_purchase_floors":[13,37,41,41,54,54,54,54],"current_hp_per_floor":[64,38,43,44,44,50,50,46,46,49,55,61,61,67,67,73,78,80,80,72,67,53,53,80,80,80,80,57,63,36,42,42,48,76,82,85,85,85,85,85,85,85,85,85,85,85,85,85,85,85,85,85,85,85,85,85],"gold":149,"neow_bonus":"","is_daily":false,"chose_seed":false,"campfire_upgraded":3,"win_rate":0.0,"timestamp":1614028513,"path_taken":["M","?","?","M","?","E","R","E","T","E","M","E","$","M","R","BOSS","M","M","?","M","?","R","E","R","T","E","?","E","?","E","R","BOSS","M","M","$","M","?","E","$","E","T","E","?","M","M","E","R","BOSS","BOSS","R","$","E","BOSS"],"items_purchased_type":["Relic","Relic","Relic","Relic","Relic","Relic","Relic","Card"],"build_version":"2020-12-22","purchased_purges":3,"victory":true,"max_hp_per_floor":[75,75,80,80,80,80,80,80,80,80,80,80,80,80,80,80,80,80,80,80,80,80,80,80,80,80,80,85,85,85,85,85,85,85,85,85,85,85,85,85,85,85,85,85,85,85,85,85,85,85,85,85,85,85,85,85],"relic_stats":{"counters":[32,94],"Blue Candle":[0],"Medical Kit":[7],"Boot":[0],"MawBank":120,"Burning Blood":101,"Mercury Hourglass":[325],"OrangePellets":[11],"Dream Catcher":0,"Lizard Tail":0,"TheAbacus":[438],"Turnip":[11],"Champion Belt":[0],"Chemical X":[6],"obtain_stats":[{"Lantern":24,"Calipers":27,"SacredBark":17,"Vajra":41,"Incense Burner":29,"Boot":40,"Burning Blood":0,"Dream Catcher":42,"Lizard Tail":55,"TheAbacus":41,"Chemical X":54,"Runic Cube":34,"Girya":9,"Golden Idol":2,"Blue Candle":43,"Oddly Smooth Stone":54,"Omamori":31,"Medical Kit":13,"MawBank":44,"Akabeko":54,"Mercury Hourglass":8,"OrangePellets":37,"Anchor":12,"Turnip":6,"Champion Belt":48,"FossilizedHelix":10},{"Lantern":14,"Calipers":15,"SacredBark":9,"Vajra":23,"Incense Burner":16,"Boot":23,"Burning Blood":0,"Dream Catcher":24,"Lizard Tail":31,"TheAbacus":23,"Chemical X":30,"Runic Cube":18,"Girya":4,"Golden Idol":1,"Blue Candle":24,"Oddly Smooth Stone":30,"Omamori":17,"Medical Kit":7,"MawBank":25,"Akabeko":30,"Mercury Hourglass":4,"OrangePellets":20,"Anchor":7,"Turnip":3,"Champion Belt":28,"FossilizedHelix":5},{"Lantern":45,"Calipers":48,"SacredBark":29,"Vajra":69,"Incense Burner":50,"Boot":69,"Burning Blood":0,"Dream Catcher":71,"Lizard Tail":89,"TheAbacus":69,"Chemical X":88,"Runic Cube":55,"Girya":12,"Golden Idol":4,"Blue Candle":71,"Oddly Smooth Stone":88,"Omamori":53,"Medical Kit":21,"MawBank":73,"Akabeko":88,"Mercury Hourglass":12,"OrangePellets":58,"Anchor":21,"Turnip":10,"Champion Belt":78,"FossilizedHelix":16}],"Runic Cube":[0]},"card_choices":[{"not_picked":["JustLucky","Headbutt","White Noise"],"picked":"SKIP","floor":1},{"not_picked":["Redo","Steam","Coolheaded"],"picked":"SKIP","floor":4},{"not_picked":["Core Surge","Vault"],"picked":"Adrenaline","floor":6},{"not_picked":["Hyperbeam","Wraith Form v2","Bludgeon"],"picked":"SKIP","floor":8},{"not_picked":["Devotion","Wraith Form v2","Thunder Strike"],"picked":"SKIP","floor":10},{"not_picked":["Dagger Spray","Beam Cell","Perfected Strike"],"picked":"SKIP","floor":11},{"not_picked":["Devotion","Tools of the Trade","Reaper"],"picked":"SKIP","floor":12},{"not_picked":["CrushJoints","Dodge and Roll","Loop"],"picked":"SKIP","floor":14},{"not_picked":["Fiend Fire","Juggernaut"],"picked":"Berserk","floor":16},{"not_picked":["Cleave","Leap","Heatsinks"],"picked":"SKIP","floor":18},{"not_picked":["Cold Snap+1","FlyingSleeves","Cleave"],"picked":"SKIP","floor":19},{"not_picked":["Shrug It Off+1","Redo","Undo+1"],"picked":"SKIP","floor":21},{"not_picked":["Lockon","Tantrum","Iron Wave"],"picked":"SKIP","floor":22},{"not_picked":["Double Tap","ConjureBlade"],"picked":"Adrenaline","floor":24},{"not_picked":["Envenom","Creative AI"],"picked":"Core Surge","floor":27},{"not_picked":["Meteor Strike","Thunder Strike","Feed"],"picked":"SKIP","floor":29},{"not_picked":["Barricade","Berserk"],"picked":"Scrawl","floor":31},{"not_picked":["Burst","Creative AI"],"picked":"Core Surge","floor":33},{"not_picked":["Sweeping Beam","Turbo"],"picked":"TalkToTheHand","floor":35},{"not_picked":["Fusion","FlyingSleeves+1","Stack"],"picked":"SKIP","floor":36},{"not_picked":["Cleave","Dagger Spray","Twin Strike"],"picked":"SKIP","floor":38},{"not_picked":["Cloak And Dagger+1","Dual Wield","Conclude"],"picked":"SKIP","floor":39},{"not_picked":["Doppelganger","Bludgeon","Corpse Explosion"],"picked":"SKIP","floor":40},{"not_picked":["Impervious","Glass Knife","Corpse Explosion"],"picked":"SKIP","floor":42},{"not_picked":["Tools of the Trade","Amplify","Fission"],"picked":"SKIP","floor":44},{"not_picked":["Heatsinks","Self Repair","EmptyFist+1"],"picked":"SKIP","floor":46},{"not_picked":["Chill","Expertise","PathToVictory"],"picked":"SKIP","floor":47},{"not_picked":["Amplify","Brutality","Establishment"],"picked":"SKIP","floor":48},{"not_picked":["Doppelganger","Alpha"],"picked":"DeusExMachina","floor":55}],"player_experience":1993448,"relics_obtained":[{"floor":6,"key":"Turnip"},{"floor":8,"key":"Mercury Hourglass"},{"floor":9,"key":"Girya"},{"floor":10,"key":"FossilizedHelix"},{"floor":12,"key":"Anchor"},{"floor":24,"key":"Lantern"},{"floor":27,"key":"Calipers"},{"floor":29,"key":"Incense Burner"},{"floor":31,"key":"Omamori"},{"floor":40,"key":"Boot"},{"floor":42,"key":"Dream Catcher"},{"floor":43,"key":"Blue Candle"},{"floor":44,"key":"MawBank"},{"floor":48,"key":"Champion Belt"},{"floor":55,"key":"Lizard Tail"}],"event_choices":[{"damage_healed":0,"gold_gain":0,"player_choice":"Take Damage","damage_taken":26,"relics_obtained":["Golden Idol"],"max_hp_gain":0,"max_hp_loss":0,"event_name":"Golden Idol","floor":2,"gold_loss":0},{"damage_healed":0,"gold_gain":0,"player_choice":"Donut","damage_taken":0,"max_hp_gain":5,"max_hp_loss":0,"event_name":"Big Fish","floor":3,"gold_loss":0},{"cards_removed":["Metallicize"],"damage_healed":0,"gold_gain":0,"player_choice":"Card Removal","damage_taken":0,"max_hp_gain":0,"max_hp_loss":0,"event_name":"The Cleric","floor":5,"gold_loss":75},{"damage_healed":0,"gold_gain":50,"player_choice":"Touch","damage_taken":8,"max_hp_gain":0,"max_hp_loss":0,"event_name":"FaceTrader","floor":20,"gold_loss":0},{"damage_healed":0,"gold_gain":0,"player_choice":"Shed Blood","damage_taken":28,"max_hp_gain":5,"max_hp_loss":0,"event_name":"Forgotten Altar","floor":28,"gold_loss":0},{"damage_healed":0,"gold_gain":270,"player_choice":"GOLD GOLD GOLD ","damage_taken":27,"max_hp_gain":0,"max_hp_loss":0,"event_name":"Knowing Skull","floor":30,"potions_obtained":[],"gold_loss":0,"cards_obtained":[]},{"damage_healed":0,"gold_gain":333,"player_choice":"Gave Idol","damage_taken":0,"max_hp_gain":0,"max_hp_loss":0,"event_name":"The Moai Head","floor":45,"relics_lost":["Golden Idol"],"gold_loss":0}],"is_beta":false,"boss_relics":[{"not_picked":["Ectoplasm","Black Blood"],"picked":"SacredBark"},{"not_picked":["SlaversCollar","Velvet Choker"],"picked":"Runic Cube"}],"items_purged_floors":[13,37,41],"is_endless":false,"potions_floor_spawned":[6,11,14,21,24,27,29,33,36,38,39,47,48],"ascension_level":20}}