{"host":"r4yhuzs0e1z69tr3","time":1614007711,"event":{"mods":["BaseMod","Minty Spire (QoL Compilation)","Rare Cards Sparkle"],"gold_per_floor":[119,119,133,64,84,115,115,128,177,177,206,32,57,72,72,172,172,188,188,188,188,11,11,29,42,42,42,67,67,87,101,101,205,205,220,220,233,248,26,55,71,71,71,100,100,100,0,13,13,13],"floor_reached":51,"language":"ENG","playtime":2364,"items_purged":[],"score":970,"play_id":"ae4d4fb2-baf8-42cb-a4e6-2441b6a810ae","local_time":"20210222102831","is_ascension_mode":true,"campfire_choices":[{"data":"Body Slam","floor":7,"key":"SMITH"},{"data":"Bash","floor":10,"key":"SMITH"},{"data":"Pummel","floor":15,"key":"SMITH"},{"data":"Pommel Strike","floor":23,"key":"SMITH"},{"floor":29,"key":"REST"},{"data":"Uppercut","floor":32,"key":"SMITH"},{"data":"Inflame","floor":42,"key":"SMITH"},{"floor":49,"key":"REST"}],"circlet_count":0,"master_deck":["Strike_R","Strike_R","Strike_R+1","Strike_R+1","Strike_R","Defend_R","Defend_R","Defend_R+1","Defend_R+1","Bash+1","Clothesline","Body Slam+1","Shrug It Off+1","Pommel Strike+1","Clothesline","Flex+1","Pummel+1","Exhume+1","Clash","Armaments+1","Clumsy","Shrug It Off+1","Infernal Blade+1","Uppercut+1","Limit Break+1","CurseOfTheBell","Doubt","Shockwave+1","Inflame+1","Infernal Blade+1","Writhe","Barricade","Bandage Up+1","Writhe"],"relics":["Busted Crown","Toxic Egg 2","MealTicket","Akabeko","Bag of Preparation","War Paint","Question Card","Cursed Key","Gremlin Horn","Toy Ornithopter","Blue Candle","MutagenicStrength","Oddly Smooth Stone","Calling Bell","Red Skull","Pantograph","Thread and Needle","Anchor","Art of War","Bronze Scales","Whetstone","Red Mask"],"acts_visited":["Exordium","TheCity","TheBeyond"],"potions_floor_usage":[11,16,33,48,48],"damage_taken":[{"damage":2,"enemies":"2 Louse","floor":1,"turns":2},{"damage":0,"enemies":"Cultist","floor":3,"turns":2},{"damage":0,"enemies":"Small Slimes","floor":5,"turns":3},{"damage":29,"enemies":"3 Sentries","floor":6,"turns":10},{"damage":1,"enemies":"2 Fungi Beasts","floor":8,"turns":3},{"damage":0,"enemies":"Gremlin Nob","floor":11,"turns":3},{"damage":5,"enemies":"Lagavulin","floor":13,"turns":3},{"damage":0,"enemies":"Blue Slaver","floor":14,"turns":1},{"damage":6,"enemies":"The Guardian","floor":16,"turns":6},{"damage":0,"enemies":"2 Thieves","floor":18,"turns":2},{"damage":0,"enemies":"3 Byrds","floor":24,"turns":4},{"damage":1,"enemies":"Centurion and Healer","floor":25,"turns":2},{"damage":43,"enemies":"Book of Stabbing","floor":28,"turns":6},{"damage":4,"enemies":"Snake Plant","floor":30,"turns":4},{"damage":0,"enemies":"Shelled Parasite and Fungi","floor":31,"turns":2},{"damage":33,"enemies":"Champ","floor":33,"turns":13},{"damage":2,"enemies":"3 Darklings","floor":35,"turns":4},{"damage":5,"enemies":"Orb Walker","floor":37,"turns":2},{"damage":8,"enemies":"Spire Growth","floor":38,"turns":3},{"damage":34,"enemies":"Reptomancer","floor":40,"turns":5},{"damage":3,"enemies":"Writhing Mass","floor":41,"turns":4},{"damage":3,"enemies":"Giant Head","floor":44,"turns":5},{"damage":66,"enemies":"Transient","floor":48,"turns":5},{"damage":59,"enemies":"Time Eater","floor":50,"turns":12}],"seed_played":"7210909469986820217","potions_obtained":[{"floor":6,"key":"SteroidPotion"},{"floor":8,"key":"Block Potion"},{"floor":11,"key":"Regen Potion"},{"floor":18,"key":"Regen Potion"},{"floor":25,"key":"ColorlessPotion"},{"floor":38,"key":"Energy Potion"},{"floor":48,"key":"Energy Potion"}],"is_trial":false,"path_per_floor":["M","?","M","$","M","E","R","M","T","R","E","$","E","M","R","B",null,"M","T","?","?","$","R","M","M","T","?","E","R","M","M","R","B",null,"M","?","M","M","$","E","M","R","T","E","?","?","?","M","R","B",null],"character_chosen":"IRONCLAD","items_purchased":["Body Slam","Shrug It Off+1","Flex+1","War Paint","Toy Ornithopter","Armaments+1","Inflame","Anchor"],"campfire_rested":2,"item_purchase_floors":[4,4,12,12,22,22,39,39],"current_hp_per_floor":[78,78,78,78,78,49,49,48,48,48,48,63,58,58,58,52,80,80,80,80,80,80,80,80,79,79,79,36,60,56,56,56,28,80,78,77,72,64,77,43,40,40,40,37,37,56,56,30,53,24],"gold":13,"neow_bonus":"BOSS_RELIC","is_daily":false,"chose_seed":false,"campfire_upgraded":6,"win_rate":0.0,"timestamp":1614007711,"path_taken":["M","?","M","$","M","E","R","?","T","R","E","?","E","M","R","BOSS","M","?","?","?","$","R","M","M","T","?","E","R","M","M","R","BOSS","M","?","M","?","$","E","M","R","T","E","?","?","?","?","R","BOSS"],"items_purchased_type":["Card","Card","Card","Relic","Relic","Card","Card","Relic"],"build_version":"2020-12-22","purchased_purges":0,"victory":true,"max_hp_per_floor":[80,80,80,80,80,80,80,80,80,80,80,80,80,80,80,80,80,80,80,80,80,80,80,80,80,80,80,80,80,80,80,80,80,80,80,77,77,77,77,77,77,77,77,77,77,77,77,77,77,77],"card_choices":[{"not_picked":[],"picked":"Clothesline","floor":1},{"not_picked":["Dark Embrace"],"picked":"SKIP","floor":3},{"not_picked":["Rupture"],"picked":"SKIP","floor":5},{"not_picked":[],"picked":"Pommel Strike","floor":6},{"not_picked":["Anger"],"picked":"SKIP","floor":8},{"not_picked":[],"picked":"Clothesline","floor":11},{"not_picked":[],"picked":"Pummel","floor":13},{"not_picked":["Iron Wave","Clothesline"],"picked":"SKIP","floor":14},{"not_picked":["Berserk"],"picked":"Exhume+1","floor":16},{"not_picked":["Blood for Blood"],"picked":"Clash","floor":18},{"not_picked":["Dropkick","Reckless Charge"],"picked":"SKIP","floor":24},{"not_picked":["Warcry+1","Dropkick"],"picked":"SKIP","floor":25},{"not_picked":["Intimidate+1"],"picked":"Shrug It Off+1","floor":28},{"not_picked":["Clash+1"],"picked":"Infernal Blade+1","floor":30},{"not_picked":["Clash"],"picked":"Uppercut","floor":31},{"not_picked":["Corruption"],"picked":"Limit Break+1","floor":33},{"not_picked":["Clash+1","Body Slam+1"],"picked":"SKIP","floor":35},{"not_picked":["Warcry+1","Cleave+1"],"picked":"SKIP","floor":37},{"not_picked":["Metallicize"],"picked":"Shockwave+1","floor":38},{"not_picked":["Dark Embrace"],"picked":"Infernal Blade+1","floor":40},{"not_picked":["True Grit+1","Pommel Strike"],"picked":"SKIP","floor":41},{"not_picked":["Cleave+1"],"picked":"Barricade","floor":44},{"not_picked":["Dark Shackles+1"],"picked":"Bandage Up+1","floor":45},{"not_picked":["Cleave+1","Iron Wave"],"picked":"SKIP","floor":48}],"player_experience":153089,"relics_obtained":[{"floor":2,"key":"Toxic Egg 2"},{"floor":6,"key":"MealTicket"},{"floor":9,"key":"Akabeko"},{"floor":11,"key":"Bag of Preparation"},{"floor":13,"key":"Question Card"},{"floor":19,"key":"Gremlin Horn"},{"floor":26,"key":"Blue Candle"},{"floor":28,"key":"Oddly Smooth Stone"},{"floor":34,"key":"Red Skull"},{"floor":34,"key":"Pantograph"},{"floor":34,"key":"Thread and Needle"},{"floor":40,"key":"Art of War"},{"floor":43,"key":"Bronze Scales"},{"floor":44,"key":"Whetstone"}],"event_choices":[{"damage_healed":0,"gold_gain":0,"player_choice":"Relic","damage_taken":0,"max_hp_gain":0,"max_hp_loss":0,"event_name":"Wheel of Change","floor":2,"gold_loss":0},{"damage_healed":0,"gold_gain":0,"player_choice":"Ignored","damage_taken":0,"max_hp_gain":0,"max_hp_loss":0,"event_name":"Cursed Tome","floor":20,"gold_loss":0},{"damage_healed":0,"gold_gain":0,"player_choice":"Ignored","damage_taken":0,"max_hp_gain":0,"max_hp_loss":0,"event_name":"Ghosts","floor":21,"gold_loss":0},{"damage_healed":0,"gold_gain":0,"player_choice":"Inject Mutagens","damage_taken":0,"relics_obtained":["MutagenicStrength"],"max_hp_gain":0,"max_hp_loss":0,"event_name":"Drug Dealer","floor":27,"gold_loss":0},{"damage_healed":0,"gold_gain":0,"cards_transformed":["Parasite"],"player_choice":"Transformed","damage_taken":0,"max_hp_gain":0,"max_hp_loss":0,"event_name":"Transmorgrifier","floor":36,"gold_loss":0,"cards_obtained":["Doubt"]},{"damage_healed":0,"gold_gain":0,"player_choice":"Memory 1","damage_taken":0,"max_hp_gain":0,"max_hp_loss":0,"event_name":"SensoryStone","floor":45,"gold_loss":0},{"damage_healed":19,"gold_gain":0,"player_choice":"Writhe","damage_taken":0,"max_hp_gain":0,"max_hp_loss":0,"event_name":"Winding Halls","floor":46,"gold_loss":0,"cards_obtained":["Writhe"]},{"damage_healed":0,"gold_gain":0,"player_choice":"Paid","damage_taken":0,"relics_obtained":["Red Mask"],"max_hp_gain":0,"max_hp_loss":0,"event_name":"Tomb of Lord Red Mask","floor":47,"gold_loss":100}],"is_beta":false,"boss_relics":[{"not_picked":["Tiny House","Velvet Choker"],"picked":"Cursed Key"},{"not_picked":["SlaversCollar","Pandora\u0027s Box"],"picked":"Calling Bell"}],"items_purged_floors":[],"is_endless":false,"potions_floor_spawned":[6,8,11,18,25,30,31,38,40,41,48],"ascension_level":2}}