{"host":"d57r1g6l9rdx1vko","time":1614019181,"event":{"mods":["AchievementEnabler","BaseMod","Colored Map","Colored Powertips","GifTheSpireLib","Minty Spire (QoL Compilation)","Replay The Spire","StSLib"],"gold_per_floor":[115,133,147,147,161,161,188,206,206,206,230,230,250,250,250,263,263,366,366,378,378,389,389,402,432,432,432],"floor_reached":26,"language":"ZHS","playtime":1718,"items_purged":[],"score":230,"play_id":"f65e7090-6c5d-4fb4-b81a-e77fd267d49f","local_time":"20210223023941","is_ascension_mode":false,"campfire_choices":[{"data":"Seek","floor":6,"key":"SMITH"},{"data":"Gash","floor":15,"key":"SMITH"}],"circlet_count":0,"master_deck":["Strike_B","Strike_B","Strike_B","Strike_B+1","Defend_B","Defend_B","Defend_B","Defend_B+1","Chill+1","Scrape","Steam","Seek+1","Gash+1","Beam Cell+1","Stack","Fission","Rebound","ReplayGash","Cold Snap","Hello World+1","Panic Button"],"relics":["Nuclear Battery","Pen Nib","Simple Rune","Omamori","Empty Cage","MealTicket"],"acts_visited":["Exordium","TheCity"],"potions_floor_usage":[25,25],"damage_taken":[{"damage":0,"enemies":"Cultist","floor":1,"turns":4},{"damage":8,"enemies":"Jaw Worm","floor":2,"turns":5},{"damage":1,"enemies":"Small Slimes","floor":3,"turns":4},{"damage":0,"enemies":"2 Fungi Beasts","floor":5,"turns":4},{"damage":11,"enemies":"Lagavulin","floor":7,"turns":6},{"damage":0,"enemies":"Large Slime","floor":8,"turns":6},{"damage":1,"enemies":"Exordium Thugs","floor":13,"turns":6},{"damage":0,"enemies":"Gremlin Gang","floor":16,"turns":4},{"damage":18,"enemies":"The Guardian","floor":18,"turns":12},{"damage":7,"enemies":"2 Thieves","floor":20,"turns":4},{"damage":14,"enemies":"Shell Parasite","floor":22,"turns":5},{"damage":25,"enemies":"Snake Plant","floor":24,"turns":4},{"damage":10,"enemies":"Book of Stabbing","floor":25,"turns":7},{"damage":20,"enemies":"Chosen and Byrds","floor":26,"turns":6}],"seed_played":"2078913515973753794","potions_obtained":[{"floor":1,"key":"Venom Potion"},{"floor":5,"key":"PowerPotion"},{"floor":13,"key":"LiquidBronze"},{"floor":16,"key":"Dexterity Potion"},{"floor":18,"key":"EssenceOfSteel"},{"floor":25,"key":"Adrenaline Potion"}],"is_trial":false,"path_per_floor":["M","M","M","$","M","R","E","M","PTL","PTL","T","?","M","?","R","M","R_BF","B",null,"M","?","M","?","M","E","M"],"character_chosen":"DEFECT","items_purchased":[],"campfire_rested":0,"item_purchase_floors":[],"current_hp_per_floor":[75,67,66,66,66,66,55,55,55,55,55,52,51,51,51,51,73,55,75,68,68,54,54,29,19,0,0],"gold":432,"neow_bonus":"BOSS_RELIC","is_daily":false,"chose_seed":false,"campfire_upgraded":2,"win_rate":0.0,"timestamp":1614019181,"path_taken":["M","M","M","$","?","R","E","M","PTL","PTL","T","?","M","?","R","M","R_BF","BOSS","M","?","M","?","?","E","M"],"items_purchased_type":[],"build_version":"2020-12-22","purchased_purges":0,"victory":false,"max_hp_per_floor":[75,75,75,75,75,75,75,75,75,75,75,75,75,75,75,75,75,75,75,75,75,75,75,75,75,75,75],"card_choices":[{"not_picked":["Barrage","Turbo"],"picked":"Chill","floor":1},{"not_picked":["Go for the Eyes","FIFO Queue"],"picked":"Scrape","floor":2},{"not_picked":["Barrage","Sweeping Beam"],"picked":"Steam","floor":3},{"not_picked":["Stack","Hologram"],"picked":"Seek","floor":5},{"not_picked":["ReplayGash","Stack"],"picked":"Gash","floor":7},{"not_picked":["Turbo","Conserve Battery"],"picked":"Fusion","floor":8},{"not_picked":["Undo","Melter"],"picked":"Beam Cell","floor":13},{"not_picked":["Defragment","Sweeping Beam"],"picked":"Stack","floor":16},{"not_picked":["Thunder Strike","ReplayRNGCard"],"picked":"Fission","floor":18},{"not_picked":["ReplayTheSpireMod:Reroute Power","Hologram"],"picked":"Rebound","floor":20},{"not_picked":["FTL","Panic Button"],"picked":"ReplayGash","floor":22},{"not_picked":["Conserve Battery","Stack+1"],"picked":"Hello World+1","floor":24},{"not_picked":["Stack+1","Glacier"],"picked":"Panic Button","floor":25}],"player_experience":122199,"relics_obtained":[{"floor":7,"key":"Pen Nib"},{"floor":11,"key":"Simple Rune"},{"floor":25,"key":"MealTicket"}],"event_choices":[{"damage_healed":0,"gold_gain":0,"player_choice":"Success","damage_taken":3,"relics_obtained":["Omamori"],"max_hp_gain":0,"max_hp_loss":0,"event_name":"Scrap Ooze","floor":12,"gold_loss":0},{"damage_healed":0,"gold_gain":0,"player_choice":"Grow","damage_taken":0,"max_hp_gain":0,"max_hp_loss":0,"event_name":"Living Wall","floor":14,"gold_loss":0,"cards_upgraded":["Chill"]},{"damage_healed":0,"gold_gain":0,"player_choice":"Ignored","damage_taken":0,"max_hp_gain":0,"max_hp_loss":0,"event_name":"Vampires","floor":21,"gold_loss":0},{"damage_healed":0,"gold_gain":0,"cards_transformed":["Fusion"],"player_choice":"Transformed","damage_taken":0,"max_hp_gain":0,"max_hp_loss":0,"event_name":"Transmorgrifier","floor":23,"gold_loss":0,"cards_obtained":["Cold Snap"]}],"is_beta":false,"boss_relics":[{"not_picked":["Coffee Dripper","ChewingGum"],"picked":"Empty Cage"}],"items_purged_floors":[],"is_endless":false,"potions_floor_spawned":[1,5,13,16,18,25],"killed_by":"Chosen and Byrds","ascension_level":0}}