{"host":"jz4ul6vrcxqkcr33","time":1614028643,"event":{"mods":["BaseMod","Minty Spire (QoL Compilation)","StSLib"],"gold_per_floor":[111,127,127,127,127,157,67,67,118,151,168,168,184,202,202,306,306,322,421,5,22,42,42,77,95,95,95,95,95,95,35,35,133,133,148,148,196,208,26,26,54,16,16,16,61,76,76,76,76,76,76,76,11,44,44,44],"floor_reached":55,"language":"ENG","playtime":3194,"items_purged":["Decay","Zap"],"score":1070,"play_id":"6854e707-6fa2-441c-98ac-ee2f407c2061","local_time":"20210222161723","is_ascension_mode":true,"campfire_choices":[{"floor":8.0,"key":"REST"},{"floor":12.0,"key":"REST"},{"data":"Streamline","floor":15.0,"key":"SMITH"},{"data":"Scrape","floor":23.0,"key":"SMITH"},{"floor":28.0,"key":"REST"},{"data":"Beam Cell","floor":32.0,"key":"SMITH"},{"data":"Fission","floor":40,"key":"SMITH"},{"floor":44,"key":"RECALL"},{"data":"Reboot","floor":47,"key":"SMITH"},{"data":"Blizzard","floor":49,"key":"SMITH"},{"data":"Hologram","floor":52,"key":"SMITH"}],"circlet_count":0,"master_deck":["AscendersBane","Dualcast","Cold Snap","Sweeping Beam+1","Chill+1","Lockon","Scrape+1","Gash","Auto Shields","Streamline+1","Ball Lightning","Conserve Battery","Reboot+1","Blizzard+1","Coolheaded","Machine Learning","All For One","Aggregate","Go for the Eyes","Go for the Eyes","BootSequence","Coolheaded","Sweeping Beam+1","Gash","Turbo+1","Beam Cell+1","All For One","Fission+1","Compile Driver","Hello World","Hologram+1","Secret Technique","Scrape","Stack+1"],"relics":["Empty Cage","Tiny Chest","Blood Vial","War Paint","Pandora\u0027s Box","Membership Card","CaptainsWheel","Oddly Smooth Stone","Eternal Feather","The Courier","Ornamental Fan","DollysMirror","Coffee Dripper","Omamori","Torii","Nunchaku","Akabeko","FossilizedHelix","Boot"],"acts_visited":["Exordium","TheCity","TheBeyond","TheEnding"],"potions_floor_usage":[55],"damage_taken":[{"damage":4.0,"enemies":"Small Slimes","floor":1.0,"turns":4.0},{"damage":2.0,"enemies":"2 Louse","floor":2.0,"turns":3.0},{"damage":39.0,"enemies":"Lagavulin","floor":6.0,"turns":7.0},{"damage":22.0,"enemies":"Gremlin Nob","floor":10.0,"turns":5.0},{"damage":0.0,"enemies":"Cultist","floor":11.0,"turns":4.0},{"damage":0.0,"enemies":"2 Fungi Beasts","floor":13.0,"turns":3.0},{"damage":5.0,"enemies":"Looter","floor":14.0,"turns":3.0},{"damage":22.0,"enemies":"The Guardian","floor":16.0,"turns":11.0},{"damage":13.0,"enemies":"3 Byrds","floor":18.0,"turns":4.0},{"damage":2.0,"enemies":"2 Thieves","floor":21.0,"turns":4.0},{"damage":9.0,"enemies":"Snake Plant","floor":22.0,"turns":6.0},{"damage":29.0,"enemies":"Slavers","floor":24.0,"turns":7.0},{"damage":6.0,"enemies":"Centurion and Healer","floor":25.0,"turns":5.0},{"damage":32.0,"enemies":"Collector","floor":33.0,"turns":8.0},{"damage":12.0,"enemies":"3 Darklings","floor":35.0,"turns":4.0},{"damage":0.0,"enemies":"3 Shapes","floor":38.0,"turns":3.0},{"damage":36,"enemies":"Reptomancer","floor":41,"turns":7},{"damage":37,"enemies":"2 Orb Walkers","floor":45,"turns":6},{"damage":8,"enemies":"Sphere and 2 Shapes","floor":46,"turns":9},{"damage":9,"enemies":"Awakened One","floor":50,"turns":8},{"damage":59,"enemies":"Shield and Spear","floor":54,"turns":6},{"damage":50,"enemies":"The Heart","floor":55,"turns":3}],"seed_played":"2877663681623123007","potions_obtained":[{"floor":2.0,"key":"Strength Potion"},{"floor":10.0,"key":"DuplicationPotion"},{"floor":11.0,"key":"Dexterity Potion"},{"floor":14.0,"key":"DuplicationPotion"},{"floor":18.0,"key":"Weak Potion"},{"floor":33.0,"key":"Ancient Potion"},{"floor":35.0,"key":"DuplicationPotion"},{"floor":54,"key":"LiquidMemories"}],"is_trial":false,"path_per_floor":["M","M","?","?","?","E","$","R","T","E","M","R","M","M","R","B",null,"M","?","$","M","M","R","E","M","T","?","R","T","?","$","R","B",null,"M","?","T","M","$","R","E","$","T","R","?","M","R","?","R","B",null,"R","$","E","B"],"character_chosen":"DEFECT","items_purchased":["Scrape","Gash","Membership Card","Go for the Eyes","CaptainsWheel","Oddly Smooth Stone","BootSequence","DollysMirror","Torii","Nunchaku","Scrape"],"campfire_rested":3,"item_purchase_floors":[7,7,20,20,20,20,20,31,39,39,53],"current_hp_per_floor":[64,62,62,67,67,28,28,52,52,32,34,58,60,57,57,37,69,58,58,58,58,51,51,24,20,20,20,59,59,59,59,74,44,71,61,61,61,63,63,76,40,40,40,58,23,17,35,35,53,46,69,76,76,17,0,0],"gold":44,"neow_bonus":"BOSS_RELIC","is_daily":false,"chose_seed":false,"campfire_upgraded":7,"win_rate":0.0,"timestamp":1614028643,"path_taken":["M","M","?","?","?","E","$","R","T","E","M","R","M","?","R","BOSS","M","?","$","M","M","R","E","M","T","?","R","?","?","?","R","BOSS","M","?","?","?","$","R","E","$","T","R","?","M","R","?","R","BOSS","R","$","E","BOSS"],"items_purchased_type":["Card","Card","Relic","Card","Relic","Relic","Card","Relic","Relic","Relic","Card"],"build_version":"2020-12-13","purchased_purges":2,"victory":false,"max_hp_per_floor":[75,75,75,80,80,80,80,80,80,80,80,80,80,80,80,80,80,80,80,80,80,80,80,80,80,80,80,80,80,80,80,80,80,80,80,76,76,76,76,76,76,76,76,76,76,76,76,76,76,76,76,76,76,76,76,76],"card_choices":[{"not_picked":["Conserve Battery","Double Energy"],"picked":"Cold Snap","floor":1.0},{"not_picked":["Steam Power","Consume"],"picked":"Sweeping Beam","floor":2.0},{"not_picked":["Rebound","Steam"],"picked":"Lockon","floor":6.0},{"not_picked":["Rebound","Sweeping Beam"],"picked":"Auto Shields","floor":10.0},{"not_picked":["Rip and Tear","Double Energy"],"picked":"Streamline","floor":11.0},{"not_picked":["Turbo","Stack"],"picked":"Ball Lightning","floor":13.0},{"not_picked":["Redo","Barrage"],"picked":"Conserve Battery","floor":14.0},{"not_picked":["Machine Learning","Creative AI"],"picked":"Reboot","floor":16.0},{"not_picked":["Stack","Sweeping Beam"],"picked":"Go for the Eyes","floor":18.0},{"not_picked":["Recycle","Rip and Tear"],"picked":"Coolheaded","floor":21.0},{"not_picked":["Stack+1","Double Energy"],"picked":"Sweeping Beam+1","floor":22.0},{"not_picked":["Streamline","Doom and Gloom"],"picked":"Gash","floor":24.0},{"not_picked":["Streamline","Sunder"],"picked":"Turbo+1","floor":25.0},{"not_picked":["Buffer","Machine Learning"],"picked":"Fission","floor":33.0},{"not_picked":["Tempest","Streamline"],"picked":"Compile Driver","floor":35.0},{"not_picked":["Redo","Loop","Sweeping Beam"],"picked":"SKIP","floor":38.0},{"not_picked":["Conserve Battery","Turbo"],"picked":"Hello World","floor":41},{"not_picked":["Blizzard","Leap"],"picked":"Hologram","floor":45},{"not_picked":["Lockon","Turbo","Steam"],"picked":"SKIP","floor":46},{"not_picked":["Finesse","Discovery"],"picked":"Secret Technique","floor":48},{"not_picked":["Fusion","Ball Lightning+1"],"picked":"Stack+1","floor":54}],"player_experience":275875,"relics_obtained":[{"floor":6.0,"key":"Tiny Chest"},{"floor":9.0,"key":"Blood Vial"},{"floor":10.0,"key":"War Paint"},{"floor":24.0,"key":"Eternal Feather"},{"floor":26.0,"key":"The Courier"},{"floor":29.0,"key":"Ornamental Fan"},{"floor":37.0,"key":"Omamori"},{"floor":41,"key":"Akabeko"},{"floor":45,"key":"FossilizedHelix"},{"floor":54,"key":"Boot"}],"event_choices":[{"damage_healed":0.0,"max_hp_gain":0.0,"max_hp_loss":0.0,"gold_gain":0.0,"cards_transformed":["Strike_B"],"event_name":"Living Wall","player_choice":"Change","floor":3.0,"gold_loss":0.0,"damage_taken":0.0,"cards_obtained":["Chill"]},{"damage_healed":0.0,"max_hp_gain":5.0,"max_hp_loss":0.0,"gold_gain":0.0,"event_name":"Big Fish","player_choice":"Donut","floor":4.0,"gold_loss":0.0,"damage_taken":0.0},{"damage_healed":0.0,"max_hp_gain":0.0,"max_hp_loss":0.0,"gold_gain":0.0,"event_name":"Upgrade Shrine","player_choice":"Upgraded","floor":5.0,"gold_loss":0.0,"damage_taken":0.0,"cards_upgraded":["Sweeping Beam"]},{"damage_healed":0.0,"max_hp_gain":0.0,"max_hp_loss":0.0,"gold_gain":99.0,"event_name":"Nest","player_choice":"Stole From Cult","floor":19.0,"gold_loss":0.0,"damage_taken":0.0},{"damage_healed":0.0,"max_hp_gain":0.0,"max_hp_loss":0.0,"gold_gain":0.0,"event_name":"Forgotten Altar","player_choice":"Smashed Altar","floor":27.0,"gold_loss":0.0,"damage_taken":0.0,"cards_obtained":["Decay"]},{"damage_healed":0.0,"max_hp_gain":0.0,"max_hp_loss":0.0,"gold_gain":0.0,"event_name":"The Library","player_choice":"Read","floor":30.0,"gold_loss":0.0,"damage_taken":0.0,"cards_obtained":["Beam Cell"]},{"damage_healed":0.0,"max_hp_gain":0.0,"max_hp_loss":4.0,"gold_gain":0.0,"event_name":"Winding Halls","player_choice":"Max HP","floor":36.0,"gold_loss":0.0,"damage_taken":0.0},{"damage_healed":0,"gold_gain":0,"player_choice":"Fight","damage_taken":0,"max_hp_gain":0,"max_hp_loss":0,"event_name":"Mysterious Sphere","floor":45,"gold_loss":0},{"damage_healed":0,"gold_gain":0,"player_choice":"Memory 1","damage_taken":0,"max_hp_gain":0,"max_hp_loss":0,"event_name":"SensoryStone","floor":48,"gold_loss":0}],"is_beta":false,"boss_relics":[{"not_picked":["Cursed Key","Runic Dome"],"picked":"Pandora\u0027s Box"},{"not_picked":["Velvet Choker","Astrolabe"],"picked":"Coffee Dripper"}],"items_purged_floors":[42,53],"is_endless":false,"potions_floor_spawned":[2,10,11,14,18,33,35,38,54],"killed_by":"The Heart","ascension_level":12}}