{"host":"sim2kxx81cjsn49b","time":1614016934,"event":{"mods":["ATMod(°¢èªMod)","BaseMod","Minty Spire (QoL Compilation)","RumiaBox-Â¶Ã×æ«µÄÉñÃØºÐ×Ó","StSLib","TestMod","¡¾¹¦ÄÜMod¡¿»ìãçÖ®»·ÐÞ¸´²¹¶¡","¡¾ÒÅÎï¿¨ÅÆ¡¿REMEMod"],"gold_per_floor":[118,118,118,43,67,67,101,121,121,140,140,140,140,140],"floor_reached":13,"language":"ZHS","playtime":280,"items_purged":["Defend_P"],"score":216,"play_id":"b7581ea4-2713-44e3-8787-52c4bc1fe849","local_time":"20210223020214","is_ascension_mode":true,"campfire_choices":[{"data":"Eruption","floor":6,"key":"SMITH"},{"data":"Adaptation","floor":11,"key":"SMITH"}],"circlet_count":0,"master_deck":["AscendersBane","Strike_P","Strike_P","Strike_P","Strike_P","Defend_P","Defend_P","Eruption+1","Vigilance","AT_ManFootWork","Undo","Pray","Conclude","Adaptation+1","ReachHeaven"],"relics":["PureWater","AT_ATBox","testmod-TestBox","REME_ComplimentaryCards","testmod-HeartOfStrike","NeowsBlessing","Baka","Golden Idol","White Beast Statue","Question Card"],"acts_visited":["Exordium"],"potions_floor_usage":[13],"damage_taken":[{"damage":0,"enemies":"Jaw Worm","floor":1,"turns":1},{"damage":0,"enemies":"Small Slimes","floor":5,"turns":1},{"damage":0,"enemies":"Gremlin Nob","floor":7,"turns":1},{"damage":3,"enemies":"2 Louse","floor":8,"turns":3},{"damage":9,"enemies":"Exordium Thugs","floor":10,"turns":2},{"damage":38,"enemies":"3 Sentries","floor":13,"turns":4}],"seed_played":"7440972639909377288","potions_obtained":[{"floor":1,"key":"SteroidPotion"},{"floor":5,"key":"LiquidBronze"},{"floor":8,"key":"testmod-TestPotion"}],"is_trial":false,"path_per_floor":["M","?","?","$","M","R","E","M","T","M","R","?","E"],"character_chosen":"WATCHER","items_purchased":[],"campfire_rested":0,"item_purchase_floors":[],"current_hp_per_floor":[61,38,43,43,43,43,43,40,40,31,31,31,0,0],"gold":140,"neow_bonus":"THREE_ENEMY_KILL","is_daily":false,"chose_seed":false,"campfire_upgraded":2,"win_rate":0.0,"timestamp":1614016934,"path_taken":["M","?","?","?","M","R","E","?","T","M","R","?","E"],"items_purchased_type":[],"build_version":"2020-12-22","purchased_purges":1,"victory":false,"max_hp_per_floor":[68,68,73,73,73,73,73,73,73,73,73,73,73,73],"card_choices":[{"not_picked":["Indignation","JustLucky"],"picked":"Pray","floor":1},{"not_picked":["PathToVictory","BowlingBash"],"picked":"Conclude","floor":5},{"not_picked":["ForeignInfluence","LikeWater"],"picked":"Adaptation","floor":7},{"not_picked":["Sanctity","FlyingSleeves","Worship"],"picked":"SKIP","floor":8},{"not_picked":["SandsOfTime","REME_Repentance","CrushJoints","Crescendo"],"picked":"SKIP","floor":10}],"player_experience":634892,"relics_obtained":[{"floor":1,"key":"Baka"},{"floor":7,"key":"White Beast Statue"},{"floor":9,"key":"Question Card"}],"event_choices":[{"damage_healed":0,"gold_gain":0,"player_choice":"Take Damage","damage_taken":23,"relics_obtained":["Golden Idol"],"max_hp_gain":0,"max_hp_loss":0,"event_name":"Golden Idol","floor":2,"gold_loss":0},{"damage_healed":0,"gold_gain":0,"player_choice":"Donut","damage_taken":0,"max_hp_gain":5,"max_hp_loss":0,"event_name":"Big Fish","floor":3,"gold_loss":0},{"damage_healed":0,"gold_gain":0,"cards_transformed":["Defend_P"],"player_choice":"Change","damage_taken":0,"max_hp_gain":0,"max_hp_loss":0,"event_name":"Living Wall","floor":12,"gold_loss":0,"cards_obtained":["ReachHeaven"]}],"is_beta":false,"boss_relics":[],"items_purged_floors":[4],"is_endless":false,"potions_floor_spawned":[1,5,8,10],"killed_by":"3 Sentries","ascension_level":20}}