{"host":"vk2xyavtylxbvrfq","time":1614023730,"event":{"mods":["Bard","BaseMod","Bestiary","Better Altar","Better Match","Better Note","Better Sensory Stone","Better Skull","Better Vampires","Block Reminder","Bossed Relics","Colored Map","Curses Come First","Displayed Cursed Tome","Downfall","Extra Virgin Snecko Oil","Fox Events","Hermit","Ironclad Rager","Marked Mod","Minty Spire (QoL Compilation)","Quick Restart","Rare Cards Sparkle","Relic Sorter","Reliquary","Robot Space Explorer","StSLib","The Hayseed","The Runesmith","Unceasing Turn Reminder"],"gold_per_floor":[112,187,187,187,212,212,212,212,236,64,64,100,100,131,131,131,131],"floor_reached":16,"language":"ENG","playtime":1564,"items_purged":[],"score":195,"play_id":"01261f56-42c0-45ea-98d1-3e720506618c","local_time":"20210222145530","is_ascension_mode":true,"campfire_choices":[{"data":"hermit:GhostlyPresence","floor":6.0,"key":"SMITH"},{"floor":11.0,"key":"REST"},{"floor":13.0,"key":"REST"},{"floor":15.0,"key":"REST"}],"circlet_count":0,"master_deck":["hermit:Strike_Hermit","hermit:Strike_Hermit","hermit:Strike_Hermit","hermit:Strike_Hermit","hermit:Defend_Hermit","hermit:Defend_Hermit+1","hermit:Defend_Hermit","hermit:Defend_Hermit","hermit:Snapshot","hermit:Covet+1","hermit:Coalescence","hermit:Coalescence","Injury","hermit:GhostlyPresence+1","hermit:Quickdraw","hermit:Vantage","hermit:EyeOfTheStorm","hermit:Headshot"],"relics":["hermit:Momento","NeowsBlessing","Golden Idol","reliquary:TatteredRug","reliquary:TuningFork","Orichalcum","OrangePellets","reliquary:Knoch","hermit:Horseshoe"],"acts_visited":["Exordium"],"potions_floor_usage":[],"damage_taken":[{"damage":0.0,"enemies":"Jaw Worm","floor":1.0,"turns":1.0},{"damage":0.0,"enemies":"Small Slimes","floor":5.0,"turns":2.0},{"damage":0.0,"enemies":"Lagavulin","floor":7.0,"turns":3.0},{"damage":32.0,"enemies":"Gremlin Nob","floor":12.0,"turns":7.0},{"damage":17.0,"enemies":"3 Sentries","floor":14.0,"turns":15.0},{"damage":31,"enemies":"Slime Boss","floor":16,"turns":8}],"seed_played":"4907611531936012959","potions_obtained":[{"floor":7.0,"key":"Block Potion"},{"floor":12.0,"key":"DuplicationPotion"}],"is_trial":false,"path_per_floor":["M","?","?","?","M","R","E","T","T","$","R","E","R","E","R","B"],"character_chosen":"HERMIT","items_purchased":["OrangePellets","hermit:Vantage"],"campfire_rested":3,"item_purchase_floors":[10,10],"current_hp_per_floor":[68,57,57,42,42,42,42,42,42,42,64,32,54,37,59,28,28],"gold":131,"neow_bonus":"THREE_ENEMY_KILL","is_daily":false,"chose_seed":false,"campfire_upgraded":1,"win_rate":0.0,"timestamp":1614023730,"path_taken":["M","?","?","?","M","R","E","?","T","?","R","E","R","E","R","BOSS"],"items_purchased_type":["Relic","Card"],"build_version":"2020-12-22","purchased_purges":0,"victory":false,"max_hp_per_floor":[75,75,75,75,75,75,75,75,75,75,75,75,75,75,75,75,75],"card_choices":[{"not_picked":["hermit:Desperado","hermit:Dive"],"picked":"hermit:Coalescence","floor":1.0},{"not_picked":["hermit:Desperado","hermit:Dive"],"picked":"hermit:Coalescence","floor":1.0},{"not_picked":["hermit:Glare","hermit:BodyArmor"],"picked":"hermit:GhostlyPresence","floor":5.0},{"not_picked":["hermit:Maintenance","hermit:Showdown"],"picked":"hermit:Quickdraw","floor":7.0},{"not_picked":["hermit:Misfire","hermit:HighCaliber"],"picked":"hermit:EyeOfTheStorm","floor":12.0},{"not_picked":["hermit:Roulette","hermit:Coalescence"],"picked":"hermit:Headshot","floor":14.0}],"player_experience":1461674,"relics_obtained":[{"floor":7.0,"key":"reliquary:TatteredRug"},{"floor":8.0,"key":"reliquary:TuningFork"},{"floor":9.0,"key":"Orichalcum"},{"floor":12.0,"key":"reliquary:Knoch"},{"floor":14.0,"key":"hermit:Horseshoe"}],"event_choices":[{"damage_healed":0.0,"max_hp_gain":0.0,"max_hp_loss":0.0,"gold_gain":75.0,"event_name":"World of Goop","player_choice":"Gather Gold","floor":2.0,"gold_loss":0.0,"damage_taken":11.0},{"damage_healed":0.0,"max_hp_gain":0.0,"max_hp_loss":0.0,"gold_gain":0.0,"event_name":"Golden Idol","player_choice":"Take Wound","floor":3.0,"gold_loss":0.0,"damage_taken":0.0,"relics_obtained":["Golden Idol"],"cards_obtained":["Injury"]},{"damage_healed":0.0,"max_hp_gain":0.0,"max_hp_loss":0.0,"gold_gain":0.0,"event_name":"Shining Light","player_choice":"Entered Light","floor":4.0,"gold_loss":0.0,"damage_taken":15.0,"cards_upgraded":["hermit:Covet","hermit:Defend_Hermit"]}],"is_beta":false,"boss_relics":[],"items_purged_floors":[],"is_endless":false,"potions_floor_spawned":[7,12],"killed_by":"Slime Boss","ascension_level":8}}