{"host":"7eytxr1oawi6r5nr","time":1614012322,"event":{"mods":["Act Like it!","BaseMod","Better Third Choice","Curses Come First","Dark Map","Hermit","Hubris","Ironclad Rager","Minty Spire (QoL Compilation)","Permanent Neow","Quick Restart","Rare Cards Sparkle","Relic Filter Mod","Reliquary","Replay The Spire","Ruina","StSLib","The Cursed","The Disciple","The Forsaken","The IronCluck","The Runesmith","The Servant 0.9.4","Wide Potions"],"gold_per_floor":[114,126,137,206,74,105,105,105,179,190,190,206,186,205,205,305,305,320,320,333,215,227,227,256,256,256,287,237,237,237,237],"floor_reached":30,"language":"ENG","playtime":2160,"items_purged":["Runesmith:Strike_RS"],"score":318,"play_id":"03068472-88c7-4858-8e04-985a32fc46cb","local_time":"20210222164522","is_ascension_mode":true,"campfire_choices":[{"data":"Runesmith:DoubleUp","floor":7,"key":"SMITH"},{"data":"Runesmith:HeatExchange","floor":11,"key":"SMITH"},{"data":"Runesmith:Firestorm","floor":23,"key":"SMITH"},{"floor":25,"key":"REST"}],"circlet_count":0,"master_deck":["Runesmith:Strike_RS","Runesmith:Strike_RS","Runesmith:Strike_RS","Runesmith:Defend_RS","Runesmith:Defend_RS","Runesmith:Defend_RS","Runesmith:Defend_RS","Runesmith:CraftFirestone","Runesmith:Fortify+1","Runesmith:DoubleUp+1","Runesmith:HeatedChisel","Runesmith:EarthShield","Runesmith:HeatExchange+1","Runesmith:Firestorm+1","Runesmith:EnergizedChisel","Runesmith:MakeshiftArmor","Runesmith:Superposition+1","Runesmith:GrandSlam","Runesmith:Permafrost+1","Runesmith:PoweredAnvil","Clumsy"],"relics":["Runesmith:BrokenRuby","White Beast Statue","reliquary:ExpiredCoupon","Smiling Mask","reliquary:Firecrackers","Runic Pyramid","Singing Bowl","ruina:FalsePresent","ruina:Prescript"],"acts_visited":["Exordium","Exordium"],"potions_floor_usage":[24,27,30],"damage_taken":[{"damage":6,"enemies":"Small Slimes","floor":1,"turns":4},{"damage":2,"enemies":"Jaw Worm","floor":2,"turns":3},{"damage":0,"enemies":"Cultist","floor":3,"turns":4},{"damage":5,"enemies":"Lagavulin","floor":6,"turns":9},{"damage":0,"enemies":"2 Fungi Beasts","floor":10,"turns":5},{"damage":6,"enemies":"Blue Slaver","floor":12,"turns":4},{"damage":1,"enemies":"Looter","floor":14,"turns":3},{"damage":26,"enemies":"Slime Boss","floor":16,"turns":8},{"damage":2,"enemies":"ruina:BadWolf","floor":18,"turns":4},{"damage":10,"enemies":"ruina:Nosferatu","floor":20,"turns":7},{"damage":15,"enemies":"ruina:KingOfGreed","floor":22,"turns":6},{"damage":18,"enemies":"ruina:ServantOfWrath","floor":24,"turns":6},{"damage":35,"enemies":"ruina:RoadHome","floor":27,"turns":8},{"damage":26,"enemies":"ruina:KnightOfDespair","floor":30,"turns":2}],"seed_played":"5413059463217744501","potions_obtained":[{"floor":1,"key":"EssenceOfSteel"},{"floor":2,"key":"Reflective Coating"},{"floor":4,"key":"LiquidMemories"},{"floor":6,"key":"SkillPotion"},{"floor":10,"key":"Milkshake"},{"floor":24,"key":"LifebloodPotion"},{"floor":27,"key":"Venom Potion"},{"floor":28,"key":"Elixir"}],"is_trial":false,"path_per_floor":["M","M","M","?","$","E","R","?","T","M","R","M","?","M","R","B",null,"M","?","M","$","M","R","E","R","T","E","?","?","M"],"character_chosen":"RUNESMITH_CLASS","items_purchased":["Runesmith:HeatExchange","Runesmith:Firestorm","Runesmith:PoweredAnvil"],"campfire_rested":1,"item_purchase_floors":[5,5,21],"current_hp_per_floor":[64,62,62,45,45,40,40,40,40,40,40,34,34,33,54,28,70,68,68,58,58,43,43,25,46,46,13,9,9,0,0],"gold":237,"neow_bonus":"UPGRADE_CARD","is_daily":false,"chose_seed":false,"campfire_upgraded":3,"win_rate":0.0,"timestamp":1614012322,"path_taken":["M","M","M","?","$","E","R","?","T","?","R","M","?","M","R","BOSS","M","?","M","$","M","R","E","R","T","E","?","?","?"],"items_purchased_type":["Card","Card","Card"],"build_version":"2020-12-22","purchased_purges":1,"victory":false,"max_hp_per_floor":[70,70,70,70,70,70,70,70,70,70,70,70,70,70,70,70,70,70,70,70,70,70,70,70,70,70,72,67,67,67,67],"card_choices":[{"not_picked":["Runesmith:CraftReservo","Runesmith:ChiselStab"],"picked":"Runesmith:DoubleUp","floor":1},{"not_picked":["Runesmith:Refine","Runesmith:UnstableHammer"],"picked":"Runesmith:HeatedChisel","floor":2},{"not_picked":["Runesmith:ChargedHammer","Runesmith:Permafrost"],"picked":"Runesmith:StaticCage","floor":3},{"not_picked":["Runesmith:UnstableHammer","Runesmith:Attraction"],"picked":"Runesmith:EarthShield","floor":4},{"not_picked":["Runesmith:HeatedChisel","Runesmith:Supernova","Runesmith:Augment"],"picked":"SKIP","floor":6},{"not_picked":["Runesmith:BackupBattery","Runesmith:CraftReservo"],"picked":"Runesmith:EnergizedChisel","floor":10},{"not_picked":["Runesmith:NegativeSpace","Runesmith:RuneHurl"],"picked":"Runesmith:MakeshiftArmor","floor":12},{"not_picked":["Runesmith:Electrocute","Runesmith:RuneHurl"],"picked":"Runesmith:Superposition","floor":14},{"not_picked":["Runesmith:ReplicatingBarrier","Runesmith:CraftMedicinae"],"picked":"Runesmith:GrandSlam","floor":16},{"not_picked":["Runesmith:HeatExchange","Runesmith:MakeshiftArmor+1","Runesmith:ChaoticBlast"],"picked":"SKIP","floor":18},{"not_picked":["Runesmith:HammerThrow","Runesmith:StaticCage+1"],"picked":"Runesmith:Permafrost+1","floor":20},{"not_picked":["Runesmith:ChiselStab+1","Runesmith:Prism","Runesmith:HeatExchange"],"picked":"SKIP","floor":22},{"not_picked":["Runesmith:ShiftingStrike","Runesmith:CraftVitae","Runesmith:EarthShield"],"picked":"SKIP","floor":24},{"not_picked":["Runesmith:EarthShield","Runesmith:ShiftingStrike","Runesmith:EnergizedChisel+1"],"picked":"Singing Bowl","floor":27}],"player_experience":203599,"relics_obtained":[{"floor":4,"key":"White Beast Statue"},{"floor":6,"key":"reliquary:ExpiredCoupon"},{"floor":9,"key":"reliquary:Firecrackers"},{"floor":27,"key":"Singing Bowl"}],"event_choices":[{"damage_healed":0,"gold_gain":0,"player_choice":"Gave Potion","damage_taken":0,"relics_obtained":["Smiling Mask"],"max_hp_gain":0,"max_hp_loss":0,"event_name":"WeMeetAgain","floor":8,"gold_loss":0},{"damage_healed":0,"gold_gain":0,"player_choice":"Left","damage_taken":0,"max_hp_gain":0,"max_hp_loss":0,"event_name":"betterThird:BetterGoop","floor":13,"gold_loss":20}],"is_beta":false,"boss_relics":[{"not_picked":["ChewingGum","hubris:CrackedHourglass"],"picked":"Runic Pyramid"}],"items_purged_floors":[21],"is_endless":false,"potions_floor_spawned":[1,2,6,10,12,14,16,18,20,22,24,27],"killed_by":"ruina:KnightOfDespair","ascension_level":2}}