{"host":"mwb0clku6crgv6yl","time":1614006665,"event":{"mods":["AchievementEnabler","BaseMod","Highlight Path","Minty Spire (QoL Compilation)","StSLib","The Cursed"],"gold_per_floor":[114,114,39,53,53,83,83,109,109,134,144,157,157,187,187,291,291,309,309,309,20,20,53,53,103,128,128,141,177,96,158,158,254,254,264,299,424,42,42,42,68,68,116,41,73,83,157,0,0,25,25,25,25,76,76],"floor_reached":56,"language":"ZHS","playtime":2571,"items_purged":["Injury","Shame","Strike_R","Strike_R"],"score":1337,"play_id":"1a04d96b-a5dc-4210-8912-ad5cd28f1871","local_time":"20210222231105","is_ascension_mode":false,"campfire_choices":[{"data":"Apotheosis","floor":7.0,"key":"SMITH"},{"data":"Inflame","floor":13.0,"key":"SMITH"},{"data":"Flex","floor":15.0,"key":"SMITH"},{"data":"Shockwave","floor":24.0,"key":"SMITH"},{"data":"Barricade","floor":27.0,"key":"SMITH"},{"data":"Dark Embrace","floor":32.0,"key":"SMITH"},{"floor":42.0,"key":"RECALL"},{"data":"True Grit","floor":49,"key":"SMITH"},{"data":"Second Wind","floor":52,"key":"SMITH"}],"circlet_count":0,"master_deck":["Defend_R","Defend_R","Defend_R","Bash","Apotheosis+1","Flex+1","Inflame+1","Shockwave+1","True Grit+1","Whirlwind","Burning Pact","Seeing Red","Reaper","Feel No Pain+1","Second Wind+1","HandOfGreed","Barricade+1","Dark Embrace+1","Flame Barrier+1","Fiend Fire+1","Exhume+1","Panacea","Power Through+1"],"relics":["Burning Blood","InkBottle","HornCleat","MealTicket","Bag of Marbles","Happy Flower","Orichalcum","Philosopher\u0027s Stone","Strawberry","Centennial Puzzle","Bronze Scales","Astrolabe","Bird Faced Urn","Membership Card","Kunai","Regal Pillow","Peace Pipe","Magic Flower","Red Mask","Gremlin Horn"],"acts_visited":["Exordium","TheCity","TheBeyond","TheEnding"],"potions_floor_usage":[55,55],"damage_taken":[{"damage":0.0,"enemies":"Cultist","floor":1.0,"turns":3.0},{"damage":7.0,"enemies":"2 Louse","floor":4.0,"turns":3.0},{"damage":34.0,"enemies":"3 Sentries","floor":6.0,"turns":10.0},{"damage":15.0,"enemies":"Gremlin Nob","floor":8.0,"turns":4.0},{"damage":9.0,"enemies":"Lagavulin","floor":10.0,"turns":7.0},{"damage":0.0,"enemies":"Small Slimes","floor":11.0,"turns":3.0},{"damage":0.0,"enemies":"3 Louse","floor":12.0,"turns":2.0},{"damage":24.0,"enemies":"Slime Boss","floor":16.0,"turns":6.0},{"damage":6.0,"enemies":"2 Thieves","floor":18.0,"turns":3.0},{"damage":21.0,"enemies":"Book of Stabbing","floor":23.0,"turns":4.0},{"damage":0.0,"enemies":"Spheric Guardian","floor":28.0,"turns":4.0},{"damage":18.0,"enemies":"Snake Plant","floor":29.0,"turns":3.0},{"damage":2.0,"enemies":"Chosen and Byrds","floor":31.0,"turns":4.0},{"damage":27.0,"enemies":"Automaton","floor":33.0,"turns":8.0},{"damage":0.0,"enemies":"3 Shapes","floor":35.0,"turns":1.0},{"damage":16.0,"enemies":"3 Darklings","floor":36.0,"turns":4.0},{"damage":0.0,"enemies":"Mind Bloom Boss Battle","floor":37.0,"turns":9.0},{"damage":4.0,"enemies":"Reptomancer","floor":41.0,"turns":5.0},{"damage":6,"enemies":"Giant Head","floor":45,"turns":9},{"damage":0,"enemies":"Transient","floor":46,"turns":5},{"damage":41,"enemies":"2 Orb Walkers","floor":47,"turns":6},{"damage":22,"enemies":"Donu and Deca","floor":50,"turns":7},{"damage":46,"enemies":"Shield and Spear","floor":54,"turns":7},{"damage":2,"enemies":"The Heart","floor":55,"turns":14}],"seed_played":"-1510061759924170235","potions_obtained":[{"floor":1.0,"key":"SteroidPotion"},{"floor":4.0,"key":"FearPotion"},{"floor":11.0,"key":"BlessingOfTheForge"},{"floor":18.0,"key":"Ancient Potion"},{"floor":28.0,"key":"BloodPotion"}],"is_trial":false,"path_per_floor":["M","?","$","M","$","E","R","E","T","E","M","M","R","?","R","B",null,"M","?","?","$","?","E","R","?","T","R","M","M","$","M","R","B",null,"M","M","?","$","?","$","E","R","T","$","E","M","?","?","R","B",null,"R","$","E","B",null],"character_chosen":"IRONCLAD","items_purchased":["HandOfGreed","Dark Embrace","Membership Card","Kunai","Panacea"],"campfire_rested":0,"item_purchase_floors":[21,30,38,38,38],"current_hp_per_floor":[80,80,80,79,79,51,51,42,42,39,45,51,51,51,51,33,80,80,80,87,87,70,65,65,65,65,65,71,75,90,92,92,89,92,92,92,92,92,92,92,92,92,92,92,92,92,71,71,71,92,92,92,92,61,92],"gold":76,"neow_bonus":"RANDOM_COLORLESS_2","is_daily":false,"chose_seed":false,"campfire_upgraded":8,"win_rate":0.0,"timestamp":1614006665,"path_taken":["M","?","$","M","$","E","R","E","T","E","M","?","R","?","R","BOSS","M","?","?","$","?","E","R","?","T","R","M","?","$","M","R","BOSS","M","M","?","$","?","?","E","R","T","$","E","M","?","?","R","BOSS","R","$","E","BOSS"],"items_purchased_type":["Card","Card","Relic","Relic","Card"],"build_version":"2020-12-22","purchased_purges":4,"victory":true,"max_hp_per_floor":[80,80,80,80,80,80,80,80,80,80,80,80,80,80,80,80,80,80,80,87,87,92,92,92,92,92,92,92,92,92,92,92,92,92,92,92,92,92,92,92,92,92,92,92,92,92,92,92,92,92,92,92,92,92,92],"card_choices":[{"not_picked":["Mayhem","Secret Weapon"],"picked":"Apotheosis","floor":0.0},{"not_picked":["Dropkick","True Grit"],"picked":"Flex","floor":1.0},{"not_picked":["Clothesline","Twin Strike"],"picked":"Inflame","floor":4.0},{"not_picked":["Anger","Rupture"],"picked":"Shockwave","floor":6.0},{"not_picked":["Heavy Blade","Thunderclap"],"picked":"True Grit","floor":8.0},{"not_picked":["Battle Trance","Shockwave"],"picked":"Whirlwind","floor":10.0},{"not_picked":["Thunderclap","Clash"],"picked":"Burning Pact","floor":11.0},{"not_picked":["Rupture","Clash"],"picked":"Seeing Red","floor":12.0},{"not_picked":["Exhume","Berserk"],"picked":"Reaper","floor":16.0},{"not_picked":["Sword Boomerang","Anger"],"picked":"Feel No Pain+1","floor":18.0},{"not_picked":["Body Slam","Havoc"],"picked":"Barricade","floor":23.0},{"not_picked":["Iron Wave","Ghostly Armor+1","Clash"],"picked":"SKIP","floor":28.0},{"not_picked":["Twin Strike+1","Sword Boomerang","Pommel Strike+1"],"picked":"SKIP","floor":29.0},{"not_picked":["Dropkick","Headbutt","Bloodletting"],"picked":"SKIP","floor":31.0},{"not_picked":["Headbutt+1","Wild Strike","Feel No Pain+1"],"picked":"SKIP","floor":35.0},{"not_picked":["Hemokinesis","True Grit+1","Twin Strike+1"],"picked":"SKIP","floor":36.0},{"not_picked":["Rampage","Thunderclap"],"picked":"Power Through+1","floor":41.0},{"not_picked":["Ghostly Armor+1","Pummel+1","Twin Strike"],"picked":"SKIP","floor":45},{"not_picked":["Pummel+1","Dual Wield+1","Clothesline"],"picked":"SKIP","floor":46},{"not_picked":["Pummel","Shrug It Off+1","Armaments+1"],"picked":"SKIP","floor":54}],"player_experience":380915,"relics_obtained":[{"floor":6.0,"key":"HornCleat"},{"floor":8.0,"key":"MealTicket"},{"floor":9.0,"key":"Bag of Marbles"},{"floor":10.0,"key":"Happy Flower"},{"floor":23.0,"key":"Centennial Puzzle"},{"floor":26.0,"key":"Bronze Scales"},{"floor":37.0,"key":"Bird Faced Urn"},{"floor":41.0,"key":"Regal Pillow"},{"floor":45,"key":"Peace Pipe"},{"floor":47,"key":"Magic Flower"},{"floor":54,"key":"Gremlin Horn"}],"event_choices":[{"damage_healed":0.0,"max_hp_gain":0.0,"max_hp_loss":0.0,"gold_gain":0.0,"event_name":"WeMeetAgain","player_choice":"Gave Potion","floor":2.0,"gold_loss":0.0,"damage_taken":0.0,"relics_obtained":["InkBottle"]},{"damage_healed":0.0,"max_hp_gain":0.0,"max_hp_loss":0.0,"gold_gain":30.0,"event_name":"Dead Adventurer","player_choice":"Searched \u00273\u0027 times","floor":14.0,"gold_loss":0.0,"damage_taken":0.0,"relics_obtained":["Orichalcum"]},{"damage_healed":0.0,"max_hp_gain":0.0,"max_hp_loss":0.0,"gold_gain":0.0,"event_name":"The Library","player_choice":"Read","floor":19.0,"gold_loss":0.0,"damage_taken":0.0,"cards_obtained":["Second Wind"]},{"damage_healed":0.0,"max_hp_gain":0.0,"max_hp_loss":0.0,"gold_gain":0.0,"event_name":"Addict","player_choice":"Stole Relic","floor":20.0,"gold_loss":0.0,"damage_taken":0.0,"relics_obtained":["Strawberry"],"cards_obtained":["Shame"]},{"damage_healed":0.0,"max_hp_gain":5.0,"max_hp_loss":0.0,"gold_gain":0.0,"event_name":"Forgotten Altar","player_choice":"Shed Blood","floor":22.0,"gold_loss":0.0,"damage_taken":22.0},{"damage_healed":0.0,"max_hp_gain":0.0,"max_hp_loss":0.0,"gold_gain":100.0,"event_name":"The Joust","player_choice":"Bet on Murderer","floor":25.0,"gold_loss":50.0,"damage_taken":0.0},{"damage_healed":0.0,"max_hp_gain":0.0,"max_hp_loss":0.0,"gold_gain":0.0,"event_name":"MindBloom","player_choice":"Fight","floor":37.0,"gold_loss":0.0,"damage_taken":0.0},{"cards_removed":["Defend_R"],"damage_healed":0.0,"max_hp_gain":0.0,"max_hp_loss":0.0,"gold_gain":0.0,"event_name":"Falling","player_choice":"Removed Skill","floor":39.0,"gold_loss":0.0,"damage_taken":0.0},{"damage_healed":0,"gold_gain":0,"player_choice":"Fight","damage_taken":0,"max_hp_gain":0,"max_hp_loss":0,"event_name":"Mysterious Sphere","floor":47,"gold_loss":0},{"damage_healed":0,"gold_gain":0,"player_choice":"Paid","damage_taken":0,"relics_obtained":["Red Mask"],"max_hp_gain":0,"max_hp_loss":0,"event_name":"Tomb of Lord Red Mask","floor":48,"gold_loss":157}],"is_beta":false,"boss_relics":[{"not_picked":["Runic Dome","Velvet Choker"],"picked":"Philosopher\u0027s Stone"},{"not_picked":["SacredBark","Black Star"],"picked":"Astrolabe"}],"items_purged_floors":[3,21,38,44],"is_endless":false,"potions_floor_spawned":[1,4,11,18,23,28,35,36,45],"ascension_level":0}}