{"host":"8yon5n5je7lh4vc0","time":1614011715,"event":{"mods":["AchievementEnabler","BaseMod","BetterRewards","Downfall","Gold Saver","Good Game Mod","Highlight Path","Hubris","Minty Spire (QoL Compilation)","Permanent Neow","Quick Restart","Remilia（蕾米莉亚）","Remove Card Discount Mod","Replay The Spire","Shop Mod","Spicy Shops","StSLib","SuperFastMode","TestMod","The Animator","The Jungle","Thieving Mod","UnlockEverythingMod","篝火指南"],"gold_per_floor":[116,116,116,8,23,23,55,55,55,88,104,130,130,130,130,249,249,269,269,288,105,119,119,146,146,146,164,200,219,219,255,65,193,193,217,242,7,30,1028,1071,92,107,107,107,26,58,58,93,31,31],"floor_reached":51,"language":"ZHS","playtime":3913,"items_purged":["Normality","Shame","Writhe","Injury","Replay:Undeath\u0027s Touch","Strike_R","Strike_R","Strike_R","Defend_R","Defend_R","Strike_R","Strike_R","DemonKingCradle","Neutralize","Defend_R","BloodHunter","Defend_R","Cleave","Replay:Undeath\u0027s Touch","Iron Wave","Twin Strike","Anger","Massacre","Normality"],"score":1587,"play_id":"d30d2778-b77a-46c5-975b-f9fad06cfcca","local_time":"20210223003515","is_ascension_mode":true,"campfire_choices":[{"floor":6,"key":"REST"},{"data":"1","floor":8,"key":"LIFT"},{"data":"2","floor":13,"key":"LIFT"},{"data":"3","floor":15,"key":"LIFT"},{"floor":23,"key":"RECALL"},{"data":"HalloweenModCandy","floor":44,"key":"SMITH"}],"circlet_count":0,"master_deck":["HalloweenModCandy+1","HalloweenModTrick","HalloweenModTrick","HalloweenModTrick","HalloweenModCandy+1","HalloweenModGhostCostume","HalloweenModTrick","HalloweenModCandy+1","HalloweenModCandy+1","HalloweenModTrick+1","HalloweenModTrick+1","HalloweenModTrick","HalloweenModTrick","HalloweenModTrick","Metallicize","HalloweenModTrick","HalloweenModGhostCostume+1","HalloweenModCandy+1","Normality","Clumsy"],"relics":["Burning Blood","testmod-TestBox","REME:ComplimentaryCards","HalloweenModHalloween","Blue Candle","Membership Card","Quantum Egg","hubris:PeanutButter","Replay:Towering Pillar of Hats","ReplayTheSpireMod:CursedCoin","Pocketwatch","Girya","MealTicket","OrangePellets","Centennial Puzzle","PreservedInsect","Sundial","Golden Idol","Runic Cube","hubris:Icosahedron","hubris:SlimyHat","MerchantsRug","ReplayFunnel","testmod-InfectionSource","Darkstone Periapt","The Courier","Replay:Bronze Core","hubris:HerbalPaste","testmod-Charity","ReplayTheSpireMod:Spearhead","Turnip","Mercury Hourglass","Charon\u0027s Ashes","Nunchaku","Replay:Baseball","Mirror","Blood Vial","Oddly Smooth Stone","Bag of Preparation","ClockworkSouvenir","hubris:TenFootPole","CeramicFish","Frozen Eye","Vajra","Kunai","Sling","Happy Flower","Bottled Flame","Boot","Toolbox"],"acts_visited":["Exordium","TheCity","TheBeyond"],"potions_floor_usage":[7,33],"damage_taken":[{"damage":3,"enemies":"Small Slimes","floor":1,"turns":5},{"damage":0,"enemies":"Jaw Worm","floor":5,"turns":5},{"damage":0,"enemies":"Lagavulin","floor":7,"turns":4},{"damage":0,"enemies":"Gremlin Nob","floor":10,"turns":3},{"damage":0,"enemies":"2 Louse","floor":11,"turns":1},{"damage":0,"enemies":"3 Sentries","floor":12,"turns":2},{"damage":0,"enemies":"Slime Boss","floor":16,"turns":5},{"damage":3,"enemies":"Spheric Guardian","floor":18,"turns":3},{"damage":19,"enemies":"3 Byrds","floor":20,"turns":4},{"damage":0,"enemies":"3 Cultists","floor":22,"turns":2},{"damage":0,"enemies":"Snecko","floor":27,"turns":3},{"damage":2,"enemies":"Gremlin Leader","floor":28,"turns":3},{"damage":11,"enemies":"Shelled Parasite and Fungi","floor":29,"turns":3},{"damage":13,"enemies":"Book of Stabbing","floor":31,"turns":3},{"damage":15,"enemies":"Champ","floor":33,"turns":5},{"damage":27,"enemies":"3 Shapes","floor":35,"turns":2},{"damage":6,"enemies":"Orb Walker","floor":36,"turns":3},{"damage":25,"enemies":"Jaw Worm Horde","floor":38,"turns":2},{"damage":11,"enemies":"Reptomancer","floor":40,"turns":3},{"damage":10,"enemies":"Writhing Mass","floor":42,"turns":2},{"damage":3,"enemies":"R_Hoarder","floor":46,"turns":3},{"damage":0,"enemies":"Giant Head","floor":48,"turns":3},{"damage":2,"enemies":"hubris:GrandSnecko","floor":50,"turns":2}],"seed_played":"2264086645056125856","potions_obtained":[{"floor":1,"key":"SpeedPotion"},{"floor":5,"key":"Fire Potion"},{"floor":20,"key":"PowerPotion"},{"floor":27,"key":"Adrenaline Potion"},{"floor":33,"key":"Explosive Potion"},{"floor":36,"key":"Elixir"}],"is_trial":false,"path_per_floor":["M","?","?","$","M","R","E","R","T","E","M","E","R","?","R","B",null,"M","?","M","$","M","R","T","?","T","M","E","M","?","E","R","B",null,"M","M","$","M","?","E","R","M","T","R","$","E","?","E","R","B",null],"character_chosen":"IRONCLAD","items_purchased":["Membership Card","Quantum Egg","hubris:PeanutButter","ReplayTheSpireMod:CursedCoin","MealTicket","OrangePellets","Searing Blow","Cleave","hubris:SlimyHat","MerchantsRug","The Courier","Metallicize","hubris:HerbalPaste","testmod-Charity","Anger","Twin Strike","Massacre","Iron Wave","Replay:Undeath\u0027s Touch","Turnip","Mercury Hourglass","Charon\u0027s Ashes","Nunchaku","Replay:Baseball","Mirror","Blood Vial","Oddly Smooth Stone","Bag of Preparation","ClockworkSouvenir","hubris:TenFootPole","CeramicFish","Frozen Eye","Vajra","Sling","Happy Flower","Toolbox"],"campfire_rested":1,"item_purchase_floors":[0,0,0,0,4,4,21,21,21,21,32,32,37,37,37,37,37,37,37,41,41,41,41,41,41,41,41,41,41,41,41,41,41,45,45,49],"current_hp_per_floor":[39,39,39,39,49,73,80,80,80,80,80,80,80,80,80,80,80,80,80,71,80,80,80,80,80,80,80,80,80,80,80,80,80,80,66,77,80,68,81,95,95,96,96,96,103,104,104,105,105,105],"gold":31,"neow_bonus":"","is_daily":false,"chose_seed":false,"campfire_upgraded":1,"win_rate":0.0,"timestamp":1614011715,"path_taken":["M","?","?","?","M","R","E","R","T","E","M","E","R","?","R","BOSS","M","?","M","$","M","R","?","?","T","M","E","M","?","E","R","BOSS","M","M","?","?","?","E","R","M","T","R","$","E","?","E","R","BOSS"],"items_purchased_type":["Relic","Relic","Relic","Relic","Relic","Relic","Card","Card","Relic","Relic","Relic","Card","Relic","Relic","Card","Card","Card","Card","Card","Relic","Relic","Relic","Relic","Relic","Relic","Relic","Relic","Relic","Relic","Relic","Relic","Relic","Relic","Relic","Relic","Relic"],"build_version":"2020-12-22","purchased_purges":24,"victory":true,"max_hp_per_floor":[80,80,80,80,80,80,80,80,80,80,80,80,80,80,80,80,80,80,80,80,80,80,80,80,80,80,80,80,80,80,80,80,80,80,80,80,80,81,94,95,95,96,96,96,103,104,104,105,105,105],"card_choices":[{"not_picked":["HalloweenModGhostCostume","HalloweenModTrick"],"picked":"HalloweenModCandy","floor":1},{"not_picked":["HalloweenModCandy","HalloweenModGhostCostume"],"picked":"HalloweenModTrick","floor":5},{"not_picked":["HalloweenModCandy","HalloweenModGhostCostume"],"picked":"HalloweenModTrick","floor":7},{"not_picked":["HalloweenModCandy","HalloweenModGhostCostume"],"picked":"HalloweenModTrick","floor":10},{"not_picked":["HalloweenModGhostCostume","HalloweenModTrick"],"picked":"HalloweenModCandy","floor":11},{"not_picked":["HalloweenModCandy","HalloweenModTrick"],"picked":"HalloweenModGhostCostume","floor":12},{"not_picked":["HalloweenModCandy","HalloweenModGhostCostume"],"picked":"HalloweenModTrick","floor":16},{"not_picked":["HalloweenModTrick","HalloweenModGhostCostume"],"picked":"HalloweenModCandy+1","floor":18},{"not_picked":["HalloweenModGhostCostume","HalloweenModTrick"],"picked":"HalloweenModCandy+1","floor":20},{"not_picked":["HalloweenModGhostCostume","HalloweenModCandy"],"picked":"HalloweenModTrick+1","floor":22},{"not_picked":["HalloweenModCandy","HalloweenModGhostCostume"],"picked":"HalloweenModTrick+1","floor":27},{"not_picked":["HalloweenModGhostCostume","HalloweenModCandy"],"picked":"HalloweenModTrick","floor":28},{"not_picked":["HalloweenModCandy","HalloweenModGhostCostume"],"picked":"HalloweenModTrick","floor":29},{"not_picked":["HalloweenModCandy","HalloweenModGhostCostume"],"picked":"HalloweenModTrick","floor":31},{"not_picked":["HalloweenModGhostCostume","HalloweenModCandy"],"picked":"HalloweenModTrick","floor":33},{"not_picked":["HalloweenModCandy","HalloweenModTrick"],"picked":"HalloweenModGhostCostume+1","floor":35},{"not_picked":["HalloweenModTrick","HalloweenModGhostCostume+1"],"picked":"HalloweenModCandy+1","floor":36},{"not_picked":["HalloweenModTrick","HalloweenModGhostCostume+1","HalloweenModCandy+1"],"picked":"SKIP","floor":38},{"not_picked":["HalloweenModTrick+1","HalloweenModCandy","HalloweenModGhostCostume"],"picked":"SKIP","floor":40},{"not_picked":["HalloweenModCandy","HalloweenModTrick","HalloweenModGhostCostume+1"],"picked":"SKIP","floor":42},{"not_picked":["HalloweenModGhostCostume","HalloweenModCandy+1","HalloweenModTrick+1"],"picked":"SKIP","floor":46},{"not_picked":["HalloweenModTrick","HalloweenModGhostCostume+1","HalloweenModCandy"],"picked":"SKIP","floor":48}],"player_experience":15437,"relics_obtained":[{"floor":7,"key":"Centennial Puzzle"},{"floor":10,"key":"PreservedInsect"},{"floor":12,"key":"Sundial"},{"floor":24,"key":"ReplayFunnel"},{"floor":26,"key":"testmod-InfectionSource"},{"floor":28,"key":"Darkstone Periapt"},{"floor":40,"key":"ReplayTheSpireMod:Spearhead"},{"floor":43,"key":"Kunai"},{"floor":46,"key":"Bottled Flame"},{"floor":48,"key":"Boot"}],"event_choices":[{"damage_healed":0,"gold_gain":0,"player_choice":"Take Wound","damage_taken":0,"relics_obtained":["Golden Idol"],"max_hp_gain":0,"max_hp_loss":0,"event_name":"Golden Idol","floor":14,"gold_loss":0,"cards_obtained":["Injury"]},{"damage_healed":0,"gold_gain":0,"player_choice":"Read","damage_taken":0,"max_hp_gain":0,"max_hp_loss":0,"event_name":"The Library","floor":25,"gold_loss":0,"cards_obtained":["BloodHunter"]},{"cards_removed":["Searing Blow"],"damage_healed":0,"gold_gain":0,"player_choice":"Purged","damage_taken":0,"max_hp_gain":0,"max_hp_loss":0,"event_name":"Purifier","floor":30,"gold_loss":0},{"damage_healed":0,"gold_gain":999,"player_choice":"Gold","damage_taken":0,"max_hp_gain":0,"max_hp_loss":0,"event_name":"MindBloom","floor":39,"gold_loss":0,"cards_obtained":["Normality","Normality"]},{"cards_removed":["Survivor"],"damage_healed":0,"gold_gain":0,"player_choice":"Offered Basic","damage_taken":0,"max_hp_gain":0,"max_hp_loss":0,"event_name":"Bonfire Elementals","floor":47,"gold_loss":0}],"is_beta":false,"boss_relics":[{"not_picked":["hubris:RunicObelisk","Ectoplasm"],"picked":"Runic Cube"},{"not_picked":["Replay:Ancient Bell","ChewingGum"],"picked":"Replay:Bronze Core"}],"items_purged_floors":[0,0,4,21,21,21,21,21,21,21,21,21,32,32,32,37,37,37,37,37,37,37,37,45],"is_endless":false,"potions_floor_spawned":[1,5,20,27,28,31,33,36,38,40,48],"ascension_level":9}}