{"host":"tr0r177cvmpvg89h","time":1614004359,"event":{"mods":["BaseMod","Colored Map","DeckTracker","Minty Spire (QoL Compilation)","StSLib","SuperFastMode"],"gold_per_floor":[111,111,286,302,313,313,344,89,112,112,123,133,150,162,162,260,260,279,279,369,383,184,184,184],"floor_reached":23,"language":"KOR","playtime":1392,"items_purged":["Doubt","Strike_B"],"score":193,"play_id":"8d52f549-c0af-4a1b-ae46-f49797d0da40","local_time":"20210222233239","is_ascension_mode":false,"campfire_choices":[{"data":"Dualcast","floor":6,"key":"SMITH"},{"floor":10,"key":"REST"},{"floor":15,"key":"REST"}],"circlet_count":0,"master_deck":["Strike_B","Strike_B","Strike_B","Defend_B","Defend_B","Defend_B","Defend_B","Zap","Dualcast+1","Barrage","Steam","Compile Driver","Ball Lightning","Defragment","Defragment","Ball Lightning","Coolheaded","Doom and Gloom","Amplify","Sweeping Beam","Panacea","Jack Of All Trades","Hello World"],"relics":["Cracked Core","NeowsBlessing","Vajra","Tiny Chest","Pen Nib","Omamori","Calling Bell","Dream Catcher","Matryoshka","Girya","Potion Belt","Membership Card"],"acts_visited":["Exordium","TheCity"],"potions_floor_usage":[7,7,16,16,16],"damage_taken":[{"damage":0,"enemies":"2 Louse","floor":1,"turns":1},{"damage":0,"enemies":"Jaw Worm","floor":4,"turns":1},{"damage":0,"enemies":"Small Slimes","floor":5,"turns":1},{"damage":56,"enemies":"3 Sentries","floor":7,"turns":11},{"damage":0,"enemies":"3 Louse","floor":11,"turns":2},{"damage":16,"enemies":"Lots of Slimes","floor":12,"turns":4},{"damage":0,"enemies":"Large Slime","floor":13,"turns":3},{"damage":0,"enemies":"3 Louse","floor":14,"turns":2},{"damage":18,"enemies":"Hexaghost","floor":16,"turns":9},{"damage":11,"enemies":"Chosen","floor":18,"turns":5},{"damage":14,"enemies":"Shell Parasite","floor":21,"turns":5},{"damage":32,"enemies":"Book of Stabbing","floor":23,"turns":3}],"seed_played":"506633140205188535","potions_obtained":[{"floor":4,"key":"Explosive Potion"},{"floor":5,"key":"FearPotion"},{"floor":7,"key":"Ancient Potion"},{"floor":12,"key":"DuplicationPotion"},{"floor":14,"key":"SkillPotion"}],"is_trial":false,"path_per_floor":["M","?","?","M","M","R","E","$","T","R","M","M","M","M","R","B",null,"M","?","?","M","$","E"],"character_chosen":"DEFECT","items_purchased":["Defragment","Pen Nib","Membership Card"],"campfire_rested":2,"item_purchase_floors":[8,8,22],"current_hp_per_floor":[75,68,68,68,68,68,12,12,12,34,34,18,18,18,40,22,75,64,64,39,25,25,0,0],"gold":184,"neow_bonus":"THREE_ENEMY_KILL","is_daily":false,"chose_seed":false,"campfire_upgraded":1,"win_rate":0.0,"timestamp":1614004359,"path_taken":["M","?","?","M","M","R","E","$","T","R","M","M","M","M","R","BOSS","M","?","?","M","$","E"],"items_purchased_type":["Card","Relic","Relic"],"build_version":"2020-12-22","purchased_purges":2,"victory":false,"max_hp_per_floor":[75,75,75,75,75,75,75,75,75,75,75,75,75,75,75,75,75,75,75,75,75,75,75,75],"card_choices":[{"not_picked":["Sweeping Beam","Reinforced Body"],"picked":"Barrage","floor":1},{"not_picked":["Chill","Steam Power"],"picked":"Steam","floor":4},{"not_picked":["Hologram","Stack"],"picked":"Compile Driver","floor":5},{"not_picked":["Barrage","All For One"],"picked":"Ball Lightning","floor":7},{"not_picked":["Beam Cell","Consume"],"picked":"Defragment","floor":11},{"not_picked":["Barrage","Compile Driver"],"picked":"Ball Lightning","floor":12},{"not_picked":["Tempest","Barrage"],"picked":"Coolheaded","floor":13},{"not_picked":["Fission","Redo"],"picked":"Doom and Gloom","floor":14},{"not_picked":["Rainbow","Thunder Strike"],"picked":"Amplify","floor":16},{"not_picked":["Steam Power","Beam Cell"],"picked":"Sweeping Beam","floor":18},{"not_picked":["Lockon","Tempest+1"],"picked":"Hello World","floor":21}],"player_experience":129517,"relics_obtained":[{"floor":7,"key":"Tiny Chest"},{"floor":9,"key":"Omamori"},{"floor":17,"key":"Dream Catcher"},{"floor":17,"key":"Matryoshka"},{"floor":17,"key":"Girya"}],"event_choices":[{"damage_healed":0,"gold_gain":0,"player_choice":"Success","damage_taken":7,"relics_obtained":["Vajra"],"max_hp_gain":0,"max_hp_loss":0,"event_name":"Scrap Ooze","floor":2,"gold_loss":0},{"damage_healed":0,"gold_gain":175,"player_choice":"AGREE","damage_taken":0,"max_hp_gain":0,"max_hp_loss":0,"event_name":"Liars Game","floor":3,"gold_loss":0,"cards_obtained":["Doubt"]},{"damage_healed":0,"gold_gain":0,"player_choice":"Stole Relic","damage_taken":0,"relics_obtained":["Potion Belt"],"max_hp_gain":0,"max_hp_loss":0,"event_name":"Addict","floor":19,"gold_loss":0,"cards_obtained":["Shame"]},{"damage_healed":0,"gold_gain":90,"player_choice":"CARD GOLD CARD ","damage_taken":25,"max_hp_gain":0,"max_hp_loss":0,"event_name":"Knowing Skull","floor":20,"potions_obtained":[],"gold_loss":0,"cards_obtained":["Panacea","Jack Of All Trades"]}],"is_beta":false,"boss_relics":[{"not_picked":["Busted Crown","Tiny House"],"picked":"Calling Bell"}],"items_purged_floors":[8,22],"is_endless":false,"potions_floor_spawned":[4,5,7,12,14],"killed_by":"Book of Stabbing","ascension_level":0}}