{"host":"g7uq9uzahx9e0kti","time":1614001160,"event":{"mods":["100% Spire Juice","AchievementEnabler","Act Like it!","BaseMod","CapriCore","GungeonMod","Hermit","Koishi","Minty Spire (QoL Compilation)","Permanent Neow","Quick Restart","Replay The Spire","StSLib","SuperFastMode","The Bug Knight","The Cursed","Together in Spire","WarShipGirlsR/??á´Ò³R mod"],"gold_per_floor":[119,109,129,149,174,174,205,285,309,309,309,327,292,304,304,409,409,424,424,435,206,219,248,248,279,279,128,0,19,19,19,19,117,117,133,408,428,339,33,33],"floor_reached":39,"language":"KOR","playtime":1548,"items_purged":["Delirium","Injury"],"score":719,"play_id":"29597d62-e342-4542-afa2-1c1ad0c41b64","local_time":"20210222223920","is_ascension_mode":false,"campfire_choices":[{"data":"1","floor":6,"key":"LIFT"},{"data":"2","floor":11,"key":"LIFT"},{"data":"3","floor":15,"key":"LIFT"},{"data":"Clumsy","floor":24,"key":"PURGE"},{"data":"TheCursedMod:Dregs","floor":30,"key":"PURGE"},{"data":"rmod:aggressivemary","floor":32,"key":"SMITH"}],"circlet_count":0,"master_deck":["rmod:defend","rmod:defend","rmod:defend","rmod:defend","rmod:basicallowance","rmod:maingunfire","DemoMod:TableTechBlanks","rmod:ammunitionsupply","rmod:aggressivemary+1","rmod:combined","rmod:gendarmerie","rmod:fuelsupply","rmod:overbreakdown","rmod:maingunfire","rmod:tearstotiara","rmod:unsinkable","rmod:acesubmarine","rmod:fuelsupply","Bite","Bite","Bite","Bite","Bite","rmod:lonelyqueen","rmod:tearstotiara","rmod:wasp+1","rmod:ammunitionsupply","rmod:garrisonisland","Necronomicurse","Regret","rmod:fletcherpendant+1","rmod:aggressivemary"],"relics":["rmod:firstchargereward","Girya","Regal Pillow","DemoMod:WhiteGuonStone","DemoMod:LamentConfigurum","Replay:Ancient Bell","Akabeko","Meat on the Bone","Peace Pipe","Bronze Scales","Replay:Wax Seal","rmod:extraamm","Ice Cream","Pet Ghost","Necronomicon","Replay:Bronze Core","DemoMod:RingOfEthereal"],"acts_visited":["Exordium","TheCity","TheBeyond"],"potions_floor_usage":[25,33,33],"damage_taken":[{"damage":4,"enemies":"Small Slimes","floor":1,"turns":3},{"damage":0,"enemies":"2 Louse","floor":3,"turns":1},{"damage":0,"enemies":"Cultist","floor":4,"turns":3},{"damage":13,"enemies":"Gremlin Nob","floor":7,"turns":5},{"damage":32,"enemies":"Exordium Thugs","floor":12,"turns":6},{"damage":6,"enemies":"Blue Slaver","floor":14,"turns":3},{"damage":15,"enemies":"Slime Boss","floor":16,"turns":8},{"damage":16,"enemies":"3 Byrds","floor":18,"turns":7},{"damage":0,"enemies":"Spheric Guardian","floor":20,"turns":4},{"damage":11,"enemies":"Cultist and Chosen","floor":22,"turns":5},{"damage":0,"enemies":"Gremlin Leader","floor":23,"turns":4},{"damage":18,"enemies":"Book of Stabbing","floor":25,"turns":4},{"damage":0,"enemies":"Snake Plant","floor":29,"turns":3},{"damage":4,"enemies":"Pondfish","floor":33,"turns":7},{"damage":1,"enemies":"3 Darklings","floor":35,"turns":6},{"damage":6,"enemies":"Orb Walker","floor":37,"turns":3},{"damage":19,"enemies":"Maw","floor":38,"turns":7}],"seed_played":"-1281207090236965911","potions_obtained":[{"floor":3,"key":"DemoMod:LeadSkinPotion"},{"floor":4,"key":"Dexterity Potion"},{"floor":29,"key":"AttackPotion"}],"is_trial":false,"path_per_floor":["M","?","M","M","T","R","E","?","T","?","R","M","?","M","R","B",null,"M","?","M","$","M","E","R","E","T","$","?","M","R","?","R","B",null,"M","?","M","M","$"],"character_chosen":"PRAEFECT","items_purchased":["Bronze Scales","Pet Ghost","DemoMod:RingOfEthereal"],"campfire_rested":0,"item_purchase_floors":[21,27,39],"current_hp_per_floor":[71,71,71,71,71,71,58,58,58,58,58,26,44,38,38,23,75,59,52,52,52,43,49,49,34,34,34,34,42,42,26,26,38,52,52,52,48,33,33,33],"gold":33,"neow_bonus":"ONE_RARE_RELIC","is_daily":false,"chose_seed":false,"campfire_upgraded":1,"win_rate":0.0,"timestamp":1614001160,"path_taken":["M","?","M","M","?","R","E","?","T","?","R","?","?","M","R","BOSS","M","?","M","$","M","E","R","E","T","$","?","M","R","?","R","BOSS","M","?","?","M","$"],"items_purchased_type":["Relic","Relic","Relic"],"build_version":"2020-12-22","purchased_purges":2,"victory":false,"max_hp_per_floor":[75,75,75,75,75,75,75,75,75,75,75,75,75,75,75,75,75,75,52,52,52,52,52,52,52,52,52,52,52,52,52,52,52,52,52,52,52,52,52,52],"card_choices":[{"not_picked":["rmod:unsinkable","rmod:luckystar"],"picked":"rmod:ammunitionsupply","floor":1},{"not_picked":[],"picked":"rmod:aggressivemary","floor":2},{"not_picked":[],"picked":"rmod:combined","floor":2},{"not_picked":["rmod:shuttlebombing","rmod:fletcherpendant"],"picked":"rmod:gendarmerie","floor":3},{"not_picked":["rmod:luckystar","rmod:supportescort"],"picked":"rmod:fuelsupply","floor":4},{"not_picked":["rmod:generalist","rmod:capitalist"],"picked":"rmod:overbreakdown","floor":7},{"not_picked":["rmod:ring","rmod:overbreakdown"],"picked":"rmod:unsinkable","floor":12},{"not_picked":["rmod:sl","rmod:highspeedshooting","rmod:wolves"],"picked":"SKIP","floor":14},{"not_picked":["rmod:desperatesituation","rmod:saltedfish"],"picked":"rmod:acesubmarine","floor":16},{"not_picked":["Delirium","ReplayTheSpireMod:IOU"],"picked":"Injury","floor":17},{"not_picked":["AbeCurse","hermit:ImpendingDoom"],"picked":"Clumsy","floor":17},{"not_picked":["Clumsy","Languid"],"picked":"TheCursedMod:Dregs","floor":17},{"not_picked":["rmod:saltedfish","rmod:combined"],"picked":"rmod:fuelsupply","floor":18},{"not_picked":["rmod:highspeedshooting","rmod:launchingtorpedo"],"picked":"rmod:lonelyqueen","floor":20},{"not_picked":["rmod:firesupport+1","rmod:combined"],"picked":"rmod:tearstotiara","floor":22},{"not_picked":["rmod:selfconfidence","rmod:generalist"],"picked":"rmod:wasp+1","floor":23},{"not_picked":["rmod:aluminumsupply","rmod:royalracing+1"],"picked":"rmod:ammunitionsupply","floor":25},{"not_picked":["rmod:fuelsupply","rmod:fletcher"],"picked":"rmod:garrisonisland","floor":29},{"not_picked":["rmod:intelligenceanalysis","rmod:diamondstrike","rmod:highspeedshooting"],"picked":"SKIP","floor":35},{"not_picked":["rmod:bulid+1","rmod:combined"],"picked":"rmod:fletcherpendant+1","floor":37},{"not_picked":["rmod:fuelsupply+1","rmod:victimresponsibility+1"],"picked":"rmod:aggressivemary","floor":38}],"player_experience":137843,"relics_obtained":[{"floor":5,"key":"Regal Pillow"},{"floor":7,"key":"DemoMod:WhiteGuonStone"},{"floor":9,"key":"DemoMod:LamentConfigurum"},{"floor":23,"key":"Replay:Wax Seal"},{"floor":25,"key":"rmod:extraamm"},{"floor":26,"key":"Ice Cream"},{"floor":31,"key":"Necronomicon"}],"event_choices":[{"damage_healed":0,"gold_gain":0,"player_choice":"2 cards matched","damage_taken":0,"max_hp_gain":0,"max_hp_loss":0,"event_name":"Match and Keep!","floor":10,"gold_loss":0,"cards_obtained":["rmod:maingunfire","rmod:tearstotiara"]},{"damage_healed":18,"gold_gain":0,"player_choice":"Healed","damage_taken":0,"max_hp_gain":0,"max_hp_loss":0,"event_name":"The Cleric","floor":13,"gold_loss":35},{"damage_healed":0,"gold_gain":0,"player_choice":"Became a vampire","damage_taken":0,"max_hp_gain":0,"max_hp_loss":23,"event_name":"Vampires","floor":19,"gold_loss":0,"cards_obtained":["Bite","Bite","Bite","Bite","Bite"]},{"damage_healed":0,"gold_gain":0,"player_choice":"Paid Fearfully","damage_taken":0,"max_hp_gain":0,"max_hp_loss":0,"event_name":"Masked Bandits","floor":28,"gold_loss":128},{"damage_healed":0,"gold_gain":0,"player_choice":"Obtained Book","damage_taken":16,"max_hp_gain":0,"max_hp_loss":0,"event_name":"Cursed Tome","floor":31,"gold_loss":0},{"damage_healed":0,"gold_gain":275,"player_choice":"Desecrate","damage_taken":0,"max_hp_gain":0,"max_hp_loss":0,"event_name":"Golden Shrine","floor":36,"gold_loss":0,"cards_obtained":["Regret"]}],"is_beta":false,"boss_relics":[{"not_picked":["Replay:Drink Me","Calling Bell"],"picked":"Replay:Ancient Bell"},{"not_picked":["Replay:Rubber Ducky","DemoMod:ClearGuonStone"],"picked":"Akabeko"},{"not_picked":["Golden Egg","DemoMod:Bottle"],"picked":"Meat on the Bone"},{"not_picked":["Bird Faced Urn","WingedGreaves"],"picked":"Peace Pipe"},{"not_picked":["Fusion Hammer","SacredBark"],"picked":"Replay:Bronze Core"}],"items_purged_floors":[21,27],"is_endless":false,"potions_floor_spawned":[3,4,7,16,18,22,23,29],"ascension_level":0}}