{"host":"a6m4v7p1efmaozv7","time":1614014528,"event":{"mods":["BaseMod","Colored Map","Colored Powertips","DeckTracker","Keyboard Shortcuts","Minty Spire (QoL Compilation)","Permanent Neow","Relic Stats","StSLib","SuperFastMode"],"gold_per_floor":[117,127,127,190,201,176,236,286,332,348,348,106,106,122,122,197,197,216,236,2,20,70,70,120,189,189,239,289,289,289],"floor_reached":29,"language":"ENG","playtime":597,"items_purged":["Strike_G","Decay","Riddle With Holes"],"score":434,"play_id":"ecc7f102-0f1f-43b4-a798-6a3d85027c0f","local_time":"20210223022208","is_ascension_mode":true,"campfire_choices":[{"data":"Noxious Fumes","floor":11.0,"key":"SMITH"},{"data":"Neutralize","floor":13.0,"key":"SMITH"},{"data":"Backflip","floor":15.0,"key":"SMITH"},{"floor":23,"key":"REST"}],"circlet_count":0,"master_deck":["AscendersBane","Survivor","Neutralize+1","Quick Slash","Noxious Fumes+1","Backflip+1","Tactician","Adrenaline","Flying Knee","Infinite Blades","Underhanded Strike","Backstab","Eviscerate","Corpse Explosion","Prepared"],"relics":["Ring of the Snake","SsserpentHead","Potion Belt","Pandora\u0027s Box","Membership Card","Mercury Hourglass","Kunai"],"acts_visited":["Exordium","TheCity"],"potions_floor_usage":[21],"damage_taken":[{"damage":7.0,"enemies":"Small Slimes","floor":1.0,"turns":5.0},{"damage":3.0,"enemies":"Cultist","floor":2.0,"turns":5.0},{"damage":1.0,"enemies":"2 Louse","floor":4.0,"turns":2.0},{"damage":11.0,"enemies":"Exordium Thugs","floor":5.0,"turns":5.0},{"damage":10.0,"enemies":"2 Fungi Beasts","floor":7.0,"turns":4.0},{"damage":0.0,"enemies":"Gremlin Gang","floor":10.0,"turns":3.0},{"damage":16.0,"enemies":"Large Slime","floor":14.0,"turns":9.0},{"damage":10.0,"enemies":"The Guardian","floor":16.0,"turns":13.0},{"damage":19.0,"enemies":"Spheric Guardian","floor":18.0,"turns":4.0},{"damage":4.0,"enemies":"3 Byrds","floor":19.0,"turns":2.0},{"damage":25,"enemies":"Sentry and Sphere","floor":21,"turns":4},{"damage":20,"enemies":"Shelled Parasite and Fungi","floor":25,"turns":3},{"damage":0,"enemies":"Snecko","floor":29,"turns":2}],"seed_played":"-632765858140912631","potions_obtained":[{"floor":4.0,"key":"Fire Potion"},{"floor":5.0,"key":"Explosive Potion"},{"floor":7.0,"key":"Strength Potion"},{"floor":14.0,"key":"Energy Potion"},{"floor":25,"key":"Fruit Juice"}],"is_trial":false,"path_per_floor":["M","M","?","M","M","$","M","?","T","M","R","$","R","M","R","B",null,"M","M","$","M","?","R","?","M","T","?","?","M"],"character_chosen":"THE_SILENT","items_purchased":["Tactician","Block Potion","Membership Card"],"campfire_rested":1,"item_purchase_floors":[12,12,20],"current_hp_per_floor":[52,49,49,48,37,37,27,27,27,27,27,27,27,11,11,1,50,31,27,27,2,2,21,21,1,1,1,1,1,1],"gold":289,"neow_bonus":"REMOVE_CARD","is_daily":false,"chose_seed":false,"campfire_upgraded":3,"win_rate":0.0,"timestamp":1614014528,"path_taken":["M","M","?","?","M","?","?","?","T","M","R","$","R","M","R","BOSS","M","M","$","M","?","R","?","?","T","?","?","M"],"items_purchased_type":["Card","Potion","Relic"],"build_version":"2020-12-22","purchased_purges":3,"victory":false,"max_hp_per_floor":[66,66,66,66,66,66,66,66,66,66,66,66,66,66,66,66,66,66,66,66,66,66,66,66,66,66,66,66,66,66],"relic_stats":{"SsserpentHead":450,"counters":[13,61],"Pandora\u0027s Box":["Flying Knee","Riddle With Holes","Terror","Infinite Blades","Underhanded Strike","Backstab","Eviscerate","Corpse Explosion"],"Kunai":[2],"obtain_stats":[{"Potion Belt":9,"SsserpentHead":3,"Pandora\u0027s Box":17,"Membership Card":20,"Kunai":26,"Ring of the Snake":0,"Mercury Hourglass":24},{"Potion Belt":5,"SsserpentHead":2,"Pandora\u0027s Box":8,"Membership Card":10,"Kunai":12,"Ring of the Snake":0,"Mercury Hourglass":11},{"Potion Belt":21,"SsserpentHead":10,"Pandora\u0027s Box":46,"Membership Card":52,"Kunai":59,"Ring of the Snake":0,"Mercury Hourglass":56}],"Ring of the Snake":[26],"Mercury Hourglass":[15]},"card_choices":[{"not_picked":["Sucker Punch","Cloak And Dagger","Bane"],"picked":"SKIP","floor":1.0},{"not_picked":["PiercingWail","Accuracy"],"picked":"Quick Slash","floor":2.0},{"not_picked":["Choke","Underhanded Strike"],"picked":"Noxious Fumes","floor":4.0},{"not_picked":["Footwork","Heel Hook"],"picked":"Backflip","floor":5.0},{"not_picked":["Terror","Slice","Blade Dance"],"picked":"SKIP","floor":7.0},{"not_picked":["Crippling Poison","Terror","Prepared"],"picked":"SKIP","floor":10.0},{"not_picked":["Dagger Spray","Dodge and Roll","Deflect"],"picked":"SKIP","floor":14.0},{"not_picked":["A Thousand Cuts","Glass Knife"],"picked":"Adrenaline","floor":16.0},{"not_picked":["Sucker Punch+1","Skewer"],"picked":"Prepared","floor":18.0},{"not_picked":["Calculated Gamble","Finisher","Bane"],"picked":"SKIP","floor":19.0},{"not_picked":["Slice","Crippling Poison","Quick Slash"],"picked":"SKIP","floor":21},{"not_picked":["Noxious Fumes","Predator+1","Deflect"],"picked":"SKIP","floor":25}],"player_experience":2021711,"relics_obtained":[{"floor":9.0,"key":"Potion Belt"},{"floor":26,"key":"Kunai"}],"event_choices":[{"damage_healed":0.0,"max_hp_gain":0.0,"max_hp_loss":0.0,"gold_gain":0.0,"event_name":"FaceTrader","player_choice":"Trade","floor":3.0,"gold_loss":0.0,"damage_taken":0.0,"relics_obtained":["SsserpentHead"]},{"damage_healed":0.0,"max_hp_gain":0.0,"max_hp_loss":0.0,"gold_gain":0.0,"event_name":"Wheel of Change","player_choice":"Cursed","floor":8.0,"gold_loss":0.0,"damage_taken":0.0,"cards_obtained":["Decay"]},{"cards_removed":["Terror"],"damage_healed":0,"gold_gain":0,"player_choice":"Gave Card","damage_taken":0,"relics_obtained":["Mercury Hourglass"],"max_hp_gain":0,"max_hp_loss":0,"event_name":"WeMeetAgain","floor":24,"gold_loss":0},{"damage_healed":0,"gold_gain":0,"player_choice":"Ignored","damage_taken":0,"max_hp_gain":0,"max_hp_loss":0,"event_name":"Vampires","floor":27,"gold_loss":0},{"damage_healed":0,"gold_gain":0,"player_choice":"Ignored","damage_taken":0,"max_hp_gain":0,"max_hp_loss":0,"event_name":"The Mausoleum","floor":28,"gold_loss":0}],"is_beta":false,"boss_relics":[{"not_picked":["Runic Dome","Philosopher\u0027s Stone"],"picked":"Pandora\u0027s Box"}],"items_purged_floors":[6,12,20],"is_endless":false,"potions_floor_spawned":[4,5,7,14,25],"killed_by":"Snecko","ascension_level":20}}