{"host":"5xkp6lbjk85sl3i7","time":1614017750,"event":{"mods":["BaseMod","Better Match","Better Note","Colored Powertips","Curses Come First","Hermit","Highlight Path","Minty Spire (QoL Compilation)","Quick Restart","Replay The Spire","StSLib","The Cursed"],"gold_per_floor":[116,116,49,149,163,188,188,217,217,228,239,239,256,72,72,176,176,196,213,231,231,231,257,257,323,400,188,103,103,113,38,38,139,139,153,153,182,208,234,234,438,456,483,513,565,565,575,575],"floor_reached":47,"language":"ENG","playtime":4659,"items_purged":["Doubt"],"score":659,"play_id":"31d9fc88-693e-4048-ba13-904ea506ebdf","local_time":"20210222131550","is_ascension_mode":true,"campfire_choices":[{"floor":7,"key":"REST"},{"floor":15,"key":"REST"},{"floor":24,"key":"REST"},{"floor":29,"key":"REST"},{"floor":32,"key":"REST"},{"floor":40,"key":"REST"}],"circlet_count":0,"master_deck":["hermit:Strike_Hermit","hermit:Strike_Hermit","hermit:Strike_Hermit","hermit:Strike_Hermit","hermit:Defend_Hermit","hermit:Defend_Hermit","hermit:Defend_Hermit","hermit:Defend_Hermit","hermit:Snapshot","hermit:Covet+1","hermit:ItchyTrigger+1","hermit:BigShot","hermit:Horror","hermit:BlackWind","hermit:GoldenBullet","hermit:CursedWeapon","hermit:Glare","hermit:Brawl","hermit:ItchyTrigger","hermit:DeadOrAlive","hermit:Enervate+1","hermit:PistolWhip","RitualDagger","hermit:CursedWeapon","hermit:Determination+1","hermit:Determination+1","hermit:Dive+1","hermit:DeadOrAlive","hermit:WideOpen+1","Decay","hermit:Vantage+1","ReplayTheSpireMod:Splinters","hermit:Desperado+1","hermit:ItchyTrigger+1","hermit:Ricochet+1"],"relics":["hermit:Momento","Replay:Towering Pillar of Hats","ReplayTheSpireMod:Shallot","Mirror","Vajra","Strawberry","Fusion Hammer","Mummified Hand","Frozen Egg 2","White Beast Statue","Sling","Onion Ring","Replay:Bronze Core","Replay:Bandana","Pet Ghost","Replay:Rubber Ducky"],"acts_visited":["Exordium","TheCity","TheBeyond"],"potions_floor_usage":[6,8,16,18,23,25,30,33,38,42,42,45,45],"damage_taken":[{"damage":1,"enemies":"Jaw Worm","floor":1,"turns":4},{"damage":5,"enemies":"Cultist","floor":5,"turns":4},{"damage":38,"enemies":"3 Sentries","floor":6,"turns":10},{"damage":1,"enemies":"Gremlin Nob","floor":8,"turns":3},{"damage":0,"enemies":"Small Slimes","floor":10,"turns":2},{"damage":8,"enemies":"Gremlin Gang","floor":11,"turns":4},{"damage":2,"enemies":"Exordium Wildlife","floor":13,"turns":2},{"damage":17,"enemies":"Fading Forest","floor":16,"turns":11},{"damage":12,"enemies":"Spheric Guardian","floor":18,"turns":4},{"damage":12,"enemies":"Shell Parasite","floor":19,"turns":3},{"damage":21,"enemies":"Snake Plant","floor":20,"turns":3},{"damage":13,"enemies":"Book of Stabbing","floor":23,"turns":2},{"damage":35,"enemies":"Slavers","floor":25,"turns":5},{"damage":2,"enemies":"Snecko","floor":30,"turns":2},{"damage":45,"enemies":"Champ","floor":33,"turns":8},{"damage":4,"enemies":"Orb Walker","floor":35,"turns":3},{"damage":17,"enemies":"3 Shapes","floor":37,"turns":3},{"damage":26,"enemies":"Jaw Worm Horde","floor":38,"turns":4},{"damage":17,"enemies":"Nemesis","floor":42,"turns":4},{"damage":26,"enemies":"Maw","floor":44,"turns":5},{"damage":3,"enemies":"Reptomancer","floor":45,"turns":4},{"damage":14,"enemies":"Nemesis","floor":47,"turns":2}],"seed_played":"7043729612846186747","potions_obtained":[{"floor":5,"key":"Elixir"},{"floor":6,"key":"hermit:Tonic"},{"floor":13,"key":"ColorlessPotion"},{"floor":16,"key":"hermit:Tonic"},{"floor":18,"key":"Elixir"},{"floor":20,"key":"Death Potion"},{"floor":25,"key":"Explosive Potion"},{"floor":30,"key":"LiquidBronze"},{"floor":33,"key":"SmokeBomb"},{"floor":35,"key":"SkillPotion"},{"floor":37,"key":"LiquidBronze"},{"floor":38,"key":"FearPotion"},{"floor":44,"key":"Toxic Potion"},{"floor":45,"key":"Explosive Potion"}],"is_trial":false,"path_per_floor":["M","?","$","?","M","E","R","E","T","M","M","?","M","$","R","B",null,"M","M","M","?","?","E","R","E","T","$","?","R","M","$","R","B",null,"M","?","M","M","T","R","?","E","T","M","E","?","E"],"character_chosen":"HERMIT","items_purchased":["hermit:BigShot","Strawberry","hermit:ItchyTrigger","Sling","hermit:Determination+1"],"campfire_rested":6,"item_purchase_floors":[3,14,14,27,27],"current_hp_per_floor":[74,59,59,59,54,16,38,37,37,37,29,29,27,34,58,41,82,70,58,37,31,31,18,42,7,7,7,7,31,29,29,53,8,82,78,78,61,35,35,59,59,42,42,16,13,13,0,0],"gold":575,"neow_bonus":"ONE_RARE_RELIC","is_daily":false,"chose_seed":false,"campfire_upgraded":0,"win_rate":0.0,"timestamp":1614017750,"path_taken":["M","?","$","?","M","E","R","E","T","?","M","?","M","$","R","BOSS","M","?","M","?","?","E","R","E","T","?","?","R","M","?","R","BOSS","M","?","?","M","?","R","?","E","T","M","E","?","E"],"items_purchased_type":["Card","Relic","Card","Relic","Card"],"build_version":"2020-12-22","purchased_purges":1,"victory":false,"max_hp_per_floor":[75,75,75,75,75,75,75,75,75,75,75,75,75,82,82,82,82,82,82,82,82,82,82,82,82,82,82,82,82,82,82,82,82,82,82,82,82,82,82,82,82,82,82,82,82,82,82,82],"card_choices":[{"not_picked":["hermit:Feint","hermit:Roulette"],"picked":"hermit:ItchyTrigger","floor":1},{"not_picked":["hermit:Shortfuse","hermit:Gestalt"],"picked":"hermit:Horror","floor":5},{"not_picked":["hermit:HighCaliber","hermit:HoleUp"],"picked":"hermit:BlackWind","floor":6},{"not_picked":["hermit:Manifest","hermit:Quickdraw"],"picked":"hermit:GoldenBullet","floor":8},{"not_picked":["hermit:Snipe","hermit:ItchyTrigger"],"picked":"hermit:CursedWeapon","floor":10},{"not_picked":["hermit:Cheat","hermit:Showdown"],"picked":"hermit:Glare","floor":11},{"not_picked":["hermit:Cheat","hermit:HoleUp"],"picked":"hermit:Brawl","floor":13},{"not_picked":["hermit:BlackWind","hermit:FinalCanter"],"picked":"hermit:DeadOrAlive","floor":16},{"not_picked":["hermit:Feint","hermit:LoneWolf","hermit:FullyLoaded+1"],"picked":"SKIP","floor":18},{"not_picked":["hermit:Shortfuse","hermit:Roulette"],"picked":"hermit:Enervate+1","floor":19},{"not_picked":["hermit:CalledShot","hermit:TrackingShot"],"picked":"hermit:PistolWhip","floor":20},{"not_picked":["hermit:Showdown+1","hermit:Misfire"],"picked":"hermit:CursedWeapon","floor":23},{"not_picked":["hermit:Shortfuse","hermit:Manifest+1"],"picked":"hermit:Determination+1","floor":25},{"not_picked":["hermit:Roulette","hermit:LowProfile"],"picked":"hermit:Dive+1","floor":30},{"not_picked":["hermit:EternalForm+1","hermit:FromBeyond"],"picked":"hermit:DeadOrAlive","floor":33},{"not_picked":["hermit:Glare","hermit:LuckOfTheDraw+1"],"picked":"hermit:WideOpen+1","floor":35},{"not_picked":["hermit:Misfire+1","hermit:Scavenge","hermit:HighCaliber"],"picked":"SKIP","floor":37},{"not_picked":["hermit:HighCaliber","hermit:EternalForm+1"],"picked":"hermit:Vantage+1","floor":38},{"not_picked":["hermit:Virtue","hermit:Cheat"],"picked":"hermit:Desperado+1","floor":41},{"not_picked":["hermit:HighCaliber+1","hermit:Brawl+1"],"picked":"hermit:ItchyTrigger+1","floor":44},{"not_picked":["hermit:Snipe","hermit:Reprieve"],"picked":"hermit:Ricochet+1","floor":45}],"player_experience":743414,"relics_obtained":[{"floor":6,"key":"ReplayTheSpireMod:Shallot"},{"floor":8,"key":"Mirror"},{"floor":9,"key":"Vajra"},{"floor":23,"key":"Mummified Hand"},{"floor":25,"key":"Frozen Egg 2"},{"floor":26,"key":"White Beast Statue"},{"floor":39,"key":"Replay:Bandana"},{"floor":43,"key":"Pet Ghost"},{"floor":45,"key":"Replay:Rubber Ducky"}],"event_choices":[{"damage_healed":0,"gold_gain":0,"player_choice":"Entered Light","damage_taken":15,"max_hp_gain":0,"max_hp_loss":0,"event_name":"Shining Light","floor":2,"gold_loss":0,"cards_upgraded":["hermit:ItchyTrigger","hermit:Covet"]},{"damage_healed":0,"gold_gain":100,"player_choice":"Gold","damage_taken":0,"max_hp_gain":0,"max_hp_loss":0,"event_name":"Wheel of Change","floor":4,"gold_loss":0},{"damage_healed":0,"gold_gain":0,"player_choice":"Ignored","damage_taken":0,"max_hp_gain":0,"max_hp_loss":0,"event_name":"Fountain of Cleansing","floor":12,"gold_loss":0},{"damage_healed":0,"gold_gain":0,"player_choice":"Joined the Cult","damage_taken":6,"max_hp_gain":0,"max_hp_loss":0,"event_name":"Nest","floor":21,"gold_loss":0,"cards_obtained":["RitualDagger"]},{"damage_healed":0,"gold_gain":0,"player_choice":"Ignored","damage_taken":0,"max_hp_gain":0,"max_hp_loss":0,"event_name":"Beggar","floor":22,"gold_loss":0},{"damage_healed":0,"gold_gain":0,"player_choice":"Obtained Relic","damage_taken":0,"relics_obtained":["Onion Ring"],"max_hp_gain":0,"max_hp_loss":0,"event_name":"Addict","floor":28,"gold_loss":85},{"damage_healed":0,"gold_gain":0,"player_choice":"Cursed","damage_taken":0,"max_hp_gain":0,"max_hp_loss":0,"event_name":"Wheel of Change","floor":36,"gold_loss":0,"cards_obtained":["Decay"]},{"damage_healed":0,"gold_gain":0,"player_choice":"Ignored","damage_taken":0,"max_hp_gain":0,"max_hp_loss":0,"event_name":"Tomb of Lord Red Mask","floor":46,"gold_loss":0}],"is_beta":false,"boss_relics":[{"not_picked":["Tiny House","Kintsugi"],"picked":"Fusion Hammer"},{"not_picked":["ChewingGum","Replay:Wanted Poster"],"picked":"Replay:Bronze Core"}],"items_purged_floors":[31],"is_endless":false,"potions_floor_spawned":[5,6,13,16,18,20,25,30,33,35,37,38,42,44,45],"killed_by":"Nemesis","ascension_level":1}}