{"host":"gm50ke85n5jz306u","time":1614036396,"event":{"mods":["AchievementEnabler","AlwaysNeverKeys","Aspiration","BaseMod","Bestiary","Better Altar","Better Match","Better Note","Better Sensory Stone","Better Skull","Better Third Choice","Better Vampires","Better-Laid Plans","BetterRewards","Colored Powertips","Curses Come First","DNKmod","Defuse TimeMaze Blight","Disable Question Mark Monsters","Displayed Cursed Tome","Downfall","Emptier Cage","Extra Virgin Snecko Oil","Filter the Spire","Friendly Minions","Gremlin Skip","Hermit","Hubris","Hyrulean Relics","Ironclad Rager","Jorbs\u0027s Wanderer Trilogy","Koishi","Lobotomy","Marisa????????","Marked Mod","Minty Spire (QoL Compilation)","Permanent Neow","Poor People Problems","Quick Restart","Reimu??????","Relic Filter Mod","Relic Sorter","Remilia??????","Remove Card Discount Mod","Reorder Act Four","Replay The Spire","Shop Mod","StSLib","Synergy Search","Td1madao Mod","The Administrix","The Animator","The Blue Laboratory","The Bug Knight","The Construct","The Cursed","The Disciple","The Hierophant","The Necromancer","The Poker Player","The Runesmith","The Senshi","The Servant 0.9.4","Thieving Mod","Transform Curses","WarShipGirlsR/????R mod","Youmu??????"],"gold_per_floor":[10018,10018,10034,10059,10080,10080,10107,9292,9318,9318,8792,8810,8810,8810,8810,8946,8946,8977,8466,8488,8508,8078,8078,8108,8130,8153,8170,7599,7623,7623,7647,7647,7783,7783,7803,7506,7531,7602,7624,7624,7665,7665,7688,7261,7305,7305,7141,7161,7161,7173,7173],"floor_reached":50,"language":"ENG","playtime":6186,"items_purged":["Runesmith:CraftReservo","Runesmith:Defend_RS","Runesmith:Defend_RS","Runesmith:Defend_RS","Runesmith:Defend_RS","Runesmith:Strike_RS","Runesmith:Strike_RS","Runesmith:CraftFirestone","Runesmith:Strike_RS","Runesmith:Strike_RS","Runesmith:PoweredAnvil","Runesmith:CraftMedicinae","Runesmith:HeatExchange","Runesmith:CraftMagma"],"score":669,"play_id":"5ef859ed-7a7d-4b2a-ba0d-eea1dc19b6ae","local_time":"20210223002636","is_ascension_mode":false,"campfire_choices":[{"data":"Runesmith:Fortify","floor":6.0,"key":"SMITH"},{"data":"Runesmith:CraftIndustria","floor":10.0,"key":"SMITH"},{"data":"Runesmith:LithiumIon","floor":13.0,"key":"SMITH"},{"data":"Runesmith:CraftMagma","floor":15.0,"key":"SMITH"},{"data":"Runesmith:LithiumIon","floor":23.0,"key":"SMITH"},{"data":"Runesmith:Firestorm","floor":30.0,"key":"SMITH"},{"data":"Runesmith:UnlimitedPower","floor":32,"key":"SMITH"},{"data":"Runesmith:CraftProtectio","floor":40,"key":"SMITH"},{"data":"Runesmith:LithiumIon","floor":42,"key":"SMITH"},{"data":"Runesmith:PerfectChisel","floor":42,"key":"SMITH"},{"data":"Runesmith:PerfectChisel","floor":46,"key":"SMITH"},{"data":"Runesmith:HammerThrow","floor":46,"key":"SMITH"},{"data":"Runesmith:HeatedChisel","floor":49,"key":"SMITH"},{"data":"Runesmith:EarthShield","floor":49,"key":"SMITH"}],"circlet_count":0,"master_deck":["Runesmith:Fortify+1","Runesmith:EarthShield","Runesmith:EarthShield","Runesmith:GoWithTheFlow+1","Runesmith:ArcReactor+1","Runesmith:CraftIndustria+1","Runesmith:EarthShield","Runesmith:LithiumIon+1","Runesmith:CraftMagma+1","Runesmith:HammerThrow+1","Runesmith:HeatedChisel+1","Runesmith:HeatedChisel+1","Runesmith:CraftProtectio+1","Runesmith:LithiumIon+1","Runesmith:CraftObretio+1","Runesmith:Firestorm+1","Runesmith:EarthShield+1","Runesmith:PerfectChisel+1","Runesmith:GoWithTheFlow+1","Runesmith:UnlimitedPower+1","Runesmith:LithiumIon+1","Runesmith:EarthShield+1","Runesmith:LithiumIon+1","Runesmith:PerfectChisel+1","Runesmith:LithiumIon+1","Parasite","Runesmith:GoWithTheFlow+1"],"relics":["Runesmith:BrokenRuby","Shuriken","Replay:Accelerometer","Art of War","Replay:Bandana","Akabeko","MerchantsRug","Membership Card","hubris:Teleporter","ReplayFunnel","hubris:SlimyHat","Golden Idol","Dream Catcher","Guide Book","hubris:Towel","SlaversCollar","Vajra","TentaclePot:ReiMu","Regal Pillow","Blue Candle","Centennial Puzzle","Sling","Runesmith:Nanobots","Bottled Flame","Replay:Arrowhead","Frozen Egg 2","Ginger","hubris:GlazedTorus","Gremlin Horn"],"acts_visited":["Exordium","TheCity","TheBeyond"],"potions_floor_usage":[31,33,50,50,50],"damage_taken":[{"damage":8.0,"enemies":"Jaw Worm","floor":1.0,"turns":4.0},{"damage":0.0,"enemies":"Cultist","floor":3.0,"turns":4.0},{"damage":0.0,"enemies":"2 Louse","floor":5.0,"turns":3.0},{"damage":0.0,"enemies":"Blue Slaver","floor":7.0,"turns":4.0},{"damage":0.0,"enemies":"3 Louse","floor":12.0,"turns":5.0},{"damage":12.0,"enemies":"The Guardian","floor":16.0,"turns":7.0},{"damage":14.0,"enemies":"2 Thieves","floor":18.0,"turns":5.0},{"damage":13.0,"enemies":"Spheric Guardian","floor":20.0,"turns":4.0},{"damage":10.0,"enemies":"3 Cultists","floor":21.0,"turns":5.0},{"damage":0.0,"enemies":"Cultist and Chosen","floor":24.0,"turns":5.0},{"damage":4.0,"enemies":"Shelled Parasite and Fungi","floor":25.0,"turns":5.0},{"damage":0.0,"enemies":"Snecko","floor":27.0,"turns":6.0},{"damage":13.0,"enemies":"Snake Plant","floor":29.0,"turns":3.0},{"damage":0,"enemies":"Sentry and Sphere","floor":31,"turns":4},{"damage":0,"enemies":"Champ","floor":33,"turns":9},{"damage":2,"enemies":"Orb Walker","floor":35,"turns":5},{"damage":12,"enemies":"3 Darklings","floor":37,"turns":6},{"damage":12,"enemies":"Mind Bloom Boss Battle","floor":38,"turns":6},{"damage":0,"enemies":"4 Shapes","floor":39,"turns":5},{"damage":6,"enemies":"Reptomancer","floor":41,"turns":7},{"damage":1,"enemies":"Giant Head","floor":45,"turns":8},{"damage":10,"enemies":"Writhing Mass","floor":48,"turns":6},{"damage":81,"enemies":"hubris:GrandSnecko","floor":50,"turns":15}],"seed_played":"3845263249617037955","potions_obtained":[{"floor":1.0,"key":"Block Potion"},{"floor":3.0,"key":"Milkshake"},{"floor":7.0,"key":"champ:CounterPotion"},{"floor":16.0,"key":"Energy Potion"},{"floor":21.0,"key":"blueLaboratory:FruitPunch"},{"floor":31,"key":"Fruit Juice"},{"floor":35,"key":"SteroidPotion"},{"floor":45,"key":"Elixir"}],"is_trial":false,"path_per_floor":["M","?","M","T","M","R","M","$","T","R","$","M","R","?","R","B",null,"M","$","M","M","$","R","M","M","T","M","$","M","R","M","R","B",null,"M","$","M","?","M","R","E","R","T","$","E","R","$","M","R","B"],"character_chosen":"RUNESMITH_CLASS","items_purchased":["ReplayFunnel","Dream Catcher","Runesmith:ArcReactor","Runesmith:CraftIndustria","Runesmith:EarthShield","MerchantsRug","Runesmith:LithiumIon","Runesmith:CraftMagma","Runesmith:HammerThrow","Runesmith:HeatedChisel","Akabeko","Guide Book","Shuriken","Vajra","Runesmith:HeatedChisel+1","Runesmith:PoweredAnvil","Runesmith:LithiumIon","TentaclePot:ReiMu","Replay:Accelerometer","Runesmith:Firestorm","Runesmith:EarthShield","Runesmith:PerfectChisel","Membership Card","Blue Candle","Centennial Puzzle","blueLaboratory:FruitPunch","Adrenaline Potion","Sling","Runesmith:Nanobots","Bottled Flame","Frozen Egg 2","Ginger","Runesmith:PerfectChisel","Flashbang","blueLaboratory:HummingbirdPotion","blueLaboratory:Moonshine","Runesmith:LithiumIon+1","Gremlin Horn"],"campfire_rested":0,"item_purchase_floors":[8,8,8,8,8,8,11,11,11,11,11,11,19,19,19,19,22,22,22,28,28,28,28,28,28,28,28,36,36,36,44,44,44,44,44,44,47,47],"current_hp_per_floor":[62,45,45,45,45,45,45,45,45,45,45,45,45,45,45,33,70,65,65,52,46,46,46,46,42,42,42,42,33,33,38,38,38,79,77,77,65,53,53,53,47,47,47,47,46,46,46,36,36,0,0],"gold":7173,"neow_bonus":"THREE_CARDS","is_daily":false,"chose_seed":false,"campfire_upgraded":14,"win_rate":0.0,"timestamp":1614036396,"path_taken":["M","?","M","?","?","R","M","$","T","R","$","M","R","?","R","BOSS","M","$","M","M","$","R","M","M","T","M","$","M","R","M","R","BOSS","M","$","M","?","M","R","E","R","T","$","E","R","$","M","R","BOSS"],"items_purchased_type":["Relic","Relic","Card","Card","Card","Relic","Card","Card","Card","Card","Relic","Relic","Relic","Relic","Card","Card","Card","Relic","Relic","Card","Card","Card","Relic","Relic","Relic","Potion","Potion","Relic","Relic","Relic","Relic","Relic","Card","Potion","Potion","Potion","Card","Relic"],"build_version":"2020-12-22","purchased_purges":14,"victory":false,"max_hp_per_floor":[70,70,70,70,70,70,70,70,70,70,70,70,70,70,70,70,70,70,70,70,70,70,70,70,70,70,70,70,74,74,79,79,79,79,79,79,79,79,79,79,79,79,79,79,79,79,79,79,79,79,79],"card_choices":[{"not_picked":["Runesmith:Empowerment","Runesmith:Discharge"],"picked":"Runesmith:EarthShield","floor":1.0},{"not_picked":["Runesmith:StaticCage","Runesmith:HammerAndChisel"],"picked":"Runesmith:EarthShield","floor":3.0},{"not_picked":["Runesmith:Malloc","Runesmith:Overpower"],"picked":"Runesmith:GoWithTheFlow","floor":5.0},{"not_picked":["Runesmith:Electrocute","Runesmith:Overpower"],"picked":"Runesmith:CraftReservo","floor":7.0},{"not_picked":["Runesmith:HammerAndChisel","Runesmith:Firewall"],"picked":"Runesmith:CraftMagma","floor":12.0},{"not_picked":["Runesmith:LastStand","Runesmith:GenerateForcefield"],"picked":"Runesmith:CraftMedicinae","floor":16.0},{"not_picked":["Runesmith:MakeshiftArmor","Runesmith:ShiftingStrike"],"picked":"Runesmith:HeatExchange","floor":18.0},{"not_picked":["Runesmith:UnstableHammer","Runesmith:EnergizedChisel"],"picked":"Runesmith:CraftProtectio","floor":20.0},{"not_picked":["Runesmith:ShiftingStrike","Runesmith:MakeshiftArmor","Runesmith:LightningRod"],"picked":"SKIP","floor":21.0},{"not_picked":["Runesmith:ShiftingStrike","Runesmith:MakeshiftArmor","Runesmith:LightningRod"],"picked":"SKIP","floor":21.0},{"not_picked":["Runesmith:Overpower","Runesmith:StaticCage+1","Runesmith:RuneHurl+1"],"picked":"SKIP","floor":24.0},{"not_picked":["Runesmith:EarthShield","Runesmith:DoubleUp"],"picked":"Runesmith:CraftObretio+1","floor":25.0},{"not_picked":["Runesmith:ShiftingStrike+1","Runesmith:CraftVitae","Runesmith:HeatExchange"],"picked":"SKIP","floor":27.0},{"not_picked":["Runesmith:ShiftingStrike+1","Runesmith:CraftVitae","Runesmith:HeatExchange"],"picked":"SKIP","floor":27.0},{"not_picked":["Runesmith:Repurpose","Runesmith:Grindstone"],"picked":"Runesmith:GoWithTheFlow+1","floor":29.0},{"not_picked":["Runesmith:Grindstone","Runesmith:CraftVitae"],"picked":"Runesmith:UnlimitedPower","floor":31},{"not_picked":["Runesmith:MakeshiftArmor+1","Runesmith:Repurpose+1"],"picked":"Runesmith:LithiumIon+1","floor":35},{"not_picked":["Runesmith:HammerAndChisel+1","Runesmith:StaticCage+1","Runesmith:CraftMagma+1"],"picked":"SKIP","floor":37},{"not_picked":["Runesmith:CraftMagma","Runesmith:CraftProtectio+1"],"picked":"Runesmith:EarthShield+1","floor":38},{"not_picked":["Runesmith:DoubleUp+1","Runesmith:RuneHurl","Runesmith:StaticCage+1"],"picked":"SKIP","floor":39},{"not_picked":["Runesmith:Firewall","Runesmith:Augment+1"],"picked":"Runesmith:LithiumIon","floor":41},{"not_picked":["Runesmith:Empowerment+1","Runesmith:CraftMagma+1","Runesmith:ShiftingStrike+1"],"picked":"SKIP","floor":45},{"not_picked":["Runesmith:DoubleUp+1","Runesmith:Grindstone"],"picked":"Runesmith:GoWithTheFlow+1","floor":48}],"player_experience":402408,"relics_obtained":[{"floor":4.0,"key":"Replay:Bandana"},{"floor":9.0,"key":"hubris:SlimyHat"},{"floor":26.0,"key":"Regal Pillow"},{"floor":38,"key":"hubris:Teleporter"},{"floor":41,"key":"Replay:Arrowhead"},{"floor":43,"key":"Art of War"},{"floor":45,"key":"hubris:GlazedTorus"}],"event_choices":[{"damage_healed":0.0,"max_hp_gain":0.0,"max_hp_loss":0.0,"gold_gain":0.0,"event_name":"Golden Idol","player_choice":"Take Damage","floor":2.0,"gold_loss":0.0,"damage_taken":17.0,"relics_obtained":["Golden Idol"]},{"damage_healed":0,"gold_gain":0,"player_choice":"Fight","damage_taken":0,"max_hp_gain":0,"max_hp_loss":0,"event_name":"MindBloom","floor":38,"gold_loss":0}],"is_beta":false,"boss_relics":[{"not_picked":["Empty Cage","Sozu"],"picked":"SlaversCollar"},{"not_picked":["hubris:GrandSneckoEye","Pandora\u0027s Box","Runesmith:UraniumAnvil"]}],"items_purged_floors":[8,8,8,8,8,8,11,11,11,19,22,22,28,28],"is_endless":false,"potions_floor_spawned":[1,3,7,16,20,21,24,25,31,35,38,45],"killed_by":"hubris:GrandSnecko","ascension_level":0}}