{"host":"k7m72kgq8xdir5ne","time":1614019626,"event":{"mods":["ATMod(阿瑾Mod)","AchievementEnabler","Act Like it!","BaseMod","Friendly Minions","Gensokyo","LagranYue(拉格朗・月)","Minty Spire (QoL Compilation)","Quick Restart","Reliquary","RumiaBox-露米娅的神秘盒子","Shop Mod","Spicy Shops","StSLib","SuperFastMode","TestMod","The Marked","Yakumo Yukari mod","【功能Mod】Neow奖励","【功能Mod】混沌之环修复补丁","篝火指南"],"gold_per_floor":[114,132,147,56,231,266,316,379,379,379,488,533,533,623,423,619,619,662,662,662,587,587,487,591,660,660,815,590,630,697,761,761,889,889,980,1122,1122,1522,1247,1304,804,855,855,855,940,990,590,617,491,616],"floor_reached":51,"language":"ZHS","playtime":1566,"items_purged":["theMarked:Strike","Normality","Doubt","theMarked:Opportunist","Regret"],"score":1063,"play_id":"eb4c5fbc-e61c-427e-b9fc-6dd2ea0f86cc","local_time":"20210223024706","is_ascension_mode":true,"campfire_choices":[{"floor":32.0,"key":"REST"}],"circlet_count":0,"master_deck":["theMarked:SoldierOfQuellstein","AT_BreakingExtremeWeapon","theMarked:Vacuum","theMarked:Frustration","theMarked:ShockingTouch","theMarked:WardOff","theMarked:Parry","theMarked:Generate","theMarked:Heritage","theMarked:OneWithTheBlade","theMarked:Vacuum","theMarked:Improvise","theMarked:Opportunist+1","theMarked:Abjuration","theMarked:Defy","theMarked:PowerFlow+1","theMarked:Panic+1","theMarked:WardOff","theMarked:SwordAndMagic","theMarked:Overcharge","theMarked:Improvise","theMarked:RogueSparks","theMarked:ElectricStrings","theMarked:WardOff+1","theMarked:FavorableWinds","theMarked:Frustration+1","theMarked:Levitate","theMarked:ThrowWeapon","theMarked:Determination","testmod-Arrangement"],"relics":["theMarked:ArtifactOfAir","testmod-TestBox","LagranYue:RandomDrawCardRelic","testmod-TurbochargingSystem","testmod-EqualTreatment","Ccalipers","AT_MibuBalloonWealth","testmod-LifeArmor","Ice Cream","MerchantsRug","Cursed Key","GodSword7","reliquary:TatteredRug","AT_BellowingDragoncrestRing","SSSystem","Pandora\u0027s Box","Orrery","InkBottle","Incense Burner","testmod-RandomTest","testmod-ArcanaOfDestiny","LagranYue:RareGoldArmorRelic","Spirit Poop","GodSword4","Membership Card","Orichalcum","Turnip","AT_BladeRuinedKing"],"acts_visited":["Exordium","TheCity","TheBeyond"],"potions_floor_usage":[],"damage_taken":[{"damage":0.0,"enemies":"Small Slimes","floor":1.0,"turns":2.0},{"damage":7.0,"enemies":"Jaw Worm","floor":2.0,"turns":2.0},{"damage":0.0,"enemies":"Cultist","floor":3.0,"turns":2.0},{"damage":28.0,"enemies":"Gremlin Nob","floor":6.0,"turns":4.0},{"damage":0.0,"enemies":"2 Fungi Beasts","floor":8.0,"turns":3.0},{"damage":9.0,"enemies":"3 Sentries","floor":11.0,"turns":3.0},{"damage":0.0,"enemies":"Red Slaver","floor":12.0,"turns":3.0},{"damage":0.0,"enemies":"3 Louse","floor":14.0,"turns":2.0},{"damage":3.0,"enemies":"Slime Boss","floor":16.0,"turns":7.0},{"damage":11.0,"enemies":"Shell Parasite","floor":18.0,"turns":5.0},{"damage":26.0,"enemies":"Slavers","floor":24.0,"turns":5.0},{"damage":5.0,"enemies":"2 Thieves","floor":25.0,"turns":3.0},{"damage":9.0,"enemies":"Gremlin Leader","floor":27.0,"turns":4.0},{"damage":9.0,"enemies":"Snake Plant","floor":29.0,"turns":3.0},{"damage":12.0,"enemies":"Shelled Parasite and Fungi","floor":30.0,"turns":4.0},{"damage":0.0,"enemies":"Cultist and Chosen","floor":31.0,"turns":3.0},{"damage":11.0,"enemies":"Champ","floor":33.0,"turns":6.0},{"damage":4.0,"enemies":"3 Shapes","floor":35.0,"turns":1.0},{"damage":10.0,"enemies":"3 Darklings","floor":36.0,"turns":3.0},{"damage":9.0,"enemies":"Nemesis","floor":40.0,"turns":3.0},{"damage":0.0,"enemies":"Giant Head","floor":42.0,"turns":5.0},{"damage":0.0,"enemies":"Sphere and 2 Shapes","floor":45.0,"turns":2.0},{"damage":10,"enemies":"Nemesis","floor":46,"turns":3},{"damage":0,"enemies":"Awakened One","floor":50,"turns":5}],"seed_played":"-6520350511194816541","potions_obtained":[{"floor":2.0,"key":"Strength Potion"},{"floor":8.0,"key":"PanachePotion"},{"floor":16.0,"key":"Dexterity Potion"},{"floor":18.0,"key":"SpeedPotion"},{"floor":25.0,"key":"theMarked:ChargePotion"},{"floor":27.0,"key":"Weak Potion"},{"floor":35.0,"key":"testmod-TestPotion"},{"floor":40.0,"key":"Ancient Potion"},{"floor":46,"key":"SpeedPotion"}],"is_trial":false,"path_per_floor":["M","M","M","$","?","E","T","M","T","?","E","M","?","M","R","B",null,"M","?","?","?","T","R","E","M","T","E","$","M","M","M","R","B",null,"M","M","?","?","$","E","R","E","T","?","M","E","$","T","R","B",null],"character_chosen":"THE_DEFAULT","items_purchased":["testmod-EqualTreatment","MerchantsRug","theMarked:Defy","Orrery","Incense Burner","testmod-RandomTest","Membership Card","Orichalcum","theMarked:Determination","testmod-Arrangement","Turnip","AT_BladeRuinedKing"],"campfire_rested":1,"item_purchase_floors":[4,15,28,39,41,41,47,47,47,47,49,49],"current_hp_per_floor":[65,58,58,58,58,30,30,30,30,30,21,21,8,8,8,5,65,54,54,54,54,54,54,28,23,23,14,14,5,5,5,24,13,65,61,51,51,51,51,42,42,42,42,42,42,32,32,32,32,32],"gold":616,"neow_bonus":"THREE_RARE_CARDS","is_daily":false,"chose_seed":false,"campfire_upgraded":0,"win_rate":0.0,"timestamp":1614019626,"path_taken":["M","M","M","$","?","E","?","?","T","?","E","?","?","M","R","BOSS","M","?","?","?","?","R","E","?","T","E","?","M","M","M","R","BOSS","M","M","?","?","$","E","R","E","T","?","?","E","$","?","R","BOSS"],"items_purchased_type":["Relic","Relic","Card","Relic","Relic","Relic","Relic","Relic","Card","Card","Relic","Relic"],"build_version":"2020-12-22","purchased_purges":5,"victory":true,"max_hp_per_floor":[65,65,65,65,65,65,65,65,65,65,65,65,65,65,65,65,65,65,65,65,65,65,65,65,65,65,65,65,65,65,65,65,65,65,65,65,65,65,65,65,65,65,65,65,65,65,65,65,65,65],"card_choices":[{"not_picked":["theMarked:Challenge","theMarked:Levitate"],"picked":"theMarked:Vacuum","floor":0.0},{"not_picked":["theMarked:BanishingStrike","theMarked:TakeCover"],"picked":"theMarked:Frustration","floor":1.0},{"not_picked":["theMarked:HeightenedSenses","theMarked:Memento"],"picked":"theMarked:ShockingTouch","floor":2.0},{"not_picked":["theMarked:BanishingStrike","theMarked:SwordAndMagic"],"picked":"theMarked:WardOff","floor":3.0},{"not_picked":["theMarked:Opportunist","theMarked:StartUp"],"picked":"theMarked:Parry","floor":6.0},{"not_picked":["theMarked:SwordAndMagic","theMarked:Generate","theMarked:WardOff"],"picked":"SKIP","floor":8.0},{"not_picked":["theMarked:SwordAndMagic","theMarked:WardOff"],"picked":"theMarked:Generate","floor":8.0},{"not_picked":["theMarked:Electrify","theMarked:ChainLightning"],"picked":"theMarked:Heritage","floor":11.0},{"not_picked":["theMarked:BiggerThanFate","theMarked:BanishingStrike"],"picked":"theMarked:OneWithTheBlade","floor":12.0},{"not_picked":["theMarked:ParalyzingBlade","theMarked:ElectricStrings","theMarked:TwofoldDefense"],"picked":"SKIP","floor":14.0},{"not_picked":["theMarked:BindingBlade","theMarked:BiggerThanFate"],"picked":"theMarked:Vacuum","floor":16.0},{"not_picked":["theMarked:TakeCover+1","theMarked:BanishingStrike"],"picked":"theMarked:Improvise","floor":18.0},{"not_picked":["theMarked:ElectricStrings","theMarked:Friction+1"],"picked":"theMarked:Opportunist+1","floor":24.0},{"not_picked":["theMarked:Overthink+1","theMarked:BanishingStrike","theMarked:Memento"],"picked":"SKIP","floor":25.0},{"not_picked":["theMarked:ShockingTouch","theMarked:Opportunist"],"picked":"theMarked:Abjuration","floor":27.0},{"not_picked":["theMarked:Overthink+1","theMarked:TakeCover"],"picked":"theMarked:PowerFlow+1","floor":29.0},{"not_picked":["theMarked:KeepCalmAndFight+1","theMarked:Generate+1"],"picked":"theMarked:Panic+1","floor":30.0},{"not_picked":["theMarked:SwordAndMagic","theMarked:Memento"],"picked":"theMarked:WardOff","floor":31.0},{"not_picked":["theMarked:EternalStudent","theMarked:ThrowWeapon"],"picked":"theMarked:BindingBlade","floor":33.0},{"not_picked":["theMarked:OneWithTheBlade","theMarked:Memento+1"],"picked":"theMarked:WardOff+1","floor":35.0},{"not_picked":["theMarked:WardOff+1","theMarked:MuscleMemory+1","theMarked:RepellingDischarge+1"],"picked":"SKIP","floor":36.0},{"not_picked":["theMarked:TwofoldDefense","theMarked:Aftermath+1"],"picked":"theMarked:FavorableWinds","floor":39.0},{"not_picked":["theMarked:Improvise","theMarked:RepellingDischarge"],"picked":"theMarked:Frustration+1","floor":39.0},{"not_picked":["theMarked:RepellingDischarge+1","theMarked:Memento","theMarked:Pokerface"],"picked":"SKIP","floor":40.0},{"not_picked":["theMarked:TakeCover","theMarked:Aftermath"],"picked":"theMarked:Levitate","floor":42.0},{"not_picked":["theMarked:WastefulAttack+1","theMarked:Aftermath","theMarked:ChainLightning"],"picked":"SKIP","floor":45.0},{"not_picked":["theMarked:TwofoldDefense","theMarked:Parkour+1"],"picked":"theMarked:ThrowWeapon","floor":46},{"not_picked":["theMarked:StartUp","theMarked:Toughness","theMarked:ChainLightning"],"picked":"SKIP","floor":46}],"player_experience":81766,"relics_obtained":[{"floor":6.0,"key":"Ccalipers"},{"floor":7.0,"key":"AT_MibuBalloonWealth"},{"floor":9.0,"key":"testmod-LifeArmor"},{"floor":11.0,"key":"Ice Cream"},{"floor":22.0,"key":"GodSword7"},{"floor":24.0,"key":"reliquary:TatteredRug"},{"floor":26.0,"key":"AT_BellowingDragoncrestRing"},{"floor":27.0,"key":"SSSystem"},{"floor":40.0,"key":"InkBottle"},{"floor":42.0,"key":"testmod-ArcanaOfDestiny"},{"floor":43.0,"key":"LagranYue:RareGoldArmorRelic"},{"floor":46,"key":"GodSword4"}],"event_choices":[{"damage_healed":0.0,"max_hp_gain":0.0,"max_hp_loss":0.0,"gold_gain":175.0,"event_name":"Liars Game","player_choice":"AGREE","floor":5.0,"gold_loss":0.0,"damage_taken":0.0,"cards_obtained":["Doubt"]},{"cards_removed":["Doubt"],"damage_healed":0.0,"max_hp_gain":0.0,"max_hp_loss":0.0,"gold_gain":0.0,"event_name":"Fountain of Cleansing","player_choice":"Removed Curses","floor":10.0,"gold_loss":0.0,"damage_taken":0.0},{"damage_healed":0.0,"max_hp_gain":0.0,"max_hp_loss":0.0,"gold_gain":0.0,"event_name":"Shining Light","player_choice":"Entered Light","floor":13.0,"gold_loss":0.0,"damage_taken":13.0,"cards_upgraded":["theMarked:Defend","theMarked:Strike"]},{"cards_removed":["theMarked:Strike"],"damage_healed":0.0,"max_hp_gain":0.0,"max_hp_loss":0.0,"gold_gain":0.0,"event_name":"Back to Basics","player_choice":"Elegance","floor":19.0,"gold_loss":0.0,"damage_taken":0.0},{"damage_healed":0.0,"max_hp_gain":0.0,"max_hp_loss":0.0,"gold_gain":0.0,"event_name":"给自己的盒子","player_choice":"Swap Relic","floor":20.0,"relics_lost":["AT_ATBox"],"gold_loss":0.0,"damage_taken":0.0,"relics_obtained":["AT_ATBox"]},{"cards_removed":["theMarked:Defend"],"damage_healed":0.0,"max_hp_gain":0.0,"max_hp_loss":0.0,"gold_gain":0.0,"event_name":"Beggar","player_choice":"Gave Gold","floor":21.0,"gold_loss":75.0,"damage_taken":0.0},{"cards_removed":["theMarked:BindingBlade"],"damage_healed":0.0,"max_hp_gain":0.0,"max_hp_loss":0.0,"gold_gain":0.0,"event_name":"Falling","player_choice":"Removed Skill","floor":37.0,"gold_loss":0.0,"damage_taken":0.0},{"damage_healed":0.0,"max_hp_gain":0.0,"max_hp_loss":0.0,"gold_gain":400.0,"event_name":"恩洛斯的盘子","player_choice":"Sell","floor":38.0,"relics_lost":["AT_ATBox"],"gold_loss":0.0,"damage_taken":0.0},{"cards_removed":["Normality"],"damage_healed":0.0,"max_hp_gain":0.0,"max_hp_loss":0.0,"gold_gain":0.0,"event_name":"Bonfire Elementals","player_choice":"Offered Curse","floor":44.0,"gold_loss":0.0,"damage_taken":0.0,"relics_obtained":["Spirit Poop"]}],"is_beta":false,"boss_relics":[{"not_picked":["reliquary:RedCape","AT_MortalBlade"],"picked":"Cursed Key"},{"not_picked":["testmod-Recursion","theMarked:SpiritSword"],"picked":"Pandora\u0027s Box"}],"items_purged_floors":[15,23,39,47,49],"is_endless":false,"potions_floor_spawned":[2,8,12,16,18,25,27,35,40,46],"ascension_level":2}}