{"host":"qfskrnw3pl1q86j0","time":1614011969,"event":{"mods":["BaseMod","Block Reminder","Hermit","Marisa????????","Minty Spire (QoL Compilation)","Quick Restart","Random Character Button","Relic Stats","StSLib","The Poker Player","slay the spire mod where everything is the same but ironclad has a cowboy hat"],"gold_per_floor":[113,63,79,99,117,117,133,144,190,221,221,246,246,246,246,371,371,389,389,314,314,326,326,353,353,376,388,413,425,453,483,495,602,614,644,357,357,357,377,377,387,387,387,387,194,214,249,263,263,263],"floor_reached":51,"language":"ENG","playtime":2004,"items_purged":["Decay"],"score":807,"play_id":"e323a65f-b54e-436a-93d4-80a14d004125","local_time":"20210222173929","is_ascension_mode":false,"campfire_choices":[{"data":"Vigilance","floor":6.0,"key":"SMITH"},{"data":"EmptyFist","floor":11.0,"key":"SMITH"},{"data":"Meditate","floor":15.0,"key":"SMITH"},{"data":"BowlingBash","floor":23.0,"key":"SMITH"},{"data":"Vault","floor":25,"key":"SMITH"},{"data":"Weave","floor":27,"key":"SMITH"},{"data":"WheelKick","floor":29,"key":"SMITH"},{"data":"Weave","floor":32,"key":"SMITH"},{"data":"Panache","floor":40,"key":"SMITH"},{"data":"ThirdEye","floor":42,"key":"SMITH"},{"data":"Weave","floor":44,"key":"SMITH"},{"data":"Wireheading","floor":49,"key":"SMITH"}],"circlet_count":0,"master_deck":["Strike_P","Strike_P","Defend_P","Defend_P","Defend_P","Eruption+1","Vigilance+1","ThirdEye+1","Meditate+1","Weave+1","EmptyFist+1","Weave+1","BowlingBash+1","Wireheading+1","Vault+1","EmptyBody+1","Adaptation+1","WheelKick+1","Weave+1","Indignation","CutThroughFate+1","Panache+1","FearNoEvil+1","ThirdEye"],"relics":["HolyWater","Strawberry","PreservedInsect","Matryoshka","Bloody Idol","Bottled Lightning","Bottled Flame","Black Star","Turnip","Nunchaku","Smiling Mask","MawBank","FossilizedHelix","Ornamental Fan","Mummified Hand","Bottled Tornado"],"acts_visited":["Exordium","TheCity","TheBeyond"],"potions_floor_usage":[24,24,24,28,50,50],"damage_taken":[{"damage":0.0,"enemies":"Small Slimes","floor":1.0,"turns":3.0},{"damage":3.0,"enemies":"Jaw Worm","floor":3.0,"turns":3.0},{"damage":0.0,"enemies":"2 Louse","floor":4.0,"turns":2.0},{"damage":0.0,"enemies":"2 Fungi Beasts","floor":5.0,"turns":2.0},{"damage":0.0,"enemies":"Lots of Slimes","floor":7.0,"turns":2.0},{"damage":0.0,"enemies":"Blue Slaver","floor":8.0,"turns":1.0},{"damage":0.0,"enemies":"Gremlin Nob","floor":10.0,"turns":2.0},{"damage":0.0,"enemies":"Lagavulin","floor":12.0,"turns":4.0},{"damage":45.0,"enemies":"The Guardian","floor":16.0,"turns":9.0},{"damage":3.0,"enemies":"Spheric Guardian","floor":18.0,"turns":3.0},{"damage":1.0,"enemies":"2 Thieves","floor":22.0,"turns":4.0},{"damage":0,"enemies":"Gremlin Leader","floor":24,"turns":1},{"damage":6,"enemies":"Snake Plant","floor":28,"turns":4},{"damage":4,"enemies":"Shelled Parasite and Fungi","floor":30,"turns":6},{"damage":0,"enemies":"Cultist and Chosen","floor":31,"turns":4},{"damage":9,"enemies":"Collector","floor":33,"turns":6},{"damage":4,"enemies":"3 Shapes","floor":35,"turns":3},{"damage":0,"enemies":"3 Darklings","floor":39,"turns":3},{"damage":0,"enemies":"Maw","floor":41,"turns":6},{"damage":0,"enemies":"Jaw Worm Horde","floor":46,"turns":3},{"damage":0,"enemies":"Giant Head","floor":47,"turns":4},{"damage":0,"enemies":"Transient","floor":48,"turns":6},{"damage":24,"enemies":"Donu and Deca","floor":50,"turns":7}],"seed_played":"-1082152131991902178","potions_obtained":[{"floor":4.0,"key":"Explosive Potion"},{"floor":5.0,"key":"LiquidMemories"},{"floor":8.0,"key":"BlessingOfTheForge"},{"floor":12.0,"key":"Block Potion"},{"floor":16.0,"key":"EntropicBrew"},{"floor":18.0,"key":"Strength Potion"},{"floor":28,"key":"ColorlessPotion"},{"floor":35,"key":"Ancient Potion"}],"is_trial":false,"path_per_floor":["M","?","M","M","M","R","M","M","T","E","R","E","?","T","R","B",null,"M","?","?","?","M","R","E","R","T","R","M","R","M","M","R","B",null,"M","$","?","?","M","R","M","R","T","R","$","M","E","M","R","B",null],"character_chosen":"WATCHER","items_purchased":["FossilizedHelix","Dexterity Potion","Dexterity Potion","ThirdEye"],"campfire_rested":0,"item_purchase_floors":[36,45,45,45],"current_hp_per_floor":[72,72,69,69,69,69,69,69,76,76,76,76,73,73,73,28,73,70,70,70,70,73,73,73,73,73,73,72,73,73,73,73,69,73,73,73,68,68,73,73,73,73,73,73,73,73,73,73,73,49],"gold":263,"neow_bonus":"UPGRADE_CARD","is_daily":false,"chose_seed":false,"campfire_upgraded":12,"win_rate":0.0,"timestamp":1614011969,"path_taken":["M","?","M","M","M","R","M","M","T","E","R","E","?","?","R","BOSS","M","?","?","?","M","R","E","R","T","R","M","R","M","M","R","BOSS","M","$","?","?","M","R","M","R","T","R","$","?","E","M","R","BOSS"],"items_purchased_type":["Relic","Potion","Potion","Card"],"build_version":"2020-12-22","purchased_purges":1,"victory":true,"max_hp_per_floor":[72,72,72,72,72,72,72,72,79,79,79,79,73,73,73,73,73,73,73,73,73,73,73,73,73,73,73,73,73,73,73,73,73,73,73,73,73,73,73,73,73,73,73,73,73,73,73,73,73,73],"relic_stats":{"Nunchaku":[21],"counters":[23,88],"Ornamental Fan":[120],"Mummified Hand":[7],"Bloody Idol":32,"PreservedInsect":200,"Turnip":[6],"Black Star":2,"Smiling Mask":25,"MawBank":120,"obtain_stats":[{"Golden Idol":13,"PreservedInsect":10,"Bottled Tornado":47,"Smiling Mask":26,"MawBank":26,"Bottled Flame":14,"Nunchaku":24,"Matryoshka":12,"Ornamental Fan":43,"Mummified Hand":47,"Strawberry":9,"Bloody Idol":21,"HolyWater":34,"Turnip":24,"Black Star":17,"Bottled Lightning":14,"PureWater":0,"FossilizedHelix":36},{"Golden Idol":8,"PreservedInsect":7,"Bottled Tornado":21,"Smiling Mask":12,"MawBank":12,"Bottled Flame":8,"Nunchaku":12,"Matryoshka":8,"Ornamental Fan":19,"Mummified Hand":21,"Strawberry":6,"Bloody Idol":10,"HolyWater":16,"Turnip":12,"Black Star":9,"Bottled Lightning":8,"PureWater":0,"FossilizedHelix":17},{"Golden Idol":19,"PreservedInsect":15,"Bottled Tornado":75,"Smiling Mask":36,"MawBank":36,"Bottled Flame":19,"Nunchaku":36,"Matryoshka":19,"Ornamental Fan":68,"Mummified Hand":75,"Strawberry":13,"Bloody Idol":31,"HolyWater":56,"Turnip":36,"Black Star":28,"Bottled Lightning":19,"PureWater":0,"FossilizedHelix":59}]},"card_choices":[{"not_picked":["Halt","Protect"],"picked":"ThirdEye","floor":1.0},{"not_picked":["CutThroughFate","BowlingBash"],"picked":"Meditate","floor":3.0},{"not_picked":["Sanctity","Protect"],"picked":"Weave","floor":4.0},{"not_picked":["PathToVictory","ForeignInfluence"],"picked":"EmptyFist","floor":5.0},{"not_picked":["DeusExMachina","BowlingBash"],"picked":"Weave","floor":7.0},{"not_picked":["EmptyMind","SignatureMove"],"picked":"BowlingBash","floor":8.0},{"not_picked":["WindmillStrike","BowlingBash"],"picked":"Wireheading","floor":10.0},{"not_picked":["Crescendo","FlyingSleeves","ClearTheMind"],"picked":"SKIP","floor":12.0},{"not_picked":["DeusExMachina","ConjureBlade"],"picked":"Vault","floor":16.0},{"not_picked":["Prostrate","SashWhip+1"],"picked":"EmptyBody+1","floor":18.0},{"not_picked":["Halt+1","ClearTheMind+1","Prostrate"],"picked":"SKIP","floor":22.0},{"not_picked":["Protect","SignatureMove"],"picked":"Adaptation+1","floor":24},{"not_picked":["SignatureMove","FlyingSleeves"],"picked":"WheelKick","floor":28},{"not_picked":["BowlingBash","EmptyMind"],"picked":"Weave","floor":30},{"not_picked":["FollowUp","Crescendo"],"picked":"Indignation","floor":31},{"not_picked":["Fasting2","Protect"],"picked":"CutThroughFate+1","floor":35},{"not_picked":["Swift Strike","Discovery"],"picked":"Panache","floor":37},{"not_picked":["FlyingSleeves+1","FollowUp","Crescendo+1"],"picked":"SKIP","floor":39},{"not_picked":["EmptyFist","CutThroughFate+1"],"picked":"FearNoEvil+1","floor":41},{"not_picked":["Protect","Halt+1","Indignation+1"],"picked":"SKIP","floor":46},{"not_picked":["Prostrate","Wallop","Wireheading"],"picked":"SKIP","floor":47},{"not_picked":["Prostrate+1","EmptyFist+1","Evaluate"],"picked":"SKIP","floor":48}],"player_experience":1104987,"relics_obtained":[{"floor":9.0,"key":"Strawberry"},{"floor":10.0,"key":"PreservedInsect"},{"floor":12.0,"key":"Matryoshka"},{"floor":14.0,"key":"Bottled Lightning"},{"floor":14.0,"key":"Bottled Flame"},{"floor":24,"key":"Turnip"},{"floor":24,"key":"Nunchaku"},{"floor":26,"key":"Smiling Mask"},{"floor":26,"key":"MawBank"},{"floor":43,"key":"Ornamental Fan"},{"floor":47,"key":"Mummified Hand"},{"floor":47,"key":"Bottled Tornado"}],"event_choices":[{"cards_removed":["Defend_P"],"damage_healed":0.0,"max_hp_gain":0.0,"max_hp_loss":0.0,"gold_gain":0.0,"event_name":"The Cleric","player_choice":"Card Removal","floor":2.0,"gold_loss":50.0,"damage_taken":0.0},{"damage_healed":0.0,"max_hp_gain":0.0,"max_hp_loss":6.0,"gold_gain":0.0,"event_name":"Golden Idol","player_choice":"Lose Max HP","floor":13.0,"gold_loss":0.0,"damage_taken":0.0,"relics_obtained":["Golden Idol"]},{"cards_removed":["Strike_P"],"damage_healed":0.0,"max_hp_gain":0.0,"max_hp_loss":0.0,"gold_gain":0.0,"event_name":"Back to Basics","player_choice":"Elegance","floor":19.0,"gold_loss":0.0,"damage_taken":0.0},{"cards_removed":["Strike_P"],"damage_healed":0.0,"max_hp_gain":0.0,"max_hp_loss":0.0,"gold_gain":0.0,"event_name":"Beggar","player_choice":"Gave Gold","floor":20.0,"gold_loss":75.0,"damage_taken":0.0},{"damage_healed":0.0,"max_hp_gain":0.0,"max_hp_loss":0.0,"gold_gain":0.0,"event_name":"Forgotten Altar","player_choice":"Gave Idol","floor":21.0,"relics_lost":["Golden Idol"],"gold_loss":0.0,"damage_taken":0.0,"relics_obtained":["Bloody Idol"]},{"damage_healed":0,"gold_gain":0,"player_choice":"Memory 2","damage_taken":5,"max_hp_gain":0,"max_hp_loss":0,"event_name":"SensoryStone","floor":37,"gold_loss":0},{"damage_healed":0,"gold_gain":0,"player_choice":"Cursed","damage_taken":0,"max_hp_gain":0,"max_hp_loss":0,"event_name":"Wheel of Change","floor":38,"gold_loss":0,"cards_obtained":["Decay"]}],"is_beta":false,"boss_relics":[{"not_picked":["Tiny House","SacredBark"],"picked":"Black Star"},{"not_picked":["Empty Cage","Calling Bell"],"picked":"HolyWater"}],"items_purged_floors":[45],"is_endless":false,"potions_floor_spawned":[4,5,8,12,16,18,28,35,46,47],"ascension_level":0}}