{"host":"tq99ucv8ezzqzioe","time":1614015237,"event":{"mods":["BaseMod","Colored Map","Downfall","Highlight Path","Minty Spire (QoL Compilation)","StSLib"],"gold_per_floor":[113,188,20,34,34,61,78,78,378,389,16,35,35,64,64,160,160,180,180,35,54,54,54,79,178,201,201,227,227,246,346,346,442,442,460,460,509,509,215,215,242,242,242,273,291,326,69,81,81,81,81,81,30,55,55,55],"floor_reached":55,"language":"ENG","playtime":4812,"items_purged":["Strike_R","Strike_R","Strike_R"],"score":1256,"play_id":"ba3475ce-0e30-42a6-9e23-ca7475cd5ecd","local_time":"20210222123357","is_ascension_mode":true,"campfire_choices":[{"data":"Whirlwind","floor":8,"key":"SMITH"},{"floor":15,"key":"REST"},{"floor":23,"key":"RECALL"},{"floor":27,"key":"REST"},{"data":"Power Through","floor":29,"key":"SMITH"},{"data":"Iron Wave","floor":32,"key":"SMITH"},{"floor":40,"key":"REST"},{"floor":42,"key":"REST"},{"floor":49,"key":"REST"},{"floor":52,"key":"REST"}],"circlet_count":0,"master_deck":["Strike_R","Defend_R","Defend_R","Defend_R","Defend_R","Bash","Whirlwind+1","Iron Wave+1","Pummel","Wild Strike","Evolve","Power Through+1","Whirlwind+1","Headbutt","Bloodletting","Impervious","Flame Barrier+1","Shrug It Off+1","Flex+1","Double Tap","True Grit+1","Thinking Ahead","Flex","Flex","Power Through","Inflame","True Grit+1","Metallicize+1","Fire Breathing+1"],"relics":["Philosopher\u0027s Stone","Chemical X","Pocketwatch","Old Coin","DollysMirror","Ice Cream","Cursed Key","Lantern","Omamori","WingedGreaves","Unceasing Top","Shuriken","Fusion Hammer","StoneCalendar","Bronze Scales","Prayer Wheel","Gambling Chip","Dream Catcher","Torii","Du-Vu Doll"],"acts_visited":["Exordium","TheCity","TheBeyond","TheEnding"],"potions_floor_usage":[13,19,31,35,41,46,50,50,50,54],"damage_taken":[{"damage":3,"enemies":"Jaw Worm","floor":1,"turns":4},{"damage":4,"enemies":"Small Slimes","floor":4,"turns":2},{"damage":14,"enemies":"3 Sentries","floor":6,"turns":6},{"damage":3,"enemies":"2 Louse","floor":7,"turns":2},{"damage":2,"enemies":"Looter","floor":10,"turns":2},{"damage":0,"enemies":"Large Slime","floor":12,"turns":3},{"damage":0,"enemies":"Gremlin Nob","floor":14,"turns":2},{"damage":29,"enemies":"The Guardian","floor":16,"turns":9},{"damage":0,"enemies":"3 Byrds","floor":18,"turns":2},{"damage":0,"enemies":"2 Thieves","floor":19,"turns":1},{"damage":0,"enemies":"Chosen and Byrds","floor":21,"turns":3},{"damage":19,"enemies":"Book of Stabbing","floor":24,"turns":4},{"damage":0,"enemies":"Slavers","floor":28,"turns":1},{"damage":12,"enemies":"Cultist and Chosen","floor":30,"turns":3},{"damage":0,"enemies":"Colosseum Slavers","floor":31,"turns":1},{"damage":0,"enemies":"Colosseum Nobs","floor":31,"turns":2},{"damage":24,"enemies":"Automaton","floor":33,"turns":5},{"damage":8,"enemies":"3 Shapes","floor":35,"turns":1},{"damage":0,"enemies":"2 Orb Walkers","floor":37,"turns":2},{"damage":6,"enemies":"Giant Head","floor":41,"turns":4},{"damage":3,"enemies":"Nemesis","floor":44,"turns":5},{"damage":10,"enemies":"Orb Walker","floor":45,"turns":3},{"damage":24,"enemies":"Reptomancer","floor":46,"turns":4},{"damage":0,"enemies":"4 Shapes","floor":48,"turns":1},{"damage":82,"enemies":"Awakened One","floor":50,"turns":7},{"damage":23,"enemies":"Shield and Spear","floor":54,"turns":4},{"damage":74,"enemies":"The Heart","floor":55,"turns":2}],"seed_played":"-1212312412470943610","potions_obtained":[{"floor":6,"key":"BloodPotion"},{"floor":10,"key":"SmokeBomb"},{"floor":16,"key":"Energy Potion"},{"floor":31,"key":"Block Potion"},{"floor":38,"key":"LiquidBronze"},{"floor":38,"key":"FearPotion"},{"floor":41,"key":"SpeedPotion"},{"floor":45,"key":"SteroidPotion"},{"floor":54,"key":"sneckomod:MuddlingPotion"}],"is_trial":false,"path_per_floor":["M","?","$","M","?","E","M","R","T","M","$","M","?","E","R","B",null,"M","M","$","M","?","R","E","?","T","R","E","R","M","?","R","B",null,"M","?","?","?","$","R","E","R","T","E","M","E","$","M","R","B",null,"R","$","E","B"],"character_chosen":"IRONCLAD","items_purchased":["Chemical X","Iron Wave","DollysMirror","Fruit Juice","Headbutt","Lantern","Flex","Bronze Scales","Power Through","PowerPotion","Block Potion"],"campfire_rested":6,"item_purchase_floors":[3,3,11,11,11,20,39,39,47,47,53],"current_hp_per_floor":[69,58,58,54,47,33,30,30,30,28,28,28,33,33,58,29,71,71,71,71,71,71,71,52,52,52,77,77,77,65,65,65,41,74,66,66,66,66,66,85,79,85,85,82,72,48,48,48,73,8,66,85,85,62,0,0],"gold":55,"neow_bonus":"BOSS_RELIC","is_daily":false,"chose_seed":false,"campfire_upgraded":3,"win_rate":0.0,"timestamp":1614015237,"path_taken":["M","?","$","M","?","E","M","R","T","M","$","M","?","E","R","BOSS","M","M","$","M","?","R","E","?","T","R","E","R","M","?","R","BOSS","M","?","?","?","$","R","E","R","T","E","M","E","$","M","R","BOSS","R","$","E","BOSS"],"items_purchased_type":["Relic","Card","Relic","Potion","Card","Relic","Card","Relic","Card","Potion","Potion"],"build_version":"2020-12-22","purchased_purges":3,"victory":false,"max_hp_per_floor":[80,80,80,80,80,80,80,80,80,80,80,80,85,85,85,85,85,85,85,85,85,85,85,85,85,85,85,85,85,85,85,85,85,85,85,85,85,85,85,85,85,85,85,85,85,85,85,85,85,85,85,85,85,85,85,85],"card_choices":[{"not_picked":["Sword Boomerang","Headbutt"],"picked":"Whirlwind","floor":1},{"not_picked":["Headbutt","Anger"],"picked":"Pummel","floor":4},{"not_picked":["True Grit","Rage"],"picked":"Wild Strike","floor":6},{"not_picked":["Entrench","Blood for Blood"],"picked":"Evolve","floor":7},{"not_picked":["Flame Barrier","Clash"],"picked":"Power Through","floor":10},{"not_picked":["True Grit","Anger","Wild Strike"],"picked":"SKIP","floor":12},{"not_picked":["Infernal Blade","Perfected Strike"],"picked":"Bloodletting","floor":14},{"not_picked":["Brutality","Exhume"],"picked":"Impervious","floor":16},{"not_picked":["Warcry","Cleave","Armaments"],"picked":"SKIP","floor":18},{"not_picked":["Body Slam","Cleave+1","Thunderclap+1"],"picked":"SKIP","floor":21},{"not_picked":["Entrench","Carnage"],"picked":"Flame Barrier+1","floor":24},{"not_picked":["Anger","Berserk"],"picked":"Shrug It Off+1","floor":28},{"not_picked":["Armaments","Warcry","Clothesline"],"picked":"SKIP","floor":30},{"not_picked":["Heavy Blade","Perfected Strike"],"picked":"Flex+1","floor":31},{"not_picked":["Berserk","Limit Break"],"picked":"Double Tap","floor":33},{"not_picked":["Sever Soul+1","Thunderclap"],"picked":"True Grit+1","floor":35},{"not_picked":["HandOfGreed","Madness"],"picked":"Thinking Ahead","floor":36},{"not_picked":["Clash","Metallicize","Anger"],"picked":"SKIP","floor":41},{"not_picked":["Havoc","Fiend Fire","Body Slam+1"],"picked":"SKIP","floor":44},{"not_picked":["Iron Wave+1","Body Slam"],"picked":"Flex","floor":45},{"not_picked":["Headbutt","Warcry","Armaments"],"picked":"SKIP","floor":45},{"not_picked":["Flame Barrier","Perfected Strike+1","Rupture"],"picked":"SKIP","floor":46},{"not_picked":["Fiend Fire","Fire Breathing"],"picked":"Inflame","floor":48},{"not_picked":["Carnage+1","Armaments+1"],"picked":"True Grit+1","floor":48},{"not_picked":["Evolve+1","Rupture"],"picked":"Metallicize+1","floor":49},{"not_picked":["Body Slam","Reckless Charge+1"],"picked":"Fire Breathing+1","floor":52},{"not_picked":["Burning Pact","Shockwave","Warcry"],"picked":"SKIP","floor":54}],"player_experience":1020365,"relics_obtained":[{"floor":6,"key":"Pocketwatch"},{"floor":9,"key":"Old Coin"},{"floor":14,"key":"Ice Cream"},{"floor":24,"key":"Omamori"},{"floor":28,"key":"WingedGreaves"},{"floor":31,"key":"Unceasing Top"},{"floor":31,"key":"Shuriken"},{"floor":37,"key":"StoneCalendar"},{"floor":41,"key":"Prayer Wheel"},{"floor":43,"key":"Gambling Chip"},{"floor":44,"key":"Dream Catcher"},{"floor":46,"key":"Torii"},{"floor":54,"key":"Du-Vu Doll"}],"event_choices":[{"damage_healed":0,"gold_gain":75,"player_choice":"Gather Gold","damage_taken":11,"max_hp_gain":0,"max_hp_loss":0,"event_name":"World of Goop","floor":2,"gold_loss":0},{"cards_removed":["Strike_R"],"damage_healed":0,"gold_gain":0,"player_choice":"Card Removal","damage_taken":7,"max_hp_gain":0,"max_hp_loss":0,"event_name":"Golden Wing","floor":5,"gold_loss":0},{"damage_healed":0,"gold_gain":0,"player_choice":"Ignored","damage_taken":0,"max_hp_gain":0,"max_hp_loss":0,"event_name":"Liars Game","floor":13,"gold_loss":0},{"damage_healed":0,"gold_gain":99,"player_choice":"Stole From Cult","damage_taken":0,"max_hp_gain":0,"max_hp_loss":0,"event_name":"Nest","floor":25,"gold_loss":0},{"damage_healed":0,"gold_gain":0,"player_choice":"Fight","damage_taken":0,"max_hp_gain":0,"max_hp_loss":0,"event_name":"Colosseum","floor":31,"gold_loss":0},{"damage_healed":0,"gold_gain":0,"player_choice":"Fought Nobs","damage_taken":0,"max_hp_gain":0,"max_hp_loss":0,"event_name":"Colosseum","floor":31,"gold_loss":0},{"damage_healed":0,"gold_gain":0,"player_choice":"Memory 1","damage_taken":0,"max_hp_gain":0,"max_hp_loss":0,"event_name":"SensoryStone","floor":36,"gold_loss":0},{"damage_healed":0,"gold_gain":0,"player_choice":"Fight","damage_taken":0,"max_hp_gain":0,"max_hp_loss":0,"event_name":"Mysterious Sphere","floor":37,"gold_loss":0},{"damage_healed":0,"gold_gain":0,"player_choice":"Got Potions","damage_taken":0,"max_hp_gain":0,"max_hp_loss":0,"event_name":"Lab","floor":38,"gold_loss":0}],"is_beta":false,"boss_relics":[{"not_picked":["Tiny House","Runic Dome"],"picked":"Cursed Key"},{"not_picked":["bronze:MakeshiftBattery","Busted Crown"],"picked":"Fusion Hammer"}],"items_purged_floors":[11,39,47],"is_endless":false,"potions_floor_spawned":[6,10,12,16,19,31,31,41,45,54],"killed_by":"The Heart","ascension_level":9}}