{"host":"s41rn2jhghpwfrvz","time":1614030109,"event":{"mods":["BaseMod","Minty Spire (QoL Compilation)","Quick Restart","Relic Stats","SuperFastMode"],"gold_per_floor":[112,123,123,123,123,463,463,463,463,475,525,537,580,607,619,727,739,765,790,827,355,370,370,401,401,476,514,439,439,478,496,496,585,585,606,939,939,950,960,973,1003,1013,1036,1062,1062,1081,1107,602,602,602,602,602,602,17,44,44],"floor_reached":57,"language":"ENG","playtime":1584,"items_purged":["Reaper","Self Repair"],"score":3661,"play_id":"e0b36225-d4f4-469c-b8af-832913c7e76d","local_time":"20210222234149","daily_mods":["SealedDeck","Diverse","Elite Swarm"],"is_ascension_mode":true,"campfire_choices":[{"data":"Body Slam","floor":8,"key":"SMITH"},{"floor":10,"key":"REST"},{"data":"Footwork","floor":15,"key":"SMITH"},{"data":"Turbo","floor":23,"key":"SMITH"},{"data":"Scrawl","floor":25,"key":"SMITH"},{"data":"Blur","floor":29,"key":"SMITH"},{"floor":32,"key":"RECALL"},{"data":"Reboot","floor":49,"key":"SMITH"},{"data":"Shrug It Off","floor":53,"key":"SMITH"}],"circlet_count":0,"master_deck":["AscendersBane","Terror","Turbo+1","Whirlwind","Footwork+1","Conserve Battery","Body Slam+1","Shrug It Off+1","Reboot+1","Offering+1","Blur+1","Evolve","Scrawl+1","Offering","After Image"],"relics":["Burning Blood","Old Coin","MawBank","Ancient Tea Set","Toy Ornithopter","SacredBark","Chemical X","Bag of Marbles","Question Card","Turnip","Ornamental Fan","Runic Cube","Kunai","Vajra","Omamori","StoneCalendar","Bronze Scales","Akabeko","Sling","ClockworkSouvenir","Anchor","Orichalcum","Happy Flower"],"acts_visited":["Exordium","TheCity","TheBeyond","TheEnding"],"potions_floor_usage":[56,56],"damage_taken":[{"damage":0,"enemies":"Cultist","floor":1,"turns":3},{"damage":0,"enemies":"2 Louse","floor":2,"turns":2},{"damage":46,"enemies":"3 Sentries","floor":6,"turns":12},{"damage":0,"enemies":"Lagavulin","floor":11,"turns":6},{"damage":4,"enemies":"Gremlin Nob","floor":13,"turns":3},{"damage":0,"enemies":"Jaw Worm","floor":14,"turns":3},{"damage":26,"enemies":"The Guardian","floor":16,"turns":7},{"damage":13,"enemies":"Chosen","floor":18,"turns":5},{"damage":20,"enemies":"2 Thieves","floor":19,"turns":3},{"damage":26,"enemies":"Snecko","floor":20,"turns":9},{"damage":6,"enemies":"Snake Plant","floor":22,"turns":3},{"damage":6,"enemies":"Book of Stabbing","floor":24,"turns":4},{"damage":8,"enemies":"Slavers","floor":27,"turns":4},{"damage":6,"enemies":"Book of Stabbing","floor":30,"turns":2},{"damage":0,"enemies":"Centurion and Healer","floor":31,"turns":2},{"damage":6,"enemies":"Collector","floor":33,"turns":3},{"damage":6,"enemies":"3 Shapes","floor":35,"turns":2},{"damage":20,"enemies":"3 Darklings","floor":38,"turns":2},{"damage":6,"enemies":"4 Shapes","floor":39,"turns":2},{"damage":6,"enemies":"Spire Growth","floor":40,"turns":2},{"damage":6,"enemies":"Reptomancer","floor":41,"turns":2},{"damage":12,"enemies":"Maw","floor":42,"turns":1},{"damage":12,"enemies":"Giant Head","floor":44,"turns":2},{"damage":12,"enemies":"Transient","floor":46,"turns":5},{"damage":12,"enemies":"Nemesis","floor":47,"turns":5},{"damage":12,"enemies":"Awakened One","floor":50,"turns":3},{"damage":12,"enemies":"Donu and Deca","floor":51,"turns":4},{"damage":12,"enemies":"Shield and Spear","floor":55,"turns":1},{"damage":12,"enemies":"The Heart","floor":56,"turns":4}],"seed_played":"-1686225293809784679","potions_obtained":[{"floor":2,"key":"EssenceOfSteel"},{"floor":11,"key":"SpeedPotion"},{"floor":13,"key":"SpeedPotion"}],"is_trial":true,"path_per_floor":["M","M","$","$","?","E","?","R","T","R","E","?","E","M","R","B",null,"M","M","M","$","M","R","E","R","T","E","?","R","E","M","R","B",null,"M","?","?","M","M","M","E","M","T","E","$","M","E","$","R","B","B",null,"R","$","E","B",null],"character_chosen":"IRONCLAD","items_purchased":["Evolve","Chemical X","Bag of Marbles","Bronze Scales","Akabeko","Sling","ClockworkSouvenir","Anchor","Orichalcum"],"campfire_rested":1,"item_purchase_floors":[21,21,21,48,48,48,54,54,54],"current_hp_per_floor":[74,75,75,75,49,9,2,2,2,24,30,75,75,75,75,55,70,69,61,47,47,47,47,47,47,47,45,45,45,45,51,51,51,69,69,69,69,55,55,55,55,49,49,50,50,51,52,52,52,53,54,70,70,70,64,68],"gold":44,"neow_bonus":"","is_daily":false,"chose_seed":false,"campfire_upgraded":7,"win_rate":0.0,"timestamp":1614030109,"path_taken":["M","M","?","$","?","E","?","R","T","R","E","?","E","M","R","BOSS","M","?","M","$","M","R","E","R","T","E","?","R","E","M","R","BOSS","M","?","?","?","M","M","E","?","T","E","$","?","E","$","R","BOSS","BOSS","R","$","E","BOSS"],"items_purchased_type":["Card","Relic","Relic","Relic","Relic","Relic","Relic","Relic","Relic"],"build_version":"2020-12-22","purchased_purges":2,"victory":true,"max_hp_per_floor":[75,75,75,75,75,75,75,75,75,75,75,75,75,75,75,75,75,75,75,75,75,75,75,75,75,75,75,75,75,75,75,75,75,75,75,75,75,75,75,75,75,75,75,75,75,75,75,75,75,75,75,75,75,75,75,75],"relic_stats":{"Happy Flower":[1],"counters":[29,106],"StoneCalendar":[0],"Orichalcum":[6],"MawBank":144,"Question Card":14,"Burning Blood":161,"Ornamental Fan":[52],"Bronze Scales":[63],"Turnip":[2],"Chemical X":[42],"Kunai":[10],"obtain_stats":[{"Happy Flower":55,"Golden Idol":5,"SacredBark":17,"Vajra":43,"StoneCalendar":47,"Omamori":44,"Orichalcum":54,"MawBank":9,"Ancient Tea Set":11,"Question Card":24,"Sling":48,"Burning Blood":0,"Akabeko":48,"Old Coin":6,"ClockworkSouvenir":54,"Anchor":54,"Ornamental Fan":30,"Bronze Scales":48,"Turnip":27,"Bag of Marbles":21,"Chemical X":21,"Kunai":41,"Toy Ornithopter":13,"Runic Cube":34},{"Happy Flower":28,"Golden Idol":2,"SacredBark":7,"Vajra":22,"StoneCalendar":25,"Omamori":23,"Orichalcum":27,"MawBank":3,"Ancient Tea Set":4,"Question Card":12,"Sling":25,"Burning Blood":0,"Akabeko":25,"Old Coin":3,"ClockworkSouvenir":27,"Anchor":27,"Ornamental Fan":14,"Bronze Scales":25,"Turnip":13,"Bag of Marbles":10,"Chemical X":10,"Kunai":21,"Toy Ornithopter":5,"Runic Cube":16},{"Happy Flower":102,"Golden Idol":5,"SacredBark":36,"Vajra":82,"StoneCalendar":94,"Omamori":84,"Orichalcum":101,"MawBank":17,"Ancient Tea Set":23,"Question Card":60,"Sling":94,"Burning Blood":0,"Akabeko":94,"Old Coin":17,"ClockworkSouvenir":101,"Anchor":101,"Ornamental Fan":66,"Bronze Scales":94,"Turnip":64,"Bag of Marbles":53,"Chemical X":53,"Kunai":81,"Toy Ornithopter":26,"Runic Cube":71}],"Toy Ornithopter":10,"Runic Cube":[23]},"card_choices":[{"not_picked":["Steam","Iron Wave","Thunderclap"],"picked":"SKIP","floor":1},{"not_picked":["Carnage","Prepared","Deflect"],"picked":"SKIP","floor":2},{"not_picked":["Hyperbeam","Meteor Strike"],"picked":"Reaper","floor":6},{"not_picked":["Night Terror","Tools of the Trade","Buffer"],"picked":"SKIP","floor":11},{"not_picked":["Echo Form","ConjureBlade"],"picked":"Reboot","floor":13},{"not_picked":["Sunder","Consecrate","Armaments"],"picked":"SKIP","floor":14},{"not_picked":["Core Surge","Seek"],"picked":"Offering","floor":16},{"not_picked":["Deflect","Bloodletting","JustLucky+1"],"picked":"SKIP","floor":18},{"not_picked":["Study","Barrage"],"picked":"Blur","floor":19},{"not_picked":["SandsOfTime","Heavy Blade","Flying Knee"],"picked":"SKIP","floor":20},{"not_picked":["Body Slam","EmptyMind","Noxious Fumes"],"picked":"SKIP","floor":22},{"not_picked":["Establishment","Glass Knife"],"picked":"Scrawl","floor":24},{"not_picked":["Berserk","Brutality","Barricade","Wish"],"picked":"SKIP","floor":27},{"not_picked":["Wraith Form v2","Judgement","Amplify","A Thousand Cuts"],"picked":"SKIP","floor":30},{"not_picked":["Bane","Twin Strike","Skim","Beam Cell"],"picked":"SKIP","floor":31},{"not_picked":["Dodge and Roll","BootSequence","Barrage","Clothesline+1"],"picked":"SKIP","floor":35},{"not_picked":["Body Slam","Concentrate","Blade Dance+1","CrushJoints"],"picked":"SKIP","floor":38},{"not_picked":["CrushJoints","Halt+1","Battle Trance","Compile Driver"],"picked":"SKIP","floor":39},{"not_picked":["Leap","EmptyFist","Riddle With Holes","Sunder"],"picked":"SKIP","floor":40},{"not_picked":["Unload","Demon Form","Impervious"],"picked":"Offering","floor":41},{"not_picked":["Coolheaded","Protect","Consecrate"],"picked":"Self Repair","floor":42},{"not_picked":["SpiritShield","MasterReality","Exhume","Fission"],"picked":"SKIP","floor":44},{"not_picked":["Capacitor","Consecrate","Blade Dance+1","Evaluate"],"picked":"SKIP","floor":46},{"not_picked":["Reaper","Brutality","Scrawl","DevaForm"],"picked":"SKIP","floor":47},{"not_picked":["Venomology","Barricade","Bludgeon"],"picked":"After Image","floor":55}],"player_experience":1993448,"relics_obtained":[{"floor":6,"key":"Old Coin"},{"floor":9,"key":"MawBank"},{"floor":11,"key":"Ancient Tea Set"},{"floor":13,"key":"Toy Ornithopter"},{"floor":24,"key":"Question Card"},{"floor":27,"key":"Turnip"},{"floor":30,"key":"Ornamental Fan"},{"floor":41,"key":"Kunai"},{"floor":43,"key":"Vajra"},{"floor":44,"key":"Omamori"},{"floor":47,"key":"StoneCalendar"},{"floor":55,"key":"Happy Flower"}],"event_choices":[{"damage_healed":0,"gold_gain":0,"player_choice":"Take Damage","damage_taken":26,"relics_obtained":["Golden Idol"],"max_hp_gain":0,"max_hp_loss":0,"event_name":"Golden Idol","floor":5,"gold_loss":0},{"cards_removed":["Prepared"],"damage_healed":0,"gold_gain":0,"player_choice":"Card Removal","damage_taken":7,"max_hp_gain":0,"max_hp_loss":0,"event_name":"Golden Wing","floor":7,"gold_loss":0},{"cards_removed":["Auto Shields"],"damage_healed":45,"gold_gain":0,"player_choice":"Offered Uncommon","damage_taken":0,"max_hp_gain":0,"max_hp_loss":0,"event_name":"Bonfire Elementals","floor":12,"gold_loss":0},{"cards_removed":["Conserve Battery"],"damage_healed":0,"gold_gain":0,"player_choice":"Gave Gold","damage_taken":0,"max_hp_gain":0,"max_hp_loss":0,"event_name":"Beggar","floor":28,"gold_loss":75},{"damage_healed":0,"gold_gain":333,"player_choice":"Gave Idol","damage_taken":0,"max_hp_gain":0,"max_hp_loss":0,"event_name":"The Moai Head","floor":36,"relics_lost":["Golden Idol"],"gold_loss":0},{"damage_healed":0,"gold_gain":0,"player_choice":"Upgraded","damage_taken":0,"max_hp_gain":0,"max_hp_loss":0,"event_name":"Upgrade Shrine","floor":37,"gold_loss":0,"cards_upgraded":["Offering"]}],"is_beta":false,"boss_relics":[{"not_picked":["Calling Bell","Black Blood"],"picked":"SacredBark"},{"not_picked":["Philosopher\u0027s Stone","Snecko Eye"],"picked":"Runic Cube"}],"items_purged_floors":[21,54],"is_endless":false,"potions_floor_spawned":[2,11,13,20,27,30,33,35,38,40,44,47],"ascension_level":20}}