{"host":"f2zkc2gsfwbibc34","time":1614028204,"event":{"mods":["AchievementEnabler","BaseMod","Better Note","Colored Map","Colored Powertips","Defuse TimeMaze Blight","Minty Spire (QoL Compilation)","Permanent Neow","StSLib","SuperFastMode","The Servant 0.9.4"],"gold_per_floor":[118,136,136,86,11,37,37,54,54,73,73,73,88,8,8,112,112,125,138,238,238,238,238,254,281,281,293,318,111,123,52,52,155,155,171,194,211,24,24,24,58,58,58,58,58,68,68,114,114,114],"floor_reached":51,"language":"ENG","playtime":2159,"items_purged":["Defend_S","Strike_S","Strike_S"],"score":1122,"play_id":"6d3105a4-61f9-4e6b-8d54-67e80bb048d0","local_time":"20210222221004","is_ascension_mode":true,"campfire_choices":[{"floor":7,"key":"REST"},{"data":"Hightail","floor":11,"key":"SMITH"},{"data":"Potential","floor":15,"key":"SMITH"},{"data":"Defend_S","floor":23,"key":"SMITH"},{"floor":32,"key":"REST"},{"floor":40,"key":"DIG"},{"floor":47,"key":"DIG"},{"floor":49,"key":"DIG"}],"circlet_count":0,"master_deck":["Strike_S","Strike_S","Defend_S+1","Defend_S","KidneyShot","Exchange","TimeWarp","Defy+1","BottledTime+1","Hightail+1","Potential+1","TimeWarp","ShiftingGears+1","ShiftingGears+1","TheWorld+1","SilverBlades","Alleviate+1","Contraction+1","Defy+1","MurderousAura","BottledTime+1","TheWorld+1","Madness+1","Madness+1","SilverBlades"],"relics":["Uniform","Tiny Chest","The Courier","Singing Bowl","Ornamental Fan","SlaversCollar","TungstenRod","Bottled Flame","Toxic Egg 2","Smiling Mask","Membership Card","StoneMask","Orichalcum","Shovel","Vajra","Regal Pillow","Bronze Scales","Blood Vial","White Beast Statue"],"acts_visited":["Exordium","TheCity","TheBeyond"],"potions_floor_usage":[13,13,25,33,33,50,50,50],"damage_taken":[{"damage":0,"enemies":"Small Slimes","floor":1,"turns":3},{"damage":2,"enemies":"2 Louse","floor":2,"turns":4},{"damage":31,"enemies":"Gremlin Nob","floor":6,"turns":6},{"damage":0,"enemies":"Jaw Worm","floor":8,"turns":3},{"damage":9,"enemies":"Exordium Thugs","floor":10,"turns":7},{"damage":0,"enemies":"Lots of Slimes","floor":13,"turns":4},{"damage":7,"enemies":"The Guardian","floor":16,"turns":12},{"damage":7,"enemies":"3 Byrds","floor":18,"turns":11},{"damage":9,"enemies":"2 Thieves","floor":19,"turns":5},{"damage":0,"enemies":"Centurion and Healer","floor":24,"turns":10},{"damage":5,"enemies":"Slavers","floor":25,"turns":17},{"damage":0,"enemies":"Snecko","floor":27,"turns":10},{"damage":0,"enemies":"Book of Stabbing","floor":28,"turns":7},{"damage":3,"enemies":"Shelled Parasite and Fungi","floor":30,"turns":5},{"damage":0,"enemies":"Collector","floor":33,"turns":21},{"damage":0,"enemies":"3 Shapes","floor":35,"turns":4},{"damage":14,"enemies":"Orb Walker","floor":37,"turns":6},{"damage":0,"enemies":"Nemesis","floor":41,"turns":9},{"damage":0,"enemies":"Writhing Mass","floor":46,"turns":6},{"damage":25,"enemies":"Donu and Deca","floor":50,"turns":12}],"seed_played":"4582066359953293225","potions_obtained":[{"floor":6,"key":"GamblersBrew"},{"floor":10,"key":"Swift Potion"},{"floor":16,"key":"BlessingOfTheForge"},{"floor":19,"key":"PowerPotion"},{"floor":27,"key":"Ancient Potion"},{"floor":41,"key":"ColorlessPotion"},{"floor":44,"key":"PowerPotion"},{"floor":44,"key":"AttackPotion"}],"is_trial":false,"path_per_floor":["M","M","?","?","$","E","R","M","T","M","R","T","M","$","R","B",null,"M","M","?","?","T","R","M","E","T","M","E","$","M","$","R","B",null,"M","T","M","$","?","R","E","?","T","?","$","M","R","T","R","B",null],"character_chosen":"THE_SERVANT","items_purchased":["Membership Card","SilverBlades","Alleviate+1","Contraction+1","Defy+1","BottledTime+1","TheWorld+1","Shovel"],"campfire_rested":2,"item_purchase_floors":[29,29,31,31,31,38,38,38],"current_hp_per_floor":[59,57,57,57,57,26,45,45,45,36,36,36,36,36,36,31,58,53,44,44,44,44,44,46,41,41,43,43,43,42,42,64,64,72,80,80,71,71,73,73,78,68,68,68,68,71,71,71,71,54],"gold":114,"neow_bonus":"RANDOM_COMMON_RELIC","is_daily":false,"chose_seed":false,"campfire_upgraded":3,"win_rate":0.0,"timestamp":1614028204,"path_taken":["M","M","?","?","?","E","R","M","T","M","R","?","?","$","R","BOSS","M","M","?","?","?","R","?","E","T","?","E","$","?","$","R","BOSS","M","?","M","$","?","R","E","?","T","?","$","M","R","?","R","BOSS"],"items_purchased_type":["Relic","Card","Card","Card","Card","Card","Card","Relic"],"build_version":"2020-12-22","purchased_purges":3,"victory":true,"max_hp_per_floor":[65,65,65,65,65,65,65,65,65,65,65,65,65,65,65,67,67,69,69,69,69,69,69,71,71,71,73,73,73,75,75,75,75,75,80,80,83,83,85,85,88,88,88,88,88,89,89,89,89,91],"card_choices":[{"not_picked":["ShatteredReality","Desolation"],"picked":"TimeWarp","floor":1},{"not_picked":["Comet","Starlight"],"picked":"Defy","floor":2},{"not_picked":["Orbit","StarChef"],"picked":"BottledTime","floor":6},{"not_picked":["KillingDoll","Rearm"],"picked":"Hightail","floor":8},{"not_picked":["Replace","Spin"],"picked":"Potential","floor":10},{"not_picked":["Unruled","DoubleEdge"],"picked":"TimeWarp","floor":13},{"not_picked":["KillingDoll","Solidify","SilverMatrix"],"picked":"Singing Bowl","floor":16},{"not_picked":["Potential","FastForward","Ricochet+1"],"picked":"Singing Bowl","floor":18},{"not_picked":["Rewind","Collapse"],"picked":"ShiftingGears+1","floor":19},{"not_picked":["Rewind+1","Unruled","Ricochet"],"picked":"Singing Bowl","floor":24},{"not_picked":["DoubleEdge","Advance+1"],"picked":"ShiftingGears+1","floor":25},{"not_picked":["DoubleEdge","SpecialFormula+1","Alleviate+1"],"picked":"Singing Bowl","floor":27},{"not_picked":["ShatteredReality","DancingSilver+1"],"picked":"TheWorld+1","floor":28},{"not_picked":["Rewind+1","Gouge","Deadline+1"],"picked":"Singing Bowl","floor":30},{"not_picked":["SoulSculpture","LightFlow"],"picked":"MurderousAura","floor":33},{"not_picked":["Hightail+1","FanOfKnives","Comet+1"],"picked":"Singing Bowl","floor":35},{"not_picked":["Gouge","Snipe+1","Unruled+1"],"picked":"Singing Bowl","floor":37},{"not_picked":["Mind Blast","Bandage Up+1","Purity+1"],"picked":"Singing Bowl","floor":39},{"not_picked":["FastForward+1","Deadline+1","StarChef+1"],"picked":"Singing Bowl","floor":41},{"not_picked":["Potential","InstantArmor+1"],"picked":"SilverBlades","floor":46}],"player_experience":119769,"relics_obtained":[{"floor":6,"key":"The Courier"},{"floor":9,"key":"Singing Bowl"},{"floor":12,"key":"Ornamental Fan"},{"floor":22,"key":"TungstenRod"},{"floor":25,"key":"Bottled Flame"},{"floor":26,"key":"Toxic Egg 2"},{"floor":28,"key":"Smiling Mask"},{"floor":36,"key":"Orichalcum"},{"floor":41,"key":"Vajra"},{"floor":43,"key":"Regal Pillow"},{"floor":47,"key":"Bronze Scales"},{"floor":48,"key":"Blood Vial"},{"floor":49,"key":"White Beast Statue"}],"event_choices":[{"damage_healed":0,"gold_gain":0,"player_choice":"Grow","damage_taken":0,"max_hp_gain":0,"max_hp_loss":0,"event_name":"Living Wall","floor":3,"gold_loss":0,"cards_upgraded":["Defy"]},{"cards_removed":["Defend_S"],"damage_healed":0,"gold_gain":0,"player_choice":"Card Removal","damage_taken":0,"max_hp_gain":0,"max_hp_loss":0,"event_name":"The Cleric","floor":4,"gold_loss":50},{"damage_healed":0,"gold_gain":100,"player_choice":"Pray","damage_taken":0,"max_hp_gain":0,"max_hp_loss":0,"event_name":"Golden Shrine","floor":20,"gold_loss":0},{"damage_healed":0,"gold_gain":0,"player_choice":"Upgraded","damage_taken":0,"max_hp_gain":0,"max_hp_loss":0,"event_name":"Upgrade Shrine","floor":21,"gold_loss":0,"cards_upgraded":["BottledTime"]},{"damage_healed":0,"gold_gain":0,"player_choice":"Memory 1","damage_taken":0,"max_hp_gain":0,"max_hp_loss":0,"event_name":"SensoryStone","floor":39,"gold_loss":0},{"damage_healed":0,"gold_gain":0,"player_choice":"Embrace Madness","damage_taken":11,"max_hp_gain":0,"max_hp_loss":0,"event_name":"Winding Halls","floor":42,"gold_loss":0,"cards_obtained":["Madness","Madness"]},{"damage_healed":0,"gold_gain":0,"player_choice":"Got Potions","damage_taken":0,"max_hp_gain":0,"max_hp_loss":0,"event_name":"Lab","floor":44,"gold_loss":0}],"is_beta":false,"boss_relics":[{"not_picked":["Busted Crown","Calling Bell"],"picked":"SlaversCollar"},{"not_picked":["MysterySword","Fusion Hammer"],"picked":"StoneMask"}],"items_purged_floors":[5,14,29],"is_endless":false,"potions_floor_spawned":[6,10,16,19,27,41,46],"ascension_level":6}}