{"host":"8rgpnls124hwjv5t","time":1614019356,"event":{"mods":["BaseMod","Colored Map","Colored Powertips","DeckTracker","Highlight Path","Minty Spire (QoL Compilation)","Permanent Neow","Quick Restart","Relic Stats","Shop Mod","StSLib"],"gold_per_floor":[113,133,94,109,25,35,61,61,113,113,89,89,109,144,144,223,223,242,35,35,51,51,78,78,112,112,112,130,130,161,180,180,252,252,272,319,336,356,381,381,381,381],"floor_reached":41,"language":"ENG","playtime":3805,"items_purged":[],"score":1018,"play_id":"f26214f1-4324-47b8-8918-a0f665ee318d","local_time":"20210222134236","is_ascension_mode":true,"campfire_choices":[{"data":"Loop","floor":8,"key":"SMITH"},{"data":"Loop","floor":10,"key":"SMITH"},{"data":"Ball Lightning","floor":12,"key":"SMITH"},{"data":"Barrage","floor":15,"key":"SMITH"},{"data":"Biased Cognition","floor":24,"key":"SMITH"},{"data":"Self Repair","floor":27,"key":"SMITH"},{"data":"Barrage","floor":29,"key":"SMITH"},{"floor":32,"key":"REST"},{"data":"1","floor":40,"key":"LIFT"}],"circlet_count":0,"master_deck":["AscendersBane","Strike_B","Strike_B","Defend_B","Defend_B","Defend_B","Zap","Dualcast","BootSequence+1","Melter+1","Glacier+1","Loop+1","Loop+1","Doom and Gloom","Sweeping Beam","Capacitor","Capacitor","Ball Lightning+1","Barrage+1","Stack+1","Biased Cognition+1","Barrage+1","Self Repair+1","Steam+1","Zap+1","Seek+1","Reinforced Body+1","Amplify+1","Hologram+1","Barrage+1","Loop+1","Parasite","Tempest+1","Conserve Battery+1"],"relics":["Astrolabe","Toxic Egg 2","Oddly Smooth Stone","Pen Nib","Runic Pyramid","Bag of Preparation","Singing Bowl","Tiny Chest","Dream Catcher","Girya","Nuclear Battery","Unceasing Top","Pocketwatch"],"acts_visited":["Exordium","TheCity","TheBeyond"],"potions_floor_usage":[7,23,25,30],"damage_taken":[{"damage":0,"enemies":"Small Slimes","floor":1,"turns":4},{"damage":0,"enemies":"2 Louse","floor":2,"turns":4},{"damage":7,"enemies":"Cultist","floor":4,"turns":4},{"damage":6,"enemies":"3 Louse","floor":6,"turns":3},{"damage":0,"enemies":"Lagavulin","floor":7,"turns":7},{"damage":7,"enemies":"Exordium Thugs","floor":11,"turns":4},{"damage":0,"enemies":"Lots of Slimes","floor":13,"turns":2},{"damage":5,"enemies":"Gremlin Nob","floor":14,"turns":3},{"damage":3,"enemies":"The Guardian","floor":16,"turns":11},{"damage":5,"enemies":"Chosen","floor":18,"turns":7},{"damage":13,"enemies":"2 Thieves","floor":21,"turns":3},{"damage":0,"enemies":"Gremlin Leader","floor":23,"turns":5},{"damage":22,"enemies":"Slavers","floor":25,"turns":6},{"damage":3,"enemies":"Snecko","floor":28,"turns":6},{"damage":17,"enemies":"Book of Stabbing","floor":30,"turns":5},{"damage":9,"enemies":"Centurion and Healer","floor":31,"turns":5},{"damage":37,"enemies":"Automaton","floor":33,"turns":10},{"damage":9,"enemies":"Orb Walker","floor":35,"turns":3},{"damage":71,"enemies":"2 Orb Walkers","floor":36,"turns":6},{"damage":17,"enemies":"3 Darklings","floor":37,"turns":4},{"damage":1,"enemies":"Writhing Mass","floor":38,"turns":7},{"damage":7,"enemies":"Mind Bloom Boss Battle","floor":39,"turns":4},{"damage":89,"enemies":"Reptomancer","floor":41,"turns":10}],"seed_played":"4168315855592284331","potions_obtained":[{"floor":7,"key":"DuplicationPotion"},{"floor":11,"key":"PotionOfCapacity"},{"floor":13,"key":"Strength Potion"},{"floor":14,"key":"FairyPotion"},{"floor":23,"key":"AttackPotion"},{"floor":25,"key":"Energy Potion"},{"floor":36,"key":"Strength Potion"},{"floor":38,"key":"GamblersBrew"}],"is_trial":false,"path_per_floor":["M","M","$","M","$","M","E","R","T","R","M","R","M","E","R","B",null,"M","$","?","M","?","E","R","E","T","R","M","R","E","M","R","B",null,"M","?","M","M","?","R","E"],"character_chosen":"DEFECT","items_purchased":["Loop","Fire Potion","Sweeping Beam","Bag of Preparation","Self Repair"],"campfire_rested":1,"item_purchase_floors":[3,5,5,19,19],"current_hp_per_floor":[64,64,64,57,57,51,51,51,51,51,44,44,44,39,39,36,62,57,57,57,44,44,46,46,33,33,33,42,42,25,26,51,24,65,76,15,43,62,75,75,0,0],"gold":381,"neow_bonus":"BOSS_RELIC","is_daily":false,"chose_seed":false,"campfire_upgraded":7,"win_rate":0.0,"timestamp":1614019356,"path_taken":["M","M","$","M","$","M","E","R","T","R","M","R","M","E","R","BOSS","M","$","?","M","?","E","R","E","T","R","M","R","E","M","R","BOSS","M","?","M","M","?","R","E"],"items_purchased_type":["Card","Potion","Card","Relic","Card"],"build_version":"2020-12-22","purchased_purges":0,"victory":false,"max_hp_per_floor":[71,71,71,71,71,71,71,71,71,71,71,71,71,71,71,71,71,71,71,71,71,71,73,73,75,75,75,77,77,77,77,79,79,79,79,79,79,79,79,79,79,79],"relic_stats":{"Dream Catcher":1,"Singing Bowl":8,"counters":[23,122],"Astrolabe":["BootSequence","Melter","Glacier"],"Tiny Chest":0,"Pen Nib":[11],"Bag of Preparation":[26],"obtain_stats":[{"Girya":30,"Singing Bowl":23,"Astrolabe":0,"Oddly Smooth Stone":9,"Pen Nib":14,"Bag of Preparation":19,"Nuclear Battery":34,"Dream Catcher":26,"Tiny Chest":25,"Toxic Egg 2":7,"Cracked Core":0,"Unceasing Top":36,"Runic Pyramid":17,"Pocketwatch":39},{"Girya":15,"Singing Bowl":12,"Astrolabe":0,"Oddly Smooth Stone":5,"Pen Nib":8,"Bag of Preparation":10,"Nuclear Battery":17,"Dream Catcher":13,"Tiny Chest":13,"Toxic Egg 2":5,"Cracked Core":0,"Unceasing Top":19,"Runic Pyramid":9,"Pocketwatch":22},{"Girya":74,"Singing Bowl":57,"Astrolabe":0,"Oddly Smooth Stone":22,"Pen Nib":31,"Bag of Preparation":49,"Nuclear Battery":89,"Dream Catcher":63,"Tiny Chest":63,"Toxic Egg 2":22,"Cracked Core":0,"Unceasing Top":98,"Runic Pyramid":42,"Pocketwatch":112}],"Unceasing Top":[0],"Pocketwatch":[1]},"card_choices":[{"not_picked":["Hologram","Stack","Beam Cell"],"picked":"SKIP","floor":1},{"not_picked":["Turbo","Coolheaded"],"picked":"Loop","floor":2},{"not_picked":["Hello World","Cold Snap"],"picked":"Doom and Gloom","floor":4},{"not_picked":["Redo","Static Discharge"],"picked":"Capacitor","floor":6},{"not_picked":["Leap+1","Beam Cell"],"picked":"Capacitor","floor":7},{"not_picked":["Fusion+1","Darkness+1"],"picked":"Ball Lightning","floor":11},{"not_picked":["Reprogram+1","Cold Snap"],"picked":"Barrage","floor":13},{"not_picked":["Redo+1","BootSequence+1"],"picked":"Stack+1","floor":14},{"not_picked":["Hyperbeam","All For One"],"picked":"Biased Cognition","floor":16},{"not_picked":["Hello World+1","Leap+1"],"picked":"Barrage","floor":18},{"not_picked":["Sweeping Beam","Coolheaded+1"],"picked":"Steam+1","floor":21},{"not_picked":["Gash","Compile Driver","Beam Cell"],"picked":"Singing Bowl","floor":23},{"not_picked":["Beam Cell","Steam Power+1","Rebound"],"picked":"Singing Bowl","floor":25},{"not_picked":["Redo+1","Streamline","Compile Driver"],"picked":"Singing Bowl","floor":28},{"not_picked":["Beam Cell","Barrage"],"picked":"Seek+1","floor":30},{"not_picked":["Sunder","Blizzard"],"picked":"Reinforced Body+1","floor":31},{"not_picked":["Go for the Eyes","Ball Lightning","Barrage"],"picked":"Singing Bowl","floor":32},{"not_picked":["Meteor Strike","Hyperbeam"],"picked":"Amplify+1","floor":33},{"not_picked":["Leap+1","Genetic Algorithm+1"],"picked":"Hologram+1","floor":35},{"not_picked":["Self Repair","Leap+1"],"picked":"Barrage+1","floor":36},{"not_picked":["Genetic Algorithm+1","Gash"],"picked":"Loop+1","floor":37},{"not_picked":["Turbo+1","Redo+1"],"picked":"Tempest+1","floor":38},{"not_picked":["Reboot+1","Hologram+1"],"picked":"Conserve Battery+1","floor":39}],"player_experience":626584,"relics_obtained":[{"floor":7,"key":"Toxic Egg 2"},{"floor":9,"key":"Oddly Smooth Stone"},{"floor":14,"key":"Pen Nib"},{"floor":23,"key":"Singing Bowl"},{"floor":25,"key":"Tiny Chest"},{"floor":26,"key":"Dream Catcher"},{"floor":30,"key":"Girya"},{"floor":36,"key":"Unceasing Top"},{"floor":39,"key":"Pocketwatch"}],"event_choices":[{"damage_healed":0,"gold_gain":0,"player_choice":"Ignored","damage_taken":0,"max_hp_gain":0,"max_hp_loss":0,"event_name":"Ghosts","floor":20,"gold_loss":0},{"damage_healed":0,"gold_gain":0,"player_choice":"1 cards matched","damage_taken":0,"max_hp_gain":0,"max_hp_loss":0,"event_name":"Match and Keep!","floor":22,"gold_loss":0,"cards_obtained":["Zap"]},{"damage_healed":0,"gold_gain":0,"player_choice":"Fight","damage_taken":0,"max_hp_gain":0,"max_hp_loss":0,"event_name":"Mysterious Sphere","floor":36,"gold_loss":0},{"damage_healed":0,"gold_gain":0,"player_choice":"Fight","damage_taken":0,"max_hp_gain":0,"max_hp_loss":0,"event_name":"MindBloom","floor":39,"gold_loss":0}],"is_beta":false,"boss_relics":[{"not_picked":["Black Star","Runic Dome"],"picked":"Runic Pyramid"},{"not_picked":["Sozu","Inserter"],"picked":"Nuclear Battery"}],"items_purged_floors":[],"is_endless":false,"potions_floor_spawned":[7,11,13,14,16,21,23,25,36,38],"killed_by":"Reptomancer","ascension_level":18}}