{"host":"as7albp2mcgkylj3","time":1614001664,"event":{"mods":["2.2 Compatiblity","AchievementEnabler","BaseMod","Colored Map","Downfall","Googly Eyes","Highlight Path","Minty Spire (QoL Compilation)","Replay The Spire","StSLib","SuperFastMode"],"gold_per_floor":[199,213,232,232,252,252,327,327,327,237,237,256,141,141,161,256,256,256,276,276,276,292,152,152,152,162,178,178,188,188,188,208,311,311,311,328,328,341,356,191,215,215,215,265,450,450,461,461,476,476],"floor_reached":51,"language":"ITA","playtime":1749,"items_purged":["bronze:Defend","bronze:Strike","bronze:Strike","bronze:Strike","bronze:Defend+1"],"score":837,"play_id":"83833761-9b32-4eb9-9fcd-4682850b1b6f","local_time":"20210222144744","is_ascension_mode":false,"campfire_choices":[{"data":"bronze:Replicate","floor":1,"key":"SMITH"},{"data":"bronze:Goto","floor":6,"key":"SMITH"},{"data":"bronze:Defend","floor":8,"key":"SMITH"},{"floor":28,"key":"REST"},{"floor":30,"key":"REST"},{"data":"bronze:Defend","floor":35,"key":"SMITH"},{"floor":42,"key":"REST"},{"floor":46,"key":"REST"}],"circlet_count":0,"master_deck":["bronze:Defend+1","bronze:Replicate+1","bronze:Goto+1","bronze:DelayedSlice+1","bronze:Branch+1"],"relics":["bronze:BronzeCore"],"acts_visited":["Exordium","TheCity","TheBeyond"],"potions_floor_usage":[16,33,33,50,50],"damage_taken":[{"damage":3,"enemies":"2 Louse","floor":2,"turns":3},{"damage":1,"enemies":"Cultist","floor":3,"turns":3},{"damage":0,"enemies":"Small Slimes","floor":5,"turns":3},{"damage":2,"enemies":"downfall:FleeingMerchant","floor":10,"turns":4},{"damage":6,"enemies":"Exordium Wildlife","floor":12,"turns":4},{"damage":2,"enemies":"downfall:FleeingMerchant","floor":13,"turns":4},{"damage":0,"enemies":"Blue Slaver","floor":15,"turns":2},{"damage":36,"enemies":"IC_STATUS_ARCHETYPE","floor":16,"turns":10},{"damage":0,"enemies":"Spheric Guardian","floor":19,"turns":3},{"damage":0,"enemies":"Shell Parasite","floor":22,"turns":4},{"damage":7,"enemies":"downfall:FleeingMerchant","floor":23,"turns":4},{"damage":3,"enemies":"Cultist and Chosen","floor":26,"turns":5},{"damage":31,"enemies":"Snecko","floor":27,"turns":6},{"damage":20,"enemies":"Snake Plant","floor":29,"turns":4},{"damage":2,"enemies":"Cultist and Chosen","floor":32,"turns":4},{"damage":16,"enemies":"SI_MIRROR_ARCHETYPE","floor":33,"turns":10},{"damage":14,"enemies":"3 Shapes","floor":36,"turns":9},{"damage":0,"enemies":"Orb Walker","floor":38,"turns":2},{"damage":20,"enemies":"Jaw Worm Horde","floor":39,"turns":3},{"damage":9,"enemies":"downfall:FleeingMerchant","floor":40,"turns":4},{"damage":0,"enemies":"downfall:FleeingMerchant","floor":44,"turns":4},{"damage":0,"enemies":"downfall:FleeingMerchant","floor":45,"turns":1},{"damage":0,"enemies":"3 Darklings","floor":47,"turns":3},{"damage":0,"enemies":"Sphere and 2 Shapes","floor":49,"turns":3},{"damage":49,"enemies":"DF_ARCHETYPE_ORBS","floor":50,"turns":9}],"seed_played":"-916677245175305634","potions_obtained":[{"floor":2,"key":"Flashbang"},{"floor":4,"key":"Guardian:BlockOnCardUsePotion"},{"floor":4,"key":"Block Potion"},{"floor":12,"key":"CultistPotion"},{"floor":16,"key":"hexamod:SoulburnPotion"},{"floor":29,"key":"Regen Potion"},{"floor":33,"key":"ColorlessPotion"},{"floor":36,"key":"Strength Potion"}],"is_trial":false,"path_per_floor":["R","M","M","?","M","R","T","R","?","$","?","M","$","?","M","B",null,"R_BF","M","?","?","M","$","T","T","M","M","R","M","R","?","M","B",null,"R","M","?","M","M","$","T","R","?","?","?","R","M","$","M","B",null],"character_chosen":"THE_AUTOMATON","items_purchased":[],"campfire_rested":4,"item_purchase_floors":[],"current_hp_per_floor":[70,67,66,66,66,66,66,66,66,64,64,58,56,56,56,20,70,70,70,70,70,70,63,63,63,60,29,50,30,51,51,49,33,70,70,56,56,56,36,27,27,48,48,48,48,69,69,69,69,29],"gold":476,"neow_bonus":"HUNDRED_GOLD","is_daily":false,"chose_seed":false,"campfire_upgraded":4,"win_rate":0.0,"timestamp":1614001664,"path_taken":["R","M","M","?","?","R","T","R","?","?","?","M","$","?","M","BOSS","R_BF","M","?","?","M","$","T","?","M","?","R","?","R","?","M","BOSS","R","M","?","?","M","$","T","R","?","?","?","R","M","$","M","BOSS"],"items_purchased_type":[],"build_version":"2020-12-22","purchased_purges":5,"victory":true,"max_hp_per_floor":[70,70,70,70,70,70,70,70,70,70,70,70,70,70,70,70,70,70,70,70,70,70,70,70,70,70,70,70,70,70,70,70,70,70,70,70,70,70,70,70,70,70,70,70,70,70,70,70,70,70],"card_choices":[{"not_picked":["bronze:BronzeOrb","bronze:Branch","bronze:Repair"],"picked":"SKIP","floor":2},{"not_picked":["bronze:OilSpill","bronze:BuggyMess","bronze:Frontload"],"picked":"SKIP","floor":3},{"not_picked":["bronze:ForLoop","bronze:CutThrough","bronze:Frontload"],"picked":"SKIP","floor":5},{"not_picked":["bronze:BitShift","bronze:Assembly"],"picked":"bronze:DelayedSlice","floor":10},{"not_picked":["bronze:MaxOutput","bronze:Constructor","bronze:Overload"],"picked":"SKIP","floor":12},{"not_picked":["bronze:Terminator","bronze:Invalidate","bronze:WhirlingStrike"],"picked":"SKIP","floor":13},{"not_picked":["bronze:GetLatest","bronze:ChosenStrike","bronze:Repulsor"],"picked":"SKIP","floor":15},{"not_picked":["bronze:Repulsor","bronze:Safeguard","bronze:ForLoop"],"picked":"SKIP","floor":19},{"not_picked":["bronze:Shield","bronze:FineTuning","bronze:CloningBeam"],"picked":"SKIP","floor":22},{"not_picked":["bronze:BitShift","bronze:Library","bronze:Shell+1"],"picked":"SKIP","floor":23},{"not_picked":["bronze:Shield","bronze:Overheat","bronze:BronzeOrb"],"picked":"SKIP","floor":26},{"not_picked":["bronze:FineTuning","bronze:OilSpill+1","bronze:Safeguard"],"picked":"SKIP","floor":27},{"not_picked":["bronze:BronzeOrb","bronze:Invalidate","bronze:Frontload"],"picked":"SKIP","floor":29},{"not_picked":["bronze:Backtrace","bronze:Return","bronze:Optimize+1"],"picked":"SKIP","floor":32},{"not_picked":["bronze:Constructor","bronze:GetLatest","bronze:CutThrough"],"picked":"SKIP","floor":36},{"not_picked":["bronze:CutThrough+1","bronze:Frontload+1","bronze:BurnOut"],"picked":"SKIP","floor":38},{"not_picked":["bronze:Philosophize","bronze:Branch","bronze:Boost+1"],"picked":"SKIP","floor":39},{"not_picked":["bronze:Virus","bronze:DarkDash"],"picked":"bronze:Branch+1","floor":40},{"not_picked":["bronze:ForLoop","bronze:BugBarrage","bronze:Return"],"picked":"SKIP","floor":45},{"not_picked":["bronze:Branch+1","bronze:Frontload","bronze:FineTuning+1"],"picked":"SKIP","floor":47},{"not_picked":["bronze:Iterate+1","bronze:BugBarrage","bronze:Flail+1"],"picked":"SKIP","floor":49}],"player_experience":547027,"relics_obtained":[],"event_choices":[{"damage_healed":0,"gold_gain":0,"player_choice":"Got Potions","damage_taken":0,"max_hp_gain":0,"max_hp_loss":0,"event_name":"Lab","floor":4,"gold_loss":0},{"damage_healed":0,"gold_gain":0,"player_choice":"Fled","damage_taken":0,"max_hp_gain":0,"max_hp_loss":0,"event_name":"Scrap Ooze","floor":9,"gold_loss":0},{"damage_healed":0,"gold_gain":0,"player_choice":"Ignored","damage_taken":0,"max_hp_gain":0,"max_hp_loss":0,"event_name":"Ghosts","floor":20,"gold_loss":0},{"damage_healed":0,"gold_gain":0,"player_choice":"Ignored","damage_taken":0,"max_hp_gain":0,"max_hp_loss":0,"event_name":"Mysterious Sphere","floor":43,"gold_loss":0}],"is_beta":false,"boss_relics":[{"not_picked":["Ring of Chaos","Painkiller Herb","Kintsugi"]},{"not_picked":["bronze:MakeshiftBattery","Pandora\u0027s Box","Astrolabe"]}],"items_purged_floors":[10,13,23,40,45],"is_endless":false,"potions_floor_spawned":[2,12,16,19,27,29,33,36,44,47],"ascension_level":0}}