{"host":"l15sdf2mmi0nobpi","time":1614005034,"event":{"mods":["BaseMod","Highlight Path","Minty Spire (QoL Compilation)","Quick Restart","StSLib","TestMod","【功能Mod】Neow奖励"],"gold_per_floor":[115,115,129,146,71,96,96,127,208,233,233,383,393,408,408,481,481,492,542,552,552,552,586,586,599,622,622,647,660,676,705,705,776,776,789,800,816,530,530,561,591,625,625,625,625,625,653,669,669,669,669,669,669,569,604,604],"floor_reached":57,"language":"ZHS","playtime":3150,"items_purged":["Strike_R","Bash"],"score":3421,"play_id":"ca6c66db-2599-49cf-89b6-8f697a96bc13","local_time":"20210222224354","is_ascension_mode":true,"campfire_choices":[{"data":"Rampage","floor":11.0,"key":"SMITH"},{"data":"Sword Boomerang","floor":15.0,"key":"SMITH"},{"data":"Inflame","floor":24.0,"key":"SMITH"},{"floor":27.0,"key":"RECALL"},{"data":"Dark Embrace","floor":32.0,"key":"SMITH"},{"data":"testmod-ChaoticCore","floor":44,"key":"SMITH"},{"data":"Bloodletting","floor":46,"key":"SMITH"},{"data":"Offering","floor":49,"key":"SMITH"},{"data":"Feel No Pain","floor":53,"key":"SMITH"}],"circlet_count":0,"master_deck":["AscendersBane","Defend_R","Defend_R","Defend_R","Defend_R","Second Wind","Shrug It Off","Inflame+1","Rampage+1","Pommel Strike","Feel No Pain+1","Sword Boomerang+1","Offering+1","Dark Embrace+1","Burning Pact+1","Double Tap","testmod-ChaoticCore+1","Bloodletting+1","Feel No Pain+1"],"relics":["Burning Blood","testmod-ArcanaOfDestiny","testmod-ObsoleteBoomerang","Centennial Puzzle","Omamori","Shuriken","testmod-Brilliant","testmod-SaigiyounoYou","testmod-TestBox","Incense Burner","Akabeko","Paper Frog","WingedGreaves","Calling Bell","MealTicket","Mummified Hand","Dead Branch","Strawberry","Ice Cream","testmod-AssaultLearning","Bag of Marbles"],"acts_visited":["Exordium","TheCity","TheBeyond","TheEnding"],"potions_floor_usage":[56,56,56],"damage_taken":[{"damage":14.0,"enemies":"Jaw Worm","floor":1.0,"turns":4.0},{"damage":2.0,"enemies":"2 Louse","floor":3.0,"turns":3.0},{"damage":4.0,"enemies":"Small Slimes","floor":4.0,"turns":3.0},{"damage":0.0,"enemies":"3 Sentries","floor":6.0,"turns":9.0},{"damage":32.0,"enemies":"Gremlin Nob","floor":8.0,"turns":4.0},{"damage":11.0,"enemies":"Lagavulin","floor":10.0,"turns":5.0},{"damage":0.0,"enemies":"Blue Slaver","floor":13.0,"turns":2.0},{"damage":0.0,"enemies":"Exordium Wildlife","floor":14.0,"turns":1.0},{"damage":15.0,"enemies":"Hexaghost","floor":16.0,"turns":7.0},{"damage":0.0,"enemies":"2 Thieves","floor":18.0,"turns":1.0},{"damage":0.0,"enemies":"Spheric Guardian","floor":20.0,"turns":1.0},{"damage":15.0,"enemies":"Book of Stabbing","floor":23.0,"turns":3.0},{"damage":0.0,"enemies":"Snecko","floor":25.0,"turns":2.0},{"damage":0.0,"enemies":"Gremlin Leader","floor":28.0,"turns":1.0},{"damage":0.0,"enemies":"3 Cultists","floor":29.0,"turns":1.0},{"damage":6.0,"enemies":"Centurion and Healer","floor":30.0,"turns":1.0},{"damage":0.0,"enemies":"Slavers","floor":31.0,"turns":1.0},{"damage":53.0,"enemies":"Automaton","floor":33.0,"turns":5.0},{"damage":0.0,"enemies":"3 Darklings","floor":35.0,"turns":1.0},{"damage":6.0,"enemies":"Orb Walker","floor":36.0,"turns":1.0},{"damage":6.0,"enemies":"Transient","floor":37.0,"turns":6.0},{"damage":0.0,"enemies":"Reptomancer","floor":40.0,"turns":1.0},{"damage":44.0,"enemies":"Nemesis","floor":41.0,"turns":3.0},{"damage":0.0,"enemies":"Reptomancer","floor":42.0,"turns":1.0},{"damage":9,"enemies":"Giant Head","floor":47,"turns":3},{"damage":6,"enemies":"Jaw Worm Horde","floor":48,"turns":1},{"damage":9,"enemies":"Awakened One","floor":50,"turns":2},{"damage":18,"enemies":"Time Eater","floor":51,"turns":2},{"damage":31,"enemies":"Shield and Spear","floor":55,"turns":2},{"damage":34,"enemies":"The Heart","floor":56,"turns":3}],"seed_played":"-5196547015853775623","potions_obtained":[{"floor":4.0,"key":"SteroidPotion"},{"floor":6.0,"key":"Fruit Juice"},{"floor":13.0,"key":"EntropicBrew"},{"floor":18.0,"key":"SkillPotion"}],"is_trial":false,"path_per_floor":["M","?","M","M","?","E","?","E","T","E","R","?","M","M","R","B",null,"M","?","M","?","?","E","R","M","T","R","E","M","M","E","R","B",null,"M","M","M","$","?","E","E","E","T","R","?","R","E","M","R","B","B",null,"R","$","E","B",null],"character_chosen":"IRONCLAD","items_purchased":["testmod-ChaoticCore"],"campfire_rested":0,"item_purchase_floors":[38],"current_hp_per_floor":[42,37,41,43,43,49,49,23,23,18,18,18,29,35,35,26,67,75,75,80,80,80,80,80,80,80,80,80,80,80,80,80,54,74,80,80,80,80,80,80,68,78,78,78,78,78,87,87,87,87,87,87,87,87,77,87],"gold":604,"neow_bonus":"TRANSFORM_TWO_CARDS","is_daily":false,"chose_seed":false,"campfire_upgraded":8,"win_rate":0.0,"timestamp":1614005034,"path_taken":["M","?","M","M","?","E","?","E","T","E","R","?","M","?","R","BOSS","M","?","M","?","?","E","R","M","T","R","E","M","?","E","R","BOSS","M","M","M","$","?","E","E","E","T","R","?","R","E","M","R","BOSS","BOSS","R","$","E","BOSS"],"items_purchased_type":["Card"],"build_version":"2020-12-22","purchased_purges":2,"victory":true,"max_hp_per_floor":[75,75,75,75,75,75,75,75,75,75,75,75,80,80,80,80,80,80,80,80,80,80,80,80,80,80,80,80,80,80,80,80,80,80,80,80,80,80,80,80,87,87,87,87,87,87,87,87,87,87,87,87,87,87,87,87],"card_choices":[{"not_picked":["Intimidate","Anger"],"picked":"Shrug It Off","floor":1.0},{"not_picked":["Heavy Blade","Sword Boomerang","Wild Strike"],"picked":"SKIP","floor":3.0},{"not_picked":["Warcry","Havoc"],"picked":"Inflame","floor":4.0},{"not_picked":["Twin Strike","Combust","Iron Wave"],"picked":"SKIP","floor":6.0},{"not_picked":["Perfected Strike","Headbutt"],"picked":"Pommel Strike","floor":8.0},{"not_picked":["Battle Trance","Bloodletting"],"picked":"Feel No Pain","floor":10.0},{"not_picked":["Flex","Havoc","Inflame"],"picked":"SKIP","floor":13.0},{"not_picked":["Carnage","Iron Wave"],"picked":"Sword Boomerang","floor":14.0},{"not_picked":["Corruption","Limit Break"],"picked":"Offering","floor":16.0},{"not_picked":["Sword Boomerang","Anger","Sentinel"],"picked":"SKIP","floor":18.0},{"not_picked":["Sword Boomerang","Anger","Sentinel"],"picked":"SKIP","floor":18.0},{"not_picked":["Heavy Blade","Perfected Strike","Second Wind"],"picked":"SKIP","floor":20.0},{"not_picked":["Combust","Cleave","Pommel Strike"],"picked":"SKIP","floor":23.0},{"not_picked":["Seeing Red","Clothesline","Perfected Strike"],"picked":"SKIP","floor":25.0},{"not_picked":["Carnage","Pommel Strike+1"],"picked":"Dark Embrace","floor":28.0},{"not_picked":["Iron Wave","Uppercut","Clash"],"picked":"SKIP","floor":29.0},{"not_picked":["Twin Strike","Pommel Strike","Perfected Strike"],"picked":"SKIP","floor":30.0},{"not_picked":["Armaments","Exhume"],"picked":"Burning Pact+1","floor":31.0},{"not_picked":["Berserk","Immolate"],"picked":"Double Tap","floor":33.0},{"not_picked":["Entrench","Flex","Sword Boomerang"],"picked":"SKIP","floor":35.0},{"not_picked":["Perfected Strike","Inflame+1","Fire Breathing"],"picked":"SKIP","floor":36.0},{"not_picked":["Inflame+1","Thunderclap+1","Iron Wave"],"picked":"SKIP","floor":37.0},{"not_picked":["Shrug It Off","Warcry","Flame Barrier+1"],"picked":"SKIP","floor":40.0},{"not_picked":["Juggernaut","True Grit"],"picked":"Bloodletting","floor":41.0},{"not_picked":["Reckless Charge","Wild Strike","Anger"],"picked":"SKIP","floor":42.0},{"not_picked":["Blood for Blood+1","Body Slam","Dual Wield"],"picked":"SKIP","floor":47},{"not_picked":["Twin Strike","Heavy Blade"],"picked":"Feel No Pain+1","floor":48},{"not_picked":["True Grit+1","Limit Break","Pommel Strike"],"picked":"SKIP","floor":55}],"player_experience":582338,"relics_obtained":[{"floor":6.0,"key":"Centennial Puzzle"},{"floor":8.0,"key":"Omamori"},{"floor":9.0,"key":"Shuriken"},{"floor":10.0,"key":"testmod-Brilliant"},{"floor":23.0,"key":"Incense Burner"},{"floor":26.0,"key":"Akabeko"},{"floor":28.0,"key":"Paper Frog"},{"floor":31.0,"key":"WingedGreaves"},{"floor":34.0,"key":"MealTicket"},{"floor":34.0,"key":"Mummified Hand"},{"floor":34.0,"key":"Dead Branch"},{"floor":41.0,"key":"Strawberry"},{"floor":42.0,"key":"Ice Cream"},{"floor":47,"key":"testmod-AssaultLearning"},{"floor":55,"key":"Bag of Marbles"}],"event_choices":[{"damage_healed":0.0,"max_hp_gain":0.0,"max_hp_loss":0.0,"gold_gain":0.0,"event_name":"Scrap Ooze","player_choice":"Success","floor":2.0,"gold_loss":0.0,"damage_taken":5.0,"relics_obtained":["testmod-ObsoleteBoomerang"]},{"cards_removed":["Strike_R"],"damage_healed":0.0,"max_hp_gain":0.0,"max_hp_loss":0.0,"gold_gain":0.0,"event_name":"The Cleric","player_choice":"Card Removal","floor":5.0,"gold_loss":75.0,"damage_taken":0.0},{"damage_healed":0.0,"max_hp_gain":0.0,"max_hp_loss":0.0,"gold_gain":0.0,"cards_transformed":["Strike_R"],"event_name":"Living Wall","player_choice":"Change","floor":7.0,"gold_loss":0.0,"damage_taken":0.0,"cards_obtained":["Rampage"]},{"damage_healed":0.0,"max_hp_gain":0.0,"max_hp_loss":0.0,"gold_gain":150.0,"event_name":"Liars Game","player_choice":"AGREE","floor":12.0,"gold_loss":0.0,"damage_taken":0.0,"cards_obtained":["Doubt"]},{"damage_healed":0.0,"max_hp_gain":0.0,"max_hp_loss":0.0,"gold_gain":50.0,"event_name":"Nest","player_choice":"Stole From Cult","floor":19.0,"gold_loss":0.0,"damage_taken":0.0},{"damage_healed":0.0,"max_hp_gain":0.0,"max_hp_loss":0.0,"gold_gain":0.0,"event_name":"给自己的盒子","player_choice":"Swap Relic","floor":21.0,"relics_lost":["testmod-TestBox"],"gold_loss":0.0,"damage_taken":0.0,"relics_obtained":["testmod-TestBox"]},{"damage_healed":0.0,"max_hp_gain":0.0,"max_hp_loss":0.0,"gold_gain":0.0,"event_name":"Ghosts","player_choice":"Ignored","floor":22.0,"gold_loss":0.0,"damage_taken":0.0},{"damage_healed":0.0,"max_hp_gain":0.0,"max_hp_loss":0.0,"gold_gain":0.0,"event_name":"Tomb of Lord Red Mask","player_choice":"Ignored","floor":39.0,"gold_loss":0.0,"damage_taken":0.0},{"cards_removed":["Headbutt"],"damage_healed":0,"gold_gain":0,"player_choice":"Removed Attack","damage_taken":0,"max_hp_gain":0,"max_hp_loss":0,"event_name":"Falling","floor":45,"gold_loss":0}],"is_beta":false,"boss_relics":[{"not_picked":["Velvet Choker","testmod-GoldenSoul"],"picked":"testmod-SaigiyounoYou"},{"not_picked":["Astrolabe","Tiny House"],"picked":"Calling Bell"}],"items_purged_floors":[38,54],"is_endless":false,"potions_floor_spawned":[4,6,13,18,25,28,33,37,40,42,48,55],"ascension_level":20}}