{"host":"en4narc5947t7k9n","time":1614030511,"event":{"mods":["AchievementEnabler","BaseMod","Colored Map","Minty Spire (QoL Compilation)","SuperFastMode"],"gold_per_floor":[111,111,14,114,128,128,144,174,174,222,256,256,269,288,288,409,409,429,443,464,72,171,96,114,114,114,130,161,161,161,36,36,36,36],"floor_reached":33,"language":"KOR","playtime":1145,"items_purged":["Strike_G"],"score":340,"play_id":"60601e1c-0518-48bd-ad71-e454946aea90","local_time":"20210223064831","is_ascension_mode":false,"campfire_choices":[{"data":"Glass Knife","floor":6,"key":"SMITH"},{"data":"Dramatic Entrance","floor":12,"key":"SMITH"},{"data":"Neutralize","floor":15,"key":"SMITH"},{"floor":25,"key":"RECALL"},{"data":"After Image","floor":30,"key":"SMITH"},{"data":"Concentrate","floor":32,"key":"SMITH"}],"circlet_count":0,"master_deck":["Strike_G+1","Strike_G","Defend_G","Defend_G","Defend_G","Defend_G","Defend_G","Survivor","Neutralize+1","Glass Knife+1","Poisoned Stab","Dramatic Entrance+1","Deflect","PiercingWail","Bane","Endless Agony+1","Acrobatics","After Image+1","Deflect","Escape Plan+1","Bouncing Flask+1","Crippling Poison","Backflip+1","Concentrate+1"],"relics":["Ring of the Snake","Bloody Idol","Letter Opener","Happy Flower","The Courier","Black Star","Whetstone","Eternal Feather","Pen Nib","Snake Skull","TwistedFunnel"],"acts_visited":["Exordium","TheCity"],"potions_floor_usage":[16,16,16,20,24,33],"damage_taken":[{"damage":0,"enemies":"Jaw Worm","floor":1,"turns":3},{"damage":3,"enemies":"2 Louse","floor":5,"turns":2},{"damage":0,"enemies":"Cultist","floor":7,"turns":3},{"damage":18,"enemies":"3 Sentries","floor":11,"turns":7},{"damage":0,"enemies":"Large Slime","floor":13,"turns":3},{"damage":0,"enemies":"Blue Slaver","floor":14,"turns":3},{"damage":0,"enemies":"Slime Boss","floor":16,"turns":2},{"damage":5,"enemies":"Chosen","floor":18,"turns":6},{"damage":12,"enemies":"2 Thieves","floor":19,"turns":3},{"damage":3,"enemies":"Shelled Parasite and Fungi","floor":20,"turns":5},{"damage":10,"enemies":"3 Cultists","floor":24,"turns":4},{"damage":25,"enemies":"Centurion and Healer","floor":27,"turns":8},{"damage":0,"enemies":"Gremlin Leader","floor":28,"turns":5},{"damage":55,"enemies":"Collector","floor":33,"turns":6}],"seed_played":"-2414183387344414901","potions_obtained":[{"floor":5,"key":"AttackPotion"},{"floor":7,"key":"FearPotion"},{"floor":13,"key":"Strength Potion"},{"floor":19,"key":"SkillPotion"},{"floor":20,"key":"SpeedPotion"},{"floor":27,"key":"SneckoOil"}],"is_trial":false,"path_per_floor":["M","?","$","?","M","R","M","?","T","T","E","R","M","M","R","B",null,"M","M","M","$","?","?","M","R","T","M","E","?","R","$","R","B"],"character_chosen":"THE_SILENT","items_purchased":["Dramatic Entrance","Whetstone","Eternal Feather","TwistedFunnel"],"campfire_rested":0,"item_purchase_floors":[3,21,21,31],"current_hp_per_floor":[70,53,53,53,50,50,50,50,50,50,32,32,32,32,32,32,70,65,53,50,50,50,50,40,52,52,27,27,27,39,39,51,0,0],"gold":36,"neow_bonus":"TRANSFORM_CARD","is_daily":false,"chose_seed":false,"campfire_upgraded":5,"win_rate":0.0,"timestamp":1614030511,"path_taken":["M","?","$","?","?","R","M","?","T","?","E","R","M","M","R","BOSS","M","M","M","$","?","?","M","R","T","?","E","?","R","$","R","BOSS"],"items_purchased_type":["Card","Relic","Relic","Relic"],"build_version":"2020-12-22","purchased_purges":1,"victory":false,"max_hp_per_floor":[70,70,70,70,70,70,70,70,70,70,70,70,70,70,70,70,70,70,70,70,70,70,70,70,70,70,70,70,70,70,70,70,70,70],"card_choices":[{"not_picked":["Dagger Throw","Backflip"],"picked":"Poisoned Stab","floor":1},{"not_picked":["Outmaneuver","Reflex"],"picked":"Deflect","floor":5},{"not_picked":["Acrobatics","Heel Hook"],"picked":"PiercingWail","floor":7},{"not_picked":["Outmaneuver","Sucker Punch"],"picked":"Bane","floor":11},{"not_picked":["Deflect","Eviscerate"],"picked":"Endless Agony","floor":13},{"not_picked":["Flying Knee","Skewer"],"picked":"Acrobatics","floor":14},{"not_picked":["Malaise","Night Terror"],"picked":"After Image","floor":16},{"not_picked":["Poisoned Stab","Accuracy+1"],"picked":"Deflect","floor":18},{"not_picked":["Outmaneuver","Dodge and Roll"],"picked":"Escape Plan+1","floor":19},{"not_picked":["PiercingWail+1","Heel Hook"],"picked":"Bouncing Flask+1","floor":20},{"not_picked":["Footwork","Dagger Spray+1"],"picked":"Crippling Poison","floor":24},{"not_picked":["Bouncing Flask+1","Escape Plan"],"picked":"Backflip+1","floor":27},{"not_picked":["Dagger Spray","Choke"],"picked":"Concentrate","floor":28}],"player_experience":173419,"relics_obtained":[{"floor":9,"key":"Letter Opener"},{"floor":10,"key":"Happy Flower"},{"floor":11,"key":"The Courier"},{"floor":28,"key":"Pen Nib"},{"floor":28,"key":"Snake Skull"}],"event_choices":[{"damage_healed":0,"gold_gain":0,"player_choice":"Take Damage","damage_taken":17,"relics_obtained":["Golden Idol"],"max_hp_gain":0,"max_hp_loss":0,"event_name":"Golden Idol","floor":2,"gold_loss":0},{"damage_healed":0,"gold_gain":100,"player_choice":"Pray","damage_taken":0,"max_hp_gain":0,"max_hp_loss":0,"event_name":"Golden Shrine","floor":4,"gold_loss":0},{"damage_healed":0,"gold_gain":30,"player_choice":"Searched \u00271\u0027 times","damage_taken":0,"max_hp_gain":0,"max_hp_loss":0,"event_name":"Dead Adventurer","floor":8,"gold_loss":0},{"damage_healed":0,"gold_gain":99,"player_choice":"Stole From Cult","damage_taken":0,"max_hp_gain":0,"max_hp_loss":0,"event_name":"Nest","floor":22,"gold_loss":0},{"cards_removed":["Strike_G"],"damage_healed":0,"gold_gain":0,"player_choice":"Gave Gold","damage_taken":0,"max_hp_gain":0,"max_hp_loss":0,"event_name":"Beggar","floor":23,"gold_loss":75},{"damage_healed":0,"gold_gain":0,"player_choice":"Gave Idol","damage_taken":0,"relics_obtained":["Bloody Idol"],"max_hp_gain":0,"max_hp_loss":0,"event_name":"Forgotten Altar","floor":29,"relics_lost":["Golden Idol"],"gold_loss":0}],"is_beta":false,"boss_relics":[{"not_picked":["Astrolabe","Ring of the Serpent"],"picked":"Black Star"}],"items_purged_floors":[21],"is_endless":false,"potions_floor_spawned":[5,7,13,19,20,27],"killed_by":"Collector","ascension_level":0}}