{"host":"seujf6kmfn3ctpoe","time":1614026011,"event":{"mods":["BaseMod","Colored Map","Jedi Mod","Minty Spire (QoL Compilation)","Permanent Neow","Relic Sorter","Relic Stats","StSLib"],"gold_per_floor":[118,130,130,3,78,78,96,96,96,96,116,116,116,116,116,237,237,255,155,255,273,273,273,273,273],"floor_reached":24,"language":"ENG","playtime":662,"items_purged":["Defend_B","Strike_B+1"],"score":191,"play_id":"1b1fa8bb-983f-4984-87b1-40baa69a8581","local_time":"20210222213331","is_ascension_mode":true,"campfire_choices":[{"data":"Zap","floor":6,"key":"SMITH"},{"data":"Dualcast","floor":8,"key":"SMITH"},{"data":"jedi:locknload","floor":13,"key":"SMITH"},{"floor":15,"key":"REST"},{"data":"Echo Form","floor":23,"key":"SMITH"}],"circlet_count":0,"master_deck":["Strike_B+1","Defend_B","Defend_B","Zap+1","Dualcast+1","jedi:BurstFrost","Leap","jedi:locknload+1","Echo Form+1","Ball Lightning"],"relics":["Cracked Core","Orichalcum","Golden Idol","jedi:heavyjacket","Empty Cage"],"acts_visited":["Exordium","TheCity"],"potions_floor_usage":[],"damage_taken":[{"damage":0,"enemies":"Cultist","floor":1,"turns":3},{"damage":7,"enemies":"Jaw Worm","floor":2,"turns":5},{"damage":0,"enemies":"2 Louse","floor":7,"turns":2},{"damage":0,"enemies":"Large Slime","floor":11,"turns":5},{"damage":2,"enemies":"The Guardian","floor":16,"turns":8},{"damage":0,"enemies":"Spheric Guardian","floor":18,"turns":3},{"damage":0,"enemies":"Chosen","floor":21,"turns":3},{"damage":77,"enemies":"Gremlin Leader","floor":24,"turns":4}],"seed_played":"-9109532572427496970","potions_obtained":[{"floor":7,"key":"Strength Potion"},{"floor":16,"key":"Ancient Potion"}],"is_trial":false,"path_per_floor":["M","M","?","$","?","R","M","R","T","?","M","?","R","T","R","B",null,"M","$","?","M","?","R","E"],"character_chosen":"DEFECT","items_purchased":["Leap"],"campfire_rested":1,"item_purchase_floors":[4],"current_hp_per_floor":[75,68,53,53,42,42,42,42,42,35,35,35,35,35,55,53,69,69,69,69,69,69,69,0,0],"gold":273,"neow_bonus":"RANDOM_COMMON_RELIC","is_daily":false,"chose_seed":false,"campfire_upgraded":4,"win_rate":0.0,"timestamp":1614026011,"path_taken":["M","M","?","$","?","R","?","R","T","?","M","?","R","?","R","BOSS","M","$","?","?","?","R","E"],"items_purchased_type":["Card"],"build_version":"2020-12-22","purchased_purges":2,"victory":false,"max_hp_per_floor":[75,75,75,75,75,75,75,75,75,75,75,69,69,69,69,69,69,69,69,69,69,69,69,69,69],"relic_stats":{"counters":[8,33],"Golden Idol":32,"Orichalcum":[54],"obtain_stats":[{"jedi:heavyjacket":14,"Golden Idol":12,"Orichalcum":0,"Cracked Core":0,"Empty Cage":17},{"jedi:heavyjacket":4,"Golden Idol":4,"Orichalcum":0,"Cracked Core":0,"Empty Cage":5},{"jedi:heavyjacket":15,"Golden Idol":15,"Orichalcum":0,"Cracked Core":0,"Empty Cage":23}]},"card_choices":[{"not_picked":["Coolheaded","Conserve Battery"],"picked":"jedi:BurstFrost","floor":1},{"not_picked":["Hello World","Turbo","jedi:BurstLightning"],"picked":"SKIP","floor":2},{"not_picked":["Turbo","Conserve Battery","Cold Snap"],"picked":"SKIP","floor":7},{"not_picked":["Doom and Gloom","Conserve Battery"],"picked":"jedi:locknload","floor":11},{"not_picked":["All For One","Multi-Cast"],"picked":"Echo Form","floor":16},{"not_picked":["Gash","Steam","Doom and Gloom+1"],"picked":"SKIP","floor":18},{"not_picked":["Storm","Stack"],"picked":"Ball Lightning","floor":21}],"player_experience":467728,"relics_obtained":[{"floor":14,"key":"jedi:heavyjacket"}],"event_choices":[{"damage_healed":0,"gold_gain":0,"player_choice":"Entered Light","damage_taken":15,"max_hp_gain":0,"max_hp_loss":0,"event_name":"Shining Light","floor":3,"gold_loss":0,"cards_upgraded":["Strike_B","Strike_B"]},{"damage_healed":0,"gold_gain":75,"player_choice":"Gather Gold","damage_taken":11,"max_hp_gain":0,"max_hp_loss":0,"event_name":"World of Goop","floor":5,"gold_loss":0},{"cards_removed":["Strike_B"],"damage_healed":0,"gold_gain":0,"player_choice":"Card Removal","damage_taken":7,"max_hp_gain":0,"max_hp_loss":0,"event_name":"Golden Wing","floor":10,"gold_loss":0},{"damage_healed":0,"gold_gain":0,"player_choice":"Lose Max HP","damage_taken":0,"relics_obtained":["Golden Idol"],"max_hp_gain":0,"max_hp_loss":6,"event_name":"Golden Idol","floor":12,"gold_loss":0},{"damage_healed":0,"gold_gain":100,"player_choice":"Pray","damage_taken":0,"max_hp_gain":0,"max_hp_loss":0,"event_name":"Golden Shrine","floor":20,"gold_loss":0},{"damage_healed":0,"gold_gain":0,"player_choice":"Ignored","damage_taken":0,"max_hp_gain":0,"max_hp_loss":0,"event_name":"Vampires","floor":22,"gold_loss":0}],"is_beta":false,"boss_relics":[{"not_picked":["SlaversCollar","jedi:hotpepper"],"picked":"Empty Cage"}],"items_purged_floors":[4,19],"is_endless":false,"potions_floor_spawned":[7,16],"killed_by":"Gremlin Leader","ascension_level":1}}