{"host":"c1oza4x7xlyuasvd","time":1614008542,"event":{"mods":["ATMod(∞¢Ë™Mod)","Act Like it!","BaseMod","Better Vampires","Colored Powertips","Gensokyo","Marisa£®ÏF”Í°°ƒß¿Ì…≥£©","Minty Spire (QoL Compilation)","MostiFishMod","Reimu£®≤©¿ˆ¡È√Œ£©","StSLib","TestMod","The Animator","Waifu the Spire","Youmu£®ªÍ∆«—˝√Œ£©"],"gold_per_floor":[112,123,139,155,80,110,125,125,125,125,154,176,205,205,205,278,278,295,394,274,286,301,327,327,356,356,369,381,381,381,381,381,579,579,663,663,746,746,746,746,852,852,852,888,925,459,574,172,172,220,220,220,74,453,676],"floor_reached":56,"language":"ZHS","playtime":2295,"items_purged":["Strike_G","Defend_G"],"score":2299,"play_id":"a46474ee-8fa6-4d0c-91af-4efb41cb04d5","local_time":"20210222234222","is_ascension_mode":true,"campfire_choices":[{"data":"Acrobatics","floor":8.0,"key":"SMITH"},{"data":"AT_FocusSwordFire","floor":15.0,"key":"SMITH"},{"data":"MostiFishMod:Opportunism","floor":24.0,"key":"SMITH"},{"data":"Calculated Gamble","floor":30.0,"key":"SMITH"},{"data":"AT_KneejerkReflex","floor":32.0,"key":"SMITH"},{"data":"Footwork","floor":40,"key":"SMITH"},{"floor":49,"key":"RECALL"},{"data":"Tactician","floor":52,"key":"SMITH"}],"circlet_count":0,"master_deck":["AscendersBane","Strike_G","Strike_G","Defend_G","Defend_G","Defend_G","Defend_G","Survivor","Neutralize","AT_EssenceShift","Reflex","Grand Finale","AT_FocusSwordFire+1","Acrobatics+1","Escape Plan","MostiFishMod:FrostNova","Tactician+1","MostiFishMod:Opportunism+1","Footwork+1","After Image","AT_KneejerkReflex+1","Tools of the Trade","Calculated Gamble+1","Backflip","Accuracy+1","Tactician+1","Gensokyo:TurboGranny"],"relics":["testmod-TestBox","AT_ATBox","DaveBox","testmod-Charity","FeatherPendant","Runic Pyramid","SynthV:TestCard","Singing Bowl","InkBottle","testmod-DragonStarHat","testmod-IndustrialRevolution","StrikeDummy","Empty Cage","testmod-IntensifyImprint","The Specimen","Gensokyo:SpiderMask","AT_EbonyIvory","Prayer Wheel","AT_MibuBalloonWealth","HereWithMe","Tough Bandages","Question Card","Letter Opener","OrangePellets","Gambling Chip","ChiLing","Chi","Ling","AT_SpeedBoots","testmod-RealStoneCalender"],"acts_visited":["Exordium","Gensokyo:Gensokyo","Gensokyo:Gensokyoer","TheEnding"],"potions_floor_usage":[55,55,55,55],"damage_taken":[{"damage":0.0,"enemies":"Gensokyo:2_Kodama","floor":1.0,"turns":4.0},{"damage":5.0,"enemies":"Gensokyo:Python","floor":2.0,"turns":4.0},{"damage":1.0,"enemies":"Gensokyo:3_Fairies","floor":3.0,"turns":5.0},{"damage":1.0,"enemies":"Gensokyo:Gryphon_and_Rabbit","floor":4.0,"turns":4.0},{"damage":1.0,"enemies":"Gensokyo:Aya","floor":6.0,"turns":4.0},{"damage":4.0,"enemies":"Gensokyo:5_Fairies","floor":7.0,"turns":5.0},{"damage":3.0,"enemies":"Gensokyo:Mamizou","floor":11.0,"turns":3.0},{"damage":0.0,"enemies":"Gensokyo:Aya","floor":13.0,"turns":1.0},{"damage":0.0,"enemies":"Gensokyo:Kokoro","floor":16.0,"turns":4.0},{"damage":0.0,"enemies":"Gensokyo:3_Dogs","floor":18.0,"turns":1.0},{"damage":0.0,"enemies":"Gensokyo:3_Dogs","floor":19.0,"turns":2.0},{"damage":0.0,"enemies":"Gensokyo:Chomper","floor":21.0,"turns":1.0},{"damage":0.0,"enemies":"Gensokyo:Wraith","floor":22.0,"turns":2.0},{"damage":0.0,"enemies":"Gensokyo:Reisen","floor":23.0,"turns":2.0},{"damage":9.0,"enemies":"Gensokyo:Tenshi","floor":25.0,"turns":2.0},{"damage":28.0,"enemies":"Gensokyo:3_Gloops","floor":27.0,"turns":4.0},{"damage":0.0,"enemies":"Gensokyo:Slime_Group","floor":28.0,"turns":1.0},{"damage":15.0,"enemies":"Gensokyo:Kaguya","floor":33.0,"turns":2.0},{"damage":0.0,"enemies":"Gensokyo:3_Bats","floor":35.0,"turns":1.0},{"damage":1.0,"enemies":"Gensokyo:3_Boulders","floor":37.0,"turns":3.0},{"damage":0,"enemies":"Gensokyo:Kasen","floor":41,"turns":2},{"damage":0,"enemies":"Gensokyo:Rafflesia","floor":44,"turns":2},{"damage":0,"enemies":"Gensokyo:Sharpion","floor":45,"turns":2},{"damage":0,"enemies":"Gensokyo:4_Bats","floor":47,"turns":1},{"damage":5,"enemies":"Gensokyo:Shinki","floor":50,"turns":4},{"damage":68,"enemies":"Shield and Spear","floor":54,"turns":5},{"damage":3,"enemies":"The Heart","floor":55,"turns":4}],"seed_played":"-5903464446094038735","potions_obtained":[{"floor":3.0,"key":"ZuzhouPotion:ReiMu"},{"floor":7.0,"key":"Energy Potion"},{"floor":16.0,"key":"DuplicationPotion"},{"floor":27.0,"key":"PowerPotion"},{"floor":44,"key":"EntropicBrew"}],"is_trial":false,"path_per_floor":["M","M","M","M","$","E","M","R","T","?","E","T","E","?","R","B",null,"M","?","?","M","M","E","R","E","T","M","M","?","R","?","R","B",null,"M","?","M","?","?","R","E","?","T","M","M","COS","M","$","R","B",null,"R","$","E","B",null],"character_chosen":"THE_SILENT","items_purchased":["Gambling Chip","ChiLing"],"campfire_rested":0,"item_purchase_floors":[48,53],"current_hp_per_floor":[64,60,60,60,60,62,59,59,59,66,64,65,66,66,66,67,84,87,90,90,91,94,95,95,87,87,62,67,67,67,67,67,60,97,103,57,64,64,64,64,68,68,68,74,78,78,87,87,87,84,132,132,132,70,69],"gold":676,"neow_bonus":"BOSS_RELIC","is_daily":false,"chose_seed":false,"campfire_upgraded":7,"win_rate":0.0,"timestamp":1614008542,"path_taken":["M","?","M","M","$","E","M","R","T","?","E","?","E","?","R","BOSS","M","?","?","M","?","E","R","E","T","M","?","?","R","?","R","BOSS","M","?","?","?","?","R","E","?","T","?","?","COS","M","$","R","BOSS","R","$","E","BOSS"],"items_purchased_type":["Relic","Relic"],"build_version":"2020-12-22","purchased_purges":2,"victory":true,"max_hp_per_floor":[71,72,73,74,74,77,78,78,78,85,86,87,88,88,88,89,89,92,95,95,96,99,100,100,101,101,104,109,109,109,101,101,109,109,115,115,123,123,123,123,127,127,127,133,137,137,146,146,146,148,148,148,148,154,156],"card_choices":[{"not_picked":["Bane","Sucker Punch"],"picked":"Reflex","floor":1.0},{"not_picked":["Well Laid Plans","Dodge and Roll","Deflect","Sucker Punch","Dagger Throw"],"picked":"SKIP","floor":2.0},{"not_picked":["MostiFishMod:ThornCasing","Dagger Throw","Catalyst","Dodge and Roll"],"picked":"Grand Finale","floor":3.0},{"not_picked":["Dagger Spray","AT_WindFlip","MostiFishMod:PerfectParry","Outmaneuver"],"picked":"AT_FocusSwordFire","floor":4.0},{"not_picked":["AT_WindRun","Poisoned Stab","Leg Sweep","Night Terror","Riddle With Holes"],"picked":"Singing Bowl","floor":6.0},{"not_picked":["Leg Sweep","AT_WomanClash","Deflect","AT_ThistleTea"],"picked":"Acrobatics","floor":7.0},{"not_picked":["Accuracy","AT_WindRun","Prepared","MostiFishMod:PreservedThorns"],"picked":"Escape Plan","floor":11.0},{"not_picked":["Masterful Stab","Slice","PiercingWail","Predator"],"picked":"MostiFishMod:FrostNova","floor":13.0},{"not_picked":["A Thousand Cuts","Storm of Steel","MostiFishMod:Confrontation","After Image"],"picked":"MostiFishMod:Opportunism","floor":16.0},{"not_picked":["Quick Slash","Deadly Poison","Sucker Punch","Dodge and Roll","Flying Knee"],"picked":"Singing Bowl","floor":18.0},{"not_picked":["Leg Sweep","Well Laid Plans","Prepared","Quick Slash","Outmaneuver"],"picked":"Singing Bowl","floor":19.0},{"not_picked":["Blade Dance+1","Cloak And Dagger","Terror","Deflect"],"picked":"Footwork","floor":21.0},{"not_picked":["Setup","Deflect","Dagger Throw","Sucker Punch+1","Bane"],"picked":"Singing Bowl","floor":22.0},{"not_picked":["Acrobatics","MostiFishMod:PerfectParry","Blur","Blade Dance"],"picked":"After Image","floor":23.0},{"not_picked":["Sucker Punch+1","Masterful Stab","Blur+1","Infinite Blades+1"],"picked":"AT_KneejerkReflex","floor":25.0},{"not_picked":["MostiFishMod:PerfectParry","Dagger Spray","Flying Knee","Acrobatics","Cloak And Dagger"],"picked":"Singing Bowl","floor":27.0},{"not_picked":["MostiFishMod:PerfectParry","Outmaneuver+1","Deflect","AT_WomanClash"],"picked":"Tools of the Trade","floor":27.0},{"not_picked":["Deflect+1","Heel Hook","AT_WindFlip","Dodge and Roll+1","PiercingWail"],"picked":"Singing Bowl","floor":28.0},{"not_picked":["Blade Dance","Expertise","Catalyst","Eviscerate","Acrobatics"],"picked":"Singing Bowl","floor":28.0},{"not_picked":["Bullet Time","MostiFishMod:GrandStart","Grand Finale","Corpse Explosion","AT_KingSlayer"],"picked":"Singing Bowl","floor":33.0},{"not_picked":["Well Laid Plans+1","Dagger Spray","Outmaneuver","Endless Agony","Riddle With Holes"],"picked":"Singing Bowl","floor":35.0},{"not_picked":["Sucker Punch","Deflect","Slice","Poisoned Stab"],"picked":"Backflip","floor":35.0},{"not_picked":["Outmaneuver","Cloak And Dagger","Poisoned Stab+1","AT_WindFlip","Setup"],"picked":"Singing Bowl","floor":37.0},{"not_picked":["Acrobatics","Envenom","Underhanded Strike+1","MostiFishMod:FrostNova+1","Concentrate"],"picked":"Singing Bowl","floor":37.0},{"not_picked":["AT_WindRun+1","Riddle With Holes+1","AT_FocusSwordFire+1","AT_ShadowStep"],"picked":"Accuracy+1","floor":41},{"not_picked":["Deadly Poison","Accuracy","MostiFishMod:FrostNova","Setup","Quick Slash","Noxious Fumes"],"picked":"Singing Bowl","floor":44},{"not_picked":["Cloak And Dagger+1","Slice+1","Dagger Spray+1","Blade Dance","Calculated Gamble+1","MostiFishMod:PerfectParry"],"picked":"Singing Bowl","floor":44},{"not_picked":["Footwork","AT_TinkerSharpsword+1","PiercingWail","Reflex+1","Caltrops+1"],"picked":"Tactician","floor":45},{"not_picked":["Accuracy","Flying Knee","PiercingWail","MostiFishMod:PerfectParry","Cloak And Dagger","Tactician"],"picked":"Singing Bowl","floor":45},{"not_picked":["Doppelganger","Backflip","Outmaneuver","AT_ThistleTea","Slice","Quick Slash"],"picked":"Singing Bowl","floor":47},{"not_picked":["Blur+1","Bouncing Flask+1","Expertise+1","Outmaneuver+1","Accuracy","PiercingWail"],"picked":"Singing Bowl","floor":47},{"not_picked":["AT_EssenceShift","Deadly Poison","MostiFishMod:PerfectParry","Quick Slash","MostiFishMod:PoisonShield","Tactician+1"],"picked":"Singing Bowl","floor":54}],"player_experience":240805,"relics_obtained":[{"floor":1.0,"key":"SynthV:TestCard"},{"floor":6.0,"key":"Singing Bowl"},{"floor":9.0,"key":"InkBottle"},{"floor":11.0,"key":"testmod-DragonStarHat"},{"floor":12.0,"key":"testmod-IndustrialRevolution"},{"floor":13.0,"key":"StrikeDummy"},{"floor":19.0,"key":"testmod-IntensifyImprint"},{"floor":19.0,"key":"The Specimen"},{"floor":23.0,"key":"AT_EbonyIvory"},{"floor":25.0,"key":"Prayer Wheel"},{"floor":41,"key":"Question Card"},{"floor":43,"key":"Letter Opener"},{"floor":54,"key":"AT_SpeedBoots"}],"event_choices":[],"is_beta":false,"boss_relics":[{"not_picked":["Ectoplasm","SlaversCollar"],"picked":"Empty Cage"},{"not_picked":["Pandora\u0027s Box","testmod-BatchProcessingSystem"],"picked":"HereWithMe"}],"items_purged_floors":[5,48],"is_endless":false,"potions_floor_spawned":[3,7,13,16,18,23,27,28,35,44,47,54],"ascension_level":13}}