{"host":"og21o26alpnbwmz8","time":1614011730,"event":{"mods":["2.2 Compatiblity","A Magickal Journey","Act Like it!","Aspiration","BaseMod","Conspire","Downfall","Gensokyo","GungeonMod","Halation","Hubris","Jedi Mod","Mimic Mod","Minty Spire (QoL Compilation)","Pale of the Ancients","Reliquary","Replay The Spire","Shop Mod","Spikes Relics","StSLib","The Alterego","The Animator","The Blue Laboratory","The Bug Knight","The Exalted","The Florist","The Poker Player","The Saiyan","Waifu the Spire","Yuri Mod"],"gold_per_floor":[125,141,158,9,9,41,41,73,73,73,73,105,125,140,140,238,238,258,258,41,57,69,69,69,99,99,99,99,134,134,152,152,277,277,290,30,40,58,78,78,92,92,139,64,64,74,74,85,85,85,85,85,85,112,112],"floor_reached":56,"language":"ENG","playtime":2728,"items_purged":["animator:Elsword"],"score":1304,"play_id":"e6348dd3-9d64-480c-99a9-c5b37c4b2b1a","local_time":"20210222113530","is_ascension_mode":false,"campfire_choices":[{"data":"animator:Elsword","floor":7,"key":"SMITH"},{"data":"animator:Lu","floor":10,"key":"SMITH"},{"data":"animator:Ciel","floor":15,"key":"SMITH"},{"data":"animator:Ciel","floor":23,"key":"SMITH"},{"data":"animator:Lu","floor":24,"key":"SMITH"},{"data":"animator:Chung","floor":27,"key":"SMITH"},{"data":"animator:Viivi","floor":30,"key":"SMITH"},{"floor":32,"key":"RECALL"},{"data":"animator:Chung","floor":40,"key":"SMITH"},{"data":"animator:Defend_Elsword","floor":42,"key":"SMITH"},{"data":"animator:Defend","floor":45,"key":"SMITH"},{"data":"animator:Defend","floor":47,"key":"SMITH"},{"data":"animator:Defend","floor":49,"key":"SMITH"},{"data":"animator:Urushihara","floor":52,"key":"SMITH"}],"circlet_count":0,"master_deck":["animator:Defend_Elsword+1","animator:Defend+1","animator:Defend+1","animator:Defend+1","animator:Chung+1","animator:Raven","animator:Ciel+1","animator:Elsword+1","animator:Lu+1","animator:Laby","animator:Ciel+1","animator:Lu+1","animator:Chung+1","animator:Viivi+1","animator:Urushihara+1","animator:Eve","animator:Ciel+1","animator:Rena+1"],"relics":["animator:LivingPicture","animator:TheMissingPiece","animator:PurgingStone","DemoMod:PoisonVial","halation:LettersToHer","Mirror","animator:Hoodie","jedi:cryingmask","Mark of Pain","SnailShell","Strawberry","Onion Ring","Red Mask","DemoMod:RiddleOfLead","Toxic Egg 2","Pet Ghost","Garlic"],"acts_visited":["Exordium","TheCity","TheBeyond","TheEnding"],"potions_floor_usage":[6,12,22,25,55,55,55],"damage_taken":[{"damage":0,"enemies":"Cultist","floor":1,"turns":3},{"damage":0,"enemies":"Jaw Worm","floor":2,"turns":3},{"damage":0,"enemies":"2 Louse","floor":3,"turns":4},{"damage":5,"enemies":"Gremlin Nob","floor":6,"turns":3},{"damage":0,"enemies":"Blue Slaver","floor":8,"turns":3},{"damage":25,"enemies":"Lagavulin","floor":12,"turns":5},{"damage":17,"enemies":"Lots of Slimes","floor":13,"turns":3},{"damage":10,"enemies":"Exordium Thugs","floor":14,"turns":4},{"damage":9,"enemies":"The Guardian","floor":16,"turns":7},{"damage":0,"enemies":"Chosen","floor":18,"turns":5},{"damage":0,"enemies":"3 Byrds","floor":21,"turns":5},{"damage":0,"enemies":"Snake Plant","floor":22,"turns":3},{"damage":2,"enemies":"conspire:SneckoGhost","floor":25,"turns":8},{"damage":4,"enemies":"Masked Bandits","floor":29,"turns":3},{"damage":0,"enemies":"Snecko","floor":31,"turns":3},{"damage":0,"enemies":"Champ","floor":33,"turns":8},{"damage":0,"enemies":"3 Shapes","floor":35,"turns":6},{"damage":0,"enemies":"Orb Walker","floor":37,"turns":2},{"damage":0,"enemies":"Writhing Mass","floor":38,"turns":5},{"damage":0,"enemies":"Maw","floor":39,"turns":5},{"damage":0,"enemies":"4 Shapes","floor":41,"turns":4},{"damage":0,"enemies":"Jaw Worm Horde","floor":46,"turns":3},{"damage":0,"enemies":"Maw","floor":48,"turns":6},{"damage":26,"enemies":"conspire:OrnateMirror","floor":50,"turns":14},{"damage":23,"enemies":"Shield and Spear","floor":54,"turns":8},{"damage":0,"enemies":"The Heart","floor":55,"turns":11}],"seed_played":"-1159810805925618536","potions_obtained":[{"floor":2,"key":"Explosive Potion"},{"floor":3,"key":"SkillPotion"},{"floor":16,"key":"jedi:wingpotion"},{"floor":18,"key":"DistilledChaos"},{"floor":21,"key":"animator:FalseLifePotion"},{"floor":31,"key":"animator:FalseLifePotion"},{"floor":41,"key":"blueLaboratory:HummingbirdPotion"},{"floor":46,"key":"blueLaboratory:Moonshine"},{"floor":54,"key":"animator:FalseLifePotion"}],"is_trial":false,"path_per_floor":["M","M","M","$","?","E","R","M","T","R","?","E","M","M","R","B",null,"M","T","$","M","M","R","R","E","T","R","?","?","R","M","R","B",null,"M","$","M","M","M","R","M","R","T","$","R","M","R","M","R","B",null,"R","$","E","B",null],"character_chosen":"THE_ANIMATOR","items_purchased":["halation:LettersToHer","SnailShell","animator:Lu","Toxic Egg 2"],"campfire_rested":0,"item_purchase_floors":[4,20,20,36],"current_hp_per_floor":[66,66,67,67,67,62,62,62,62,62,62,37,21,11,11,2,68,71,71,71,74,77,77,77,82,82,82,82,78,78,81,81,84,100,103,103,106,109,112,112,115,115,115,115,115,118,118,123,123,97,123,123,123,100,103],"gold":112,"neow_bonus":"RANDOM_COMMON_RELIC","is_daily":false,"chose_seed":false,"campfire_upgraded":13,"win_rate":0.0,"timestamp":1614011730,"path_taken":["M","M","M","$","?","E","R","M","T","R","?","E","M","M","R","BOSS","M","?","$","M","M","R","R","E","T","R","?","?","R","?","R","BOSS","M","$","M","M","M","R","?","R","T","?","R","M","R","M","R","BOSS","R","$","E","BOSS"],"items_purchased_type":["Relic","Relic","Card","Relic"],"build_version":"2020-12-22","purchased_purges":1,"victory":true,"max_hp_per_floor":[66,66,67,67,67,67,67,67,67,67,67,67,68,68,68,68,68,71,71,71,74,77,77,77,84,84,84,84,84,84,87,87,90,100,103,103,106,109,112,112,115,115,115,115,115,118,118,123,123,123,123,123,123,123,126],"card_choices":[{"not_picked":["animator:Berserker","animator:Raven"],"picked":"animator:Ciel","floor":1},{"not_picked":["animator:PandorasActor","animator:Gillette","animator:CrowleyEusford"],"picked":"SKIP","floor":2},{"not_picked":["animator:Caster","animator:Gillette"],"picked":"animator:Elsword","floor":3},{"not_picked":["animator:Add","animator:Ara"],"picked":"animator:Elsword","floor":6},{"not_picked":["animator:YuiTsuruno","animator:Illya"],"picked":"animator:Lu","floor":8},{"not_picked":["animator:Rider","animator:Yoichi","animator:Mikaela"],"picked":"SKIP","floor":12},{"not_picked":["animator:PandorasActor","animator:Spearman"],"picked":"animator:Laby","floor":13},{"not_picked":["animator:Laby","animator:Rena"],"picked":"animator:Ciel","floor":14},{"not_picked":["animator:Sonic","animator:Elsword","animator:Layla"],"picked":"SKIP","floor":18},{"not_picked":["animator:Shalltear","animator:PandorasActor","animator:Priestess"],"picked":"SKIP","floor":21},{"not_picked":["animator:Lu","animator:RinTohsaka"],"picked":"animator:Chung","floor":22},{"not_picked":["animator:Genos","animator:Witch+1","animator:NagisaMomoe"],"picked":"SKIP","floor":31},{"not_picked":["animator:Saber","animator:Sora"],"picked":"animator:Eve","floor":33},{"not_picked":["animator:Priestess","animator:Guy+1"],"picked":"animator:Ciel+1","floor":35},{"not_picked":["animator:Raven","animator:Priestess+1","animator:Shalltear"],"picked":"SKIP","floor":37},{"not_picked":["animator:PandorasActor+1","animator:CowGirl+1","animator:Lu+1"],"picked":"SKIP","floor":39},{"not_picked":["animator:PandorasActor+1","animator:IrohaTamaki","animator:KrulTepes"],"picked":"SKIP","floor":41},{"not_picked":["animator:MumenRider+1","animator:Priestess+1","animator:MamiTomoe"],"picked":"SKIP","floor":46},{"not_picked":["animator:Laby","animator:Add+1"],"picked":"animator:Rena+1","floor":48},{"not_picked":["animator:LizardPriest+1","animator:Elsword+1","animator:Ain"],"picked":"SKIP","floor":54}],"player_experience":426951,"relics_obtained":[{"floor":6,"key":"Mirror"},{"floor":9,"key":"halation:LettersToHer"},{"floor":9,"key":"animator:Hoodie"},{"floor":12,"key":"jedi:cryingmask"},{"floor":19,"key":"halation:LettersToHer"},{"floor":25,"key":"Strawberry"},{"floor":26,"key":"halation:LettersToHer"},{"floor":26,"key":"Onion Ring"},{"floor":29,"key":"Red Mask"},{"floor":43,"key":"halation:LettersToHer"},{"floor":43,"key":"Pet Ghost"},{"floor":54,"key":"Garlic"}],"event_choices":[{"cards_removed":["animator:Strike"],"damage_healed":0,"gold_gain":0,"player_choice":"Purged","damage_taken":0,"max_hp_gain":0,"max_hp_loss":0,"event_name":"Purifier","floor":11,"gold_loss":0},{"damage_healed":0,"gold_gain":0,"cards_transformed":["animator:Strike","animator:Strike_Elsword"],"player_choice":"Became Test Subject","damage_taken":0,"max_hp_gain":0,"max_hp_loss":0,"event_name":"Drug Dealer","floor":28,"gold_loss":0,"cards_obtained":["animator:Viivi","animator:Urushihara"]},{"damage_healed":0,"gold_gain":0,"player_choice":"Fought Bandits","damage_taken":0,"max_hp_gain":0,"max_hp_loss":0,"event_name":"Masked Bandits","floor":29,"gold_loss":0}],"is_beta":false,"boss_relics":[{"not_picked":["conspire:SpecialSausage","aspiration:IroncladSkillbook"],"picked":"Mark of Pain"},{"not_picked":["halation:Risk","Coffee Dripper"],"picked":"DemoMod:RiddleOfLead"}],"items_purged_floors":[44],"is_endless":false,"potions_floor_spawned":[2,3,16,18,21,31,41,46,54],"ascension_level":0}}