{"host":"ttzdpsscxkem3xrs","time":1614028731,"event":{"mods":["BaseMod","Colored Map","Downfall","Hermit","Minty Spire (QoL Compilation)","Replay The Spire","StSLib","The Cursed","The Hierophant"],"gold_per_floor":[215,259,271,271,30,30,63,63,113,113,156,156,12,40,40,170,170,163,216,239,164,164,164,184,193,193,202,236,259,259,274,274,394,466,479,103,121,121,139,139,178,202,225,278,611,638,638,638,647,647],"floor_reached":51,"language":"ENG","playtime":2407,"items_purged":["EmptyMind"],"score":835,"play_id":"bf7d9c55-5829-4c36-bdbb-173dc6b57245","local_time":"20210222131851","is_ascension_mode":true,"campfire_choices":[{"floor":6,"key":"REST"},{"floor":12,"key":"REST"},{"floor":15,"key":"REST"},{"floor":23,"key":"REST"},{"floor":25,"key":"REST"},{"floor":27,"key":"REST"},{"floor":30,"key":"REST"},{"floor":32,"key":"REST"},{"floor":40,"key":"REST"},{"floor":47,"key":"REST"},{"floor":49,"key":"REST"}],"circlet_count":0,"master_deck":["hermit:Snapshot","hermit:Covet","hermit:GoldenBullet","hermit:Headshot","Trip","ReplayTheSpireMod:Speed Training","Envenom","Guardian:SentryBeam+1","Guardian:PrimingBeam+1","TheCursedMod:SpreadPlague+1","Slimebound:Replication+1","hexamod:SwordOfDarkness+1","hermit:TakeCover","hermit:FromBeyond","hermit:Magnum","hermit:Combo","hermit:Determination","hermit:Misfire","hermit:WideOpen","Replay:Sssssssssshield","Sadistic Nature","ReplayTheSpireMod:Private Reserves","Thinking Ahead","TheCursedMod:SpreadPlague+1","expansioncontent:PolyBeam+1","Uppercut+1"],"relics":["hermit:Momento","PrismaticShard","Pear","Bag of Preparation","Blue Candle","CeramicFish","Durian","Orichalcum","Replay:Grab Bag","Fusion Hammer","Runic Dome","Black Star","Red Mask","Dream Catcher","Calipers","Pandora\u0027s Box","BargainBundle","Quantum Egg","Du-Vu Doll","Potion Belt","Replay:Bottled Flurry","ReplayTheSpireMod:TigerMarble","Bronze Scales"],"acts_visited":["Exordium","TheCity","TheBeyond"],"potions_floor_usage":[7,11,16,18,19,19,28,33,48,50],"damage_taken":[{"damage":6,"enemies":"Small Slimes","floor":1,"turns":3},{"damage":7,"enemies":"Jaw Worm","floor":3,"turns":2},{"damage":11,"enemies":"Replay:BlueRogue","floor":7,"turns":6},{"damage":38,"enemies":"Lagavulin","floor":11,"turns":8},{"damage":0,"enemies":"Cultist","floor":14,"turns":2},{"damage":60,"enemies":"Slime Boss","floor":16,"turns":13},{"damage":13,"enemies":"2 Thieves","floor":18,"turns":4},{"damage":31,"enemies":"Masked Bandits","floor":19,"turns":6},{"damage":18,"enemies":"3 Byrds","floor":20,"turns":4},{"damage":4,"enemies":"3 Cultists","floor":24,"turns":5},{"damage":15,"enemies":"Snecko","floor":28,"turns":4},{"damage":24,"enemies":"Snake Plant","floor":29,"turns":2},{"damage":14,"enemies":"Centurion and Healer","floor":31,"turns":3},{"damage":29,"enemies":"Collector","floor":33,"turns":9},{"damage":2,"enemies":"Orb Walker","floor":35,"turns":2},{"damage":47,"enemies":"3 Darklings","floor":39,"turns":5},{"damage":16,"enemies":"R_Hoarder","floor":41,"turns":6},{"damage":8,"enemies":"Transient","floor":42,"turns":5},{"damage":26,"enemies":"Reptomancer","floor":44,"turns":6},{"damage":0,"enemies":"Sphere and 2 Shapes","floor":48,"turns":1},{"damage":61,"enemies":"Awakened One","floor":50,"turns":10}],"seed_played":"-9027422102448371733","potions_obtained":[{"floor":2,"key":"GamblersBrew"},{"floor":2,"key":"SkillPotion"},{"floor":2,"key":"Block Potion"},{"floor":7,"key":"Dexterity Potion"},{"floor":14,"key":"FearPotion"},{"floor":16,"key":"Dexterity Potion"},{"floor":18,"key":"Swift Potion"},{"floor":19,"key":"Venom Potion"},{"floor":29,"key":"SmokeBomb"},{"floor":33,"key":"GamblersBrew"}],"is_trial":false,"path_per_floor":["M","?","M","?","$","R","E","?","T","?","E","R","$","M","R","B",null,"M","?","M","?","T","R","M","R","T","R","M","M","R","M","R","B",null,"M","$","?","?","M","R","E","M","T","E","?","T","R","M","R","B",null],"character_chosen":"HERMIT","items_purchased":["Pear","Orichalcum","FairyPotion","BargainBundle","Replay:Sssssssssshield","hermit:Tonic","Sadistic Nature"],"campfire_rested":11,"item_purchase_floors":[5,13,36,36,36,36,36],"current_hp_per_floor":[69,39,32,32,42,67,56,51,51,51,18,43,43,43,68,8,84,71,40,22,22,22,47,43,68,68,84,69,45,70,56,81,52,84,82,82,77,77,30,55,43,35,35,9,9,9,34,34,59,24],"gold":647,"neow_bonus":"HUNDRED_GOLD","is_daily":false,"chose_seed":false,"campfire_upgraded":0,"win_rate":0.0,"timestamp":1614028731,"path_taken":["M","?","M","?","$","R","E","?","T","?","E","R","$","M","R","BOSS","M","?","M","?","?","R","M","R","T","R","M","M","R","M","R","BOSS","M","$","?","?","M","R","E","M","T","E","?","?","R","M","R","BOSS"],"items_purchased_type":["Relic","Relic","Potion","Relic","Card","Potion","Card"],"build_version":"2020-12-22","purchased_purges":1,"victory":true,"max_hp_per_floor":[75,75,75,75,85,85,85,85,85,79,84,84,84,84,84,84,84,84,84,84,84,84,84,84,84,84,84,84,84,84,84,84,84,84,84,84,84,84,84,84,84,84,84,84,84,84,84,84,84,84],"card_choices":[{"not_picked":["hermit:HighCaliber","hermit:Desperado"],"picked":"hermit:GoldenBullet","floor":1},{"not_picked":["hermit:Vantage","hermit:HoleUp"],"picked":"hermit:Headshot","floor":2},{"not_picked":["hermit:ItchyTrigger","hermit:BodyArmor","hermit:Manifest"],"picked":"SKIP","floor":3},{"not_picked":["hexamod:HauntingEcho","bronze:BitShift"],"picked":"EmptyMind","floor":7},{"not_picked":["hierophant:Batter","TheCursedMod:SoulCrush"],"picked":"Trip","floor":11},{"not_picked":["hierophant:AuricBeam","hierophant:RepressedViolence"],"picked":"ReplayTheSpireMod:Speed Training","floor":14},{"not_picked":["Violence","TheCursedMod:DemonSword"],"picked":"Envenom","floor":16},{"not_picked":["Go for the Eyes+1","Lockon","expansioncontent:PolyBeam"],"picked":"SKIP","floor":18},{"not_picked":["Gash+1","ReplayTheSpireMod:LeadingStrike"],"picked":"Guardian:SentryBeam+1","floor":19},{"not_picked":["Twin Strike+1","hierophant:Embezzle"],"picked":"Guardian:PrimingBeam+1","floor":20},{"not_picked":["champ:Circumvent","hierophant:Endure","Guardian:Reroute"],"picked":"SKIP","floor":24},{"not_picked":["Slimebound:SamplingLick","sneckomod:UnknownClassRED"],"picked":"TheCursedMod:SpreadPlague+1","floor":25},{"not_picked":["expansioncontent:LastStand","sneckomod:UnknownClassTHE_CHAMP_GRAY"],"picked":"Slimebound:Replication+1","floor":27},{"not_picked":["Slimebound:LeechEnergy+1","hermit:LowProfile+1"],"picked":"hexamod:SwordOfDarkness+1","floor":28},{"not_picked":["sneckomod:SoulDraw","Madness","hierophant:HolyVerse+1"],"picked":"SKIP","floor":29},{"not_picked":["Ball Lightning","Die Die Die","hermit:Vantage"],"picked":"SKIP","floor":31},{"not_picked":["Slimebound:ViciousTackle","Guardian:Incinerate","Backstab+1"],"picked":"SKIP","floor":35},{"not_picked":["Jack Of All Trades","Good Instincts"],"picked":"ReplayTheSpireMod:Private Reserves","floor":37},{"not_picked":["Transmutation","Midas Touch"],"picked":"Thinking Ahead","floor":37},{"not_picked":["champ:Shatter","hexamod:GhostShield","champ:StanceDance+1"],"picked":"SKIP","floor":39},{"not_picked":["hierophant:OrnateJavelin","sneckomod:SerpentIdol","Storm"],"picked":"SKIP","floor":41},{"not_picked":["hermit:TrackingShot","hierophant:Blessing+1"],"picked":"TheCursedMod:SpreadPlague+1","floor":42},{"not_picked":["PathToVictory","Glass Knife"],"picked":"expansioncontent:PolyBeam+1","floor":44},{"not_picked":["Recycle","Replay:SS_forest_2"],"picked":"Uppercut+1","floor":49}],"player_experience":1453425,"relics_obtained":[{"floor":7,"key":"Bag of Preparation"},{"floor":9,"key":"CeramicFish"},{"floor":11,"key":"Durian"},{"floor":19,"key":"Red Mask"},{"floor":22,"key":"Dream Catcher"},{"floor":26,"key":"Calipers"},{"floor":41,"key":"Quantum Egg"},{"floor":41,"key":"Du-Vu Doll"},{"floor":43,"key":"Potion Belt"},{"floor":44,"key":"Replay:Bottled Flurry"},{"floor":44,"key":"ReplayTheSpireMod:TigerMarble"},{"floor":46,"key":"Bronze Scales"}],"event_choices":[{"damage_healed":0,"gold_gain":0,"player_choice":"Lose Max HP","damage_taken":0,"relics_obtained":["Golden Idol"],"max_hp_gain":0,"max_hp_loss":6,"event_name":"Golden Idol","floor":10,"gold_loss":0},{"damage_healed":0,"gold_gain":0,"player_choice":"Fought Bandits","damage_taken":0,"max_hp_gain":0,"max_hp_loss":0,"event_name":"Masked Bandits","floor":19,"gold_loss":0},{"cards_removed":["downfall:Icky"],"damage_healed":0,"gold_gain":0,"player_choice":"Gave Gold","damage_taken":0,"max_hp_gain":0,"max_hp_loss":0,"event_name":"Beggar","floor":21,"gold_loss":75},{"damage_healed":0,"gold_gain":0,"player_choice":"Memory 2","damage_taken":5,"max_hp_gain":0,"max_hp_loss":0,"event_name":"SensoryStone","floor":37,"gold_loss":0},{"cards_removed":["hermit:Brawl"],"damage_healed":0,"gold_gain":0,"player_choice":"Removed Power","damage_taken":0,"max_hp_gain":0,"max_hp_loss":0,"event_name":"Falling","floor":38,"gold_loss":0},{"damage_healed":0,"gold_gain":333,"player_choice":"Gave Idol","damage_taken":0,"max_hp_gain":0,"max_hp_loss":0,"event_name":"The Moai Head","floor":45,"relics_lost":["Golden Idol"],"gold_loss":0}],"is_beta":false,"boss_relics":[{"not_picked":["Astrolabe","bronze:MakeshiftBattery"],"picked":"Replay:Grab Bag"},{"not_picked":["Velvet Choker","ReplayTheSpireMod:DimensionalGlitch"],"picked":"Fusion Hammer"},{"not_picked":["ReplayTheSpireMod:Onyx Gauntlets","Ectoplasm"],"picked":"Runic Dome"},{"not_picked":["Kintsugi","Ring of Chaos"],"picked":"Black Star"},{"not_picked":["Honey Jar","Sozu"],"picked":"Pandora\u0027s Box"}],"items_purged_floors":[36],"is_endless":false,"potions_floor_spawned":[3,7,14,16,18,19,29,33,41,42],"ascension_level":3}}