{"host":"bpr07pynnqpe5ded","time":1614017398,"event":{"mods":["2.2 Compatiblity","Aspiration","BaseMod","Better Note","Better Third Choice","BetterRewards","Downfall","Jorbs\u0027s Wanderer Trilogy","Minty Spire (QoL Compilation)","Replay The Spire","Shop Mod","StSLib","The Marked","??????REMEMod"],"gold_per_floor":[217,217,234,251,268,268,171,171,171,204,217,227,227,52,52,155,155,169,11,31,46,65,92,109,109,157,170,50,68,68,96,96,193,193,212,229,246,106,117,146,146,179,179,193,224,248,268,284,284,284,284,284,5,33,33],"floor_reached":56,"language":"ENG","playtime":5662,"items_purged":["Strike_G","Strike_G","Strike_G","Defend_G","Defend_G","Defend_G"],"score":1485,"play_id":"faf35936-26e3-4bde-ac85-0da47474a791","local_time":"20210222180958","is_ascension_mode":false,"campfire_choices":[{"data":"ReplayTheSpireMod:The Works","floor":6,"key":"SMITH"},{"data":"Prepared","floor":8,"key":"SMITH"},{"data":"Prepared","floor":13,"key":"SMITH"},{"data":"Acrobatics","floor":15,"key":"SMITH"},{"data":"Pot Of Greed","floor":25,"key":"SMITH"},{"floor":32,"key":"RECALL"},{"data":"Pot Of Greed","floor":41,"key":"SMITH"},{"data":"Tactician","floor":49,"key":"SMITH"},{"data":"Calculated Gamble","floor":52,"key":"SMITH"}],"circlet_count":0,"master_deck":["Strike_G","Strike_G","Defend_G","Defend_G","Survivor","Neutralize","Prepared+1","Eviscerate","ReplayTheSpireMod:The Works+1","Prepared+1","Acrobatics+1","Reflex","Acrobatics","Reflex","Tactician+1","REME_GreenPollution","Pot Of Greed+1","Pot Of Greed+1","ReplayTheSpireMod:Scrap Shanks","Calculated Gamble+1","After Image","Expertise+1"],"relics":["Ring of the Snake","REME_ComplimentaryCards","The Courier","Slimebound:PreparedRelic","ReplayTheSpireMod:TigerMarble","Philosopher\u0027s Stone","Grinning Jar","REME_HourglassOfDeath","HoveringKite","Bottled Tornado","Replay:Bottled Flurry","Toxic Egg 2","Darkstone Periapt","Blood Vial","REME_PuzzleBoxRelic"],"acts_visited":["Exordium","TheCity","TheBeyond","TheEnding"],"potions_floor_usage":[10,50,55],"damage_taken":[{"damage":0,"enemies":"Cultist","floor":1,"turns":4},{"damage":8,"enemies":"Small Slimes","floor":3,"turns":3},{"damage":0,"enemies":"2 Louse","floor":4,"turns":3},{"damage":0,"enemies":"Blue Slaver","floor":5,"turns":5},{"damage":13,"enemies":"3 Sentries","floor":10,"turns":9},{"damage":0,"enemies":"Looter","floor":11,"turns":2},{"damage":1,"enemies":"Red Slaver","floor":12,"turns":5},{"damage":0,"enemies":"Hexaghost","floor":16,"turns":3},{"damage":0,"enemies":"3 Byrds","floor":18,"turns":1},{"damage":0,"enemies":"Chosen","floor":20,"turns":2},{"damage":0,"enemies":"Centurion and Healer","floor":21,"turns":2},{"damage":0,"enemies":"Snake Plant","floor":22,"turns":2},{"damage":0,"enemies":"Slavers","floor":23,"turns":1},{"damage":0,"enemies":"Sentry and Sphere","floor":24,"turns":3},{"damage":0,"enemies":"Centurion and Healer","floor":27,"turns":1},{"damage":0,"enemies":"Snecko","floor":29,"turns":2},{"damage":0,"enemies":"Gremlin Leader","floor":31,"turns":1},{"damage":0,"enemies":"Pondfish","floor":33,"turns":2},{"damage":0,"enemies":"3 Darklings","floor":35,"turns":1},{"damage":0,"enemies":"3 Shapes","floor":36,"turns":1},{"damage":2,"enemies":"Jaw Worm Horde","floor":37,"turns":2},{"damage":0,"enemies":"Transient","floor":39,"turns":2},{"damage":0,"enemies":"Giant Head","floor":40,"turns":3},{"damage":0,"enemies":"Nemesis","floor":42,"turns":1},{"damage":0,"enemies":"3 Darklings","floor":44,"turns":1},{"damage":0,"enemies":"Reptomancer","floor":45,"turns":1},{"damage":0,"enemies":"Writhing Mass","floor":47,"turns":1},{"damage":0,"enemies":"Spire Growth","floor":48,"turns":1},{"damage":22,"enemies":"Awakened One","floor":50,"turns":5},{"damage":0,"enemies":"Shield and Spear","floor":54,"turns":1},{"damage":2,"enemies":"The Heart","floor":55,"turns":3}],"seed_played":"3074412492558870443","potions_obtained":[{"floor":5,"key":"Weak Potion"},{"floor":11,"key":"Fire Potion"},{"floor":20,"key":"Venom Potion"},{"floor":24,"key":"Regen Potion"},{"floor":47,"key":"Elixir"}],"is_trial":false,"path_per_floor":["M","T","M","M","M","R","$","R","T","E","M","M","R","$","R","B",null,"M","$","M","M","M","E","M","R","T","M","$","M","?","E","R","B",null,"M","M","M","$","M","E","R","E","T","M","E","T","M","M","R","B",null,"R","$","E","B",null],"character_chosen":"THE_SILENT","items_purchased":["Acrobatics","Acrobatics","Reflex","REME_GreenPollution","AttackPotion","Dexterity Potion","Adrenaline Potion"],"campfire_rested":0,"item_purchase_floors":[7,14,14,19,53,53,53],"current_hp_per_floor":[70,70,62,62,62,62,62,62,62,49,49,48,48,48,48,48,70,70,70,70,70,70,70,70,70,70,70,70,70,70,70,70,70,70,70,70,68,68,68,70,70,70,70,70,70,70,70,70,70,60,70,70,70,70,70],"gold":33,"neow_bonus":"HUNDRED_GOLD","is_daily":false,"chose_seed":false,"campfire_upgraded":8,"win_rate":0.0,"timestamp":1614017398,"path_taken":["M","?","M","?","M","R","$","R","T","E","M","M","R","$","R","BOSS","M","$","M","M","M","E","M","R","T","M","?","M","?","E","R","BOSS","M","M","M","$","M","E","R","E","T","M","E","?","M","M","R","BOSS","R","$","E","BOSS"],"items_purchased_type":["Card","Card","Card","Card","Potion","Potion","Potion"],"build_version":"2020-12-22","purchased_purges":6,"victory":true,"max_hp_per_floor":[70,70,70,70,70,70,70,70,70,70,70,70,70,70,70,70,70,70,70,70,70,70,70,70,70,70,70,70,70,70,70,70,70,70,70,70,70,70,70,70,70,70,70,70,70,70,70,70,70,70,70,70,70,70,70],"card_choices":[{"not_picked":["Blade Dance","Dagger Throw"],"picked":"Prepared","floor":1},{"not_picked":["Quick Slash","ReplayTheSpireMod:Tripwire"],"picked":"Eviscerate","floor":3},{"not_picked":["Quick Slash","Bane"],"picked":"ReplayTheSpireMod:The Works","floor":4},{"not_picked":["ReplayTheSpireMod:Speed Training","Well Laid Plans"],"picked":"Prepared","floor":5},{"not_picked":["Grand Finale","Hidden Blade"],"picked":"Reflex","floor":10},{"not_picked":["PiercingWail","Poisoned Stab","Toxin Wave"],"picked":"SKIP","floor":11},{"not_picked":["All Out Attack","Poisoned Stab","Bane"],"picked":"SKIP","floor":12},{"not_picked":["Slice","ReplayTheSpireMod:Scrap Shanks"],"picked":"Tactician","floor":18},{"not_picked":["Quick Slash","Backflip+1","Deadly Poison+1"],"picked":"SKIP","floor":20},{"not_picked":["Finisher","Hidden Blade","Sneak Up"],"picked":"SKIP","floor":21},{"not_picked":["Dash","Bouncing Flask","Footwork"],"picked":"SKIP","floor":22},{"not_picked":["Well Laid Plans+1","Slice","Heel Hook"],"picked":"SKIP","floor":23},{"not_picked":["Blade Dance","Blur","Prepared+1"],"picked":"SKIP","floor":24},{"not_picked":["Outmaneuver+1","Dagger Spray","Tactician"],"picked":"SKIP","floor":27},{"not_picked":["Slice","Atom Bomb"],"picked":"ReplayTheSpireMod:Scrap Shanks","floor":29},{"not_picked":["Cloak And Dagger","Sneak Up"],"picked":"Calculated Gamble","floor":31},{"not_picked":["Corpse Explosion","REME_LeechingPoison"],"picked":"After Image","floor":33},{"not_picked":["Dagger Spray","Distraction+1","Heel Hook"],"picked":"SKIP","floor":35},{"not_picked":["Cloak And Dagger+1","Setup","Dagger Spray"],"picked":"SKIP","floor":36},{"not_picked":["ReplayTheSpireMod:Shiv Toss+1","Cloak And Dagger+1","Flying Knee+1"],"picked":"SKIP","floor":37},{"not_picked":["Flechettes","Cloak And Dagger","Acrobatics+1"],"picked":"SKIP","floor":39},{"not_picked":["Poisoned Stab","Underhanded Strike","Blade Dance"],"picked":"SKIP","floor":40},{"not_picked":["Outmaneuver","Deadly Poison","REME_GreenPollution+1"],"picked":"SKIP","floor":42},{"not_picked":["Leg Sweep+1","Bullet Time+1","Backflip+1"],"picked":"SKIP","floor":44},{"not_picked":["PiercingWail+1","Bane"],"picked":"Expertise+1","floor":45},{"not_picked":["All Out Attack","Blade Dance+1","Hidden Blade+1"],"picked":"SKIP","floor":47},{"not_picked":["Endless Agony+1","Heel Hook","Deadly Poison+1"],"picked":"SKIP","floor":48},{"not_picked":["REME_GrazeFinale","Footwork","ReplayTheSpireMod:Shiv Toss+1"],"picked":"SKIP","floor":54}],"player_experience":1208612,"relics_obtained":[{"floor":2,"key":"The Courier"},{"floor":9,"key":"Slimebound:PreparedRelic"},{"floor":10,"key":"ReplayTheSpireMod:TigerMarble"},{"floor":23,"key":"Grinning Jar"},{"floor":31,"key":"REME_HourglassOfDeath"},{"floor":40,"key":"Bottled Tornado"},{"floor":42,"key":"Replay:Bottled Flurry"},{"floor":43,"key":"Toxic Egg 2"},{"floor":45,"key":"Darkstone Periapt"},{"floor":46,"key":"Blood Vial"},{"floor":54,"key":"REME_PuzzleBoxRelic"}],"event_choices":[{"damage_healed":0,"gold_gain":0,"player_choice":"Ignored","damage_taken":0,"max_hp_gain":0,"max_hp_loss":0,"event_name":"betterNote:BetterNote","floor":30,"gold_loss":0,"cards_obtained":["Juggernaut"]}],"is_beta":false,"boss_relics":[{"not_picked":["Tiny House","Replay:Drink Me"],"picked":"Philosopher\u0027s Stone"},{"not_picked":["SlaversCollar","Velvet Choker"],"picked":"HoveringKite"}],"items_purged_floors":[7,14,19,28,38,53],"is_endless":false,"potions_floor_spawned":[5,11,20,21,24,27,29,37,40,45,47,48,54],"ascension_level":0}}