{"host":"mlrb8iqizg86d23t","time":1614032834,"event":{"mods":["BaseMod","Minty Spire (QoL Compilation)","StSLib","UnlockEverythingMod"],"gold_per_floor":[111,111,126,126,29,29,41,41,41,60,71,71,83,83,83,181,231,250,262,262,277,277,277,296,320,369,369,386,8,27,44,44,44,44],"floor_reached":33,"language":"ENG","playtime":2532,"items_purged":[],"score":241,"play_id":"ef4e1ec7-0ec0-4d7e-8e1f-0636e5bb9f10","local_time":"20210222162714","is_ascension_mode":false,"campfire_choices":[{"floor":6,"key":"REST"},{"floor":8,"key":"RECALL"},{"floor":15,"key":"REST"},{"floor":23,"key":"REST"},{"floor":27,"key":"REST"},{"floor":32,"key":"REST"}],"circlet_count":0,"master_deck":["Strike_P+1","Strike_P+1","Strike_P+1","Strike_P+1","Defend_P+1","Defend_P+1","Defend_P+1","Eruption","Vigilance+1","PanicButton","JustLucky","DeceiveReality","Prostrate+1","Consecrate+1","Prostrate+1","Prostrate","Judgement","WheelKick+1","ForeignInfluence+1","WindmillStrike+1","Tantrum","Conclude","FollowUp+1","LessonLearned","Crescendo","Protect","Omniscience"],"relics":["PureWater","Mummified Hand","Tiny House","Whetstone","War Paint","HornCleat"],"acts_visited":["Exordium","TheCity"],"potions_floor_usage":[16,16,16,19,30,31],"damage_taken":[{"damage":0,"enemies":"2 Louse","floor":1,"turns":3},{"damage":5,"enemies":"Small Slimes","floor":3,"turns":4},{"damage":0,"enemies":"Cultist","floor":7,"turns":2},{"damage":0,"enemies":"Exordium Wildlife","floor":10,"turns":4},{"damage":5,"enemies":"Large Slime","floor":11,"turns":6},{"damage":15,"enemies":"Gremlin Gang","floor":13,"turns":5},{"damage":37,"enemies":"The Guardian","floor":16,"turns":8},{"damage":1,"enemies":"Spheric Guardian","floor":18,"turns":3},{"damage":24,"enemies":"Shell Parasite","floor":19,"turns":3},{"damage":6,"enemies":"Centurion and Healer","floor":21,"turns":4},{"damage":18,"enemies":"3 Cultists","floor":24,"turns":4},{"damage":9,"enemies":"Snake Plant","floor":28,"turns":3},{"damage":22,"enemies":"Sentry and Sphere","floor":30,"turns":4},{"damage":2,"enemies":"Cultist and Chosen","floor":31,"turns":3},{"damage":114,"enemies":"Collector","floor":33,"turns":8}],"seed_played":"-3505494179609345692","potions_obtained":[{"floor":3,"key":"EssenceOfSteel"},{"floor":10,"key":"Fire Potion"},{"floor":13,"key":"PowerPotion"},{"floor":16,"key":"Fruit Juice"},{"floor":17,"key":"SmokeBomb"},{"floor":18,"key":"DuplicationPotion"},{"floor":28,"key":"DuplicationPotion"}],"is_trial":false,"path_per_floor":["M","?","M","?","$","R","M","R","T","M","M","T","M","?","R","B",null,"M","M","?","M","?","R","M","T","T","R","M","$","M","M","R","B"],"character_chosen":"WATCHER","items_purchased":["Prostrate","Consecrate","HornCleat","LessonLearned","Crescendo"],"campfire_rested":5,"item_purchase_floors":[5,5,29,29,29],"current_hp_per_floor":[72,58,53,53,53,72,72,72,72,72,67,67,52,45,66,29,77,76,57,62,56,56,80,62,62,62,82,73,73,51,49,73,0,0],"gold":44,"neow_bonus":"RANDOM_COLORLESS","is_daily":false,"chose_seed":false,"campfire_upgraded":0,"win_rate":0.0,"timestamp":1614032834,"path_taken":["M","?","M","?","$","R","M","R","T","?","M","?","M","?","R","BOSS","M","M","?","?","?","R","M","?","T","R","M","$","M","M","R","BOSS"],"items_purchased_type":["Card","Card","Relic","Card","Card"],"build_version":"2020-12-22","purchased_purges":0,"victory":false,"max_hp_per_floor":[72,72,72,72,72,72,72,72,72,72,72,72,72,72,72,72,77,77,82,82,82,82,82,82,82,82,82,82,82,82,82,82,82,82],"card_choices":[{"not_picked":["Forethought","Deep Breath"],"picked":"PanicButton","floor":0},{"not_picked":["FlurryOfBlows","Halt"],"picked":"JustLucky","floor":1},{"not_picked":["Halt","EmptyMind"],"picked":"DeceiveReality","floor":3},{"not_picked":["EmptyFist","Evaluate"],"picked":"Prostrate","floor":7},{"not_picked":["Swivel","ThirdEye"],"picked":"Prostrate","floor":10},{"not_picked":["ThirdEye","ReachHeaven"],"picked":"Fasting2","floor":11},{"not_picked":["Crescendo","Halt"],"picked":"FlyingSleeves","floor":13},{"not_picked":["ConjureBlade","Omniscience"],"picked":"Judgement","floor":16},{"not_picked":["Sanctity","MentalFortress"],"picked":"WheelKick","floor":17},{"not_picked":["Indignation","CutThroughFate"],"picked":"ForeignInfluence+1","floor":18},{"not_picked":["EmptyBody","InnerPeace"],"picked":"WindmillStrike+1","floor":19},{"not_picked":["CutThroughFate","FollowUp"],"picked":"Tantrum","floor":21},{"not_picked":["JustLucky","ClearTheMind"],"picked":"Conclude","floor":24},{"not_picked":["CrushJoints","Crescendo"],"picked":"FollowUp+1","floor":28},{"not_picked":["SashWhip","EmptyBody"],"picked":"Protect","floor":30},{"not_picked":["CutThroughFate","WaveOfTheHand"],"picked":"Omniscience","floor":31}],"player_experience":38316,"relics_obtained":[{"floor":12,"key":"Mummified Hand"},{"floor":25,"key":"Whetstone"},{"floor":26,"key":"War Paint"}],"event_choices":[{"damage_healed":0,"gold_gain":0,"player_choice":"Entered Light","damage_taken":14,"max_hp_gain":0,"max_hp_loss":0,"event_name":"Shining Light","floor":2,"gold_loss":0,"cards_upgraded":["Strike_P","Vigilance"]},{"cards_removed":["Defend_P"],"damage_healed":0,"gold_gain":0,"player_choice":"Purged","damage_taken":0,"max_hp_gain":0,"max_hp_loss":0,"event_name":"Purifier","floor":4,"gold_loss":0},{"cards_removed":["Fasting2"],"damage_healed":0,"gold_gain":0,"player_choice":"Card Removal","damage_taken":7,"max_hp_gain":0,"max_hp_loss":0,"event_name":"Golden Wing","floor":14,"gold_loss":0},{"cards_removed":["FlyingSleeves"],"damage_healed":5,"gold_gain":0,"player_choice":"Offered Common","damage_taken":0,"max_hp_gain":0,"max_hp_loss":0,"event_name":"Bonfire Elementals","floor":20,"gold_loss":0},{"cards_removed":["FlyingSleeves"],"damage_healed":5,"gold_gain":0,"player_choice":"Offered Special","damage_taken":0,"max_hp_gain":0,"max_hp_loss":0,"event_name":"Bonfire Elementals","floor":20,"gold_loss":0},{"damage_healed":0,"gold_gain":0,"player_choice":"Simplicity","damage_taken":0,"max_hp_gain":0,"max_hp_loss":0,"event_name":"Back to Basics","floor":22,"gold_loss":0,"cards_upgraded":["Strike_P","Strike_P","Defend_P","Defend_P","Defend_P"]}],"is_beta":false,"boss_relics":[{"not_picked":["Velvet Choker","Ectoplasm"],"picked":"Tiny House"}],"items_purged_floors":[],"is_endless":false,"potions_floor_spawned":[3,10,13,16,18,28],"killed_by":"Collector","ascension_level":0}}