{"host":"vx488ommchhibo3k","time":1614012978,"event":{"mods":["BaseMod","BetterRewards","Colored Map","Colored Powertips","Highlight Path","Minty Spire (QoL Compilation)","Quick Restart","Rare Cards Sparkle","Shop Mod","StSLib","SuperFastMode"],"gold_per_floor":[118,132,82,101,113,143,143,155,155,165,165,92,112,169,169,269,269,289,300,319,6,6,6,39,39,109,128,128,128,49,60,60,161,161,173,185,235,66,66,66],"floor_reached":39,"language":"JPN","playtime":2292,"items_purged":["Strike_P"],"score":458,"play_id":"331d90d3-01ec-40a9-9c36-0e435767b607","local_time":"20210223015618","is_ascension_mode":false,"campfire_choices":[{"data":"Apotheosis","floor":7,"key":"SMITH"},{"data":"Eruption","floor":11,"key":"SMITH"},{"floor":15,"key":"RECALL"},{"data":"MasterReality","floor":23,"key":"SMITH"},{"data":"CrushJoints","floor":25,"key":"SMITH"},{"data":"CrushJoints","floor":28,"key":"SMITH"},{"data":"LessonLearned","floor":32,"key":"SMITH"}],"circlet_count":0,"master_deck":["Strike_P+1","Strike_P","Defend_P","Defend_P","Eruption+1","Vigilance","Apotheosis+1","Tantrum","Swivel","Prostrate","CrushJoints+1","ClearTheMind","Tantrum","CarveReality","MasterReality+1","SashWhip","Prostrate","Prostrate","MentalFortress","LessonLearned+1","CrushJoints+1","InnerPeace","BowlingBash","Prostrate","Wireheading","CrushJoints+1"],"relics":["PureWater","MerchantsRug","Kunai","Centennial Puzzle","Meat on the Bone","InkBottle","Lantern","Boot","Enchiridion","Incense Burner","Ice Cream"],"acts_visited":["Exordium","TheCity","TheBeyond"],"potions_floor_usage":[6,6,14,31,33,33,37,39],"damage_taken":[{"damage":0,"enemies":"Cultist","floor":1,"turns":2},{"damage":0,"enemies":"2 Louse","floor":2,"turns":3},{"damage":2,"enemies":"Jaw Worm","floor":4,"turns":3},{"damage":19,"enemies":"Exordium Wildlife","floor":5,"turns":5},{"damage":6,"enemies":"Lagavulin","floor":6,"turns":5},{"damage":0,"enemies":"Blue Slaver","floor":8,"turns":3},{"damage":0,"enemies":"Looter","floor":10,"turns":2},{"damage":1,"enemies":"3 Louse","floor":13,"turns":5},{"damage":6,"enemies":"Lagavulin Event","floor":14,"turns":3},{"damage":0,"enemies":"Slime Boss","floor":16,"turns":5},{"damage":0,"enemies":"Spheric Guardian","floor":18,"turns":3},{"damage":2,"enemies":"Chosen","floor":19,"turns":3},{"damage":20,"enemies":"Centurion and Healer","floor":20,"turns":5},{"damage":20,"enemies":"Snecko","floor":27,"turns":6},{"damage":23,"enemies":"Snake Plant","floor":31,"turns":3},{"damage":100,"enemies":"Automaton","floor":33,"turns":7},{"damage":9,"enemies":"3 Darklings","floor":35,"turns":5},{"damage":5,"enemies":"Orb Walker","floor":36,"turns":4},{"damage":9,"enemies":"Mind Bloom Boss Battle","floor":37,"turns":4},{"damage":54,"enemies":"4 Shapes","floor":39,"turns":3}],"seed_played":"4568017955796076099","potions_obtained":[{"floor":1,"key":"Weak Potion"},{"floor":6,"key":"Fruit Juice"},{"floor":13,"key":"PowerPotion"},{"floor":14,"key":"AttackPotion"},{"floor":20,"key":"GamblersBrew"},{"floor":27,"key":"Dexterity Potion"},{"floor":31,"key":"FairyPotion"},{"floor":35,"key":"ColorlessPotion"},{"floor":37,"key":"SpeedPotion"}],"is_trial":false,"path_per_floor":["M","M","?","M","M","E","R","M","T","M","R","$","M","?","R","B",null,"M","M","M","$","?","R","$","R","T","M","R","?","$","M","R","B",null,"M","M","?","$","M"],"character_chosen":"WATCHER","items_purchased":["MerchantsRug","Kunai","Apotheosis","Tantrum","SashWhip","Prostrate","Lantern","Boot","Wireheading","Ice Cream"],"campfire_rested":0,"item_purchase_floors":[0,0,0,0,12,12,21,21,30,38],"current_hp_per_floor":[40,40,40,38,19,18,18,18,18,30,30,30,41,47,47,47,77,77,75,55,55,55,55,55,55,55,47,47,31,31,20,20,35,77,68,63,54,54,0,0],"gold":66,"neow_bonus":"","is_daily":false,"chose_seed":false,"campfire_upgraded":6,"win_rate":0.0,"timestamp":1614012978,"path_taken":["M","M","?","M","M","E","R","M","T","M","R","$","M","?","R","BOSS","M","M","M","$","?","R","$","R","T","M","R","?","?","M","R","BOSS","M","M","?","$","M"],"items_purchased_type":["Relic","Relic","Card","Card","Card","Card","Relic","Relic","Card","Relic"],"build_version":"2020-12-22","purchased_purges":1,"victory":false,"max_hp_per_floor":[72,72,72,72,72,77,77,77,77,77,77,77,77,77,77,77,77,77,77,77,77,77,77,77,77,77,77,77,77,77,77,77,77,77,77,77,77,77,77,77],"card_choices":[{"not_picked":["Vengeance","Meditate"],"picked":"Swivel","floor":1},{"not_picked":["Protect","JustLucky"],"picked":"Prostrate","floor":2},{"not_picked":["EmptyFist","Evaluate"],"picked":"CrushJoints","floor":4},{"not_picked":["EmptyFist","Halt"],"picked":"ClearTheMind","floor":5},{"not_picked":["FollowUp","MentalFortress"],"picked":"Tantrum","floor":6},{"not_picked":["Nirvana","Halt"],"picked":"CarveReality","floor":8},{"not_picked":["SandsOfTime","Prostrate"],"picked":"MasterReality","floor":10},{"not_picked":["PathToVictory","EmptyBody"],"picked":"Prostrate","floor":13},{"not_picked":["ReachHeaven","Crescendo"],"picked":"MentalFortress","floor":14},{"not_picked":["Wish","Brilliance"],"picked":"LessonLearned","floor":16},{"not_picked":["Protect","Weave"],"picked":"CrushJoints","floor":18},{"not_picked":["FollowUp+1","WreathOfFlame"],"picked":"InnerPeace","floor":19},{"not_picked":["FlurryOfBlows","CrushJoints"],"picked":"BowlingBash","floor":20},{"not_picked":["BowlingBash","Swivel"],"picked":"Prostrate","floor":27},{"not_picked":["Collect","EmptyBody","Crescendo"],"picked":"SKIP","floor":31},{"not_picked":["Protect+1","Prostrate"],"picked":"CrushJoints+1","floor":35},{"not_picked":["CutThroughFate","JustLucky+1","Meditate"],"picked":"SKIP","floor":36}],"player_experience":150321,"relics_obtained":[{"floor":6,"key":"Centennial Puzzle"},{"floor":9,"key":"Meat on the Bone"},{"floor":14,"key":"InkBottle"},{"floor":29,"key":"Enchiridion"},{"floor":37,"key":"Incense Burner"}],"event_choices":[{"cards_removed":["Defend_P"],"damage_healed":0,"gold_gain":0,"player_choice":"Card Removal","damage_taken":0,"max_hp_gain":0,"max_hp_loss":0,"event_name":"The Cleric","floor":3,"gold_loss":50},{"damage_healed":0,"gold_gain":0,"player_choice":"Searched \u00271\u0027 times","damage_taken":0,"max_hp_gain":0,"max_hp_loss":0,"event_name":"Dead Adventurer","floor":14,"gold_loss":0},{"damage_healed":0,"gold_gain":0,"player_choice":"Ignored","damage_taken":0,"max_hp_gain":0,"max_hp_loss":0,"event_name":"Ghosts","floor":22,"gold_loss":0},{"damage_healed":0,"gold_gain":0,"player_choice":"Obtained Book","damage_taken":16,"max_hp_gain":0,"max_hp_loss":0,"event_name":"Cursed Tome","floor":29,"gold_loss":0},{"damage_healed":0,"gold_gain":0,"player_choice":"Fight","damage_taken":0,"max_hp_gain":0,"max_hp_loss":0,"event_name":"MindBloom","floor":37,"gold_loss":0}],"is_beta":false,"boss_relics":[{"not_picked":["Black Star","Runic Dome"],"picked":"Empty Cage"},{"not_picked":["Busted Crown","Sozu"],"picked":"Velvet Choker"}],"items_purged_floors":[0],"is_endless":false,"potions_floor_spawned":[1,6,13,14,20,27,31,35,37],"killed_by":"4 Shapes","ascension_level":0}}