{"host":"l1pzlbpva2o8t11s","time":1614004385,"event":{"mods":["AchievementEnabler","BaseMod","Block Reminder","Colored Map","Minty Spire (QoL Compilation)","Random Character Button","Relic Stats","Replay The Spire","StSLib","The Jungle"],"gold_per_floor":[114,134,134,134,145,176,190,45,45,58,58,88,102,132,132,231,331,341,353,353,366,366,394,408,408,408,408,408],"floor_reached":27,"language":"ENG","playtime":2073,"items_purged":[],"score":257,"play_id":"a08dc191-ba9c-4ca6-8887-11a6b928b292","local_time":"20210222153305","is_ascension_mode":true,"campfire_choices":[{"floor":11.0,"key":"REST"},{"floor":15.0,"key":"REST"}],"circlet_count":0,"master_deck":["Strike_B","Strike_B","Strike_B","Strike_B","Defend_B","Defend_B","Defend_B","Defend_B","Zap+1","Dualcast","Cold Snap+1","Chaos","FIFO Queue","Streamline","Cold Snap","Compile Driver","Chill","Darkness","ReplayRNGCard","Ball Lightning+1","Streamline+1","Streamline+1"],"relics":["Ring of Chaos","Replay:Kaleidoscope","Orrery","Replay:Accelerometer","Replay:Grab Bag","Painkiller Herb","Replay:Wanted Poster","Nuclear Battery","Toy Ornithopter","Blood Vial"],"acts_visited":["Exordium","TheCity"],"potions_floor_usage":[24,24,27],"damage_taken":[{"damage":1.0,"enemies":"Jaw Worm","floor":1.0,"turns":3.0},{"damage":0.0,"enemies":"2 Louse","floor":2.0,"turns":4.0},{"damage":0.0,"enemies":"Cultist","floor":5.0,"turns":3.0},{"damage":21.0,"enemies":"Gremlin Nob","floor":6.0,"turns":5.0},{"damage":15.0,"enemies":"Looter","floor":7.0,"turns":4.0},{"damage":13.0,"enemies":"3 Louse","floor":10.0,"turns":4.0},{"damage":9.0,"enemies":"Red Slaver","floor":13.0,"turns":4.0},{"damage":19.0,"enemies":"Lagavulin","floor":14.0,"turns":7.0},{"damage":27.0,"enemies":"Fading Forest","floor":16.0,"turns":12.0},{"damage":16.0,"enemies":"Spheric Guardian","floor":18.0,"turns":5.0},{"damage":7,"enemies":"Chosen","floor":19,"turns":4},{"damage":15,"enemies":"3 Cultists","floor":21,"turns":5},{"damage":36,"enemies":"Book of Stabbing","floor":23,"turns":6},{"damage":3,"enemies":"Cultist and Chosen","floor":24,"turns":4},{"damage":18,"enemies":"Gremlin Leader","floor":27,"turns":2}],"seed_played":"4089907311864305456","potions_obtained":[{"floor":7.0,"key":"Regen Potion"},{"floor":10.0,"key":"Explosive Potion"},{"floor":13.0,"key":"Adrenaline Potion"},{"floor":21,"key":"Weak Potion"},{"floor":23,"key":"GamblersBrew"},{"floor":24,"key":"FearPotion"}],"is_trial":false,"path_per_floor":["M","M","?","?","M","E","M","$","T","M","R","?","M","E","R","B",null,"?","?","T","?","?","E","?","T","T","E"],"character_chosen":"DEFECT","items_purchased":["Orrery"],"campfire_rested":2,"item_purchase_floors":[8],"current_hp_per_floor":[74,74,74,74,74,53,38,38,38,25,47,47,50,31,53,52,75,59,52,52,37,37,1,8,8,8,0,0],"gold":408,"neow_bonus":"BOSS_RELIC","is_daily":false,"chose_seed":false,"campfire_upgraded":0,"win_rate":0.0,"timestamp":1614004385,"path_taken":["M","M","?","?","M","E","?","$","T","M","R","?","M","E","R","BOSS","?","?","T","?","?","E","?","T","T","E"],"items_purchased_type":["Relic"],"build_version":"2020-12-22","purchased_purges":0,"victory":false,"max_hp_per_floor":[75,75,75,75,75,75,75,75,75,75,75,75,75,75,75,75,75,75,75,75,75,75,75,75,75,75,75,75],"relic_stats":{"Blood Vial":2,"counters":[15,72],"obtain_stats":[{"Replay:Wanted Poster":17,"Blood Vial":26,"Replay:Accelerometer":14,"Replay:Grab Bag":17,"Orrery":8,"Painkiller Herb":17,"Ring of Chaos":0,"Replay:Kaleidoscope":6,"Cracked Core":0,"Toy Ornithopter":23,"Nuclear Battery":17},{"Replay:Wanted Poster":9,"Blood Vial":14,"Replay:Accelerometer":8,"Replay:Grab Bag":9,"Orrery":5,"Painkiller Herb":9,"Ring of Chaos":0,"Replay:Kaleidoscope":4,"Cracked Core":0,"Toy Ornithopter":13,"Nuclear Battery":9},{"Replay:Wanted Poster":46,"Blood Vial":70,"Replay:Accelerometer":34,"Replay:Grab Bag":46,"Orrery":19,"Painkiller Herb":46,"Ring of Chaos":0,"Replay:Kaleidoscope":15,"Cracked Core":0,"Toy Ornithopter":66,"Nuclear Battery":46}],"Toy Ornithopter":15},"card_choices":[{"not_picked":["Go for the Eyes","Turbo"],"picked":"Cold Snap","floor":1.0},{"not_picked":["Force Field","Leap","Compile Driver"],"picked":"SKIP","floor":2.0},{"not_picked":["Reinforced Body","Steam"],"picked":"Chaos","floor":5.0},{"not_picked":["Streamline","Meteor Strike"],"picked":"FIFO Queue","floor":6.0},{"not_picked":["Stack","Time Bomb","Hello World"],"picked":"SKIP","floor":7.0},{"not_picked":["Coolheaded","Glacier"],"picked":"Streamline","floor":8.0},{"not_picked":["Gash","Leap"],"picked":"Cold Snap","floor":8.0},{"not_picked":["Scrape","Panic Button"],"picked":"Compile Driver","floor":8.0},{"not_picked":["Melter","Rebound"],"picked":"Chill","floor":10.0},{"not_picked":["Recycle","Compile Driver"],"picked":"Darkness","floor":13.0},{"not_picked":["Steam Power","Time Bomb","Hello World"],"picked":"SKIP","floor":14.0},{"not_picked":["Rainbow","Meteor Strike"],"picked":"ReplayRNGCard","floor":16.0},{"not_picked":["Lockon+1","Heatsinks"],"picked":"Ball Lightning+1","floor":18.0},{"not_picked":["BasicCrystalCard","Beam Cell","Stack+1"],"picked":"SKIP","floor":19},{"not_picked":["Consume","ReplayGash"],"picked":"Streamline+1","floor":21},{"not_picked":["Darkness","ReplayTheSpireMod:Repulse","Aggregate"],"picked":"SKIP","floor":23},{"not_picked":["Consume+1","Conserve Battery"],"picked":"Streamline+1","floor":24}],"player_experience":196819,"relics_obtained":[{"floor":6.0,"key":"Replay:Kaleidoscope"},{"floor":14.0,"key":"Replay:Accelerometer"},{"floor":23,"key":"Toy Ornithopter"},{"floor":26,"key":"Blood Vial"}],"event_choices":[{"damage_healed":0.0,"max_hp_gain":0.0,"max_hp_loss":0.0,"gold_gain":0.0,"event_name":"Living Wall","player_choice":"Grow","floor":3.0,"gold_loss":0.0,"damage_taken":0.0,"cards_upgraded":["Zap"]},{"damage_healed":0.0,"max_hp_gain":0.0,"max_hp_loss":0.0,"gold_gain":0.0,"event_name":"Accursed Blacksmith","player_choice":"Forge","floor":4.0,"gold_loss":0.0,"damage_taken":0.0,"cards_upgraded":["Cold Snap"]},{"damage_healed":0.0,"max_hp_gain":0.0,"max_hp_loss":0.0,"gold_gain":30.0,"event_name":"Dead Adventurer","player_choice":"Searched \u00271\u0027 times","floor":12.0,"gold_loss":0.0,"damage_taken":0.0}],"is_beta":false,"boss_relics":[{"not_picked":["Honey Jar","Replay:Ancient Bell"],"picked":"Replay:Grab Bag"},{"not_picked":["Replay:Fungal Core","Fusion Hammer"],"picked":"Painkiller Herb"},{"not_picked":["Velvet Choker","ReplayTheSpireMod:Onyx Gauntlets"],"picked":"Replay:Wanted Poster"},{"not_picked":["Snecko Eye","Runic Pyramid"],"picked":"Nuclear Battery"}],"items_purged_floors":[],"is_endless":false,"potions_floor_spawned":[7,10,13,21,23,24],"killed_by":"Gremlin Leader","ascension_level":1}}