{"host":"cw0gp7779piw2km3","time":1614015490,"event":{"mods":["2.2 Compatiblity","BaseMod","Downfall","Minty Spire (QoL Compilation)","Shapeshifter Mod","Spire Arcade","StSLib"],"gold_per_floor":[117,192,192,206,226,226,254,158,185,185,12,24,24,44,44,141,141,157,157,2,2,101,101,113,113,138,154,173,173,123,139,139,242,242,252,270,270,270,292,292,292],"floor_reached":40,"language":"ENG","playtime":2299,"items_purged":["downfall:Bewildered"],"score":436,"play_id":"080578a5-b1be-472f-b56e-888983fdfc35","local_time":"20210222113810","is_ascension_mode":false,"campfire_choices":[{"data":"StSShapeShifter:CosmicShifter","floor":6,"key":"SMITH"},{"floor":10,"key":"REST"},{"floor":13,"key":"REST"},{"floor":15,"key":"REST"},{"data":"StSShapeShifter:Ensconce","floor":23,"key":"SMITH"},{"floor":25,"key":"REST"},{"floor":32,"key":"REST"}],"circlet_count":0,"master_deck":["StSShapeShifter:ShapeShifter_Strike+1","StSShapeShifter:ShapeShifter_Strike+1","StSShapeShifter:ShapeShifter_Strike+1","StSShapeShifter:ShapeShifter_Strike+1","StSShapeShifter:ShapeShifter_Strike+1","StSShapeShifter:ShapeShifter_Defend+1","StSShapeShifter:ShapeShifter_Defend+1","StSShapeShifter:ShapeShifter_Defend+1","StSShapeShifter:ShapeShifter_Defend+1","StSShapeShifter:ShapeShifter_Defend+1","StSShapeShifter:Tortoise_Form+1","StSShapeShifter:Lynx_Form+1","StSShapeShifter:CosmicShifter+1","StSShapeShifter:BurstingSpore","StSShapeShifter:Wildfire2","StSShapeShifter:Synchronicity","StSShapeShifter:ThornToss","StSShapeShifter:MonkeyForm","StSShapeShifter:Ensconce+1","StSShapeShifter:OakBlade","StSShapeShifter:ShiftingStrike","StSShapeShifter:PoisonIvy","StSShapeShifter:DeerForm","StSShapeShifter:Forgiveness","CurseOfTheBell","StSShapeShifter:SquirrelForm","StSShapeShifter:RhinoCalfForm","StSShapeShifter:BarkSkin+1","StSShapeShifter:Garden+1","StSShapeShifter:BarkSkin","StSShapeShifter:PoisonIvy+1","StSShapeShifter:Spring","StSShapeShifter:PoisonIvy+1","StSShapeShifter:Summer","StSShapeShifter:BarkSkin+1","StSShapeShifter:Roar+1","StSShapeShifter:Guard+1"],"relics":["StSShapeShifter:AnimalHeart","StSShapeShifter:TheShapeShiftersMagnolia","StSShapeShifter:BeastkeepersGift","Smiling Mask","Calling Bell","MealTicket","Mummified Hand","StoneCalendar","Dream Catcher","Bronze Scales","sneckomod:BabySnecko","StSShapeShifter:LemurHeaddress","CeramicFish"],"acts_visited":["Exordium","TheCity","TheBeyond"],"potions_floor_usage":[33,39,39,40,40],"damage_taken":[{"damage":1,"enemies":"2 Louse","floor":1,"turns":2},{"damage":6,"enemies":"Cultist","floor":4,"turns":3},{"damage":0,"enemies":"Small Slimes","floor":5,"turns":2},{"damage":31,"enemies":"3 Sentries","floor":7,"turns":7},{"damage":20,"enemies":"Exordium Thugs","floor":12,"turns":4},{"damage":12,"enemies":"2 Fungi Beasts","floor":14,"turns":3},{"damage":36,"enemies":"Hexaghost","floor":16,"turns":12},{"damage":26,"enemies":"Chosen","floor":18,"turns":7},{"damage":45,"enemies":"Spheric Guardian","floor":24,"turns":6},{"damage":26,"enemies":"Snake Plant","floor":27,"turns":3},{"damage":15,"enemies":"Centurion and Healer","floor":28,"turns":6},{"damage":11,"enemies":"Chosen and Byrds","floor":31,"turns":4},{"damage":15,"enemies":"Champ","floor":33,"turns":10},{"damage":34,"enemies":"3 Darklings","floor":35,"turns":4},{"damage":12,"enemies":"3 Shapes","floor":36,"turns":4},{"damage":16,"enemies":"Spire Growth","floor":39,"turns":4},{"damage":32,"enemies":"Sphere and 2 Shapes","floor":40,"turns":4}],"seed_played":"2901023583758762075","potions_obtained":[{"floor":1,"key":"Ancient Potion"},{"floor":14,"key":"GamblersBrew"},{"floor":27,"key":"StSShapeShifter:PolyBeastPotion"},{"floor":28,"key":"LiquidBronze"},{"floor":33,"key":"PowerPotion"},{"floor":39,"key":"Dexterity Potion"}],"is_trial":false,"path_per_floor":["M","?","?","M","M","R","E","$","T","R","$","M","R","M","R","B",null,"M","?","$","?","?","R","M","R","T","M","M","?","$","M","R","B",null,"M","M","?","?","M","M"],"character_chosen":"SHAPESHIFTER","items_purchased":["StSShapeShifter:ThornToss","StSShapeShifter:MonkeyForm","StSShapeShifter:Ensconce","StSShapeShifter:OakBlade","StSShapeShifter:ShiftingStrike","StSShapeShifter:RhinoCalfForm"],"campfire_rested":5,"item_purchase_floors":[8,8,11,11,11,20],"current_hp_per_floor":[77,66,59,53,53,53,22,22,22,45,45,25,48,36,59,23,78,57,57,72,72,72,72,27,50,50,24,19,19,34,27,50,42,78,52,40,40,40,24,0,0],"gold":292,"neow_bonus":"UPGRADE_CARD","is_daily":false,"chose_seed":false,"campfire_upgraded":2,"win_rate":0.0,"timestamp":1614015490,"path_taken":["M","?","?","?","M","R","E","$","T","R","$","M","R","?","R","BOSS","M","?","?","?","?","R","?","R","T","M","M","?","?","M","R","BOSS","M","?","?","?","?","M"],"items_purchased_type":["Card","Card","Card","Card","Card","Card"],"build_version":"2020-12-22","purchased_purges":1,"victory":false,"max_hp_per_floor":[78,78,78,78,78,78,78,78,78,78,78,78,78,78,78,78,78,78,78,78,78,78,78,78,78,78,78,78,78,78,78,78,78,78,78,78,78,78,78,78,78],"card_choices":[{"not_picked":["StSShapeShifter:BurstingSpore","StSShapeShifter:DeepWound"],"picked":"StSShapeShifter:CosmicShifter","floor":1},{"not_picked":["StSShapeShifter:ForestFire","StSShapeShifter:Synchronicity"],"picked":"StSShapeShifter:BurstingSpore","floor":4},{"not_picked":["StSShapeShifter:AdaptiveStrikes","StSShapeShifter:Roar"],"picked":"StSShapeShifter:Wildfire2","floor":5},{"not_picked":["StSShapeShifter:OakBlade","StSShapeShifter:Uproot_Redwood"],"picked":"StSShapeShifter:Synchronicity","floor":7},{"not_picked":["StSShapeShifter:ThornToss","StSShapeShifter:AdaptiveStrikes"],"picked":"StSShapeShifter:PoisonIvy","floor":12},{"not_picked":["StSShapeShifter:FlowerShield","StSShapeShifter:OakBlade"],"picked":"StSShapeShifter:DeerForm","floor":14},{"not_picked":["StSShapeShifter:SkullBash","StSShapeShifter:Autumn"],"picked":"StSShapeShifter:Forgiveness","floor":16},{"not_picked":["StSShapeShifter:DeerForm","StSShapeShifter:FoxForm"],"picked":"StSShapeShifter:SquirrelForm","floor":18},{"not_picked":["StSShapeShifter:OakBlade","StSShapeShifter:Roar"],"picked":"StSShapeShifter:BarkSkin+1","floor":24},{"not_picked":["StSShapeShifter:BloomingSlash","StSShapeShifter:SquirrelForm"],"picked":"StSShapeShifter:Garden+1","floor":25},{"not_picked":["StSShapeShifter:OpportuneSwoop","StSShapeShifter:Mystical_Branch"],"picked":"StSShapeShifter:BarkSkin","floor":27},{"not_picked":["StSShapeShifter:DeerForm","StSShapeShifter:FesteringBite"],"picked":"StSShapeShifter:PoisonIvy+1","floor":28},{"not_picked":["StSShapeShifter:AdaptiveStrikes","StSShapeShifter:Efflorescence"],"picked":"StSShapeShifter:Spring","floor":31},{"not_picked":["StSShapeShifter:BladeOfGrass","StSShapeShifter:Mystical_Branch"],"picked":"StSShapeShifter:PoisonIvy+1","floor":32},{"not_picked":["StSShapeShifter:BurstOfLifeEscapeDeath","StSShapeShifter:RitualOfTheExtinct"],"picked":"StSShapeShifter:Summer","floor":33},{"not_picked":["StSShapeShifter:FesteringBite+1","StSShapeShifter:Roar"],"picked":"StSShapeShifter:BarkSkin+1","floor":35},{"not_picked":["StSShapeShifter:LeapingSlash","StSShapeShifter:Hunt"],"picked":"StSShapeShifter:Roar+1","floor":36},{"not_picked":["StSShapeShifter:Rest+1","StSShapeShifter:MagicMushrooms+1"],"picked":"StSShapeShifter:Guard+1","floor":39}],"player_experience":923424,"relics_obtained":[{"floor":7,"key":"StSShapeShifter:BeastkeepersGift"},{"floor":9,"key":"Smiling Mask"},{"floor":17,"key":"MealTicket"},{"floor":17,"key":"Mummified Hand"},{"floor":17,"key":"StoneCalendar"},{"floor":26,"key":"Bronze Scales"},{"floor":37,"key":"CeramicFish"}],"event_choices":[{"damage_healed":0,"gold_gain":75,"player_choice":"Gather Gold","damage_taken":11,"max_hp_gain":0,"max_hp_loss":0,"event_name":"World of Goop","floor":2,"gold_loss":0},{"damage_healed":0,"gold_gain":0,"player_choice":"Damaged","damage_taken":7,"max_hp_gain":0,"max_hp_loss":0,"event_name":"Wheel of Change","floor":3,"gold_loss":0},{"damage_healed":0,"gold_gain":0,"player_choice":"Gave Potion","damage_taken":0,"relics_obtained":["Dream Catcher"],"max_hp_gain":0,"max_hp_loss":0,"event_name":"WeMeetAgain","floor":19,"gold_loss":0},{"damage_healed":0,"gold_gain":0,"player_choice":"Simplicity","damage_taken":0,"max_hp_gain":0,"max_hp_loss":0,"event_name":"Back to Basics","floor":21,"gold_loss":0,"cards_upgraded":["StSShapeShifter:ShapeShifter_Strike","StSShapeShifter:ShapeShifter_Strike","StSShapeShifter:ShapeShifter_Strike","StSShapeShifter:ShapeShifter_Strike","StSShapeShifter:ShapeShifter_Strike","StSShapeShifter:ShapeShifter_Defend","StSShapeShifter:ShapeShifter_Defend","StSShapeShifter:ShapeShifter_Defend","StSShapeShifter:ShapeShifter_Defend","StSShapeShifter:ShapeShifter_Defend"]},{"damage_healed":0,"gold_gain":99,"player_choice":"Stole From Cult","damage_taken":0,"max_hp_gain":0,"max_hp_loss":0,"event_name":"Nest","floor":22,"gold_loss":0},{"damage_healed":0,"gold_gain":0,"player_choice":"Ignored","damage_taken":0,"max_hp_gain":0,"max_hp_loss":0,"event_name":"Transmorgrifier","floor":38,"gold_loss":0}],"is_beta":false,"boss_relics":[{"not_picked":["Velvet Choker","Pandora\u0027s Box"],"picked":"Calling Bell"},{"not_picked":["Tiny House","Runic Pyramid"],"picked":"StSShapeShifter:LemurHeaddress"}],"items_purged_floors":[30],"is_endless":false,"potions_floor_spawned":[1,14,27,28,31,33,35,39],"killed_by":"Sphere and 2 Shapes","ascension_level":0}}