{"host":"gk9qdtkqd8dwfeg2","time":1614002388,"event":{"mods":["ATMod(∞¢Ë™Mod)","Act Like it!","Aspiration","BaseMod","Colored Powertips","Gensokyo","Minty Spire (QoL Compilation)","Quick Restart","Reimu£®≤©¿ˆ¡È√Œ£©","Remilia£®¿Ÿ√◊¿Ú—«£©","Replay The Spire","Shop Mod","StSLib","TestMod","The Servant 0.9.4","Waifu the Spire","Youmu£®ªÍ∆«—˝√Œ£©"],"gold_per_floor":[118,218,234,254,266,299,313,340,340,30,48,48,66,91,91,166,166,180,20,20,20,20,55,55,66,112,125,160,180,208,222,222,300,300,310,310,323,339,357,385,385,411,411,438,438,457,457,457,457,457,457,457,457,35,60,60],"floor_reached":57,"language":"ZHS","playtime":2122,"items_purged":["Strike_P","Predator"],"score":3864,"play_id":"42c1f222-7a95-4c3f-bbc2-a25a6efa34e2","local_time":"20210222215948","is_ascension_mode":true,"campfire_choices":[{"data":"Eruption","floor":12.0,"key":"SMITH"},{"data":"Scrawl","floor":15.0,"key":"SMITH"},{"data":"Gensokyo:LochNessMonster","floor":24.0,"key":"SMITH"},{"floor":32.0,"key":"RECALL"},{"floor":41.0,"key":"REST"},{"floor":45.0,"key":"REST"},{"data":"AT_IchimonjiDouble","floor":49.0,"key":"SMITH"},{"data":"InnerPeace","floor":53.0,"key":"SMITH"}],"circlet_count":0,"master_deck":["AscendersBane","Defend_P+1","Eruption+1","Vigilance+1","AT_IchimonjiDouble+1","InnerPeace+1","Replay:Cycle","Scrawl+1","Halt","Adaptation+1","Collect+1","SpiritShield+1","Vault+1","CutThroughFate+1","Gensokyo:LochNessMonster+1","Predator","Adrenaline+1","Dash","AT_ChampionStep+1","AT_RealFormLess+1","MentalFortress+1","FearNoEvil","AT_RealColorLess+1","Phantasmal Killer+1","Endless Agony+1","Deflect"],"relics":["PureWater","AT_ATBox","testmod-TestBox","testmod-IncinerationGenerator","NeowsBlessing","Tea:ReiMu","AT_SilvercatRing","aspiration:HummingbirdHeart","Medical Kit","Orichalcum","testmod-Temperance","MerchantsRug","Gensokyo:SongOfSouls","AT_TimeSand","Mastiff:ReiMu","Replay:Bottled Flurry","Busted Crown","Kunai","Pet Ghost","testmod-HeartOfStrike","Happy Flower","AT_SilverBalance","aspiration:ChemicalBlood","Chemical X","testmod-TurbochargingSystem"],"acts_visited":["Exordium","Gensokyo:Gensokyo","Gensokyo:Gensokyoer","TheEnding"],"potions_floor_usage":[56,56],"damage_taken":[{"damage":0.0,"enemies":"Gensokyo:Python","floor":1.0,"turns":1.0},{"damage":0.0,"enemies":"Gensokyo:3_Fairies","floor":3.0,"turns":1.0},{"damage":0.0,"enemies":"Gensokyo:Gryphon","floor":5.0,"turns":1.0},{"damage":8.0,"enemies":"Gensokyo:Aya","floor":6.0,"turns":4.0},{"damage":11.0,"enemies":"Gensokyo:3_Kodama","floor":7.0,"turns":3.0},{"damage":0.0,"enemies":"Gensokyo:Mamizou","floor":8.0,"turns":5.0},{"damage":0.0,"enemies":"Gensokyo:2_Rabbits","floor":11.0,"turns":2.0},{"damage":0.0,"enemies":"Gensokyo:Kitsune","floor":13.0,"turns":2.0},{"damage":0.0,"enemies":"Gensokyo:Aya","floor":14.0,"turns":3.0},{"damage":8.0,"enemies":"Gensokyo:Yukari","floor":16.0,"turns":9.0},{"damage":0.0,"enemies":"Gensokyo:CosmicMonolith","floor":18.0,"turns":4.0},{"damage":0.0,"enemies":"Gensokyo:Reisen","floor":23.0,"turns":3.0},{"damage":0.0,"enemies":"Gensokyo:2_Gloops","floor":25.0,"turns":1.0},{"damage":0.0,"enemies":"Gensokyo:Mirror_and_Dog","floor":27.0,"turns":3.0},{"damage":0.0,"enemies":"Gensokyo:Koishi","floor":28.0,"turns":3.0},{"damage":4.0,"enemies":"Gensokyo:Wraith","floor":29.0,"turns":5.0},{"damage":0.0,"enemies":"Gensokyo:Reisen","floor":30.0,"turns":3.0},{"damage":0.0,"enemies":"Gensokyo:Swordslinger","floor":31.0,"turns":3.0},{"damage":13.0,"enemies":"Gensokyo:Eternal_Rivals","floor":33.0,"turns":4.0},{"damage":1.0,"enemies":"Gensokyo:AncientGuardian","floor":35.0,"turns":3.0},{"damage":0.0,"enemies":"Gensokyo:3_Bats","floor":37.0,"turns":3.0},{"damage":10.0,"enemies":"Gensokyo:Sharpion","floor":38.0,"turns":3.0},{"damage":0.0,"enemies":"Gensokyo:AtlasGolem","floor":39.0,"turns":3.0},{"damage":11.0,"enemies":"Gensokyo:Marisa","floor":40.0,"turns":4.0},{"damage":11.0,"enemies":"Gensokyo:Kasen","floor":42.0,"turns":4.0},{"damage":13.0,"enemies":"Gensokyo:Marisa","floor":44.0,"turns":2.0},{"damage":0.0,"enemies":"Gensokyo:Rafflesia","floor":46.0,"turns":1.0},{"damage":0.0,"enemies":"Gensokyo:Scarlet_Devils","floor":50.0,"turns":2.0},{"damage":6.0,"enemies":"Gensokyo:Shinki","floor":51.0,"turns":4.0},{"damage":0.0,"enemies":"Shield and Spear","floor":55.0,"turns":1.0},{"damage":4,"enemies":"The Heart","floor":56,"turns":4}],"seed_played":"-4584729767665436206","potions_obtained":[{"floor":1.0,"key":"Venom Potion"},{"floor":4.0,"key":"Fruit Juice"},{"floor":4.0,"key":"DistilledChaos"},{"floor":14.0,"key":"ZuzhouPotion:ReiMu"},{"floor":16.0,"key":"PowerPotion"},{"floor":31.0,"key":"Ancient Potion"},{"floor":35.0,"key":"Dexterity Potion"},{"floor":44.0,"key":"SkillPotion"}],"is_trial":false,"path_per_floor":["M","?","M","?","M","E","M","E","T","$","M","R","M","E","R","B",null,"M","$","?","?","?","E","R","M","T","M","E","M","E","M","R","B",null,"M","?","M","M","M","E","R","E","T","E","R","M","?","?","R","B","B",null,"R","$","E","B",null],"character_chosen":"WATCHER","items_purchased":["Adaptation","Medical Kit","MerchantsRug","aspiration:ChemicalBlood","Chemical X"],"campfire_rested":2,"item_purchase_floors":[10,10,19,54,54],"current_hp_per_floor":[61,61,61,44,44,36,25,25,25,25,25,46,46,46,46,38,64,64,64,64,64,64,64,64,64,64,64,64,60,60,60,60,47,61,60,60,60,50,50,39,58,47,47,34,53,53,37,37,37,32,26,55,55,55,32,28],"gold":60,"neow_bonus":"THREE_ENEMY_KILL","is_daily":false,"chose_seed":false,"campfire_upgraded":5,"win_rate":0.0,"timestamp":1614002388,"path_taken":["M","?","M","?","?","E","M","E","T","?","M","R","M","E","R","BOSS","M","$","?","?","?","E","R","M","T","M","E","?","E","M","R","BOSS","M","?","M","?","M","E","R","E","T","E","R","M","?","?","R","BOSS","BOSS","R","$","E","BOSS"],"items_purchased_type":["Card","Relic","Relic","Relic","Relic"],"build_version":"2020-12-22","purchased_purges":2,"victory":true,"max_hp_per_floor":[68,68,68,73,73,73,73,73,73,73,73,73,73,73,73,73,73,73,73,65,65,65,65,65,65,65,65,65,65,65,65,65,65,65,65,65,65,65,65,65,65,65,65,65,65,65,65,65,65,65,65,65,65,65,65,65],"card_choices":[{"not_picked":["WreathOfFlame","SignatureMove"],"picked":"InnerPeace","floor":1.0},{"not_picked":["PathToVictory","Crescendo"],"picked":"Consecrate","floor":3.0},{"not_picked":["Vengeance","InnerPeace"],"picked":"BowlingBash","floor":4.0},{"not_picked":["Replay:AtTheReady","FlyingSleeves"],"picked":"Replay:Cycle","floor":5.0},{"not_picked":["Indignation","Nirvana"],"picked":"Scrawl","floor":6.0},{"not_picked":["FlyingSleeves","PathToVictory"],"picked":"Halt","floor":7.0},{"not_picked":["EmptyBody","SashWhip","ForeignInfluence"],"picked":"SKIP","floor":8.0},{"not_picked":["WheelKick","AT_SoftenMuscles"],"picked":"Collect","floor":11.0},{"not_picked":["CrushJoints","SashWhip","ThirdEye"],"picked":"SKIP","floor":13.0},{"not_picked":["LikeWater","FollowUp"],"picked":"SpiritShield","floor":14.0},{"not_picked":["MasterReality","Scrawl"],"picked":"Vault","floor":16.0},{"not_picked":["Vengeance","ClearTheMind"],"picked":"CutThroughFate","floor":18.0},{"not_picked":["Gensokyo:SevenSchoolMysteries","Gensokyo:GapWoman"],"picked":"Gensokyo:LochNessMonster","floor":20.0},{"not_picked":["Evaluate","DeceiveReality","ReachHeaven"],"picked":"SKIP","floor":23.0},{"not_picked":["EmptyBody","PathToVictory"],"picked":"AT_ChampionStep","floor":25.0},{"not_picked":["CutThroughFate","Replay:ManipulateFuture"],"picked":"AT_RealFormLess+1","floor":27.0},{"not_picked":["AT_RealFormLess","Replay:Cycle"],"picked":"WheelKick","floor":28.0},{"not_picked":["Crescendo+1","WaveOfTheHand"],"picked":"MentalFortress","floor":29.0},{"not_picked":["Devotion","Prostrate"],"picked":"FearNoEvil","floor":30.0},{"not_picked":["Swivel+1","CutThroughFate","Protect"],"picked":"SKIP","floor":31.0},{"not_picked":["Scrawl","Omniscience"],"picked":"AT_RealColorLess","floor":33.0},{"not_picked":["Study"],"picked":"SKIP","floor":35.0},{"not_picked":[],"picked":"Halt","floor":37.0},{"not_picked":["AT_OneInchPunch+1"],"picked":"SKIP","floor":38.0},{"not_picked":["Worship"],"picked":"SKIP","floor":39.0},{"not_picked":["PathToVictory+1"],"picked":"SKIP","floor":40.0},{"not_picked":["AT_SoftenMuscles+1"],"picked":"SKIP","floor":42.0},{"not_picked":["Consecrate+1"],"picked":"SKIP","floor":44.0},{"not_picked":["AT_SoftenMuscles"],"picked":"SKIP","floor":46.0},{"not_picked":["Meditate"],"picked":"SKIP","floor":55.0}],"player_experience":817871,"relics_obtained":[{"floor":6.0,"key":"Tea:ReiMu"},{"floor":8.0,"key":"AT_SilvercatRing"},{"floor":9.0,"key":"aspiration:HummingbirdHeart"},{"floor":14.0,"key":"Orichalcum"},{"floor":23.0,"key":"AT_TimeSand"},{"floor":28.0,"key":"Mastiff:ReiMu"},{"floor":30.0,"key":"Replay:Bottled Flurry"},{"floor":40.0,"key":"Kunai"},{"floor":42.0,"key":"Pet Ghost"},{"floor":43.0,"key":"testmod-HeartOfStrike"},{"floor":44.0,"key":"Happy Flower"},{"floor":55.0,"key":"testmod-TurbochargingSystem"}],"event_choices":[],"is_beta":false,"boss_relics":[{"not_picked":["testmod-Prudence","aspiration:IroncladSkillbook"],"picked":"testmod-Temperance"},{"not_picked":["testmod-Recursion","Replay:Bronze Core"],"picked":"Busted Crown"}],"items_purged_floors":[10,54],"is_endless":false,"potions_floor_spawned":[1,7,14,16,23,27,28,31,35,37,44,46,55],"ascension_level":20}}