{"host":"og21o26alpnbwmz8","time":1614037068,"event":{"mods":["2.2 Compatiblity","Act Like it!","Aspiration","BaseMod","Conspire","Downfall","Gensokyo","GungeonMod","Halation","Hubris","Jedi Mod","Mimic Mod","Minty Spire (QoL Compilation)","Pale of the Ancients","Reliquary","Replay The Spire","Shop Mod","Spikes Relics","StSLib","The Alterego","The Animator","The Blue Laboratory","The Bug Knight","The Exalted","The Marked","The Poker Player","Waifu the Spire","Yuri Mod"],"gold_per_floor":[14,43,43,58,376,376,376,376,376,226,226,226,226,226,226,226,226,181,181,56,56,56,56,56,56,56,56,56,93,93,218,218,218,218],"floor_reached":33,"language":"ENG","playtime":1402,"items_purged":["theMarked:Strike","theMarked:Strike+1","theMarked:Strike"],"score":293,"play_id":"039099af-51d0-489a-b459-204c977fe0f4","local_time":"20210222183748","is_ascension_mode":false,"campfire_choices":[{"data":"theMarked:EmpowerWeapon","floor":6,"key":"SMITH"},{"data":"theMarked:SoldierOfQuellstein","floor":12,"key":"SMITH"},{"data":"theMarked:MuscleMemory","floor":15,"key":"SMITH"},{"data":"theMarked:Improvise","floor":23,"key":"SMITH"},{"data":"theMarked:Standoff","floor":27,"key":"SMITH"},{"data":"theMarked:Defend","floor":30,"key":"SMITH"},{"floor":32,"key":"REST"}],"circlet_count":0,"master_deck":["theMarked:Defend","theMarked:Defend","theMarked:Defend","theMarked:Defend","theMarked:SoldierOfQuellstein+1","theMarked:ElectricStrings","theMarked:Standoff+1","theMarked:EmpowerWeapon+1","theMarked:SwordAndMagic","theMarked:MuscleMemory+1","theMarked:Improvise+1","theMarked:ComboAttacks"],"relics":["theMarked:BronzeBlade","Kunai","Golden Idol","jedi:ominousloannote","reliquary:PrincelyHelmet","Simple Rune","hubris:DisguiseKit","hubris:Icosahedron","Guardian:PocketSentry","Bronze Scales","DemoMod:NanoMachines","Question Card"],"acts_visited":["Exordium","TheCity"],"potions_floor_usage":[9,11,28],"damage_taken":[{"damage":0,"enemies":"2 Louse","floor":1,"turns":3},{"damage":12,"enemies":"conspire:MimicChest","floor":2,"turns":5},{"damage":4,"enemies":"Small Slimes","floor":4,"turns":3},{"damage":0,"enemies":"Jaw Worm","floor":7,"turns":4},{"damage":7,"enemies":"Gremlin Nob","floor":8,"turns":4},{"damage":4,"enemies":"Red Slaver","floor":9,"turns":9},{"damage":18,"enemies":"3 Sentries","floor":11,"turns":6},{"damage":0,"enemies":"Red Slaver","floor":13,"turns":3},{"damage":0,"enemies":"Gremlin Gang","floor":14,"turns":5},{"damage":28,"enemies":"Slime Boss","floor":16,"turns":10},{"damage":10,"enemies":"2 Thieves","floor":18,"turns":4},{"damage":15,"enemies":"Shell Parasite","floor":21,"turns":5},{"damage":15,"enemies":"Book of Stabbing","floor":24,"turns":5},{"damage":4,"enemies":"Snake Plant","floor":25,"turns":4},{"damage":0,"enemies":"Chosen and Byrds","floor":28,"turns":4},{"damage":16,"enemies":"Gremlin Leader","floor":29,"turns":5},{"damage":0,"enemies":"Colosseum Slavers","floor":31,"turns":3},{"damage":9,"enemies":"Colosseum Nobs","floor":31,"turns":4},{"damage":24,"enemies":"Automaton","floor":33,"turns":6}],"seed_played":"-7383052978428101451","potions_obtained":[{"floor":2,"key":"blueLaboratory:FruitPunch"},{"floor":4,"key":"jedi:tentaclejuice"},{"floor":7,"key":"sneckomod:MuddlingPotion"},{"floor":11,"key":"blueLaboratory:HorrorPotion"},{"floor":21,"key":"blueLaboratory:EmptyBottle"},{"floor":31,"key":"Fire Potion"}],"is_trial":false,"path_per_floor":["M","?","?","M","$","R","M","E","MIM","$","E","R","M","M","R","B",null,"M","?","$","M","$","R","E","M","T","R","M","E","R","?","R","B"],"character_chosen":"THE_DEFAULT","items_purchased":["jedi:ominousloannote","blueLaboratory:FruitPunch"],"campfire_rested":1,"item_purchase_floors":[5,10],"current_hp_per_floor":[72,60,60,56,56,56,56,49,47,47,31,31,31,31,31,3,71,61,61,61,46,46,46,31,27,27,27,27,11,11,2,23,0,0],"gold":218,"neow_bonus":"TRANSFORM_TWO_CARDS","is_daily":false,"chose_seed":false,"campfire_upgraded":6,"win_rate":0.0,"timestamp":1614037068,"path_taken":["M","?","?","?","?","R","?","E","MIM","$","E","R","M","?","R","BOSS","M","?","$","M","$","R","E","M","T","R","M","E","R","?","R","BOSS"],"items_purchased_type":["Relic","Potion"],"build_version":"2020-12-22","purchased_purges":3,"victory":false,"max_hp_per_floor":[72,72,67,67,67,67,67,67,69,69,71,71,71,71,71,71,71,71,71,71,71,71,71,71,71,71,71,71,71,71,71,71,71,71],"card_choices":[{"not_picked":["theMarked:Overcharge","theMarked:SwordAndMagic"],"picked":"theMarked:EmpowerWeapon","floor":1},{"not_picked":["theMarked:Indomitable","theMarked:BanishingStrike","theMarked:PowerFlow"],"picked":"SKIP","floor":4},{"not_picked":["theMarked:BanishingStrike","theMarked:FavorableWinds","theMarked:ElectricStrings"],"picked":"SKIP","floor":7},{"not_picked":["theMarked:Aftermath","theMarked:WastefulAttack"],"picked":"theMarked:SwordAndMagic","floor":8},{"not_picked":["theMarked:Convert","theMarked:Frustration","theMarked:Indomitable"],"picked":"SKIP","floor":11},{"not_picked":["theMarked:Frustration","theMarked:TakeOffHeels","hubris:ReadiedAction"],"picked":"theMarked:MuscleMemory","floor":13},{"not_picked":["theMarked:Memento","theMarked:WardOff","Battle Trance"],"picked":"theMarked:Improvise","floor":14},{"not_picked":["theMarked:Electrocute+1","theMarked:Memento","theMarked:Maelstrom","Clothesline"],"picked":"SKIP","floor":18},{"not_picked":["theMarked:TakeCover","theMarked:Maelstrom","theMarked:HeightenedSenses+1","Feel No Pain"],"picked":"SKIP","floor":21},{"not_picked":["theMarked:WastefulAttack","theMarked:ResourceFulStrike","theMarked:ChainLightning+1","True Grit"],"picked":"SKIP","floor":24},{"not_picked":["theMarked:Memento","theMarked:Static","theMarked:TwofoldDefense","Dropkick"],"picked":"SKIP","floor":25},{"not_picked":["theMarked:BanishingStrike+1","theMarked:TwofoldDefense+1","theMarked:RepellingDischarge","Feel No Pain"],"picked":"SKIP","floor":28},{"not_picked":["theMarked:Heritage","theMarked:WardOff","theMarked:Friction","Shrug It Off"],"picked":"SKIP","floor":29},{"not_picked":["theMarked:Indomitable+1","theMarked:HeightenedSenses+1","Absolvement"],"picked":"theMarked:ComboAttacks","floor":31}],"player_experience":432924,"relics_obtained":[{"floor":2,"key":"Kunai"},{"floor":8,"key":"reliquary:PrincelyHelmet"},{"floor":9,"key":"Simple Rune"},{"floor":11,"key":"hubris:DisguiseKit"},{"floor":26,"key":"Guardian:PocketSentry"},{"floor":29,"key":"Bronze Scales"},{"floor":31,"key":"DemoMod:NanoMachines"},{"floor":31,"key":"Question Card"}],"event_choices":[{"damage_healed":0,"gold_gain":0,"player_choice":"Lose Max HP","damage_taken":0,"relics_obtained":["Golden Idol"],"max_hp_gain":0,"max_hp_loss":5,"event_name":"Golden Idol","floor":3,"gold_loss":0},{"damage_healed":0,"gold_gain":0,"player_choice":"Fight","damage_taken":0,"max_hp_gain":0,"max_hp_loss":0,"event_name":"Colosseum","floor":31,"gold_loss":0},{"damage_healed":0,"gold_gain":0,"player_choice":"Fought Nobs","damage_taken":0,"max_hp_gain":0,"max_hp_loss":0,"event_name":"Colosseum","floor":31,"gold_loss":0}],"is_beta":false,"boss_relics":[{"not_picked":["halation:PlatinumPhoenix","Kintsugi"],"picked":"theMarked:BronzeBlade"}],"items_purged_floors":[5,10,20],"is_endless":false,"potions_floor_spawned":[2,4,7,11,21,25,31],"killed_by":"Automaton","ascension_level":0}}