{"host":"a6m4v7p1efmaozv7","time":1614011723,"event":{"mods":["BaseMod","Colored Map","Colored Powertips","DeckTracker","Keyboard Shortcuts","Minty Spire (QoL Compilation)","Permanent Neow","Relic Stats","StSLib","SuperFastMode"],"gold_per_floor":[117,135,154,166,178,178,191,209,209,209,209],"floor_reached":10,"language":"ENG","playtime":276,"items_purged":[],"score":128,"play_id":"2a550f01-802e-4550-b3e1-e76c391637d4","local_time":"20210223013523","is_ascension_mode":true,"campfire_choices":[{"data":"Deadly Poison","floor":6.0,"key":"SMITH"}],"circlet_count":0,"master_deck":["AscendersBane","Strike_G","Strike_G","Strike_G","Strike_G","Strike_G","Defend_G","Defend_G","Defend_G","Defend_G","Defend_G","Survivor","Neutralize+1","Dagger Throw","Footwork","Deadly Poison+1","Wraith Form v2"],"relics":["Ring of the Snake","Turnip"],"acts_visited":["Exordium"],"potions_floor_usage":[10],"damage_taken":[{"damage":3.0,"enemies":"Cultist","floor":1.0,"turns":5.0},{"damage":4.0,"enemies":"Jaw Worm","floor":2.0,"turns":5.0},{"damage":0.0,"enemies":"2 Louse","floor":3.0,"turns":3.0},{"damage":15.0,"enemies":"Exordium Wildlife","floor":4.0,"turns":5.0},{"damage":10.0,"enemies":"Gremlin Gang","floor":5.0,"turns":4.0},{"damage":19.0,"enemies":"Large Slime","floor":7.0,"turns":10.0},{"damage":15.0,"enemies":"Exordium Wildlife","floor":8.0,"turns":4.0},{"damage":0,"enemies":"3 Sentries","floor":10,"turns":2}],"seed_played":"8796138972896956740","potions_obtained":[{"floor":1.0,"key":"FairyPotion"},{"floor":4.0,"key":"DuplicationPotion"},{"floor":7.0,"key":"Strength Potion"}],"is_trial":false,"path_per_floor":["M","M","M","M","M","R","M","M","T","E"],"character_chosen":"THE_SILENT","items_purchased":[],"campfire_rested":0,"item_purchase_floors":[],"current_hp_per_floor":[56,52,52,37,27,27,8,12,12,12,12],"gold":209,"neow_bonus":"UPGRADE_CARD","is_daily":false,"chose_seed":false,"campfire_upgraded":1,"win_rate":0.0,"timestamp":1614011723,"path_taken":["M","M","M","?","M","R","M","M","T","E"],"items_purchased_type":[],"build_version":"2020-12-22","purchased_purges":0,"victory":false,"max_hp_per_floor":[66,66,66,66,66,66,66,66,66,66,66],"relic_stats":{"counters":[8,38],"Turnip":[0],"obtain_stats":[{"Turnip":9,"Ring of the Snake":0},{"Turnip":7,"Ring of the Snake":0},{"Turnip":36,"Ring of the Snake":0}],"Ring of the Snake":[16]},"card_choices":[{"not_picked":["Infinite Blades","Dodge and Roll"],"picked":"Dagger Throw","floor":1.0},{"not_picked":["Prepared","Slice","Outmaneuver"],"picked":"SKIP","floor":2.0},{"not_picked":["Poisoned Stab","All Out Attack"],"picked":"Footwork","floor":3.0},{"not_picked":["Deflect","Dagger Throw"],"picked":"Deadly Poison","floor":4.0},{"not_picked":["Dagger Throw","Outmaneuver","Leg Sweep"],"picked":"SKIP","floor":5.0},{"not_picked":["Outmaneuver","Prepared"],"picked":"Wraith Form v2","floor":7.0},{"not_picked":["Dagger Throw","Tactician","Distraction"],"picked":"SKIP","floor":8.0},{"not_picked":["Dagger Throw","Tactician","Distraction"],"picked":"SKIP","floor":8.0}],"player_experience":2019613,"relics_obtained":[{"floor":9.0,"key":"Turnip"}],"event_choices":[],"is_beta":false,"boss_relics":[],"items_purged_floors":[],"is_endless":false,"potions_floor_spawned":[1,4,7],"killed_by":"3 Sentries","ascension_level":20}}