{"host":"zxkjcgzis4pm3za5","time":1614006632,"event":{"mods":["2.2 Compatiblity","AchievementEnabler","BaseMod","Colored Map","Colored Powertips","Minty Spire (QoL Compilation)","Quick Restart","Random Character Button","Relic Filter Mod","Relic Sorter","Relic Stats","StSLib","ojb\u0027s Info Mod"],"gold_per_floor":[112,126,126,51,69,112,137,137,192,192,192,0,21,59,59,59,59],"floor_reached":16,"language":"ENG","playtime":400,"items_purged":[],"score":220,"play_id":"9a0f7e51-7c80-4df5-9616-01deff92f398","local_time":"20210222204032","is_ascension_mode":true,"campfire_choices":[{"data":"Wraith Form v2","floor":8.0,"key":"SMITH"},{"data":"Caltrops","floor":11.0,"key":"SMITH"},{"data":"Bullet Time","floor":15.0,"key":"SMITH"}],"circlet_count":0,"master_deck":["AscendersBane","Strike_G","Strike_G","Strike_G","Strike_G","Defend_G","Defend_G","Defend_G","Defend_G","Survivor","Neutralize","Predator","Infinite Blades","Wraith Form v2+1","Caltrops+1","Slice","Dagger Spray","Bullet Time+1"],"relics":["WristBlade","Golden Idol","Ornamental Fan","Membership Card","Regal Pillow"],"acts_visited":["Exordium"],"potions_floor_usage":[16],"damage_taken":[{"damage":0.0,"enemies":"Jaw Worm","floor":1.0,"turns":4.0},{"damage":1.0,"enemies":"Small Slimes","floor":2.0,"turns":5.0},{"damage":4.0,"enemies":"2 Louse","floor":5.0,"turns":3.0},{"damage":12.0,"enemies":"Lagavulin","floor":6.0,"turns":6.0},{"damage":10.0,"enemies":"Gremlin Gang","floor":7.0,"turns":5.0},{"damage":2.0,"enemies":"2 Fungi Beasts","floor":13.0,"turns":3.0},{"damage":1.0,"enemies":"Gremlin Nob","floor":14.0,"turns":4.0},{"damage":29,"enemies":"The Guardian","floor":16,"turns":5}],"seed_played":"-3833758729107244053","potions_obtained":[{"floor":2.0,"key":"SteroidPotion"},{"floor":6.0,"key":"Fire Potion"},{"floor":7.0,"key":"Strength Potion"},{"floor":14.0,"key":"Poison Potion"}],"is_trial":false,"path_per_floor":["M","M","?","?","M","E","M","R","T","?","R","$","M","E","R","B"],"character_chosen":"THE_SILENT","items_purchased":["Membership Card","Slice"],"campfire_rested":0,"item_purchase_floors":[12,12],"current_hp_per_floor":[59,58,58,58,54,42,32,32,32,32,32,32,30,29,29,0,0],"gold":59,"neow_bonus":"BOSS_RELIC","is_daily":false,"chose_seed":true,"campfire_upgraded":3,"win_rate":0.0,"timestamp":1614006632,"path_taken":["M","M","?","?","M","E","M","R","T","?","R","$","?","E","R","BOSS"],"items_purchased_type":["Relic","Card"],"build_version":"2020-12-22","purchased_purges":0,"victory":false,"max_hp_per_floor":[66,66,60,60,60,60,60,60,60,60,60,60,60,60,60,60,60],"relic_stats":{"Regal Pillow":0,"counters":[8,35],"Golden Idol":34,"Ornamental Fan":[24],"obtain_stats":[{"Regal Pillow":14,"WristBlade":0,"Golden Idol":3,"Ornamental Fan":6,"Membership Card":12,"Ring of the Snake":0},{"Regal Pillow":7,"WristBlade":0,"Golden Idol":2,"Ornamental Fan":4,"Membership Card":5,"Ring of the Snake":0},{"Regal Pillow":30,"WristBlade":0,"Golden Idol":9,"Ornamental Fan":18,"Membership Card":23,"Ring of the Snake":0}]},"card_choices":[{"not_picked":["Prepared","Reflex","Bane"],"picked":"SKIP","floor":1.0},{"not_picked":["Poisoned Stab","Deadly Poison"],"picked":"Predator","floor":2.0},{"not_picked":["Backstab","Blur"],"picked":"Infinite Blades","floor":5.0},{"not_picked":["Backflip","Well Laid Plans"],"picked":"Wraith Form v2","floor":6.0},{"not_picked":["Predator","Dagger Throw"],"picked":"Caltrops","floor":7.0},{"not_picked":["Dagger Throw","Escape Plan"],"picked":"Dagger Spray","floor":13.0},{"not_picked":["Predator","Backflip"],"picked":"Bullet Time","floor":14.0}],"player_experience":418660,"relics_obtained":[{"floor":6.0,"key":"Ornamental Fan"},{"floor":14.0,"key":"Regal Pillow"}],"event_choices":[{"damage_healed":0.0,"max_hp_gain":0.0,"max_hp_loss":6.0,"gold_gain":0.0,"event_name":"Golden Idol","player_choice":"Lose Max HP","floor":3.0,"gold_loss":0.0,"damage_taken":0.0,"relics_obtained":["Golden Idol"]},{"cards_removed":["Defend_G"],"damage_healed":0.0,"max_hp_gain":0.0,"max_hp_loss":0.0,"gold_gain":0.0,"event_name":"The Cleric","player_choice":"Card Removal","floor":4.0,"gold_loss":75.0,"damage_taken":0.0},{"cards_removed":["Strike_G"],"damage_healed":0.0,"max_hp_gain":0.0,"max_hp_loss":0.0,"gold_gain":0.0,"event_name":"Purifier","player_choice":"Purged","floor":10.0,"gold_loss":0.0,"damage_taken":0.0}],"is_beta":false,"boss_relics":[],"items_purged_floors":[],"is_endless":false,"potions_floor_spawned":[2,6,7,14],"killed_by":"The Guardian","ascension_level":20}}