{"host":"13o02hya6v6rzuva","time":1614030140,"event":{"mods":["BaseMod","Minty Spire (QoL Compilation)","Relic Stats"],"gold_per_floor":[116,169,187,34,44,70,70,70,147,147,147,147],"floor_reached":11,"language":"ENG","playtime":564,"items_purged":[],"score":117,"play_id":"5f32bf59-9d5f-4b23-84e1-f8b29a5bcc5b","local_time":"20210222224220","is_ascension_mode":true,"campfire_choices":[{"data":"Bash","floor":7,"key":"SMITH"},{"data":"Disarm","floor":10,"key":"SMITH"}],"circlet_count":0,"master_deck":["AscendersBane","Strike_R","Strike_R","Strike_R","Strike_R","Defend_R","Defend_R","Defend_R","Defend_R","Bash+1","Clothesline","Sword Boomerang","Disarm+1","Thunderclap"],"relics":["Burning Blood","Juzu Bracelet","Boot","Gremlin Horn"],"acts_visited":["Exordium"],"potions_floor_usage":[6],"damage_taken":[{"damage":6,"enemies":"Jaw Worm","floor":1,"turns":5},{"damage":0,"enemies":"Small Slimes","floor":3,"turns":3},{"damage":7,"enemies":"Cultist","floor":5,"turns":4},{"damage":55,"enemies":"Lagavulin","floor":6,"turns":6},{"damage":17,"enemies":"3 Sentries","floor":11,"turns":4}],"seed_played":"3365570386848800901","potions_obtained":[{"floor":5,"key":"SteroidPotion"},{"floor":6,"key":"Ancient Potion"}],"is_trial":false,"path_per_floor":["M","?","M","$","M","E","R","?","T","R","E"],"character_chosen":"IRONCLAD","items_purchased":["Juzu Bracelet"],"campfire_rested":0,"item_purchase_floors":[4],"current_hp_per_floor":[80,80,86,86,85,36,36,36,36,36,19,19],"gold":147,"neow_bonus":"TEN_PERCENT_HP_BONUS","is_daily":false,"chose_seed":false,"campfire_upgraded":2,"win_rate":0.0,"timestamp":1614030140,"path_taken":["M","?","M","$","M","E","R","?","T","R","E"],"items_purchased_type":["Relic"],"build_version":"2020-12-22","purchased_purges":0,"victory":false,"max_hp_per_floor":[88,88,88,88,88,88,88,88,88,88,88,88],"relic_stats":{"Gremlin Horn":[0,0],"counters":[5,22],"Juzu Bracelet":0,"Boot":[9],"obtain_stats":[{"Gremlin Horn":9,"Juzu Bracelet":4,"Boot":6,"Burning Blood":0},{"Gremlin Horn":4,"Juzu Bracelet":2,"Boot":4,"Burning Blood":0},{"Gremlin Horn":18,"Juzu Bracelet":8,"Boot":18,"Burning Blood":0}],"Burning Blood":24},"card_choices":[{"not_picked":["Heavy Blade","True Grit"],"picked":"Clothesline","floor":1},{"not_picked":["Heavy Blade","Rampage","Seeing Red"],"picked":"SKIP","floor":3},{"not_picked":["Dual Wield","Flame Barrier"],"picked":"Sword Boomerang","floor":5},{"not_picked":["Seeing Red","Thunderclap"],"picked":"Disarm","floor":6}],"player_experience":1240472,"relics_obtained":[{"floor":6,"key":"Boot"},{"floor":9,"key":"Gremlin Horn"}],"event_choices":[{"damage_healed":0,"gold_gain":53,"player_choice":"Gained Gold","damage_taken":0,"max_hp_gain":0,"max_hp_loss":0,"event_name":"Golden Wing","floor":2,"gold_loss":0},{"damage_healed":0,"gold_gain":0,"cards_transformed":["Strike_R"],"player_choice":"Transformed","damage_taken":0,"max_hp_gain":0,"max_hp_loss":0,"event_name":"Transmorgrifier","floor":8,"gold_loss":0,"cards_obtained":["Thunderclap"]}],"is_beta":false,"boss_relics":[],"items_purged_floors":[],"is_endless":false,"potions_floor_spawned":[5,6],"killed_by":"3 Sentries","ascension_level":13}}