{"host":"w01zow3jg16g8jdh","time":1614003190,"event":{"mods":["2.2 Compatiblity","AchievementEnabler","BaseMod","DeckTracker","Hermit","Keyboard Shortcuts","Marisa£¨Ùöéë¡¡Øª×âÞÞ£©","Minty Spire (QoL Compilation)","Permanent Neow","StSLib","SuperFastMode"],"gold_per_floor":[113,130,149,149,166,166,197,197,197,226,236,264,264,276,276,350,350,366,104,122,47,81,81,101,128,180,180,192,205,205,205,205,579,579,597,597,597,649,98,98,128,128,128,158,170,1,1,19,19,19],"floor_reached":51,"language":"KOR","playtime":898,"items_purged":["Strike_MRS","Strike_MRS","Defend_MRS"],"score":1575,"play_id":"820ada44-77ee-47a7-a864-09c2f6bc3bbf","local_time":"20210222231310","is_ascension_mode":true,"campfire_choices":[{"data":"MysteriousBeam","floor":6,"key":"SMITH"},{"data":"MasterSpark","floor":8,"key":"SMITH"},{"floor":15,"key":"REST"},{"floor":23,"key":"REST"},{"floor":27,"key":"REST"},{"data":"SporeBomb","floor":30,"key":"SMITH"},{"data":"UpSweep","floor":32,"key":"SMITH"},{"floor":40,"key":"REST"},{"floor":42,"key":"REST"},{"data":"GrandCross","floor":47,"key":"SMITH"},{"floor":49,"key":"REST"}],"circlet_count":0,"master_deck":["AscendersBane","Strike_MRS+1","Defend_MRS+1","Defend_MRS+1","MasterSpark+1","UpSweep+1","MysteriousBeam+1","TreasureHunter+1","SporeBomb+1","MillisecondPulsars+1","CasketOfStar+1","GrandCross+1","EventHorizon+1","Singularity+1"],"relics":["BewitchedHakkero","Akabeko","Regal Pillow","Blue Candle","Bronze Scales","Frozen Egg 2","Turnip","Sundial","Lizard Tail","Sozu","HandmadeGrimoire","Red Mask","Bag of Marbles","Bag of Preparation","Old Coin","Ancient Tea Set","StoneCalendar","PreservedInsect","Pantograph","Whetstone","Question Card","War Paint"],"acts_visited":["Exordium","TheCity","TheBeyond"],"potions_floor_usage":[7,12,16,25,25],"damage_taken":[{"damage":7,"enemies":"Jaw Worm","floor":1,"turns":3},{"damage":10,"enemies":"Small Slimes","floor":2,"turns":3},{"damage":0,"enemies":"2 Louse","floor":3,"turns":1},{"damage":8,"enemies":"Red Slaver","floor":5,"turns":3},{"damage":8,"enemies":"Gremlin Nob","floor":7,"turns":3},{"damage":15,"enemies":"Lagavulin","floor":10,"turns":3},{"damage":0,"enemies":"Blue Slaver","floor":11,"turns":1},{"damage":11,"enemies":"Gremlin Nob","floor":12,"turns":3},{"damage":0,"enemies":"2 Fungi Beasts","floor":14,"turns":1},{"damage":49,"enemies":"The Guardian","floor":16,"turns":10},{"damage":22,"enemies":"2 Thieves","floor":18,"turns":2},{"damage":2,"enemies":"Spheric Guardian","floor":20,"turns":3},{"damage":20,"enemies":"Masked Bandits","floor":22,"turns":3},{"damage":14,"enemies":"3 Cultists","floor":24,"turns":5},{"damage":21,"enemies":"Book of Stabbing","floor":25,"turns":3},{"damage":4,"enemies":"Shelled Parasite and Fungi","floor":28,"turns":2},{"damage":1,"enemies":"Centurion and Healer","floor":29,"turns":3},{"damage":23,"enemies":"Collector","floor":33,"turns":6},{"damage":3,"enemies":"Orb Walker","floor":35,"turns":2},{"damage":40,"enemies":"2 Orb Walkers","floor":38,"turns":3},{"damage":87,"enemies":"Nemesis","floor":41,"turns":5},{"damage":66,"enemies":"Reptomancer","floor":44,"turns":4},{"damage":23,"enemies":"3 Shapes","floor":45,"turns":4},{"damage":26,"enemies":"Transient","floor":48,"turns":6},{"damage":71,"enemies":"Time Eater","floor":50,"turns":5}],"seed_played":"-9004144814854040685","potions_obtained":[{"floor":1,"key":"AttackPotion"},{"floor":2,"key":"SneckoOil"},{"floor":10,"key":"Regen Potion"},{"floor":14,"key":"EssenceOfSteel"},{"floor":16,"key":"Regen Potion"}],"is_trial":false,"path_per_floor":["M","M","M","?","M","R","E","R","T","E","M","E","?","M","R","B",null,"M","$","M","$","?","R","M","E","T","R","M","M","R","?","R","B",null,"M","T","?","?","$","R","E","R","T","E","M","$","R","M","R","B",null],"character_chosen":"MARISA","items_purchased":["HandmadeGrimoire","PreservedInsect","Pantograph","Singularity+1"],"campfire_rested":6,"item_purchase_floors":[19,39,39,46],"current_hp_per_floor":[56,46,46,63,55,55,47,47,47,32,32,30,25,25,58,9,50,28,28,26,26,6,39,25,13,13,46,42,41,41,41,41,18,52,49,49,49,9,9,42,21,54,54,34,11,11,11,35,63,31],"gold":19,"neow_bonus":"REMOVE_TWO","is_daily":false,"chose_seed":false,"campfire_upgraded":5,"win_rate":0.0,"timestamp":1614003190,"path_taken":["M","M","M","?","M","R","E","R","T","E","M","E","?","M","R","BOSS","M","$","M","$","?","R","M","E","T","R","M","M","R","?","R","BOSS","M","?","?","?","$","R","E","R","T","E","M","$","R","M","R","BOSS"],"items_purchased_type":["Relic","Relic","Relic","Card"],"build_version":"2020-12-22","purchased_purges":3,"victory":true,"max_hp_per_floor":[63,63,63,63,63,63,63,63,63,63,63,63,63,63,63,63,63,63,63,63,63,63,63,63,63,63,63,63,63,63,63,63,63,63,63,63,63,63,63,63,63,63,63,63,63,63,63,63,63,63],"card_choices":[{"not_picked":["MilkyWay","GravityBeat","WitchLeyline"],"picked":"SKIP","floor":1},{"not_picked":["EarthLightRay","LuminesStrike"],"picked":"MysteriousBeam","floor":2},{"not_picked":["WitchLeyline","6A","Acceleration"],"picked":"SKIP","floor":3},{"not_picked":["ShootingEcho","RefractionSpark","ChargeUpSpray"],"picked":"SKIP","floor":5},{"not_picked":["GravityBeat","DoubleSpark"],"picked":"TreasureHunter","floor":7},{"not_picked":["OneTimeOff","SatelliteIllusion"],"picked":"SporeBomb","floor":10},{"not_picked":["6A","UnstableBomb","GravityBeat"],"picked":"SKIP","floor":11},{"not_picked":["ManaConvection","SprinkleStarSeal","EnergyFlow+1"],"picked":"SKIP","floor":12},{"not_picked":["6A","LuminesStrike","UnstableBomb"],"picked":"SKIP","floor":14},{"not_picked":["BlazingStar","MaximisePower"],"picked":"MillisecondPulsars+1","floor":16},{"not_picked":["ShootTheMoon","LuminesStrike","6A"],"picked":"SKIP","floor":18},{"not_picked":["PowerUp","DarkSpark+1","ShootingEcho"],"picked":"SKIP","floor":20},{"not_picked":["LuminesStrike","StarBarrage","SuperPerseids"],"picked":"SKIP","floor":24},{"not_picked":["MilkyWay","WitchOfGreed+1","MachineGunSpark"],"picked":"SKIP","floor":25},{"not_picked":["GalacticHalo","ShootingEcho","LuminesStrike"],"picked":"SKIP","floor":28},{"not_picked":["AsteroidBelt","MysteriousBeam","OpenUniverse"],"picked":"SKIP","floor":29},{"not_picked":["ChargingUp","Robbery","GalacticHalo"],"picked":"SKIP","floor":35},{"not_picked":["IllusionStar","MachineGunSpark"],"picked":"GrandCross","floor":41},{"not_picked":["DeepEcoloBomb","SuperPerseids","PowerUp"],"picked":"EventHorizon+1","floor":44},{"not_picked":["ChargingUp","EnergyRecoil","DeepEcoloBomb","SuperPerseids+1"],"picked":"SKIP","floor":45},{"not_picked":["MeteoricShower+1","MachineGunSpark+1","WitchLeyline","UnstableBomb"],"picked":"SKIP","floor":48}],"player_experience":401094,"relics_obtained":[{"floor":7,"key":"Akabeko"},{"floor":9,"key":"Regal Pillow"},{"floor":10,"key":"Blue Candle"},{"floor":10,"key":"Bronze Scales"},{"floor":12,"key":"Frozen Egg 2"},{"floor":12,"key":"Turnip"},{"floor":16,"key":"Lizard Tail"},{"floor":22,"key":"Red Mask"},{"floor":25,"key":"Bag of Marbles"},{"floor":26,"key":"Bag of Preparation"},{"floor":33,"key":"Old Coin"},{"floor":36,"key":"Ancient Tea Set"},{"floor":38,"key":"StoneCalendar"},{"floor":41,"key":"Whetstone"},{"floor":43,"key":"Question Card"},{"floor":44,"key":"War Paint"}],"event_choices":[{"damage_healed":21,"gold_gain":0,"player_choice":"Banana","damage_taken":0,"max_hp_gain":0,"max_hp_loss":0,"event_name":"Big Fish","floor":4,"gold_loss":0},{"damage_healed":0,"gold_gain":0,"player_choice":"Success","damage_taken":5,"relics_obtained":["Sundial"],"max_hp_gain":0,"max_hp_loss":0,"event_name":"Scrap Ooze","floor":13,"gold_loss":0},{"damage_healed":0,"gold_gain":0,"player_choice":"Fought Bandits","damage_taken":0,"max_hp_gain":0,"max_hp_loss":0,"event_name":"Masked Bandits","floor":22,"gold_loss":0},{"damage_healed":0,"gold_gain":0,"player_choice":"1 cards matched","damage_taken":0,"max_hp_gain":0,"max_hp_loss":0,"event_name":"Match and Keep!","floor":31,"gold_loss":0,"cards_obtained":["CasketOfStar"]},{"damage_healed":0,"gold_gain":0,"player_choice":"Memory 1","damage_taken":0,"max_hp_gain":0,"max_hp_loss":0,"event_name":"SensoryStone","floor":37,"gold_loss":0},{"damage_healed":0,"gold_gain":0,"player_choice":"Fight","damage_taken":0,"max_hp_gain":0,"max_hp_loss":0,"event_name":"Mysterious Sphere","floor":38,"gold_loss":0}],"is_beta":false,"boss_relics":[{"not_picked":["Coffee Dripper","Tiny House"],"picked":"Sozu"},{"not_picked":["Cursed Key","Runic Dome"],"picked":"BewitchedHakkero"}],"items_purged_floors":[21,39,46],"is_endless":false,"potions_floor_spawned":[1,2,10,14,16,24,25,29,33,44,45],"ascension_level":19}}