{"host":"sc0o2qwpf9j16a4i","time":1614006503,"event":{"mods":["AchievementEnabler","BaseMod","BetterRewards","Block Reminder","Colored Map","Colored Powertips","Custom Start","Highlight Path","Minty Spire (QoL Compilation)","Relic Stats"],"gold_per_floor":[114,114,114,128,104,132,5,5,5,5,23,49,49,83,83,188,188,207,207,217,230,249,277,277,311,336,362,277,303,1,36,36,137,137,156,211,211,63,63,97,132,142,165,387,437,468,45,21,21,21],"floor_reached":51,"language":"ENG","playtime":4593,"items_purged":["Regret"],"score":1173,"play_id":"ea7c8e58-07f0-45d0-b00a-272b5a789cde","local_time":"20210222170823","daily_mods":["Insanity","Flight","Night Terrors"],"is_ascension_mode":false,"campfire_choices":[{"data":"True Grit","floor":8,"key":"SMITH"},{"data":"True Grit","floor":10,"key":"SMITH"},{"data":"Burning Pact","floor":15,"key":"SMITH"},{"data":"True Grit","floor":32,"key":"SMITH"},{"floor":49,"key":"DIG"}],"circlet_count":0,"master_deck":["Feel No Pain","Sword Boomerang","Anger","Flex","Perfected Strike","Cleave","Perfected Strike","Iron Wave","Shrug It Off","Shrug It Off","Clash","Clothesline","True Grit+1","Wild Strike","Anger","Carnage","True Grit+1","Pommel Strike","Twin Strike","Shrug It Off","Body Slam","Seeing Red","Twin Strike","Hemokinesis","Sever Soul","Flex","Warcry","Thunderclap","Combust","Heavy Blade","Dark Embrace","Sword Boomerang","Sentinel","Iron Wave","Burning Pact+1","Heavy Blade","Pommel Strike","Flex","Clash","Cleave","Fire Breathing","Shrug It Off","Rage","Ghostly Armor","Perfected Strike","Havoc","Blood for Blood","Ghostly Armor","Flex","Thunderclap","Bloodletting","Flex","Combust","Thunderclap","Juggernaut","Warcry","Flex","Demon Form","Demon Form","Impervious","Ghostly Armor","Corruption","Flash of Steel","Shrug It Off","Rage","Thunderclap","Shockwave","Sword Boomerang","Pommel Strike","True Grit+1","Impervious","Dual Wield+1","Spot Weakness+1","True Grit+1","Warcry+1","Twin Strike","Battle Trance+1","Clothesline","Pommel Strike+1","Dual Wield","Rupture","Clothesline"],"relics":["Burning Blood","Mummified Hand","Self Forming Clay","Shuriken","Bottled Lightning","Pocketwatch","Snecko Eye","Magic Flower","Mango","Pen Nib","Turnip","Prayer Wheel","Red Mask","Sling","Akabeko","Strawberry","Busted Crown","Unceasing Top","Art of War","Bag of Marbles","Oddly Smooth Stone","Blood Vial","Torii","CaptainsWheel","Shovel","Charon\u0027s Ashes"],"acts_visited":["Exordium","TheCity","TheBeyond"],"potions_floor_usage":[12,21,23,23,31,33,33,41,41,50],"damage_taken":[{"damage":7,"enemies":"Jaw Worm","floor":1,"turns":2},{"damage":0,"enemies":"Small Slimes","floor":4,"turns":2},{"damage":20,"enemies":"3 Sentries","floor":6,"turns":5},{"damage":2,"enemies":"Cultist","floor":11,"turns":2},{"damage":3,"enemies":"Gremlin Nob","floor":12,"turns":2},{"damage":8,"enemies":"Lagavulin","floor":14,"turns":5},{"damage":25,"enemies":"The Guardian","floor":16,"turns":8},{"damage":10,"enemies":"Shell Parasite","floor":18,"turns":5},{"damage":2,"enemies":"Chosen","floor":20,"turns":3},{"damage":9,"enemies":"Shelled Parasite and Fungi","floor":21,"turns":3},{"damage":0,"enemies":"Snecko","floor":22,"turns":4},{"damage":16,"enemies":"Gremlin Leader","floor":23,"turns":6},{"damage":26,"enemies":"Book of Stabbing","floor":25,"turns":3},{"damage":6,"enemies":"Slavers","floor":27,"turns":6},{"damage":4,"enemies":"Masked Bandits","floor":29,"turns":3},{"damage":0,"enemies":"Book of Stabbing","floor":31,"turns":2},{"damage":14,"enemies":"Champ","floor":33,"turns":6},{"damage":2,"enemies":"Orb Walker","floor":35,"turns":3},{"damage":2,"enemies":"2 Orb Walkers","floor":36,"turns":4},{"damage":18,"enemies":"Nemesis","floor":40,"turns":5},{"damage":28,"enemies":"Reptomancer","floor":41,"turns":5},{"damage":0,"enemies":"3 Shapes","floor":42,"turns":2},{"damage":10,"enemies":"Mind Bloom Boss Battle","floor":45,"turns":3},{"damage":5,"enemies":"Giant Head","floor":46,"turns":6},{"damage":12,"enemies":"Awakened One","floor":50,"turns":6}],"seed_played":"1909830026864657389","potions_obtained":[{"floor":1,"key":"SteroidPotion"},{"floor":11,"key":"Weak Potion"},{"floor":16,"key":"SkillPotion"},{"floor":20,"key":"Strength Potion"},{"floor":22,"key":"SkillPotion"},{"floor":29,"key":"SneckoOil"},{"floor":31,"key":"SkillPotion"},{"floor":33,"key":"ElixirPotion"},{"floor":35,"key":"Fire Potion"},{"floor":36,"key":"Dexterity Potion"},{"floor":42,"key":"BlessingOfTheForge"},{"floor":46,"key":"Regen Potion"}],"is_trial":true,"path_per_floor":["M","?","?","M","$","E","$","R","T","R","M","E","?","E","R","B",null,"M","?","M","M","M","E","?","E","T","E","?","?","$","E","R","B",null,"M","?","?","$","?","E","E","M","T","?","?","E","$","$","R","B",null],"character_chosen":"IRONCLAD","items_purchased":["Thunderclap","Warcry","Sling","Akabeko","Art of War","Shovel","Dual Wield","Rupture","Clothesline"],"campfire_rested":0,"item_purchase_floors":[5,7,30,30,38,47,47,47,48],"current_hp_per_floor":[79,79,79,80,80,66,66,66,66,66,70,73,73,71,71,52,80,76,76,80,77,80,70,70,67,67,70,70,75,75,91,91,86,101,101,101,101,101,91,82,63,72,72,72,74,81,81,81,81,81],"gold":21,"neow_bonus":"","is_daily":false,"chose_seed":false,"campfire_upgraded":4,"win_rate":0.0,"timestamp":1614006503,"path_taken":["M","?","?","?","?","E","$","R","T","R","?","E","?","E","R","BOSS","M","?","?","?","?","E","?","E","T","E","?","?","?","E","R","BOSS","M","?","?","$","?","E","E","?","T","?","?","E","$","$","R","BOSS"],"items_purchased_type":["Card","Card","Relic","Relic","Relic","Relic","Card","Card","Card"],"build_version":"2020-12-22","purchased_purges":1,"victory":true,"max_hp_per_floor":[80,80,80,80,80,80,80,80,80,80,80,80,80,80,80,80,80,80,80,80,80,80,80,80,94,94,94,94,94,94,101,101,101,101,101,101,101,101,101,101,101,101,101,101,101,101,101,101,101,101],"relic_stats":{"Torii":0,"counters":[25,101],"Self Forming Clay":[162],"Magic Flower":[36],"Pen Nib":[10],"Charon\u0027s Ashes":[33],"Burning Blood":167,"Blood Vial":9,"Busted Crown":24,"Shovel":1,"Mummified Hand":[140],"Shuriken":[36],"Snecko Eye":[178,152,183,166],"Prayer Wheel":2,"Turnip":[2],"Art of War":[3],"obtain_stats":[{"Torii":45,"Magic Flower":23,"Mango":25,"Sling":30,"Burning Blood":0,"Blood Vial":43,"Shovel":47,"Mummified Hand":2,"Strawberry":31,"Prayer Wheel":28,"Red Mask":29,"Self Forming Clay":6,"Oddly Smooth Stone":41,"Pen Nib":26,"Charon\u0027s Ashes":49,"Akabeko":30,"CaptainsWheel":46,"Busted Crown":34,"Shuriken":9,"Snecko Eye":17,"Turnip":27,"Art of War":38,"Bag of Marbles":40,"Bottled Lightning":12,"Unceasing Top":36,"Pocketwatch":14},{"Torii":23,"Magic Flower":12,"Mango":13,"Sling":15,"Burning Blood":0,"Blood Vial":22,"Shovel":24,"Mummified Hand":1,"Strawberry":16,"Prayer Wheel":14,"Red Mask":15,"Self Forming Clay":3,"Oddly Smooth Stone":21,"Pen Nib":13,"Charon\u0027s Ashes":24,"Akabeko":15,"CaptainsWheel":24,"Busted Crown":17,"Shuriken":3,"Snecko Eye":7,"Turnip":14,"Art of War":19,"Bag of Marbles":20,"Bottled Lightning":5,"Unceasing Top":19,"Pocketwatch":6},{"Torii":89,"Magic Flower":47,"Mango":50,"Sling":59,"Burning Blood":0,"Blood Vial":86,"Shovel":95,"Mummified Hand":2,"Strawberry":61,"Prayer Wheel":56,"Red Mask":59,"Self Forming Clay":9,"Oddly Smooth Stone":84,"Pen Nib":50,"Charon\u0027s Ashes":95,"Akabeko":59,"CaptainsWheel":95,"Busted Crown":67,"Shuriken":9,"Snecko Eye":26,"Turnip":56,"Art of War":74,"Bag of Marbles":79,"Bottled Lightning":13,"Unceasing Top":74,"Pocketwatch":18}],"Unceasing Top":[1],"Pocketwatch":[44]},"card_choices":[{"not_picked":["True Grit","Rampage"],"picked":"Thunderclap","floor":1},{"not_picked":["Headbutt","Sever Soul"],"picked":"Combust","floor":4},{"not_picked":["Uppercut","Body Slam"],"picked":"Juggernaut","floor":6},{"not_picked":["Armaments","True Grit"],"picked":"Flex","floor":11},{"not_picked":["Pommel Strike","Reckless Charge"],"picked":"Demon Form","floor":12},{"not_picked":["Flex","Perfected Strike"],"picked":"Demon Form","floor":14},{"not_picked":["Berserk","Bludgeon"],"picked":"Impervious","floor":16},{"not_picked":["Anger+1","Cleave"],"picked":"Ghostly Armor","floor":18},{"not_picked":["Clothesline+1","Intimidate"],"picked":"Shrug It Off","floor":20},{"not_picked":["Pummel","Clothesline"],"picked":"Rage","floor":21},{"not_picked":["Flex+1","Disarm"],"picked":"Thunderclap","floor":22},{"not_picked":["Dropkick","Headbutt"],"picked":"Shockwave","floor":23},{"not_picked":["Wild Strike","Headbutt"],"picked":"Sword Boomerang","floor":25},{"not_picked":["Havoc","Rage+1","Anger+1"],"picked":"SKIP","floor":27},{"not_picked":["Clash+1","Flex"],"picked":"Pommel Strike","floor":29},{"not_picked":["Warcry","Whirlwind"],"picked":"True Grit","floor":31},{"not_picked":["Fiend Fire","Berserk"],"picked":"Impervious","floor":33},{"not_picked":[],"picked":"Dual Wield+1","floor":35},{"not_picked":[],"picked":"Spot Weakness+1","floor":35},{"not_picked":[],"picked":"True Grit+1","floor":40},{"not_picked":[],"picked":"Warcry+1","floor":41},{"not_picked":[],"picked":"Twin Strike","floor":42},{"not_picked":[],"picked":"Battle Trance+1","floor":42},{"not_picked":[],"picked":"Clothesline","floor":45},{"not_picked":[],"picked":"Pommel Strike+1","floor":46}],"player_experience":1528758,"relics_obtained":[{"floor":6,"key":"Self Forming Clay"},{"floor":9,"key":"Shuriken"},{"floor":12,"key":"Bottled Lightning"},{"floor":14,"key":"Pocketwatch"},{"floor":23,"key":"Magic Flower"},{"floor":25,"key":"Mango"},{"floor":26,"key":"Pen Nib"},{"floor":27,"key":"Turnip"},{"floor":29,"key":"Red Mask"},{"floor":31,"key":"Strawberry"},{"floor":36,"key":"Unceasing Top"},{"floor":40,"key":"Bag of Marbles"},{"floor":41,"key":"Oddly Smooth Stone"},{"floor":43,"key":"Blood Vial"},{"floor":45,"key":"Torii"},{"floor":46,"key":"CaptainsWheel"},{"floor":49,"key":"Charon\u0027s Ashes"}],"event_choices":[{"damage_healed":0,"gold_gain":0,"player_choice":"Box","damage_taken":0,"relics_obtained":["Mummified Hand"],"max_hp_gain":0,"max_hp_loss":0,"event_name":"Big Fish","floor":2,"gold_loss":0,"cards_obtained":["Regret"]},{"damage_healed":0,"gold_gain":0,"player_choice":"2 cards matched","damage_taken":0,"max_hp_gain":0,"max_hp_loss":0,"event_name":"Match and Keep!","floor":3,"gold_loss":0,"cards_obtained":["Bloodletting","Flex"]},{"damage_healed":0,"gold_gain":0,"player_choice":"Leave","damage_taken":0,"max_hp_gain":0,"max_hp_loss":0,"event_name":"The Cleric","floor":13,"gold_loss":0},{"damage_healed":0,"gold_gain":0,"player_choice":"2 cards matched","damage_taken":0,"max_hp_gain":0,"max_hp_loss":0,"event_name":"Match and Keep!","floor":19,"gold_loss":0,"cards_obtained":["Corruption","Flash of Steel"]},{"damage_healed":0,"gold_gain":0,"player_choice":"Ignored","damage_taken":0,"max_hp_gain":0,"max_hp_loss":0,"event_name":"Ghosts","floor":24,"gold_loss":0},{"damage_healed":0,"gold_gain":0,"player_choice":"Obtained Relic","damage_taken":0,"relics_obtained":["Prayer Wheel"],"max_hp_gain":0,"max_hp_loss":0,"event_name":"Addict","floor":28,"gold_loss":85},{"damage_healed":0,"gold_gain":0,"player_choice":"Fought Bandits","damage_taken":0,"max_hp_gain":0,"max_hp_loss":0,"event_name":"Masked Bandits","floor":29,"gold_loss":0},{"damage_healed":0,"gold_gain":0,"player_choice":"Fight","damage_taken":0,"max_hp_gain":0,"max_hp_loss":0,"event_name":"Mysterious Sphere","floor":36,"gold_loss":0},{"cards_removed":["Intimidate"],"damage_healed":0,"gold_gain":0,"player_choice":"Removed Skill","damage_taken":0,"max_hp_gain":0,"max_hp_loss":0,"event_name":"Falling","floor":37,"gold_loss":0},{"damage_healed":0,"gold_gain":0,"player_choice":"Memory 3","damage_taken":10,"max_hp_gain":0,"max_hp_loss":0,"event_name":"SensoryStone","floor":39,"gold_loss":0},{"damage_healed":0,"gold_gain":222,"player_choice":"Wore Mask","damage_taken":0,"max_hp_gain":0,"max_hp_loss":0,"event_name":"Tomb of Lord Red Mask","floor":44,"gold_loss":0},{"damage_healed":0,"gold_gain":0,"player_choice":"Fight","damage_taken":0,"max_hp_gain":0,"max_hp_loss":0,"event_name":"MindBloom","floor":45,"gold_loss":0}],"is_beta":false,"boss_relics":[{"not_picked":["Mark of Pain","Runic Pyramid"],"picked":"Snecko Eye"},{"not_picked":["SlaversCollar","Coffee Dripper"],"picked":"Busted Crown"}],"items_purged_floors":[7],"is_endless":false,"potions_floor_spawned":[1,11,16,20,22,29,31,33,35,36,42,46],"ascension_level":0}}