{"host":"fiyb7gvx7tok3jeh","time":1614031724,"event":{"mods":["BaseMod","Colored Map","Colored Powertips","DeckTracker","Googly Eyes","Highlight Path","Minty Spire (QoL Compilation)"],"gold_per_floor":[109,129,147,322,322,322,347,199,199,199,199],"floor_reached":10,"language":"ENG","playtime":262,"items_purged":["Doubt"],"score":92,"play_id":"fa0a3148-9b3f-4be9-9af6-3cb8cfc8eb06","local_time":"20210223000844","is_ascension_mode":true,"campfire_choices":[{"data":"Eruption","floor":6,"key":"SMITH"}],"circlet_count":0,"master_deck":["Strike_P","Strike_P","Strike_P","Strike_P","Defend_P+1","Defend_P","Defend_P","Defend_P","Eruption+1","Vigilance","Crescendo","ClearTheMind+1","TalkToTheHand","Wireheading"],"relics":["Philosopher\u0027s Stone","Matryoshka","Happy Flower","StoneCalendar"],"acts_visited":["Exordium"],"potions_floor_usage":[7],"damage_taken":[{"damage":0,"enemies":"Cultist","floor":1,"turns":2},{"damage":0,"enemies":"2 Louse","floor":2,"turns":3},{"damage":3,"enemies":"Jaw Worm","floor":3,"turns":5},{"damage":29,"enemies":"Lagavulin","floor":7,"turns":6},{"damage":20,"enemies":"3 Sentries","floor":10,"turns":3}],"seed_played":"-7592982700590613172","potions_obtained":[{"floor":2,"key":"FearPotion"}],"is_trial":false,"path_per_floor":["M","M","M","?","?","R","E","$","T","E"],"character_chosen":"WATCHER","items_purchased":["Wireheading"],"campfire_rested":0,"item_purchase_floors":[8],"current_hp_per_floor":[65,65,62,62,48,48,19,19,19,0,0],"gold":199,"neow_bonus":"BOSS_RELIC","is_daily":false,"chose_seed":false,"campfire_upgraded":1,"win_rate":0.0,"timestamp":1614031724,"path_taken":["M","?","M","?","?","R","E","$","T","E"],"items_purchased_type":["Card"],"build_version":"2020-12-22","purchased_purges":1,"victory":false,"max_hp_per_floor":[72,72,72,72,72,72,72,72,72,72,72],"card_choices":[{"not_picked":["FlurryOfBlows","Consecrate"],"picked":"Crescendo","floor":1},{"not_picked":["Vengeance","WreathOfFlame","EmptyBody"],"picked":"SKIP","floor":2},{"not_picked":["EmptyFist","ThirdEye"],"picked":"ClearTheMind","floor":3},{"not_picked":["JustLucky","FlyingSleeves"],"picked":"TalkToTheHand","floor":7}],"player_experience":337486,"relics_obtained":[{"floor":7,"key":"Matryoshka"},{"floor":9,"key":"Happy Flower"},{"floor":9,"key":"StoneCalendar"}],"event_choices":[{"damage_healed":0,"gold_gain":175,"player_choice":"AGREE","damage_taken":0,"max_hp_gain":0,"max_hp_loss":0,"event_name":"Liars Game","floor":4,"gold_loss":0,"cards_obtained":["Doubt"]},{"damage_healed":0,"gold_gain":0,"player_choice":"Entered Light","damage_taken":14,"max_hp_gain":0,"max_hp_loss":0,"event_name":"Shining Light","floor":5,"gold_loss":0,"cards_upgraded":["Defend_P","ClearTheMind"]}],"is_beta":false,"boss_relics":[],"items_purged_floors":[8],"is_endless":false,"potions_floor_spawned":[2],"killed_by":"3 Sentries","ascension_level":8}}