{"host":"qc268ltokmxwqyrx","time":1614018623,"event":{"mods":["BaseMod","Colored Map","Minty Spire (QoL Compilation)","Relic Stats","Slay the Relics Exporter","StSLib","ojb\u0027s Info Mod"],"gold_per_floor":[119,119,193,207,219,246,246,260,260,16,350,362,393,404,404,478,478,488,488,502,78,96,96,131,131,131,131,142,142,152,163,163,239,239,252,271,286,19,29,29,54,54,78,98,98,130,130,130],"floor_reached":47,"language":"ENG","playtime":3168,"items_purged":["Strike_G","Strike_G"],"score":1283,"play_id":"6813c841-d31f-457c-916b-0d149ad30df3","local_time":"20210222123023","is_ascension_mode":true,"campfire_choices":[{"data":"Terror","floor":15.0,"key":"SMITH"},{"data":"Malaise","floor":23.0,"key":"SMITH"},{"floor":32.0,"key":"REST"},{"data":"Night Terror","floor":40.0,"key":"SMITH"},{"floor":42.0,"key":"RECALL"},{"data":"Concentrate","floor":45.0,"key":"SMITH"}],"circlet_count":0,"master_deck":["AscendersBane","Strike_G","Defend_G","Defend_G","Defend_G","Defend_G","Survivor","Neutralize","Catalyst+1","All Out Attack+1","Crippling Poison+1","Bouncing Flask","PiercingWail","Noxious Fumes","Bane","Terror+1","Malaise+1","Footwork","RitualDagger","PiercingWail","Prepared","Endless Agony","Concentrate+1","Night Terror+1","Underhanded Strike+1","Eviscerate","Night Terror","Dodge and Roll+1","Prepared+1","Outmaneuver","Acrobatics","Catalyst+1"],"relics":["Astrolabe","Pen Nib","Ninja Scroll","Ancient Tea Set","ClockworkSouvenir","Old Coin","Bag of Marbles","Runic Pyramid","Vajra","TheAbacus","White Beast Statue","Lizard Tail","FaceOfCleric","Philosopher\u0027s Stone","InkBottle","Art of War","Dead Branch"],"acts_visited":["Exordium","TheCity","TheBeyond"],"potions_floor_usage":[46,46],"damage_taken":[{"damage":4.0,"enemies":"Jaw Worm","floor":1.0,"turns":3.0},{"damage":0.0,"enemies":"Small Slimes","floor":4.0,"turns":2.0},{"damage":3.0,"enemies":"Cultist","floor":5.0,"turns":4.0},{"damage":17.0,"enemies":"Lagavulin","floor":6.0,"turns":5.0},{"damage":0.0,"enemies":"Gremlin Gang","floor":8.0,"turns":2.0},{"damage":16.0,"enemies":"3 Sentries","floor":11.0,"turns":5.0},{"damage":7.0,"enemies":"Large Slime","floor":12.0,"turns":7.0},{"damage":0.0,"enemies":"Gremlin Nob","floor":13.0,"turns":2.0},{"damage":0.0,"enemies":"Blue Slaver","floor":14.0,"turns":1.0},{"damage":0.0,"enemies":"Slime Boss","floor":16.0,"turns":4.0},{"damage":2.0,"enemies":"Shell Parasite","floor":18.0,"turns":5.0},{"damage":0.0,"enemies":"3 Byrds","floor":20.0,"turns":3.0},{"damage":16.0,"enemies":"Cultist and Chosen","floor":22.0,"turns":6.0},{"damage":15.0,"enemies":"Slavers","floor":24.0,"turns":4.0},{"damage":9.0,"enemies":"Shelled Parasite and Fungi","floor":28.0,"turns":6.0},{"damage":1.0,"enemies":"Centurion and Healer","floor":30.0,"turns":6.0},{"damage":0.0,"enemies":"Cultist and Chosen","floor":31.0,"turns":4.0},{"damage":33.0,"enemies":"Automaton","floor":33.0,"turns":7.0},{"damage":10.0,"enemies":"3 Shapes","floor":35.0,"turns":4.0},{"damage":11.0,"enemies":"Orb Walker","floor":36.0,"turns":3.0},{"damage":0.0,"enemies":"3 Darklings","floor":37.0,"turns":2.0},{"damage":10.0,"enemies":"4 Shapes","floor":39.0,"turns":6.0},{"damage":35.0,"enemies":"Nemesis","floor":41.0,"turns":7.0},{"damage":2.0,"enemies":"Transient","floor":44.0,"turns":6.0},{"damage":28,"enemies":"Reptomancer","floor":46,"turns":4},{"damage":15,"enemies":"Jaw Worm Horde","floor":47,"turns":1}],"seed_played":"-3966200831780839751","potions_obtained":[{"floor":5.0,"key":"ColorlessPotion"},{"floor":6.0,"key":"Ancient Potion"},{"floor":11.0,"key":"FearPotion"},{"floor":12.0,"key":"Weak Potion"},{"floor":22.0,"key":"Fire Potion"},{"floor":28.0,"key":"DistilledChaos"},{"floor":30.0,"key":"Block Potion"},{"floor":31.0,"key":"Fruit Juice"},{"floor":33.0,"key":"SmokeBomb"},{"floor":35.0,"key":"SkillPotion"},{"floor":36.0,"key":"FearPotion"},{"floor":37.0,"key":"LiquidMemories"},{"floor":41.0,"key":"Block Potion"},{"floor":44.0,"key":"CunningPotion"},{"floor":46,"key":"FearPotion"}],"is_trial":false,"path_per_floor":["M","?","?","M","M","E","T","M","T","$","E","M","E","M","R","B",null,"M","?","M","$","M","R","E","?","T","?","M","?","M","M","R","B",null,"M","M","M","$","M","R","E","R","T","M","R","E","M"],"character_chosen":"THE_SILENT","items_purchased":["ClockworkSouvenir","Vajra","TheAbacus","InkBottle"],"campfire_rested":1,"item_purchase_floors":[10,21,21,38],"current_hp_per_floor":[55,60,60,60,57,40,40,40,40,40,24,17,17,17,17,17,58,56,50,50,50,34,34,19,19,19,19,10,10,10,11,32,5,61,52,42,43,43,34,34,42,42,42,41,41,14,0,0],"gold":130,"neow_bonus":"BOSS_RELIC","is_daily":false,"chose_seed":false,"campfire_upgraded":4,"win_rate":0.0,"timestamp":1614018623,"path_taken":["M","?","?","M","M","E","?","?","T","$","E","M","E","?","R","BOSS","M","?","M","$","M","R","E","?","T","?","M","?","?","M","R","BOSS","M","?","M","$","M","R","E","R","T","M","R","E","M"],"items_purchased_type":["Relic","Relic","Relic","Relic"],"build_version":"2020-12-22","purchased_purges":2,"victory":false,"max_hp_per_floor":[66,71,71,71,71,71,71,71,71,71,71,71,71,71,71,71,71,71,71,71,71,71,71,71,71,71,71,71,71,72,73,73,79,79,80,81,82,82,83,83,84,84,84,85,85,86,86,86],"relic_stats":{"Lizard Tail":41,"TheAbacus":[36],"FaceOfCleric":10,"counters":[26,109],"Astrolabe":["Catalyst","All Out Attack","Crippling Poison"],"Dead Branch":[5],"Pen Nib":[16],"Art of War":[1],"obtain_stats":[{"Astrolabe":0,"Dead Branch":46,"Vajra":21,"Pen Nib":6,"Ancient Tea Set":9,"White Beast Statue":24,"ClockworkSouvenir":10,"Old Coin":11,"Lizard Tail":26,"TheAbacus":21,"FaceOfCleric":29,"Ninja Scroll":7,"Philosopher\u0027s Stone":34,"Bag of Marbles":13,"Art of War":41,"InkBottle":38,"Ring of the Snake":0,"Runic Pyramid":17},{"Astrolabe":0,"Dead Branch":25,"Vajra":12,"Pen Nib":4,"Ancient Tea Set":5,"White Beast Statue":14,"ClockworkSouvenir":5,"Old Coin":6,"Lizard Tail":14,"TheAbacus":12,"FaceOfCleric":15,"Ninja Scroll":4,"Philosopher\u0027s Stone":18,"Bag of Marbles":8,"Art of War":23,"InkBottle":21,"Ring of the Snake":0,"Runic Pyramid":10},{"Astrolabe":0,"Dead Branch":108,"Vajra":43,"Pen Nib":14,"Ancient Tea Set":16,"White Beast Statue":53,"ClockworkSouvenir":16,"Old Coin":21,"Lizard Tail":53,"TheAbacus":43,"FaceOfCleric":59,"Ninja Scroll":14,"Philosopher\u0027s Stone":76,"Bag of Marbles":30,"Art of War":98,"InkBottle":85,"Ring of the Snake":0,"Runic Pyramid":35}],"InkBottle":[10]},"card_choices":[{"not_picked":["Prepared","Poisoned Stab"],"picked":"Bouncing Flask","floor":1.0},{"not_picked":["Escape Plan","Poisoned Stab"],"picked":"PiercingWail","floor":4.0},{"not_picked":["PiercingWail","Backstab","Phantasmal Killer"],"picked":"SKIP","floor":5.0},{"not_picked":["Bane","Flechettes","Noxious Fumes"],"picked":"SKIP","floor":6.0},{"not_picked":["Sucker Punch","Flying Knee","Prepared"],"picked":"SKIP","floor":8.0},{"not_picked":["Outmaneuver","Setup"],"picked":"Noxious Fumes","floor":11.0},{"not_picked":["Concentrate","Slice"],"picked":"Bane","floor":12.0},{"not_picked":["Dodge and Roll","Bane"],"picked":"Terror","floor":13.0},{"not_picked":["Blur","Dagger Spray","All Out Attack"],"picked":"SKIP","floor":14.0},{"not_picked":["Unload","Storm of Steel"],"picked":"Malaise","floor":16.0},{"not_picked":["PiercingWail","Underhanded Strike"],"picked":"Footwork","floor":18.0},{"not_picked":["Dagger Spray","Sucker Punch"],"picked":"PiercingWail","floor":20.0},{"not_picked":["All Out Attack","Acrobatics"],"picked":"Prepared","floor":22.0},{"not_picked":["Flechettes","Backflip","Endless Agony"],"picked":"SKIP","floor":24.0},{"not_picked":["Flechettes","Backflip"],"picked":"Endless Agony","floor":24.0},{"not_picked":["Catalyst","Crippling Poison+1"],"picked":"Night Terror","floor":28.0},{"not_picked":["Quick Slash","Bouncing Flask"],"picked":"Underhanded Strike+1","floor":30.0},{"not_picked":["Sucker Punch+1","Dodge and Roll"],"picked":"Eviscerate","floor":31.0},{"not_picked":["Phantasmal Killer","Tools of the Trade"],"picked":"Night Terror","floor":33.0},{"not_picked":["Deadly Poison","Terror"],"picked":"Dodge and Roll+1","floor":35.0},{"not_picked":["PiercingWail","Eviscerate"],"picked":"Prepared+1","floor":36.0},{"not_picked":["Sucker Punch","Flying Knee","Poisoned Stab+1"],"picked":"SKIP","floor":37.0},{"not_picked":["Well Laid Plans+1","Sucker Punch"],"picked":"Outmaneuver","floor":39.0},{"not_picked":["Phantasmal Killer","Choke","Bane+1"],"picked":"SKIP","floor":41.0},{"not_picked":["Dodge and Roll","Deadly Poison"],"picked":"Acrobatics","floor":44.0},{"not_picked":["Bullet Time","Dagger Spray"],"picked":"Catalyst+1","floor":46}],"player_experience":1903148,"relics_obtained":[{"floor":6.0,"key":"Pen Nib"},{"floor":7.0,"key":"Ninja Scroll"},{"floor":9.0,"key":"Ancient Tea Set"},{"floor":11.0,"key":"Old Coin"},{"floor":13.0,"key":"Bag of Marbles"},{"floor":24.0,"key":"White Beast Statue"},{"floor":26.0,"key":"Lizard Tail"},{"floor":41.0,"key":"Art of War"},{"floor":46,"key":"Dead Branch"}],"event_choices":[{"damage_healed":0.0,"max_hp_gain":5.0,"max_hp_loss":0.0,"gold_gain":0.0,"event_name":"Big Fish","player_choice":"Donut","floor":2.0,"gold_loss":0.0,"damage_taken":0.0},{"damage_healed":0.0,"max_hp_gain":0.0,"max_hp_loss":0.0,"gold_gain":74.0,"event_name":"Golden Wing","player_choice":"Gained Gold","floor":3.0,"gold_loss":0.0,"damage_taken":0.0},{"damage_healed":0.0,"max_hp_gain":0.0,"max_hp_loss":0.0,"gold_gain":0.0,"event_name":"Nest","player_choice":"Joined the Cult","floor":19.0,"gold_loss":0.0,"damage_taken":6.0,"cards_obtained":["RitualDagger"]},{"damage_healed":0.0,"max_hp_gain":0.0,"max_hp_loss":0.0,"gold_gain":0.0,"event_name":"The Mausoleum","player_choice":"Ignored","floor":25.0,"gold_loss":0.0,"damage_taken":0.0},{"damage_healed":0.0,"max_hp_gain":0.0,"max_hp_loss":0.0,"gold_gain":0.0,"event_name":"The Library","player_choice":"Read","floor":27.0,"gold_loss":0.0,"damage_taken":0.0,"cards_obtained":["Concentrate"]},{"damage_healed":0.0,"max_hp_gain":0.0,"max_hp_loss":0.0,"gold_gain":0.0,"event_name":"FaceTrader","player_choice":"Trade","floor":29.0,"gold_loss":0.0,"damage_taken":0.0,"relics_obtained":["FaceOfCleric"]}],"is_beta":false,"boss_relics":[{"not_picked":["Runic Dome","Calling Bell"],"picked":"Runic Pyramid"},{"not_picked":["Black Star","Velvet Choker"],"picked":"Philosopher\u0027s Stone"}],"items_purged_floors":[10,21],"is_endless":false,"potions_floor_spawned":[5,6,11,12,22,28,30,31,33,35,36,37,39,41,44,46],"killed_by":"Jaw Worm Horde","ascension_level":20}}