{"host":"bpr07pynnqpe5ded","time":1614024179,"event":{"mods":["2.2 Compatiblity","Aspiration","BaseMod","Better Note","Better Third Choice","BetterRewards","Downfall","Jorbs\u0027s Wanderer Trilogy","Minty Spire (QoL Compilation)","Replay The Spire","Shop Mod","StSLib","The Marked","??????REMEMod"],"gold_per_floor":[118,128,142,156,33,58,58,58,58,58,84,115,134,152,52,65,65,65,65],"floor_reached":18,"language":"ENG","playtime":830,"items_purged":["Strike_P","Defend_P"],"score":124,"play_id":"d57f13b5-5fb9-4843-b044-c664a8da1d83","local_time":"20210222200259","is_ascension_mode":false,"campfire_choices":[{"floor":8,"key":"REST"},{"floor":17,"key":"REST"}],"circlet_count":0,"master_deck":["Strike_P","Strike_P","Strike_P","Defend_P","Defend_P","Defend_P","Eruption","Vigilance","stsjorbsmod:Rebuttal+1","Replay:AtTheReady","Replay:LoomingThreat","Replay:AtTheReady"],"relics":["PureWater","REME_ComplimentaryCards","Anchor","Regal Pillow","Pondfish Scales"],"acts_visited":["Exordium"],"potions_floor_usage":[4,4,12],"damage_taken":[{"damage":0,"enemies":"2 Louse","floor":1,"turns":3},{"damage":2,"enemies":"Cultist","floor":2,"turns":3},{"damage":6,"enemies":"Jaw Worm","floor":3,"turns":4},{"damage":15,"enemies":"Gremlin Gang","floor":4,"turns":6},{"damage":42,"enemies":"Gremlin Nob","floor":6,"turns":7},{"damage":2,"enemies":"Lagavulin","floor":12,"turns":9},{"damage":0,"enemies":"3 Louse","floor":13,"turns":5},{"damage":0,"enemies":"Lots of Slimes","floor":14,"turns":5},{"damage":5,"enemies":"Exordium Wildlife","floor":16,"turns":5},{"damage":35,"enemies":"Slime Boss","floor":18,"turns":7}],"seed_played":"-6920204102678340608","potions_obtained":[{"floor":2,"key":"PowerPotion"},{"floor":3,"key":"BlessingOfTheForge"},{"floor":6,"key":"PowerPotion"},{"floor":14,"key":"Energy Potion"},{"floor":16,"key":"Energy Potion"}],"is_trial":false,"path_per_floor":["M","M","M","M","$","E","?","R","PTL","PTL","T","E","M","M","$","M","R","B"],"character_chosen":"WATCHER","items_purchased":["Replay:AtTheReady"],"campfire_rested":2,"item_purchase_floors":[5],"current_hp_per_floor":[72,70,64,49,49,7,14,35,35,35,35,33,33,33,33,28,64,29,29],"gold":65,"neow_bonus":"UPGRADE_CARD","is_daily":false,"chose_seed":false,"campfire_upgraded":0,"win_rate":0.0,"timestamp":1614024179,"path_taken":["M","M","M","M","$","E","?","R","PTL","PTL","T","E","?","M","$","M","R","BOSS"],"items_purchased_type":["Card"],"build_version":"2020-12-22","purchased_purges":2,"victory":false,"max_hp_per_floor":[72,72,72,72,72,72,72,72,72,72,72,72,72,72,72,72,72,72,72],"card_choices":[{"not_picked":["Indignation","Prostrate","Crescendo"],"picked":"SKIP","floor":1},{"not_picked":["CrushJoints","Replay:BluntJabs","ReachHeaven"],"picked":"SKIP","floor":2},{"not_picked":["EmptyBody","Blasphemy","FlyingSleeves"],"picked":"SKIP","floor":3},{"not_picked":["FlurryOfBlows","Worship","Crescendo"],"picked":"SKIP","floor":4},{"not_picked":["Meditate","WindmillStrike"],"picked":"Replay:LoomingThreat","floor":6},{"not_picked":["Replay:BluntJabs","ClearTheMind","Wallop"],"picked":"SKIP","floor":12},{"not_picked":["JustLucky","SignatureMove","Consecrate"],"picked":"SKIP","floor":13},{"not_picked":["EmptyFist","CutThroughFate","PathToVictory"],"picked":"SKIP","floor":14},{"not_picked":["Consecrate","WaveOfTheHand"],"picked":"Replay:AtTheReady","floor":16}],"player_experience":1220092,"relics_obtained":[{"floor":6,"key":"Anchor"},{"floor":11,"key":"Regal Pillow"},{"floor":12,"key":"Pondfish Scales"}],"event_choices":[],"is_beta":false,"boss_relics":[],"items_purged_floors":[5,15],"is_endless":false,"potions_floor_spawned":[2,3,6,14,16],"killed_by":"Slime Boss","ascension_level":0}}