{"host":"65kd51pn5ju73m7v","time":1614032793,"event":{"mods":["BaseMod","BetterRewards","Colored Powertips","Minty Spire (QoL Compilation)","StSLib","The Animator"],"gold_per_floor":[118,129,143,217,231,231,245,245,245,276,287,287,311,17,17,122,122,107,107,126,126,138,138,149,149,149,248,95,95,95,115,115,223,223,259,281,112,133,143,143,155,155,236,236,268,295,205,226,226,238],"floor_reached":51,"language":"ENG","playtime":3398,"items_purged":[],"score":697,"play_id":"c5539d72-6266-419c-b15b-db096f2cb88f","local_time":"20210222232633","is_ascension_mode":false,"campfire_choices":[{"data":"animator:GoblinSlayer","floor":6.0,"key":"SMITH"},{"data":"animator:DolaSchwi","floor":8.0,"key":"SMITH"},{"floor":15.0,"key":"REST"},{"data":"animator:GoblinSlayer","floor":23.0,"key":"SMITH"},{"floor":25.0,"key":"REST"},{"data":"animator:GoblinSlayer","floor":32.0,"key":"SMITH"},{"floor":40,"key":"REST"},{"data":"animator:GoblinSlayer","floor":42,"key":"SMITH"},{"floor":44,"key":"REST"},{"floor":49,"key":"REST"}],"circlet_count":0,"master_deck":["animator:Strike_NoGameNoLife+1","animator:Defend_NoGameNoLife","animator:Defend","animator:Defend","animator:DolaSchwi+1","animator:DolaCouronne","animator:GoblinSlayer+1","animator:Vanir","animator:Vesta","animator:GuildGirl","animator:GoblinSlayer+1","animator:Shizu","animator:GoblinSlayer+1","animator:CowGirl","animator:HighElfArcher+1","animator:Priestess","animator:GoblinSlayer+1","animator:DolaStephanie","animator:Shuna+1","animator:Rimuru"],"relics":["animator:LivingPicture","animator:TheMissingPiece","Blue Candle","Empty Cage","Gambling Chip","animator:WornHelmet","Matryoshka","animator:HolyGrailRelic","Membership Card","Bottled Tornado","Darkstone Periapt"],"acts_visited":["Exordium","TheCity","TheBeyond"],"potions_floor_usage":[39,39,39,39,45,50,50],"damage_taken":[{"damage":2.0,"enemies":"Cultist","floor":1.0,"turns":5.0},{"damage":1.0,"enemies":"Jaw Worm","floor":2.0,"turns":6.0},{"damage":5.0,"enemies":"Small Slimes","floor":3.0,"turns":4.0},{"damage":16.0,"enemies":"Exordium Thugs","floor":5.0,"turns":4.0},{"damage":10.0,"enemies":"Large Slime","floor":7.0,"turns":6.0},{"damage":0.0,"enemies":"Lots of Slimes","floor":10.0,"turns":4.0},{"damage":10.0,"enemies":"Exordium Wildlife","floor":11.0,"turns":6.0},{"damage":0.0,"enemies":"Looter","floor":13.0,"turns":4.0},{"damage":5.0,"enemies":"The Guardian","floor":16.0,"turns":8.0},{"damage":13.0,"enemies":"2 Thieves","floor":18.0,"turns":4.0},{"damage":0.0,"enemies":"Spheric Guardian","floor":20.0,"turns":3.0},{"damage":18.0,"enemies":"Cultist and Chosen","floor":22.0,"turns":5.0},{"damage":0.0,"enemies":"Chosen and Byrds","floor":24.0,"turns":4.0},{"damage":10.0,"enemies":"Centurion and Healer","floor":31.0,"turns":5.0},{"damage":12.0,"enemies":"Automaton","floor":33.0,"turns":7.0},{"damage":0.0,"enemies":"3 Shapes","floor":35.0,"turns":3.0},{"damage":4,"enemies":"3 Darklings","floor":36,"turns":5},{"damage":6,"enemies":"Maw","floor":38,"turns":7},{"damage":31,"enemies":"Writhing Mass","floor":39,"turns":6},{"damage":12,"enemies":"Jaw Worm Horde","floor":41,"turns":5},{"damage":0,"enemies":"Maw","floor":45,"turns":6},{"damage":7,"enemies":"4 Shapes","floor":46,"turns":6},{"damage":11,"enemies":"Writhing Mass","floor":48,"turns":5},{"damage":61,"enemies":"Awakened One","floor":50,"turns":9}],"seed_played":"-4422185854687630712","potions_obtained":[{"floor":5.0,"key":"LiquidBronze"},{"floor":10.0,"key":"CultistPotion"},{"floor":16.0,"key":"LiquidMemories"},{"floor":20.0,"key":"EntropicBrew"},{"floor":39,"key":"SpeedPotion"},{"floor":46,"key":"Energy Potion"}],"is_trial":false,"path_per_floor":["M","M","M","?","M","R","M","R","T","M","M","?","M","$","R","B",null,"M","?","M","$","M","R","M","R","T","?","$","?","T","M","R","B",null,"M","M","$","M","M","R","M","R","T","R","M","M","?","M","R","B",null],"character_chosen":"THE_ANIMATOR","items_purchased":["animator:Shizu","LiquidMemories","DistilledChaos","animator:WornHelmet","Membership Card","animator:Vesta"],"campfire_rested":5,"item_purchase_floors":[14,14,14,28,37,37],"current_hp_per_floor":[64,63,58,58,42,42,32,32,32,32,22,22,22,22,41,36,66,53,53,53,53,35,35,35,54,54,54,54,54,54,44,44,32,74,71,70,70,66,37,60,50,50,50,74,76,69,69,60,84,25],"gold":238,"neow_bonus":"ONE_RANDOM_RARE_CARD","is_daily":false,"chose_seed":false,"campfire_upgraded":5,"win_rate":0.0,"timestamp":1614032793,"path_taken":["M","M","?","?","M","R","M","R","T","M","M","?","?","$","R","BOSS","M","?","?","$","M","R","M","R","T","?","?","?","?","M","R","BOSS","M","M","$","M","M","R","M","R","T","R","M","M","?","?","R","BOSS"],"items_purchased_type":["Card","Potion","Potion","Relic","Relic","Card"],"build_version":"2020-12-22","purchased_purges":0,"victory":true,"max_hp_per_floor":[66,66,66,66,66,66,66,66,66,66,66,66,66,66,66,66,66,66,66,66,66,66,66,66,66,66,66,66,66,66,66,66,66,74,71,74,74,76,78,78,80,80,80,80,82,82,82,84,84,86],"card_choices":[{"not_picked":["animator:Sloth","animator:ElricEdward","animator:Kazuma"],"picked":"SKIP","floor":1.0},{"not_picked":["animator:Layla","animator:DolaCouronne","animator:Scar"],"picked":"SKIP","floor":2.0},{"not_picked":["animator:ElricEdward","animator:Hakurou"],"picked":"animator:Vanir","floor":3.0},{"not_picked":["animator:Millim","animator:Verdia","animator:Shuna"],"picked":"SKIP","floor":7.0},{"not_picked":["animator:Spearman","animator:Benimaru"],"picked":"animator:Vesta","floor":10.0},{"not_picked":["animator:Benimaru","animator:Kaijin","animator:Hakurou"],"picked":"SKIP","floor":11.0},{"not_picked":["animator:DwarfShaman","animator:Spearman"],"picked":"animator:GoblinSlayer","floor":13.0},{"not_picked":["animator:Greed","animator:Saitama"],"picked":"animator:GoblinSlayer","floor":16.0},{"not_picked":["animator:Megumin","animator:Kazuma+1","animator:Witch"],"picked":"SKIP","floor":18.0},{"not_picked":["animator:Viivi","animator:Megumin+1"],"picked":"animator:HighElfArcher+1","floor":20.0},{"not_picked":["animator:Chris+1","animator:Geryuganshoop+1","animator:Tet+1"],"picked":"SKIP","floor":22.0},{"not_picked":["animator:Spearman","animator:HighElfArcher"],"picked":"animator:Priestess","floor":24.0},{"not_picked":["animator:MumenRider","animator:Spearman","animator:GuildGirl"],"picked":"SKIP","floor":31.0},{"not_picked":["animator:Boros","animator:ChaikaTrabant"],"picked":"animator:GoblinSlayer","floor":33.0},{"not_picked":["animator:Melzalgald","animator:Millim+1"],"picked":"animator:DolaStephanie","floor":35.0},{"not_picked":["animator:ChaikaBohdan+1","animator:Sloth+1"],"picked":"animator:Shuna+1","floor":36},{"not_picked":["animator:DwarfShaman+1","animator:ElricEdward+1","animator:SilverFang"],"picked":"SKIP","floor":39},{"not_picked":["animator:RoyMustang+1","animator:YunYun+1","animator:Jibril+1"],"picked":"SKIP","floor":41},{"not_picked":["animator:DolaSchwi","animator:Jibril"],"picked":"animator:Rimuru","floor":45},{"not_picked":["animator:Shuna","animator:Sloth+1","animator:ChaikaBohdan"],"picked":"SKIP","floor":48}],"player_experience":430345,"relics_obtained":[{"floor":9.0,"key":"Blue Candle"},{"floor":26.0,"key":"Gambling Chip"},{"floor":30.0,"key":"Matryoshka"},{"floor":43,"key":"Bottled Tornado"},{"floor":43,"key":"Darkstone Periapt"}],"event_choices":[{"damage_healed":0.0,"max_hp_gain":0.0,"max_hp_loss":0.0,"gold_gain":74.0,"event_name":"Golden Wing","player_choice":"Gained Gold","floor":4.0,"gold_loss":0.0,"damage_taken":0.0},{"damage_healed":0.0,"max_hp_gain":0.0,"max_hp_loss":0.0,"gold_gain":0.0,"cards_transformed":["animator:Strike"],"event_name":"Transmorgrifier","player_choice":"Transformed","floor":12.0,"gold_loss":0.0,"damage_taken":0.0,"cards_obtained":["animator:GuildGirl"]},{"damage_healed":0.0,"max_hp_gain":0.0,"max_hp_loss":0.0,"gold_gain":0.0,"event_name":"Match and Keep!","player_choice":"1 cards matched","floor":19.0,"gold_loss":0.0,"damage_taken":0.0,"cards_obtained":["animator:CowGirl"]},{"damage_healed":0.0,"max_hp_gain":0.0,"max_hp_loss":0.0,"gold_gain":99.0,"event_name":"Nest","player_choice":"Stole From Cult","floor":27.0,"gold_loss":0.0,"damage_taken":0.0},{"cards_removed":["animator:Defend"],"damage_healed":0.0,"max_hp_gain":0.0,"max_hp_loss":0.0,"gold_gain":0.0,"event_name":"Back to Basics","player_choice":"Elegance","floor":29.0,"gold_loss":0.0,"damage_taken":0.0},{"cards_removed":["animator:Vesta"],"damage_healed":0,"gold_gain":0,"player_choice":"Upgrade and Remove","damage_taken":0,"max_hp_gain":0,"max_hp_loss":0,"event_name":"Designer","floor":47,"gold_loss":90,"cards_upgraded":["animator:Strike_NoGameNoLife"]}],"is_beta":false,"boss_relics":[{"not_picked":["Busted Crown","SacredBark"],"picked":"Empty Cage"},{"not_picked":["Velvet Choker","animator:VividPicture"],"picked":"animator:HolyGrailRelic"}],"items_purged_floors":[],"is_endless":false,"potions_floor_spawned":[5,10,16,20,35,39,46],"ascension_level":0}}