{"host":"2yqfi47fogfu1ic4","time":1614005374,"event":{"mods":["AchievementEnabler","BaseMod","Colored Map","Colored Powertips","Highlight Path","Minty Spire (QoL Compilation)","Permanent Neow","Relic Stats","StSLib"],"gold_per_floor":[117,117,117,133,143,162,195,221,271,271,84,84,103,123,123,194,194,214,112,112,132,151,151,151,170,195,230,261,285,299,23,23,23,23],"floor_reached":33,"language":"DEU","playtime":2490,"items_purged":["Strike_G","Strike_G"],"score":634,"play_id":"491f01f2-8eca-459b-b216-8a39e223c8d7","local_time":"20210222154934","is_ascension_mode":true,"campfire_choices":[{"floor":12,"key":"REST"},{"data":"Caltrops","floor":15,"key":"SMITH"},{"data":"Wraith Form v2","floor":23,"key":"SMITH"},{"data":"After Image","floor":32,"key":"SMITH"}],"circlet_count":0,"master_deck":["AscendersBane","Strike_G+1","Strike_G+1","Defend_G+1","Defend_G","Defend_G+1","Defend_G","Survivor","Neutralize","Poisoned Stab","Dagger Spray","Eviscerate","Sucker Punch","Caltrops+1","Poisoned Stab","Bane","Wraith Form v2+1","Acrobatics","PiercingWail","Backflip","Sucker Punch+1","Blur","After Image+1"],"relics":["Black Star","Smiling Mask","War Paint","Bronze Scales","Whetstone","Coffee Dripper","CultistMask","Vajra","Red Mask","Omamori","Ninja Scroll","Art of War","Eternal Feather"],"acts_visited":["Exordium","TheCity"],"potions_floor_usage":[6,7,7,16,18,22,25,28,30],"damage_taken":[{"damage":27,"enemies":"Jaw Worm","floor":1,"turns":10},{"damage":7,"enemies":"Small Slimes","floor":4,"turns":4},{"damage":1,"enemies":"2 Louse","floor":5,"turns":2},{"damage":5,"enemies":"Exordium Wildlife","floor":6,"turns":6},{"damage":26,"enemies":"Gremlin Nob","floor":7,"turns":4},{"damage":9,"enemies":"Lots of Slimes","floor":13,"turns":3},{"damage":8,"enemies":"Looter","floor":14,"turns":2},{"damage":0,"enemies":"Hexaghost","floor":16,"turns":8},{"damage":3,"enemies":"Shell Parasite","floor":18,"turns":5},{"damage":11,"enemies":"Spheric Guardian","floor":21,"turns":4},{"damage":26,"enemies":"Centurion and Healer","floor":22,"turns":7},{"damage":5,"enemies":"Chosen and Byrds","floor":25,"turns":7},{"damage":3,"enemies":"Masked Bandits","floor":27,"turns":5},{"damage":24,"enemies":"Gremlin Leader","floor":28,"turns":8},{"damage":1,"enemies":"Cultist and Chosen","floor":30,"turns":7},{"damage":0,"enemies":"Collector","floor":33,"turns":5}],"seed_played":"-2561994273675698431","potions_obtained":[{"floor":4,"key":"EntropicBrew"},{"floor":7,"key":"Dexterity Potion"},{"floor":14,"key":"Ancient Potion"},{"floor":16,"key":"DuplicationPotion"},{"floor":18,"key":"Energy Potion"},{"floor":22,"key":"EssenceOfSteel"},{"floor":25,"key":"Fruit Juice"}],"is_trial":false,"path_per_floor":["M","?","?","M","M","M","E","T","T","?","$","R","M","M","R","B",null,"M","$","?","M","M","R","?","M","T","?","E","T","M","$","R","B"],"character_chosen":"THE_SILENT","items_purchased":["Caltrops","Poisoned Stab","PiercingWail","Eternal Feather"],"campfire_rested":1,"item_purchase_floors":[11,11,19,31],"current_hp_per_floor":[32,54,47,40,39,34,8,8,8,8,8,27,18,10,10,10,52,49,49,66,55,29,29,29,24,24,21,2,2,1,1,13,13,13],"gold":23,"neow_bonus":"BOSS_RELIC","is_daily":false,"chose_seed":false,"campfire_upgraded":3,"win_rate":0.0,"timestamp":1614005374,"path_taken":["M","?","?","M","M","M","E","?","T","?","?","R","M","M","R","BOSS","M","$","?","M","?","R","?","?","T","?","E","?","?","?","R","BOSS"],"items_purchased_type":["Card","Card","Card","Relic"],"build_version":"2020-12-22","purchased_purges":2,"victory":false,"max_hp_per_floor":[66,66,66,66,66,66,66,66,66,66,66,66,66,66,66,66,66,66,66,66,66,66,66,66,66,66,66,71,71,71,71,71,71,71],"relic_stats":{"counters":[16,87],"Bronze Scales":[203],"Eternal Feather":12,"Black Star":2,"Art of War":[1],"Whetstone":["Strike_G","Strike_G"],"War Paint":["Defend_G","Defend_G"],"Smiling Mask":75,"obtain_stats":[{"Vajra":26,"Eternal Feather":31,"Omamori":28,"Whetstone":9,"War Paint":7,"Smiling Mask":7,"Ninja Scroll":28,"Bronze Scales":8,"CultistMask":24,"Black Star":0,"Coffee Dripper":17,"Red Mask":27,"Art of War":29,"Ring of the Snake":0},{"Vajra":12,"Eternal Feather":15,"Omamori":14,"Whetstone":5,"War Paint":5,"Smiling Mask":5,"Ninja Scroll":14,"Bronze Scales":5,"CultistMask":11,"Black Star":0,"Coffee Dripper":8,"Red Mask":13,"Art of War":14,"Ring of the Snake":0},{"Vajra":62,"Eternal Feather":82,"Omamori":75,"Whetstone":26,"War Paint":26,"Smiling Mask":26,"Ninja Scroll":75,"Bronze Scales":26,"CultistMask":55,"Black Star":0,"Coffee Dripper":39,"Red Mask":67,"Art of War":75,"Ring of the Snake":0}]},"card_choices":[{"not_picked":["Outmaneuver","Cloak And Dagger"],"picked":"Poisoned Stab","floor":1},{"not_picked":["Quick Slash","Outmaneuver"],"picked":"Calculated Gamble","floor":4},{"not_picked":["Flechettes","Calculated Gamble","Setup"],"picked":"SKIP","floor":5},{"not_picked":["Sucker Punch","Prepared"],"picked":"Dagger Spray","floor":6},{"not_picked":["Blade Dance","Outmaneuver"],"picked":"Eviscerate","floor":7},{"not_picked":["Escape Plan","Expertise"],"picked":"Bane","floor":13},{"not_picked":["Concentrate","Deadly Poison","Finisher"],"picked":"SKIP","floor":14},{"not_picked":["Malaise","Unload"],"picked":"Wraith Form v2","floor":16},{"not_picked":["Underhanded Strike","Deflect"],"picked":"Acrobatics","floor":18},{"not_picked":["Catalyst","Cloak And Dagger+1"],"picked":"Backflip","floor":21},{"not_picked":["Doppelganger","Cloak And Dagger"],"picked":"Sucker Punch+1","floor":22},{"not_picked":["Bane","Slice","Skewer"],"picked":"SKIP","floor":25},{"not_picked":["Sucker Punch","Bane"],"picked":"Blur","floor":27},{"not_picked":["Flechettes","All Out Attack","Bane"],"picked":"SKIP","floor":28},{"not_picked":["Dodge and Roll","Eviscerate"],"picked":"After Image","floor":30}],"player_experience":1957441,"relics_obtained":[{"floor":7,"key":"Smiling Mask"},{"floor":7,"key":"War Paint"},{"floor":8,"key":"Bronze Scales"},{"floor":9,"key":"Whetstone"},{"floor":26,"key":"Vajra"},{"floor":27,"key":"Red Mask"},{"floor":28,"key":"Omamori"},{"floor":28,"key":"Ninja Scroll"},{"floor":29,"key":"Art of War"}],"event_choices":[{"damage_healed":22,"gold_gain":0,"player_choice":"Banana","damage_taken":0,"max_hp_gain":0,"max_hp_loss":0,"event_name":"Big Fish","floor":2,"gold_loss":0},{"cards_removed":["Defend_G"],"damage_healed":0,"gold_gain":0,"player_choice":"Card Removal","damage_taken":7,"max_hp_gain":0,"max_hp_loss":0,"event_name":"Golden Wing","floor":3,"gold_loss":0},{"damage_healed":0,"gold_gain":0,"cards_transformed":["Strike_G"],"player_choice":"Change","damage_taken":0,"max_hp_gain":0,"max_hp_loss":0,"event_name":"Living Wall","floor":10,"gold_loss":0,"cards_obtained":["Sucker Punch"]},{"cards_removed":["Calculated Gamble"],"damage_healed":17,"gold_gain":0,"player_choice":"Offered Uncommon","damage_taken":0,"max_hp_gain":0,"max_hp_loss":0,"event_name":"Bonfire Elementals","floor":20,"gold_loss":0},{"damage_healed":0,"gold_gain":0,"player_choice":"Trade","damage_taken":0,"relics_obtained":["CultistMask"],"max_hp_gain":0,"max_hp_loss":0,"event_name":"FaceTrader","floor":24,"gold_loss":0},{"damage_healed":0,"gold_gain":0,"player_choice":"Fought Bandits","damage_taken":0,"max_hp_gain":0,"max_hp_loss":0,"event_name":"Masked Bandits","floor":27,"gold_loss":0}],"is_beta":false,"boss_relics":[{"not_picked":["Fusion Hammer","Runic Dome"],"picked":"Coffee Dripper"}],"items_purged_floors":[11,19],"is_endless":false,"potions_floor_spawned":[4,7,14,16,18,21,22,25],"killed_by":"Collector","ascension_level":20}}