{"host":"xsuxkwaivmtd234a","time":1614006328,"event":{"mods":["BaseMod","Bestiary","Colored Map","Minty Spire (QoL Compilation)","Relic Stats","StSLib"],"gold_per_floor":[112,130,147,166,166,166,191,191,191,209,266,266,280,55,55,154,154,167,185,185,205,205,205,235,235,288,288,203,215,215,243,243,344,344,362,362,92,102,113,145,145,145,170,1,1,32,32,42,42,42,42,42,2,2,2],"floor_reached":54,"language":"ENG","playtime":2576,"items_purged":["Strike_R"],"score":1150,"play_id":"54464969-38ce-456b-a848-ec1cdd025799","local_time":"20210222100528","is_ascension_mode":true,"campfire_choices":[{"data":"Hemokinesis","floor":6,"key":"SMITH"},{"data":"Uppercut","floor":8,"key":"SMITH"},{"floor":12,"key":"REST"},{"data":"Heavy Blade","floor":15,"key":"SMITH"},{"floor":23,"key":"REST"},{"floor":27,"key":"REST"},{"data":"Whirlwind","floor":30,"key":"SMITH"},{"floor":32,"key":"REST"},{"floor":42,"key":"RECALL"},{"floor":47,"key":"REST"},{"data":"Inflame","floor":49,"key":"SMITH"},{"data":"Metallicize","floor":52,"key":"SMITH"}],"circlet_count":0,"master_deck":["AscendersBane","Strike_R","Defend_R","Defend_R","Defend_R","Defend_R","Bash","Spot Weakness","Uppercut+1","Metallicize+1","Hemokinesis+1","Inflame+1","Heavy Blade+1","Armaments+1","Shrug It Off+1","Limit Break+1","Flame Barrier+1","Double Tap+1","Power Through+1","Battle Trance+1","Entrench+1","Power Through+1","Headbutt","Whirlwind+1","True Grit+1","Offering+1","CurseOfTheBell","Power Through+1","True Grit+1","Second Wind+1","Battle Trance+1","Burning Pact+1","Apotheosis+1","Seeing Red+1","Intimidate+1","Rupture"],"relics":["SacredBark","Pen Nib","Regal Pillow","Toxic Egg 2","Velvet Choker","White Beast Statue","Centennial Puzzle","Pear","Happy Flower","Calling Bell","MealTicket","Pantograph","Unceasing Top","Medical Kit","Kunai","Prayer Wheel"],"acts_visited":["Exordium","TheCity","TheBeyond","TheEnding"],"potions_floor_usage":[7,11,11,24,24,31,31,33,33,39,40,40,40,50,50,54],"damage_taken":[{"damage":3,"enemies":"Jaw Worm","floor":1,"turns":5},{"damage":4,"enemies":"2 Louse","floor":2,"turns":3},{"damage":15,"enemies":"Small Slimes","floor":3,"turns":4},{"damage":2,"enemies":"Looter","floor":4,"turns":4},{"damage":26,"enemies":"Lagavulin","floor":7,"turns":7},{"damage":14,"enemies":"Exordium Thugs","floor":10,"turns":4},{"damage":0,"enemies":"Gremlin Nob","floor":11,"turns":2},{"damage":9,"enemies":"3 Louse","floor":13,"turns":5},{"damage":19,"enemies":"Hexaghost","floor":16,"turns":7},{"damage":5,"enemies":"Shell Parasite","floor":18,"turns":4},{"damage":9,"enemies":"Chosen","floor":19,"turns":4},{"damage":31,"enemies":"3 Cultists","floor":21,"turns":5},{"damage":18,"enemies":"Slavers","floor":24,"turns":8},{"damage":14,"enemies":"Centurion and Healer","floor":29,"turns":6},{"damage":11,"enemies":"Book of Stabbing","floor":31,"turns":3},{"damage":82,"enemies":"Collector","floor":33,"turns":9},{"damage":6,"enemies":"Orb Walker","floor":35,"turns":4},{"damage":6,"enemies":"3 Darklings","floor":38,"turns":2},{"damage":0,"enemies":"Jaw Worm Horde","floor":39,"turns":1},{"damage":11,"enemies":"Reptomancer","floor":40,"turns":7},{"damage":48,"enemies":"Giant Head","floor":46,"turns":9},{"damage":16,"enemies":"Maw","floor":48,"turns":8},{"damage":68,"enemies":"Awakened One","floor":50,"turns":14},{"damage":119,"enemies":"Shield and Spear","floor":54,"turns":6}],"seed_played":"6074524219654193178","potions_obtained":[{"floor":1,"key":"LiquidMemories"},{"floor":7,"key":"PowerPotion"},{"floor":10,"key":"BlessingOfTheForge"},{"floor":11,"key":"SteroidPotion"},{"floor":16,"key":"SpeedPotion"},{"floor":21,"key":"Dexterity Potion"},{"floor":24,"key":"BloodPotion"},{"floor":29,"key":"Swift Potion"},{"floor":31,"key":"Fire Potion"},{"floor":33,"key":"Weak Potion"},{"floor":35,"key":"SteroidPotion"},{"floor":38,"key":"Fire Potion"},{"floor":39,"key":"ColorlessPotion"},{"floor":40,"key":"LiquidMemories"},{"floor":46,"key":"AttackPotion"},{"floor":48,"key":"FearPotion"}],"is_trial":false,"path_per_floor":["M","M","M","M","?","R","E","R","T","M","?","R","M","$","R","B",null,"M","M","?","M","?","R","E","?","T","R","?","M","R","E","R","B",null,"M","?","$","M","M","E","?","R","T","$","?","E","R","M","R","B",null,"R","$","E"],"character_chosen":"IRONCLAD","items_purchased":["Limit Break+1","Flame Barrier+1","Medical Kit","True Grit+1","Apotheosis+1","Rupture"],"campfire_rested":5,"item_purchase_floors":[14,14,37,37,44,53],"current_hp_per_floor":[69,65,50,48,48,48,22,22,22,8,8,47,38,38,38,19,65,60,51,51,20,20,59,41,26,26,66,76,62,62,51,94,44,82,76,105,105,99,99,88,88,88,88,103,103,55,101,85,85,37,88,88,103,0,0],"gold":2,"neow_bonus":"BOSS_RELIC","is_daily":false,"chose_seed":false,"campfire_upgraded":6,"win_rate":0.0,"timestamp":1614006328,"path_taken":["M","M","M","M","?","R","E","R","T","M","?","R","M","$","R","BOSS","M","M","?","M","?","R","E","?","T","R","?","M","R","E","R","BOSS","M","?","$","?","M","E","?","R","T","?","?","E","R","M","R","BOSS","R","$","E"],"items_purchased_type":["Card","Card","Relic","Card","Card","Card"],"build_version":"2020-12-22","purchased_purges":1,"victory":false,"max_hp_per_floor":[80,80,80,80,80,80,80,80,80,80,80,80,80,80,80,80,80,80,80,80,80,80,80,80,85,85,85,95,95,95,95,95,95,95,95,105,105,105,105,105,105,105,105,105,105,105,105,105,105,105,105,105,105,105,105],"relic_stats":{"Regal Pillow":75,"Centennial Puzzle":[24],"Happy Flower":[20],"counters":[24,131],"Pantograph":20,"MealTicket":30,"Prayer Wheel":1,"Pen Nib":[13],"Kunai":[4],"Medical Kit":[17],"obtain_stats":[{"Regal Pillow":9,"Pear":28,"Happy Flower":31,"SacredBark":0,"Velvet Choker":17,"Pen Nib":7,"Medical Kit":37,"Burning Blood":0,"White Beast Statue":24,"Calling Bell":34,"Centennial Puzzle":26,"Pantograph":34,"MealTicket":34,"Prayer Wheel":46,"Kunai":40,"Toxic Egg 2":11,"Unceasing Top":34},{"Regal Pillow":5,"Pear":13,"Happy Flower":15,"SacredBark":0,"Velvet Choker":9,"Pen Nib":5,"Medical Kit":17,"Burning Blood":0,"White Beast Statue":13,"Calling Bell":16,"Centennial Puzzle":13,"Pantograph":16,"MealTicket":16,"Prayer Wheel":21,"Kunai":20,"Toxic Egg 2":7,"Unceasing Top":16},{"Regal Pillow":23,"Pear":62,"Happy Flower":71,"SacredBark":0,"Velvet Choker":41,"Pen Nib":23,"Medical Kit":84,"Burning Blood":0,"White Beast Statue":62,"Calling Bell":80,"Centennial Puzzle":62,"Pantograph":80,"MealTicket":80,"Prayer Wheel":103,"Kunai":94,"Toxic Egg 2":29,"Unceasing Top":80}],"Unceasing Top":[3]},"card_choices":[{"not_picked":["Blood for Blood","Iron Wave"],"picked":"Spot Weakness","floor":1},{"not_picked":["Clothesline","Clash"],"picked":"Uppercut","floor":2},{"not_picked":["True Grit","Reckless Charge"],"picked":"Metallicize","floor":3},{"not_picked":["Headbutt","Body Slam"],"picked":"Hemokinesis","floor":4},{"not_picked":["Pummel","Reckless Charge"],"picked":"Inflame","floor":7},{"not_picked":["Clash","Inflame"],"picked":"Heavy Blade","floor":10},{"not_picked":["Thunderclap","Iron Wave"],"picked":"Armaments+1","floor":11},{"not_picked":["Armaments+1","Flex+1"],"picked":"Shrug It Off+1","floor":13},{"not_picked":["Exhume+1","Juggernaut"],"picked":"Double Tap+1","floor":16},{"not_picked":["Pommel Strike","Dropkick"],"picked":"Power Through+1","floor":18},{"not_picked":["Body Slam","True Grit+1"],"picked":"Battle Trance+1","floor":19},{"not_picked":["Sword Boomerang","Flex+1"],"picked":"Rupture","floor":21},{"not_picked":["Rampage","Carnage+1"],"picked":"Exhume+1","floor":24},{"not_picked":["Feel No Pain","Twin Strike"],"picked":"Whirlwind","floor":29},{"not_picked":["Twin Strike+1","Sword Boomerang"],"picked":"True Grit+1","floor":31},{"not_picked":["Double Tap+1","Immolate"],"picked":"Offering+1","floor":33},{"not_picked":["Twin Strike","Havoc+1"],"picked":"Power Through+1","floor":35},{"not_picked":["Sword Boomerang+1","Flame Barrier+1"],"picked":"Second Wind+1","floor":38},{"not_picked":["Burning Pact+1","Anger"],"picked":"Battle Trance+1","floor":39},{"not_picked":["Juggernaut","Armaments+1"],"picked":"Burning Pact+1","floor":40},{"not_picked":["Wild Strike+1","Pommel Strike+1","Inflame"],"picked":"SKIP","floor":46},{"not_picked":["Iron Wave","Clash+1"],"picked":"Seeing Red+1","floor":48},{"not_picked":["Flex+1","Iron Wave+1"],"picked":"Intimidate+1","floor":48}],"player_experience":1339532,"relics_obtained":[{"floor":7,"key":"Pen Nib"},{"floor":9,"key":"Regal Pillow"},{"floor":11,"key":"Toxic Egg 2"},{"floor":24,"key":"White Beast Statue"},{"floor":26,"key":"Centennial Puzzle"},{"floor":31,"key":"Happy Flower"},{"floor":34,"key":"MealTicket"},{"floor":34,"key":"Pantograph"},{"floor":34,"key":"Unceasing Top"},{"floor":40,"key":"Kunai"},{"floor":46,"key":"Prayer Wheel"}],"event_choices":[{"damage_healed":0,"gold_gain":0,"player_choice":"Ignored","damage_taken":0,"max_hp_gain":0,"max_hp_loss":0,"event_name":"Liars Game","floor":5,"gold_loss":0},{"damage_healed":0,"gold_gain":0,"player_choice":"Searched \u00271\u0027 times","damage_taken":0,"max_hp_gain":0,"max_hp_loss":0,"event_name":"Dead Adventurer","floor":11,"gold_loss":0},{"damage_healed":0,"gold_gain":0,"player_choice":"Read","damage_taken":0,"max_hp_gain":0,"max_hp_loss":0,"event_name":"The Library","floor":20,"gold_loss":0,"cards_obtained":["Entrench"]},{"damage_healed":0,"gold_gain":0,"cards_transformed":["Strike_R","Strike_R"],"player_choice":"Became Test Subject","damage_taken":0,"max_hp_gain":0,"max_hp_loss":0,"event_name":"Drug Dealer","floor":22,"gold_loss":0,"cards_obtained":["Power Through","Headbutt"]},{"damage_healed":0,"gold_gain":0,"player_choice":"Shed Blood","damage_taken":20,"max_hp_gain":5,"max_hp_loss":0,"event_name":"Forgotten Altar","floor":25,"gold_loss":0},{"damage_healed":0,"gold_gain":0,"player_choice":"Obtained Relic","damage_taken":0,"relics_obtained":["Pear"],"max_hp_gain":0,"max_hp_loss":0,"event_name":"Addict","floor":28,"gold_loss":85},{"cards_removed":["Exhume"],"damage_healed":19,"gold_gain":0,"player_choice":"Offered Rare","damage_taken":0,"max_hp_gain":10,"max_hp_loss":0,"event_name":"Bonfire Elementals","floor":36,"gold_loss":0},{"cards_removed":["Strike_R"],"damage_healed":0,"gold_gain":0,"player_choice":"Purged","damage_taken":0,"max_hp_gain":0,"max_hp_loss":0,"event_name":"Purifier","floor":41,"gold_loss":0},{"cards_removed":["Rupture"],"damage_healed":0,"gold_gain":0,"player_choice":"Removed Power","damage_taken":0,"max_hp_gain":0,"max_hp_loss":0,"event_name":"Falling","floor":45,"gold_loss":0}],"is_beta":false,"boss_relics":[{"not_picked":["Philosopher\u0027s Stone","Ectoplasm"],"picked":"Velvet Choker"},{"not_picked":["Runic Cube","Sozu"],"picked":"Calling Bell"}],"items_purged_floors":[37],"is_endless":false,"potions_floor_spawned":[1,7,10,11,16,21,24,29,31,33,35,38,39,40,46,48],"killed_by":"Shield and Spear","ascension_level":10}}