{"host":"yhhyog5h1q67ienp","time":1614011138,"event":{"mods":["AchievementEnabler","BaseMod","Block Reminder","Colored Map","Colored Powertips","Minty Spire (QoL Compilation)","Quick Restart","Relic Stats","StSLib","ojb\u0027s Better Paths Mod","ojb\u0027s Info Mod"],"gold_per_floor":[114,133,21,21,36,63,63,94,117,117,150,168,10,37,37,110,110,130,130,143,143,2,2,35,35,113,133,167,167,200,90,90,169,169,184,19,19,30,49,81,81,115,115,160,160,191,191,52,52,52,52],"floor_reached":50,"language":"ENG","playtime":6108,"items_purged":["Strike_P","Strike_P","Defend_P"],"score":1520,"play_id":"25390329-8d64-4c78-9a21-c828d99b70a7","local_time":"20210222132538","is_ascension_mode":true,"campfire_choices":[{"data":"Tantrum","floor":7.0,"key":"SMITH"},{"data":"Eruption","floor":10.0,"key":"SMITH"},{"data":"CrushJoints","floor":15.0,"key":"SMITH"},{"data":"TalkToTheHand","floor":23,"key":"SMITH"},{"data":"ThirdEye","floor":32,"key":"SMITH"},{"data":"Wireheading","floor":45,"key":"SMITH"},{"data":"Wireheading","floor":47,"key":"SMITH"},{"floor":49,"key":"RECALL"}],"circlet_count":0,"master_deck":["AscendersBane","Strike_P+1","Strike_P+1","Eruption+1","Vigilance","SashWhip","FlurryOfBlows","Adaptation","FearNoEvil","Tantrum+1","ReachHeaven","Conclude","CrushJoints+1","Brilliance","Scrawl","ThirdEye+1","FearNoEvil","ClearTheMind","Ghostly","Ghostly","Ghostly","TalkToTheHand+1","MentalFortress+1","ClearTheMind","WaveOfTheHand","Wireheading+1","ThirdEye+1","Wallop","Wireheading+1"],"relics":["PureWater","NeowsBlessing","Juzu Bracelet","Akabeko","Whetstone","MealTicket","The Courier","VioletLotus","HornCleat","Singing Bowl","Letter Opener","Gremlin Horn","Black Star","Matryoshka","Strawberry","FossilizedHelix","Art of War","Anchor","GoldenEye","Bag of Preparation","Molten Egg 2","Bronze Scales"],"acts_visited":["Exordium","TheCity","TheBeyond"],"potions_floor_usage":[30,33,46,46,46],"damage_taken":[{"damage":0.0,"enemies":"Small Slimes","floor":1.0,"turns":2.0},{"damage":0.0,"enemies":"Jaw Worm","floor":2.0,"turns":1.0},{"damage":0.0,"enemies":"Cultist","floor":5.0,"turns":1.0},{"damage":24.0,"enemies":"3 Sentries","floor":6.0,"turns":8.0},{"damage":0.0,"enemies":"Lagavulin","floor":8.0,"turns":4.0},{"damage":0.0,"enemies":"Gremlin Nob","floor":11.0,"turns":2.0},{"damage":0.0,"enemies":"2 Fungi Beasts","floor":12.0,"turns":1.0},{"damage":2.0,"enemies":"3 Sentries","floor":14.0,"turns":3.0},{"damage":23.0,"enemies":"Hexaghost","floor":16.0,"turns":7.0},{"damage":6,"enemies":"3 Byrds","floor":18,"turns":4},{"damage":0,"enemies":"Chosen","floor":20,"turns":2},{"damage":8,"enemies":"Gremlin Leader","floor":24,"turns":6},{"damage":0,"enemies":"Snake Plant","floor":27,"turns":3},{"damage":5,"enemies":"Book of Stabbing","floor":28,"turns":5},{"damage":4,"enemies":"Slavers","floor":30,"turns":5},{"damage":0,"enemies":"Automaton","floor":33,"turns":6},{"damage":0,"enemies":"3 Shapes","floor":35,"turns":4},{"damage":3,"enemies":"Orb Walker","floor":38,"turns":3},{"damage":7,"enemies":"Spire Growth","floor":39,"turns":4},{"damage":0,"enemies":"Nemesis","floor":40,"turns":5},{"damage":11,"enemies":"Reptomancer","floor":42,"turns":4},{"damage":0,"enemies":"2 Orb Walkers","floor":44,"turns":3},{"damage":0,"enemies":"Giant Head","floor":46,"turns":6},{"damage":37,"enemies":"Awakened One","floor":50,"turns":6}],"seed_played":"4629072166509710740","potions_obtained":[{"floor":5.0,"key":"StancePotion"},{"floor":6.0,"key":"BlessingOfTheForge"},{"floor":8.0,"key":"Fire Potion"},{"floor":11.0,"key":"PowerPotion"},{"floor":18,"key":"AttackPotion"},{"floor":20,"key":"Dexterity Potion"},{"floor":30,"key":"PowerPotion"},{"floor":33,"key":"SteroidPotion"},{"floor":38,"key":"Strength Potion"},{"floor":46,"key":"EntropicBrew"}],"is_trial":false,"path_per_floor":["M","M","$","?","M","E","R","E","T","R","E","M","$","E","R","B",null,"M","?","M","?","$","R","E","?","T","M","E","?","E","?","R","B",null,"M","$","$","M","M","E","?","E","T","?","R","E","R","?","R","B"],"character_chosen":"WATCHER","items_purchased":["Adaptation","CrushJoints","TalkToTheHand","MentalFortress","Wireheading"],"campfire_rested":0,"item_purchase_floors":[3,13,22,22,36],"current_hp_per_floor":[61,61,61,54,54,30,30,30,30,30,30,30,45,43,43,20,56,50,50,50,34,34,34,26,26,26,28,23,23,21,21,21,23,36,38,42,42,41,34,43,43,32,32,34,34,34,34,34,34,0,0],"gold":52,"neow_bonus":"THREE_ENEMY_KILL","is_daily":false,"chose_seed":false,"campfire_upgraded":7,"win_rate":0.0,"timestamp":1614011138,"path_taken":["M","M","$","?","M","E","R","E","T","R","E","M","$","E","R","BOSS","M","?","M","?","?","R","E","?","T","M","E","?","E","?","R","BOSS","M","?","$","M","M","E","?","E","T","?","R","E","R","?","R","BOSS"],"items_purchased_type":["Card","Card","Card","Card","Card"],"build_version":"2020-12-22","purchased_purges":3,"victory":false,"max_hp_per_floor":[68,68,68,68,68,68,68,68,68,68,68,68,68,68,68,68,68,68,68,68,34,34,34,34,34,34,36,36,36,38,38,38,40,40,42,42,42,44,44,53,53,53,53,55,55,55,55,55,55,55,55],"relic_stats":{"Singing Bowl":14,"Gremlin Horn":[12,12],"counters":[24,95],"Juzu Bracelet":2,"Bag of Preparation":[2],"Whetstone":["Strike_P","Strike_P"],"Letter Opener":[69],"GoldenEye":[13],"Bronze Scales":[45],"MealTicket":19,"VioletLotus":[33],"Black Star":3,"Art of War":[0],"obtain_stats":[{"NeowsBlessing":0,"Singing Bowl":26,"Gremlin Horn":30,"The Courier":14,"Juzu Bracelet":6,"Bag of Preparation":46,"Whetstone":9,"Letter Opener":28,"GoldenEye":44,"Akabeko":8,"Anchor":43,"HornCleat":24,"Matryoshka":40,"Strawberry":40,"Bronze Scales":48,"MealTicket":11,"Molten Egg 2":46,"VioletLotus":17,"Black Star":34,"Art of War":42,"PureWater":0,"FossilizedHelix":42},{"NeowsBlessing":0,"Singing Bowl":12,"Gremlin Horn":15,"The Courier":8,"Juzu Bracelet":4,"Bag of Preparation":23,"Whetstone":5,"Letter Opener":14,"GoldenEye":22,"Akabeko":5,"Anchor":21,"HornCleat":12,"Matryoshka":20,"Strawberry":20,"Bronze Scales":23,"MealTicket":6,"Molten Egg 2":23,"VioletLotus":9,"Black Star":16,"Art of War":21,"PureWater":0,"FossilizedHelix":21},{"NeowsBlessing":0,"Singing Bowl":41,"Gremlin Horn":54,"The Courier":22,"Juzu Bracelet":12,"Bag of Preparation":89,"Whetstone":16,"Letter Opener":49,"GoldenEye":83,"Akabeko":16,"Anchor":80,"HornCleat":41,"Matryoshka":76,"Strawberry":76,"Bronze Scales":89,"MealTicket":18,"Molten Egg 2":89,"VioletLotus":29,"Black Star":60,"Art of War":80,"PureWater":0,"FossilizedHelix":80}]},"card_choices":[{"not_picked":["Halt","WindmillStrike"],"picked":"SashWhip","floor":1.0},{"not_picked":["Crescendo","ClearTheMind"],"picked":"FlurryOfBlows","floor":2.0},{"not_picked":["Collect","ThirdEye"],"picked":"FearNoEvil","floor":5.0},{"not_picked":["EmptyBody","Consecrate"],"picked":"Tantrum","floor":6.0},{"not_picked":["Swivel","WreathOfFlame"],"picked":"ReachHeaven","floor":8.0},{"not_picked":["Study","Perseverance","Pray"],"picked":"SKIP","floor":11.0},{"not_picked":["Evaluate","Sanctity"],"picked":"Conclude","floor":12.0},{"not_picked":["Swivel","Worship"],"picked":"Brilliance","floor":14.0},{"not_picked":["Omniscience","SpiritShield"],"picked":"Scrawl","floor":16.0},{"not_picked":["Crescendo","BowlingBash"],"picked":"ThirdEye","floor":18},{"not_picked":["PathToVictory","Prostrate"],"picked":"ClearTheMind","floor":20},{"not_picked":["Prostrate","SashWhip+1"],"picked":"ClearTheMind","floor":24},{"not_picked":["EmptyBody","ThirdEye","EmptyFist"],"picked":"Singing Bowl","floor":27},{"not_picked":["Collect","ClearTheMind"],"picked":"WaveOfTheHand","floor":28},{"not_picked":["SashWhip","PathToVictory","BowlingBash"],"picked":"Singing Bowl","floor":30},{"not_picked":["DeusExMachina","Scrawl","Alpha"],"picked":"Singing Bowl","floor":33},{"not_picked":["Protect+1","EmptyFist","Evaluate+1"],"picked":"Singing Bowl","floor":35},{"not_picked":["Halt","SashWhip","Swivel+1"],"picked":"Singing Bowl","floor":38},{"not_picked":["Sanctity","EmptyBody"],"picked":"ThirdEye+1","floor":39},{"not_picked":["ForeignInfluence","EmptyBody+1","Fasting2"],"picked":"Singing Bowl","floor":40},{"not_picked":["Pray","ReachHeaven+1"],"picked":"Wallop","floor":42},{"not_picked":["FollowUp","ForeignInfluence+1","Prostrate"],"picked":"Singing Bowl","floor":44},{"not_picked":["DeusExMachina","EmptyBody+1"],"picked":"Wireheading","floor":46}],"player_experience":1516513,"relics_obtained":[{"floor":6.0,"key":"Juzu Bracelet"},{"floor":8.0,"key":"Akabeko"},{"floor":9.0,"key":"Whetstone"},{"floor":11.0,"key":"MealTicket"},{"floor":14.0,"key":"The Courier"},{"floor":24,"key":"HornCleat"},{"floor":26,"key":"Singing Bowl"},{"floor":28,"key":"Letter Opener"},{"floor":30,"key":"Gremlin Horn"},{"floor":40,"key":"Matryoshka"},{"floor":40,"key":"Strawberry"},{"floor":42,"key":"FossilizedHelix"},{"floor":42,"key":"Art of War"},{"floor":43,"key":"Anchor"},{"floor":44,"key":"GoldenEye"},{"floor":46,"key":"Bag of Preparation"},{"floor":46,"key":"Molten Egg 2"}],"event_choices":[{"cards_removed":["Defend_P"],"damage_healed":0.0,"max_hp_gain":0.0,"max_hp_loss":0.0,"gold_gain":0.0,"event_name":"Golden Wing","player_choice":"Card Removal","floor":4.0,"gold_loss":0.0,"damage_taken":7.0},{"damage_healed":0,"gold_gain":0,"player_choice":"Read","damage_taken":0,"max_hp_gain":0,"max_hp_loss":0,"event_name":"The Library","floor":19,"gold_loss":0,"cards_obtained":["FearNoEvil"]},{"damage_healed":0,"gold_gain":0,"player_choice":"Became a Ghost","damage_taken":0,"max_hp_gain":0,"max_hp_loss":34,"event_name":"Ghosts","floor":21,"gold_loss":0,"cards_obtained":["Ghostly","Ghostly","Ghostly"]},{"damage_healed":0,"gold_gain":0,"player_choice":"Ignored","damage_taken":0,"max_hp_gain":0,"max_hp_loss":0,"event_name":"The Mausoleum","floor":25,"gold_loss":0},{"damage_healed":0,"gold_gain":0,"player_choice":"Ignored","damage_taken":0,"max_hp_gain":0,"max_hp_loss":0,"event_name":"Vampires","floor":29,"gold_loss":0},{"cards_removed":["Defend_P"],"damage_healed":0,"gold_gain":0,"player_choice":"Upgrade and Remove","damage_taken":0,"max_hp_gain":0,"max_hp_loss":0,"event_name":"Designer","floor":31,"gold_loss":110,"cards_upgraded":["MentalFortress"]},{"cards_removed":["Defend_P"],"damage_healed":0,"gold_gain":0,"player_choice":"Removed Skill","damage_taken":0,"max_hp_gain":0,"max_hp_loss":0,"event_name":"Falling","floor":41,"gold_loss":0},{"damage_healed":0,"gold_gain":0,"player_choice":"Fight","damage_taken":0,"max_hp_gain":0,"max_hp_loss":0,"event_name":"Mysterious Sphere","floor":44,"gold_loss":0},{"damage_healed":0,"gold_gain":0,"player_choice":"Paid Gold","damage_taken":0,"relics_obtained":["Bronze Scales"],"max_hp_gain":0,"max_hp_loss":0,"event_name":"WeMeetAgain","floor":48,"gold_loss":139}],"is_beta":false,"boss_relics":[{"not_picked":["Velvet Choker","Tiny House"],"picked":"VioletLotus"},{"not_picked":["Pandora\u0027s Box","Fusion Hammer"],"picked":"Black Star"}],"items_purged_floors":[3,13,36],"is_endless":false,"potions_floor_spawned":[5,6,8,11,12,18,20,30,33,38,42,46],"killed_by":"Awakened One","ascension_level":20}}