{"host":"u1ja96cwu1wu8jpx","time":1614016624,"event":{"mods":["BaseMod","Better Match","Colored Map","Minty Spire (QoL Compilation)","Permanent Neow","StSLib"],"gold_per_floor":[112,136,151,164,182,182,199,274,274,302,302,38,38,38,38,135,135,145,70,70,9,22,57,57,57,57,57,57],"floor_reached":27,"language":"ENG","playtime":5949,"items_purged":["Regret"],"score":239,"play_id":"7db8575c-a2b6-47d3-b1d4-934007a29b69","local_time":"20210222125704","is_ascension_mode":true,"campfire_choices":[{"floor":6.0,"key":"REST"},{"floor":15.0,"key":"REST"}],"circlet_count":0,"master_deck":["Strike_B","Strike_B","Strike_B","Strike_B","Defend_B","Defend_B","Defend_B","Zap","Dualcast","Secret Technique","Redo","Cold Snap","Redo","Coolheaded","Capacitor","Apotheosis+1","Creative AI+1","Loop+1"],"relics":["Cracked Core","Tiny Chest","TungstenRod","Toxic Egg 2","Eternal Feather","Frozen Egg 2","Runic Pyramid","Art of War","HornCleat","CaptainsWheel","Mummified Hand","Spirit Poop"],"acts_visited":["Exordium","TheCity"],"potions_floor_usage":[],"damage_taken":[{"damage":0.0,"enemies":"Cultist","floor":1.0,"turns":3.0},{"damage":0.0,"enemies":"Small Slimes","floor":3.0,"turns":3.0},{"damage":1.0,"enemies":"Jaw Worm","floor":4.0,"turns":4.0},{"damage":13.0,"enemies":"Large Slime","floor":5.0,"turns":5.0},{"damage":0.0,"enemies":"3 Louse","floor":7.0,"turns":4.0},{"damage":18.0,"enemies":"3 Sentries","floor":10.0,"turns":8.0},{"damage":19.0,"enemies":"Slime Boss","floor":16.0,"turns":11.0},{"damage":5.0,"enemies":"Shell Parasite","floor":18.0,"turns":11.0},{"damage":2.0,"enemies":"3 Byrds","floor":22.0,"turns":5.0},{"damage":36.0,"enemies":"Slavers","floor":23.0,"turns":7.0},{"damage":28,"enemies":"Cultist and Chosen","floor":27,"turns":4}],"seed_played":"4698498057145439268","potions_obtained":[{"floor":3.0,"key":"ColorlessPotion"},{"floor":7.0,"key":"SpeedPotion"},{"floor":16.0,"key":"CultistPotion"}],"is_trial":false,"path_per_floor":["M","T","M","M","M","R","M","?","T","E","?","$","T","$","R","B",null,"M","?","?","?","M","E","T","?","T","M"],"character_chosen":"DEFECT","items_purchased":["Apotheosis+1"],"campfire_rested":2,"item_purchase_floors":[12],"current_hp_per_floor":[68,68,68,67,54,68,68,57,57,39,39,39,39,39,68,49,68,63,63,63,63,61,25,25,25,25,0,0],"gold":57,"neow_bonus":"RANDOM_COLORLESS_2","is_daily":false,"chose_seed":false,"campfire_upgraded":0,"win_rate":0.0,"timestamp":1614016624,"path_taken":["M","?","M","M","?","R","M","?","T","E","?","$","?","$","R","BOSS","M","?","?","?","M","E","?","?","T","?"],"items_purchased_type":["Card"],"build_version":"2020-12-22","purchased_purges":1,"victory":false,"max_hp_per_floor":[68,68,68,68,68,68,68,68,68,68,68,68,68,68,68,68,68,68,68,68,68,68,68,68,68,68,68,68],"card_choices":[{"not_picked":["Violence","Chrysalis"],"picked":"Secret Technique","floor":0.0},{"not_picked":["Barrage","Steam","Heatsinks"],"picked":"SKIP","floor":1.0},{"not_picked":["Compile Driver","Stack"],"picked":"Redo","floor":3.0},{"not_picked":["Hologram","Turbo"],"picked":"Cold Snap","floor":4.0},{"not_picked":["Steam Power","Leap"],"picked":"Redo","floor":5.0},{"not_picked":["Force Field","Ball Lightning"],"picked":"Coolheaded","floor":7.0},{"not_picked":["Coolheaded+1","Barrage"],"picked":"Capacitor","floor":10.0},{"not_picked":["Multi-Cast+1","Reboot+1"],"picked":"Creative AI+1","floor":16.0},{"not_picked":["Force Field+1","Compile Driver"],"picked":"Loop+1","floor":18.0},{"not_picked":["Rip and Tear","Leap+1","Coolheaded+1"],"picked":"SKIP","floor":22.0},{"not_picked":["Stack+1","Ball Lightning","Beam Cell"],"picked":"SKIP","floor":23.0}],"player_experience":486103,"relics_obtained":[{"floor":2.0,"key":"Tiny Chest"},{"floor":9.0,"key":"TungstenRod"},{"floor":10.0,"key":"Toxic Egg 2"},{"floor":13.0,"key":"Frozen Egg 2"},{"floor":23.0,"key":"CaptainsWheel"},{"floor":24.0,"key":"Mummified Hand"}],"event_choices":[{"damage_healed":0.0,"max_hp_gain":0.0,"max_hp_loss":0.0,"gold_gain":75.0,"event_name":"World of Goop","player_choice":"Gather Gold","floor":8.0,"gold_loss":0.0,"damage_taken":11.0},{"damage_healed":0.0,"max_hp_gain":0.0,"max_hp_loss":0.0,"gold_gain":0.0,"event_name":"Big Fish","player_choice":"Box","floor":11.0,"gold_loss":0.0,"damage_taken":0.0,"relics_obtained":["Eternal Feather"],"cards_obtained":["Regret"]},{"cards_removed":["Defend_B"],"damage_healed":0.0,"max_hp_gain":0.0,"max_hp_loss":0.0,"gold_gain":0.0,"event_name":"Beggar","player_choice":"Gave Gold","floor":19.0,"gold_loss":75.0,"damage_taken":0.0},{"damage_healed":0.0,"max_hp_gain":0.0,"max_hp_loss":0.0,"gold_gain":0.0,"event_name":"The Mausoleum","player_choice":"Opened","floor":20.0,"gold_loss":0.0,"damage_taken":0.0,"relics_obtained":["Art of War"],"cards_obtained":["Writhe"]},{"damage_healed":0.0,"max_hp_gain":0.0,"max_hp_loss":0.0,"gold_gain":0.0,"event_name":"WeMeetAgain","player_choice":"Paid Gold","floor":21.0,"gold_loss":61.0,"damage_taken":0.0,"relics_obtained":["HornCleat"]},{"cards_removed":["Writhe"],"damage_healed":0.0,"max_hp_gain":0.0,"max_hp_loss":0.0,"gold_gain":0.0,"event_name":"Bonfire Elementals","player_choice":"Offered Curse","floor":25.0,"gold_loss":0.0,"damage_taken":0.0,"relics_obtained":["Spirit Poop"]}],"is_beta":false,"boss_relics":[{"not_picked":["Busted Crown","SacredBark"],"picked":"Runic Pyramid"}],"items_purged_floors":[12],"is_endless":false,"potions_floor_spawned":[3,7,16],"killed_by":"Cultist and Chosen","ascension_level":1}}