{"host":"rg29p8m4aqjozpzt","time":1614018058,"event":{"mods":["100% Spire Juice","Aspiration","Bartender","BaseMod","Beaked The Cultist","Better Altar","Better Match","Better Sensory Stone","Better Skull","Better Third Choice","BetterRewards","Chen","Colored Powertips","Conspire","Downfall","Friendly Minions","Hermit","Hubris","JesterMod","Magitek Elite","Minty Spire (QoL Compilation)","Permanent Neow","Prisma Mod","QueenMod","Quick Restart","Relic Filter","Reorder Act Four","Shade Mod","StSLib","SuperFastMode","The Alterego","The Marked","The Runesmith","Unceasing Turn Reminder"],"gold_per_floor":[99,111,561,606,626,626,626,626],"floor_reached":6,"language":"ENG","playtime":636,"items_purged":[],"score":34,"play_id":"2082d3c2-29d3-454c-afb3-128a27f27fd7","local_time":"20210222192058","is_ascension_mode":false,"campfire_choices":[{"data":"bronze:Goto","floor":1,"key":"SMITH"}],"circlet_count":0,"master_deck":["bronze:Strike","bronze:Strike","bronze:Strike","bronze:Strike","bronze:Defend","bronze:Defend","bronze:Defend","bronze:Defend","bronze:Replicate","bronze:Goto+1","bronze:Break","downfall:Icky","downfall:Icky","downfall:Icky","bronze:Safeguard"],"relics":["bronze:BronzeCore","conspire:TopHat"],"acts_visited":["Exordium"],"potions_floor_usage":[6,6],"damage_taken":[{"damage":0,"enemies":"conspire:RoseBush","floor":2,"turns":2},{"damage":44,"enemies":"conspire:MimicChest","floor":4,"turns":8},{"damage":8,"enemies":"Jaw Worm","floor":5,"turns":7},{"damage":21,"enemies":"Gremlin Nob","floor":6,"turns":3}],"seed_played":"3471468910114566310","potions_obtained":[{"floor":2,"key":"Strength Potion"},{"floor":4,"key":"DistilledChaos"},{"floor":5,"key":"Energy Potion"}],"is_trial":false,"path_per_floor":["R","M","?","?","M","E"],"character_chosen":"THE_AUTOMATON","items_purchased":[],"campfire_rested":0,"item_purchase_floors":[],"current_hp_per_floor":[70,70,70,26,18,0,0,0],"gold":626,"neow_bonus":"ONE_RANDOM_RARE_CARD","is_daily":false,"chose_seed":false,"campfire_upgraded":1,"win_rate":0.0,"timestamp":1614018058,"path_taken":["R","M","?","?","M","E"],"items_purchased_type":[],"build_version":"2020-12-22","purchased_purges":0,"victory":false,"max_hp_per_floor":[70,70,70,70,70,70,70,70],"card_choices":[{"not_picked":["bronze:GetLatest","bronze:Philosophize","bronze:WildBeam"],"picked":"SKIP","floor":2},{"not_picked":["bronze:BronzeArmor","bronze:Overheat"],"picked":"bronze:Safeguard","floor":4},{"not_picked":["bronze:Branch","bronze:DelayedGuard","bronze:WildBeam"],"picked":"SKIP","floor":5}],"player_experience":1587557,"relics_obtained":[{"floor":4,"key":"conspire:TopHat"}],"event_choices":[],"is_beta":false,"boss_relics":[],"items_purged_floors":[],"is_endless":false,"potions_floor_spawned":[2,4,5],"killed_by":"Gremlin Nob","ascension_level":0}}