{"host":"iudiqz5bwex5meyb","time":1614008928,"event":{"mods":["AchievementEnabler","BaseMod","Block Reminder","Colored Map","Minty Spire (QoL Compilation)","StSLib","ojb\u0027s Better Paths Mod","ojb\u0027s Info Mod"],"gold_per_floor":[116,134,154,124,141,170,181,181,181,215,226,239,239,256,256,256,256],"floor_reached":16,"language":"ENG","playtime":879,"items_purged":[],"score":128,"play_id":"553cbb4a-0c4b-4a76-b30b-7b26b4fd4e96","local_time":"20210222094848","is_ascension_mode":true,"campfire_choices":[{"floor":8,"key":"REST"},{"floor":13,"key":"REST"},{"data":"Hologram","floor":15,"key":"SMITH"}],"circlet_count":0,"master_deck":["Strike_B","Strike_B","Strike_B","Strike_B","Defend_B","Defend_B","Defend_B","Defend_B","Zap","Dualcast","White Noise","Stack","Stack","Defragment","Conserve Battery","Conserve Battery","Hologram+1","Tempest","Cold Snap","Heatsinks"],"relics":["Cracked Core","Du-Vu Doll","Kunai","Smiling Mask"],"acts_visited":["Exordium"],"potions_floor_usage":[6,7,11,12,16,16],"damage_taken":[{"damage":0,"enemies":"2 Louse","floor":1,"turns":1},{"damage":1,"enemies":"Cultist","floor":2,"turns":4},{"damage":5,"enemies":"Jaw Worm","floor":3,"turns":3},{"damage":5,"enemies":"Blue Slaver","floor":5,"turns":4},{"damage":20,"enemies":"3 Sentries","floor":6,"turns":7},{"damage":0,"enemies":"Looter","floor":7,"turns":1},{"damage":24,"enemies":"Lagavulin","floor":10,"turns":8},{"damage":18,"enemies":"Large Slime","floor":11,"turns":6},{"damage":0,"enemies":"Blue Slaver","floor":12,"turns":4},{"damage":3,"enemies":"Looter","floor":14,"turns":4},{"damage":32,"enemies":"Slime Boss","floor":16,"turns":5}],"seed_played":"-6369587485143881732","potions_obtained":[{"floor":2,"key":"Dexterity Potion"},{"floor":4,"key":"Energy Potion"},{"floor":4,"key":"SteroidPotion"},{"floor":6,"key":"Fire Potion"},{"floor":7,"key":"FocusPotion"},{"floor":11,"key":"ColorlessPotion"},{"floor":14,"key":"Regen Potion"}],"is_trial":false,"path_per_floor":["M","M","M","?","M","E","M","R","T","E","M","M","R","M","R","B"],"character_chosen":"DEFECT","items_purchased":[],"campfire_rested":2,"item_purchase_floors":[],"current_hp_per_floor":[54,53,48,48,43,23,23,45,45,21,3,3,25,22,22,0,0],"gold":256,"neow_bonus":"ONE_RARE_RELIC","is_daily":false,"chose_seed":false,"campfire_upgraded":1,"win_rate":0.0,"timestamp":1614008928,"path_taken":["M","M","M","?","M","E","M","R","T","E","M","M","R","M","R","BOSS"],"items_purchased_type":[],"build_version":"2020-12-22","purchased_purges":0,"victory":false,"max_hp_per_floor":[75,75,75,75,75,75,75,75,75,75,75,75,75,75,75,75,75],"card_choices":[{"not_picked":["Rebound","Ball Lightning"],"picked":"White Noise","floor":1},{"not_picked":["Streamline","Chaos"],"picked":"Stack","floor":2},{"not_picked":["Redo","Barrage"],"picked":"Stack","floor":3},{"not_picked":["Rainbow","Cold Snap"],"picked":"Defragment","floor":5},{"not_picked":["Rebound","Steam"],"picked":"Conserve Battery","floor":6},{"not_picked":["Streamline","Recycle"],"picked":"Conserve Battery","floor":7},{"not_picked":["Reboot","Redo"],"picked":"Hologram","floor":10},{"not_picked":["Compile Driver","Ball Lightning"],"picked":"Tempest","floor":11},{"not_picked":["Go for the Eyes","Conserve Battery"],"picked":"Cold Snap","floor":12},{"not_picked":["Ball Lightning","BootSequence"],"picked":"Heatsinks","floor":14}],"player_experience":361107,"relics_obtained":[{"floor":6,"key":"Kunai"},{"floor":10,"key":"Smiling Mask"}],"event_choices":[{"damage_healed":0,"gold_gain":0,"player_choice":"Bought 2 Potions","damage_taken":0,"max_hp_gain":0,"max_hp_loss":0,"event_name":"The Woman in Blue","floor":4,"gold_loss":0}],"is_beta":false,"boss_relics":[],"items_purged_floors":[],"is_endless":false,"potions_floor_spawned":[2,6,7,11,14],"killed_by":"Slime Boss","ascension_level":2}}