{"host":"qxeepl7ydvsgmfdb","time":1614014996,"event":{"mods":["AchievementEnabler","BaseMod","Colored Powertips","Minty Spire (QoL Compilation)","Quick Restart","slay the spire mod where everything is the same but ironclad has a cowboy hat"],"gold_per_floor":[119,119,194,119,137,171,171,205,205,223,243,243,262,279,279,355,355,372,372,372,20,30,30,55,55,55,84,84,84,119,119,119,193,193,208,233,31,31,84,84,84,84,84,118,135,170,223,11,11,11],"floor_reached":51,"language":"ENG","playtime":1638,"items_purged":["Strike_G","Strike_G"],"score":1626,"play_id":"a010bd17-9a5c-4fab-8179-ceff666aebcf","local_time":"20210222122956","is_ascension_mode":true,"campfire_choices":[{"data":"Noxious Fumes","floor":7.0,"key":"SMITH"},{"floor":12.0,"key":"REST"},{"floor":15.0,"key":"REST"},{"data":"Distraction","floor":23,"key":"SMITH"},{"floor":28,"key":"REST"},{"floor":32,"key":"REST"},{"floor":40,"key":"DIG"},{"floor":42,"key":"DIG"},{"floor":49,"key":"REST"}],"circlet_count":0,"master_deck":["AscendersBane","Strike_G","Strike_G","Defend_G","Defend_G","Defend_G","Defend_G","Defend_G","Survivor","Neutralize","Accuracy","Slice","Noxious Fumes+1","Distraction+1","Blade Dance+1","Cloak And Dagger+1","Deadly Poison+1","Phantasmal Killer+1","Dagger Spray","Footwork","Cloak And Dagger+1","Terror+1","Cloak And Dagger+1","Distraction+1","Accuracy","Blade Dance+1"],"relics":["Ring of the Snake","NeowsBlessing","HornCleat","Shuriken","PreservedInsect","Toxic Egg 2","Busted Crown","MutagenicStrength","Snake Skull","Blue Candle","Ninja Scroll","Letter Opener","Boot","Dream Catcher","WristBlade","WingedGreaves","Blood Vial","Shovel","Mercury Hourglass","Singing Bowl","Sundial","Eternal Feather","Meat on the Bone","Pantograph","Nunchaku"],"acts_visited":["Exordium","TheCity","TheBeyond"],"potions_floor_usage":[16,22,24,27,39,50],"damage_taken":[{"damage":0.0,"enemies":"Jaw Worm","floor":1.0,"turns":1.0},{"damage":0.0,"enemies":"2 Louse","floor":5.0,"turns":1.0},{"damage":0.0,"enemies":"Lagavulin","floor":6.0,"turns":1.0},{"damage":24.0,"enemies":"3 Sentries","floor":8.0,"turns":8.0},{"damage":0.0,"enemies":"Cultist","floor":10.0,"turns":4.0},{"damage":12.0,"enemies":"Exordium Wildlife","floor":11.0,"turns":3.0},{"damage":4.0,"enemies":"3 Louse","floor":13.0,"turns":3.0},{"damage":2.0,"enemies":"Blue Slaver","floor":14.0,"turns":3.0},{"damage":10,"enemies":"Hexaghost","floor":16,"turns":7},{"damage":21,"enemies":"Shell Parasite","floor":18,"turns":4},{"damage":0,"enemies":"2 Thieves","floor":22,"turns":2},{"damage":6,"enemies":"Slavers","floor":24,"turns":4},{"damage":8,"enemies":"Book of Stabbing","floor":27,"turns":3},{"damage":0,"enemies":"Gremlin Leader","floor":30,"turns":3},{"damage":4,"enemies":"Collector","floor":33,"turns":5},{"damage":22,"enemies":"3 Shapes","floor":35,"turns":3},{"damage":0,"enemies":"Mind Bloom Boss Battle","floor":36,"turns":4},{"damage":0,"enemies":"2 Orb Walkers","floor":39,"turns":2},{"damage":0,"enemies":"Nemesis","floor":44,"turns":1},{"damage":9,"enemies":"3 Darklings","floor":45,"turns":3},{"damage":2,"enemies":"Giant Head","floor":46,"turns":2},{"damage":62,"enemies":"Awakened One","floor":50,"turns":7}],"seed_played":"-4037128601947103570","potions_obtained":[{"floor":5.0,"key":"Swift Potion"},{"floor":6.0,"key":"Regen Potion"},{"floor":8.0,"key":"GamblersBrew"},{"floor":16,"key":"Explosive Potion"},{"floor":22,"key":"EssenceOfSteel"},{"floor":24,"key":"AttackPotion"},{"floor":33,"key":"Weak Potion"},{"floor":35,"key":"GamblersBrew"},{"floor":36,"key":"SteroidPotion"}],"is_trial":false,"path_per_floor":["M","?","?","?","M","E","R","E","T","M","M","R","M","M","R","B",null,"M","?","?","$","M","R","E","?","T","E","R","$","E","?","R","B",null,"M","?","$","?","?","R","T","R","T","E","M","E","T","$","R","B",null],"character_chosen":"THE_SILENT","items_purchased":["Snake Skull","Dagger Spray","Footwork","Blood Vial","Cloak And Dagger+1","Accuracy","Blade Dance+1"],"campfire_rested":5,"item_purchase_floors":[21,21,21,37,37,48,48],"current_hp_per_floor":[59,59,48,48,48,48,48,39,39,39,27,46,42,40,59,49,62,41,41,41,41,41,41,35,35,35,27,46,46,46,46,65,61,65,43,43,43,43,45,45,45,45,45,49,44,44,44,44,72,22],"gold":11,"neow_bonus":"THREE_ENEMY_KILL","is_daily":false,"chose_seed":false,"campfire_upgraded":2,"win_rate":0.0,"timestamp":1614014996,"path_taken":["M","?","?","?","M","E","R","E","T","?","M","R","M","M","R","BOSS","M","?","?","?","?","R","E","?","T","E","R","$","E","?","R","BOSS","M","?","$","?","?","R","?","R","T","E","M","E","?","?","R","BOSS"],"items_purchased_type":["Relic","Card","Card","Relic","Card","Card","Card"],"build_version":"2020-12-22","purchased_purges":2,"victory":true,"max_hp_per_floor":[66,66,66,66,66,66,66,66,66,66,66,66,66,66,66,66,66,66,66,66,66,66,66,66,66,66,66,66,66,66,66,66,66,66,66,66,66,66,66,66,66,66,66,68,70,70,70,70,72,72],"card_choices":[{"not_picked":["PiercingWail","Endless Agony"],"picked":"Accuracy","floor":1.0},{"not_picked":["Backflip","Dash"],"picked":"Slice","floor":5.0},{"not_picked":["Acrobatics","Backflip"],"picked":"Noxious Fumes","floor":6.0},{"not_picked":["Sucker Punch","Endless Agony"],"picked":"Distraction","floor":8.0},{"not_picked":["Backflip+1","Accuracy","Acrobatics+1"],"picked":"SKIP","floor":10.0},{"not_picked":["Dash","Underhanded Strike"],"picked":"Blade Dance+1","floor":11.0},{"not_picked":["Deadly Poison+1","Dodge and Roll+1"],"picked":"Cloak And Dagger+1","floor":13.0},{"not_picked":["Accuracy","Dodge and Roll+1"],"picked":"Deadly Poison+1","floor":14.0},{"not_picked":["Grand Finale","Storm of Steel+1"],"picked":"Phantasmal Killer+1","floor":16},{"not_picked":["Tactician+1"],"picked":"SKIP","floor":18},{"not_picked":["Escape Plan+1"],"picked":"SKIP","floor":22},{"not_picked":["Footwork"],"picked":"SKIP","floor":24},{"not_picked":[],"picked":"Cloak And Dagger+1","floor":27},{"not_picked":[],"picked":"Terror+1","floor":30},{"not_picked":["Poisoned Stab"],"picked":"SKIP","floor":35},{"not_picked":["Acrobatics+1"],"picked":"Singing Bowl","floor":44},{"not_picked":["Sucker Punch+1"],"picked":"Singing Bowl","floor":45},{"not_picked":[],"picked":"Distraction+1","floor":46},{"not_picked":["Dagger Throw"],"picked":"Singing Bowl","floor":49}],"player_experience":200953,"relics_obtained":[{"floor":6.0,"key":"Shuriken"},{"floor":8.0,"key":"PreservedInsect"},{"floor":9.0,"key":"Toxic Egg 2"},{"floor":24,"key":"Blue Candle"},{"floor":26,"key":"Letter Opener"},{"floor":27,"key":"Boot"},{"floor":30,"key":"Dream Catcher"},{"floor":36,"key":"WingedGreaves"},{"floor":39,"key":"Shovel"},{"floor":40,"key":"Mercury Hourglass"},{"floor":41,"key":"Singing Bowl"},{"floor":42,"key":"Sundial"},{"floor":43,"key":"Eternal Feather"},{"floor":44,"key":"Meat on the Bone"},{"floor":46,"key":"Pantograph"},{"floor":47,"key":"Nunchaku"}],"event_choices":[{"damage_healed":0.0,"max_hp_gain":0.0,"max_hp_loss":0.0,"gold_gain":0.0,"event_name":"Big Fish","player_choice":"Box","floor":2.0,"gold_loss":0.0,"damage_taken":0.0,"relics_obtained":["HornCleat"],"cards_obtained":["Regret"]},{"damage_healed":0.0,"max_hp_gain":0.0,"max_hp_loss":0.0,"gold_gain":75.0,"event_name":"World of Goop","player_choice":"Gather Gold","floor":3.0,"gold_loss":0.0,"damage_taken":11.0},{"cards_removed":["Regret"],"damage_healed":0.0,"max_hp_gain":0.0,"max_hp_loss":0.0,"gold_gain":0.0,"event_name":"The Cleric","player_choice":"Card Removal","floor":4.0,"gold_loss":75.0,"damage_taken":0.0},{"damage_healed":0,"gold_gain":0,"player_choice":"Inject Mutagens","damage_taken":0,"relics_obtained":["MutagenicStrength"],"max_hp_gain":0,"max_hp_loss":0,"event_name":"Drug Dealer","floor":19,"gold_loss":0},{"damage_healed":0,"gold_gain":0,"player_choice":"Ignored","damage_taken":0,"max_hp_gain":0,"max_hp_loss":0,"event_name":"Vampires","floor":20,"gold_loss":0},{"damage_healed":0,"gold_gain":0,"player_choice":"Stole Relic","damage_taken":0,"relics_obtained":["Ninja Scroll"],"max_hp_gain":0,"max_hp_loss":0,"event_name":"Addict","floor":25,"gold_loss":0,"cards_obtained":["Shame"]},{"cards_removed":["Shame"],"damage_healed":0,"gold_gain":0,"player_choice":"Elegance","damage_taken":0,"max_hp_gain":0,"max_hp_loss":0,"event_name":"Back to Basics","floor":31,"gold_loss":0},{"damage_healed":0,"gold_gain":0,"player_choice":"Fight","damage_taken":0,"max_hp_gain":0,"max_hp_loss":0,"event_name":"MindBloom","floor":36,"gold_loss":0},{"cards_removed":["Strike_G"],"damage_healed":0,"gold_gain":0,"player_choice":"Removed Attack","damage_taken":0,"max_hp_gain":0,"max_hp_loss":0,"event_name":"Falling","floor":38,"gold_loss":0},{"damage_healed":0,"gold_gain":0,"player_choice":"Fight","damage_taken":0,"max_hp_gain":0,"max_hp_loss":0,"event_name":"Mysterious Sphere","floor":39,"gold_loss":0}],"is_beta":false,"boss_relics":[{"not_picked":["Sozu","Astrolabe"],"picked":"Busted Crown"},{"not_picked":["Philosopher\u0027s Stone","Pandora\u0027s Box"],"picked":"WristBlade"}],"items_purged_floors":[21,48],"is_endless":false,"potions_floor_spawned":[5,6,8,16,22,24,33,35,36],"ascension_level":18}}