{"host":"snd6571rw3150vxe","time":1614014539,"event":{"mods":["AchievementEnabler","BaseMod","Bestiary","Colored Powertips","Highlight Path","Minty Spire (QoL Compilation)","Quick Restart","Random Character Button","Relic Stats","StSLib","slay the spire mod where everything is the same but ironclad has a cowboy hat"],"gold_per_floor":[119,194,194,369,387,387,123,155,182,216,230,85,85,98,98,201,201,219,237,237,237,203,203,236,259,259,359,382,382,356,58,58,169,169,193,47,0,21,21,21,58,117,198,524,524,578,600,654,654,654],"floor_reached":51,"language":"ENG","playtime":1895,"items_purged":["Doubt"],"score":1025,"play_id":"69065d66-493f-445a-b6b3-2dada35e3c50","local_time":"20210222192219","is_ascension_mode":true,"campfire_choices":[{"floor":6,"key":"REST"},{"floor":13,"key":"REST"},{"data":"Accuracy","floor":15,"key":"SMITH"},{"data":"Blade Dance","floor":23,"key":"SMITH"},{"data":"Finisher","floor":29,"key":"SMITH"},{"data":"Accuracy","floor":32,"key":"SMITH"},{"data":"Deadly Poison","floor":40,"key":"SMITH"},{"data":"Catalyst","floor":45,"key":"SMITH"},{"data":"Well Laid Plans","floor":49,"key":"SMITH"}],"circlet_count":0,"master_deck":["Strike_G","Strike_G","Strike_G","Strike_G","Strike_G","Defend_G","Defend_G","Defend_G","Defend_G","Defend_G","Survivor","Neutralize","Blade Dance+1","Blade Dance","Accuracy+1","Backflip","Deadly Poison+1","PiercingWail","Adrenaline","Backstab+1","Infinite Blades+1","Well Laid Plans+1","Finisher+1","Accuracy+1","Phantasmal Killer","Terror+1","Blade Dance+1","Finisher+1","Catalyst+1","Bane+1","Noxious Fumes+1"],"relics":["Ring of the Snake","Bag of Marbles","Mummified Hand","Lantern","Ninja Scroll","Akabeko","Darkstone Periapt","Anchor","Philosopher\u0027s Stone","MutagenicStrength","CeramicFish","Incense Burner","Tingsha","Question Card","Dream Catcher","Gambling Chip","WristBlade","Membership Card","Red Mask","Bottled Lightning","FossilizedHelix","Frozen Egg 2","Old Coin","The Specimen","Oddly Smooth Stone"],"acts_visited":["Exordium","TheCity","TheBeyond"],"potions_floor_usage":[8,16,16,16,33,50,50,50],"damage_taken":[{"damage":7,"enemies":"Jaw Worm","floor":1,"turns":3},{"damage":5,"enemies":"Small Slimes","floor":5,"turns":3},{"damage":2,"enemies":"3 Sentries","floor":8,"turns":5},{"damage":7,"enemies":"Lagavulin","floor":10,"turns":5},{"damage":0,"enemies":"2 Louse","floor":11,"turns":1},{"damage":0,"enemies":"Blue Slaver","floor":14,"turns":1},{"damage":10,"enemies":"Hexaghost","floor":16,"turns":6},{"damage":0,"enemies":"2 Thieves","floor":18,"turns":2},{"damage":0,"enemies":"Spheric Guardian","floor":19,"turns":1},{"damage":0,"enemies":"Book of Stabbing","floor":24,"turns":3},{"damage":0,"enemies":"Snake Plant","floor":25,"turns":1},{"damage":0,"enemies":"Colosseum Slavers","floor":27,"turns":1},{"damage":0,"enemies":"Colosseum Nobs","floor":27,"turns":1},{"damage":28,"enemies":"Champ","floor":33,"turns":3},{"damage":0,"enemies":"3 Shapes","floor":35,"turns":1},{"damage":0,"enemies":"Orb Walker","floor":38,"turns":1},{"damage":0,"enemies":"Nemesis","floor":41,"turns":1},{"damage":0,"enemies":"Mind Bloom Boss Battle","floor":42,"turns":1},{"damage":0,"enemies":"Giant Head","floor":44,"turns":3},{"damage":0,"enemies":"2 Orb Walkers","floor":46,"turns":1},{"damage":0,"enemies":"Transient","floor":47,"turns":5},{"damage":47,"enemies":"Time Eater","floor":50,"turns":6}],"seed_played":"-4456980442119462456","potions_obtained":[{"floor":1,"key":"Fire Potion"},{"floor":5,"key":"Swift Potion"},{"floor":10,"key":"SpeedPotion"},{"floor":11,"key":"Block Potion"},{"floor":19,"key":"LiquidMemories"},{"floor":25,"key":"DistilledChaos"},{"floor":27,"key":"Explosive Potion"},{"floor":41,"key":"Explosive Potion"},{"floor":42,"key":"Ancient Potion"},{"floor":46,"key":"AttackPotion"}],"is_trial":false,"path_per_floor":["M","?","?","?","M","R","$","E","T","E","M","$","R","M","R","B",null,"M","M","?","?","$","R","E","M","T","?","T","R","$","$","R","B",null,"M","$","?","M","?","R","E","?","T","E","R","?","M","T","R","B",null],"character_chosen":"THE_SILENT","items_purchased":["Accuracy","Lantern","Anchor","Well Laid Plans","Accuracy","Gambling Chip","Membership Card"],"campfire_rested":2,"item_purchase_floors":[7,7,12,22,30,31,36],"current_hp_per_floor":[63,52,40,40,35,56,56,54,54,47,47,47,68,68,68,58,70,70,70,70,70,70,70,70,70,70,70,70,70,70,70,70,42,70,70,70,70,70,66,66,66,66,66,66,66,66,66,66,66,19],"gold":654,"neow_bonus":"RANDOM_COMMON_RELIC","is_daily":false,"chose_seed":false,"campfire_upgraded":7,"win_rate":0.0,"timestamp":1614014539,"path_taken":["M","?","?","?","M","R","$","E","T","E","M","?","R","M","R","BOSS","M","M","?","?","$","R","E","M","T","?","?","R","?","$","R","BOSS","M","$","?","M","?","R","E","?","T","E","R","?","M","?","R","BOSS"],"items_purchased_type":["Card","Relic","Relic","Card","Card","Relic","Relic"],"build_version":"2020-12-22","purchased_purges":1,"victory":true,"max_hp_per_floor":[70,70,70,70,70,70,70,70,70,70,70,70,70,70,70,70,70,70,70,70,70,70,70,70,70,70,70,70,70,70,70,70,70,70,70,70,70,70,66,66,66,66,66,66,66,66,66,66,66,66],"relic_stats":{"Darkstone Periapt":0,"Dream Catcher":0,"counters":[22,55],"Mummified Hand":[36],"CeramicFish":81,"Gambling Chip":[27],"Tingsha":[81],"Question Card":8,"obtain_stats":[{"Darkstone Periapt":10,"Lantern":7,"CeramicFish":24,"Incense Burner":26,"Old Coin":44,"Dream Catcher":28,"WristBlade":34,"Mummified Hand":3,"Ninja Scroll":8,"Gambling Chip":31,"Philosopher\u0027s Stone":17,"Red Mask":37,"Ring of the Snake":0,"The Specimen":46,"Oddly Smooth Stone":48,"Tingsha":27,"Frozen Egg 2":43,"Question Card":27,"Akabeko":9,"Anchor":12,"MutagenicStrength":21,"Bag of Marbles":0,"Membership Card":36,"Bottled Lightning":41,"FossilizedHelix":42},{"Darkstone Periapt":4,"Lantern":2,"CeramicFish":10,"Incense Burner":11,"Old Coin":19,"Dream Catcher":13,"WristBlade":14,"Mummified Hand":1,"Ninja Scroll":3,"Gambling Chip":13,"Philosopher\u0027s Stone":7,"Red Mask":15,"Ring of the Snake":0,"The Specimen":20,"Oddly Smooth Stone":21,"Tingsha":13,"Frozen Egg 2":18,"Question Card":13,"Akabeko":3,"Anchor":5,"MutagenicStrength":9,"Bag of Marbles":0,"Membership Card":15,"Bottled Lightning":17,"FossilizedHelix":18},{"Darkstone Periapt":16,"Lantern":6,"CeramicFish":30,"Incense Burner":31,"Old Coin":43,"Dream Catcher":33,"WristBlade":36,"Mummified Hand":3,"Ninja Scroll":11,"Gambling Chip":33,"Philosopher\u0027s Stone":24,"Red Mask":37,"Ring of the Snake":0,"The Specimen":44,"Oddly Smooth Stone":49,"Tingsha":33,"Frozen Egg 2":40,"Question Card":33,"Akabeko":11,"Anchor":17,"MutagenicStrength":27,"Bag of Marbles":0,"Membership Card":37,"Bottled Lightning":39,"FossilizedHelix":40}],"Ring of the Snake":[44]},"card_choices":[{"not_picked":["Bane","Deadly Poison"],"picked":"Blade Dance","floor":1},{"not_picked":["Deflect","Prepared"],"picked":"Blade Dance","floor":5},{"not_picked":["Outmaneuver","Dagger Throw"],"picked":"Backflip","floor":8},{"not_picked":["Deflect","Blur","Tactician"],"picked":"SKIP","floor":10},{"not_picked":["Eviscerate","Outmaneuver"],"picked":"Deadly Poison","floor":11},{"not_picked":["Bouncing Flask","Underhanded Strike"],"picked":"PiercingWail","floor":14},{"not_picked":["Venomology","Burst"],"picked":"Adrenaline","floor":16},{"not_picked":["Prepared","Outmaneuver"],"picked":"Backstab+1","floor":18},{"not_picked":["Prepared","Sucker Punch"],"picked":"Infinite Blades+1","floor":19},{"not_picked":["Slice","Deadly Poison","Setup"],"picked":"SKIP","floor":24},{"not_picked":["Flying Knee+1","Escape Plan"],"picked":"Finisher","floor":25},{"not_picked":["Venomology","Wraith Form v2","Doppelganger"],"picked":"Phantasmal Killer","floor":33},{"not_picked":["Bane+1","Prepared+1","Dash"],"picked":"Terror+1","floor":35},{"not_picked":["Calculated Gamble+1","Dodge and Roll","Riddle With Holes+1"],"picked":"Blade Dance+1","floor":38},{"not_picked":["Underhanded Strike+1","Heel Hook","Well Laid Plans"],"picked":"Finisher+1","floor":41},{"not_picked":["Underhanded Strike+1","Flying Knee","Cloak And Dagger"],"picked":"Catalyst","floor":42},{"not_picked":["Infinite Blades+1","Dodge and Roll","Quick Slash","Phantasmal Killer"],"picked":"SKIP","floor":44},{"not_picked":["Flying Knee+1","Skewer","Cloak And Dagger+1"],"picked":"Bane+1","floor":46},{"not_picked":["Deflect+1","Dodge and Roll","Blur"],"picked":"Noxious Fumes+1","floor":47}],"player_experience":384969,"relics_obtained":[{"floor":8,"key":"Ninja Scroll"},{"floor":9,"key":"Akabeko"},{"floor":10,"key":"Darkstone Periapt"},{"floor":24,"key":"CeramicFish"},{"floor":26,"key":"Incense Burner"},{"floor":27,"key":"Tingsha"},{"floor":27,"key":"Question Card"},{"floor":28,"key":"Dream Catcher"},{"floor":41,"key":"Bottled Lightning"},{"floor":42,"key":"FossilizedHelix"},{"floor":43,"key":"Frozen Egg 2"},{"floor":44,"key":"Old Coin"},{"floor":46,"key":"The Specimen"},{"floor":48,"key":"Oddly Smooth Stone"}],"event_choices":[{"damage_healed":0,"gold_gain":75,"player_choice":"Gather Gold","damage_taken":11,"max_hp_gain":0,"max_hp_loss":0,"event_name":"World of Goop","floor":2,"gold_loss":0},{"damage_healed":0,"gold_gain":0,"player_choice":"Success","damage_taken":12,"relics_obtained":["Mummified Hand"],"max_hp_gain":0,"max_hp_loss":0,"event_name":"Scrap Ooze","floor":3,"gold_loss":0},{"damage_healed":0,"gold_gain":175,"player_choice":"AGREE","damage_taken":0,"max_hp_gain":0,"max_hp_loss":0,"event_name":"Liars Game","floor":4,"gold_loss":0,"cards_obtained":["Doubt"]},{"damage_healed":0,"gold_gain":0,"player_choice":"Ignored","damage_taken":0,"max_hp_gain":0,"max_hp_loss":0,"event_name":"Ghosts","floor":20,"gold_loss":0},{"damage_healed":0,"gold_gain":0,"player_choice":"Inject Mutagens","damage_taken":0,"relics_obtained":["MutagenicStrength"],"max_hp_gain":0,"max_hp_loss":0,"event_name":"Drug Dealer","floor":21,"gold_loss":0},{"damage_healed":0,"gold_gain":0,"player_choice":"Fight","damage_taken":0,"max_hp_gain":0,"max_hp_loss":0,"event_name":"Colosseum","floor":27,"gold_loss":0},{"damage_healed":0,"gold_gain":0,"player_choice":"Fought Nobs","damage_taken":0,"max_hp_gain":0,"max_hp_loss":0,"event_name":"Colosseum","floor":27,"gold_loss":0},{"damage_healed":0,"gold_gain":0,"player_choice":"Paid","damage_taken":0,"relics_obtained":["Red Mask"],"max_hp_gain":0,"max_hp_loss":0,"event_name":"Tomb of Lord Red Mask","floor":37,"gold_loss":47},{"damage_healed":0,"gold_gain":0,"player_choice":"Max HP","damage_taken":0,"max_hp_gain":0,"max_hp_loss":4,"event_name":"Winding Halls","floor":39,"gold_loss":0},{"damage_healed":0,"gold_gain":0,"player_choice":"Fight","damage_taken":0,"max_hp_gain":0,"max_hp_loss":0,"event_name":"MindBloom","floor":42,"gold_loss":0},{"damage_healed":0,"gold_gain":0,"player_choice":"Fight","damage_taken":0,"max_hp_gain":0,"max_hp_loss":0,"event_name":"Mysterious Sphere","floor":46,"gold_loss":0}],"is_beta":false,"boss_relics":[{"not_picked":["Coffee Dripper","Busted Crown"],"picked":"Philosopher\u0027s Stone"},{"not_picked":["Velvet Choker","Ring of the Serpent"],"picked":"WristBlade"}],"items_purged_floors":[7],"is_endless":false,"potions_floor_spawned":[1,5,10,11,19,25,27,41,42,46],"ascension_level":4}}