{"host":"7qoz5gmva6til3yp","time":1614024179,"event":{"mods":["2.2 Compatiblity","BaseMod","Minty Spire (QoL Compilation)","StSLib","SuperFastMode"],"gold_per_floor":[112,131,181,195,210,210,243,243,243,275,275,287,41,41,41,115,115,128,141,141,191,205,205,205],"floor_reached":23,"language":"KOR","playtime":646,"items_purged":[],"score":439,"play_id":"f2d111a3-b013-40b2-a896-0b4fef7c5cba","local_time":"20210223050259","is_ascension_mode":true,"campfire_choices":[{"data":"Apotheosis","floor":6.0,"key":"SMITH"},{"floor":8.0,"key":"REST"},{"floor":15.0,"key":"REST"}],"circlet_count":0,"master_deck":["AscendersBane","Survivor","Neutralize","Apotheosis+1","Riddle With Holes","Deadly Poison","PiercingWail","Blur","Malaise","Wraith Form v2","Leg Sweep","Footwork","Riddle With Holes","Bouncing Flask","Concentrate","Dagger Throw","Quick Slash","Reflex","Backflip","Acrobatics+1"],"relics":["Ring of the Snake","Juzu Bracelet","Smiling Mask","Pantograph","Shuriken","Pandora\u0027s Box"],"acts_visited":["Exordium","TheCity"],"potions_floor_usage":[],"damage_taken":[{"damage":2.0,"enemies":"2 Louse","floor":1.0,"turns":3.0},{"damage":2.0,"enemies":"Cultist","floor":2.0,"turns":4.0},{"damage":3.0,"enemies":"Small Slimes","floor":4.0,"turns":3.0},{"damage":8.0,"enemies":"Exordium Thugs","floor":5.0,"turns":5.0},{"damage":18.0,"enemies":"3 Sentries","floor":7.0,"turns":7.0},{"damage":13.0,"enemies":"Lagavulin","floor":10.0,"turns":7.0},{"damage":13.0,"enemies":"Exordium Wildlife","floor":12.0,"turns":5.0},{"damage":0.0,"enemies":"Hexaghost","floor":16.0,"turns":10.0},{"damage":22.0,"enemies":"Spheric Guardian","floor":18.0,"turns":4.0},{"damage":8.0,"enemies":"Chosen","floor":19.0,"turns":5.0},{"damage":24,"enemies":"3 Cultists","floor":22,"turns":8},{"damage":7,"enemies":"Gremlin Leader","floor":23,"turns":2}],"seed_played":"-3914182132198440680","potions_obtained":[{"floor":1.0,"key":"Strength Potion"},{"floor":2.0,"key":"DuplicationPotion"},{"floor":7.0,"key":"DistilledChaos"},{"floor":16.0,"key":"SpeedPotion"}],"is_trial":false,"path_per_floor":["M","M","?","M","M","R","E","R","T","E","?","M","$","$","R","B",null,"M","M","?","?","M","E"],"character_chosen":"THE_SILENT","items_purchased":["Shuriken"],"campfire_rested":2,"item_purchase_floors":[13],"current_hp_per_floor":[57,55,49,46,38,38,20,38,38,25,25,12,12,12,30,55,59,37,29,29,29,5,0,0],"gold":205,"neow_bonus":"RANDOM_COLORLESS_2","is_daily":false,"chose_seed":false,"campfire_upgraded":1,"win_rate":0.0,"timestamp":1614024179,"path_taken":["M","M","?","M","?","R","E","R","T","E","?","M","?","$","R","BOSS","M","M","?","?","M","E"],"items_purchased_type":["Relic"],"build_version":"2020-12-22","purchased_purges":0,"victory":false,"max_hp_per_floor":[60,60,60,60,60,60,60,60,60,60,60,60,60,60,60,60,60,60,60,60,60,60,60,60],"card_choices":[{"not_picked":["Mayhem","Violence"],"picked":"Apotheosis","floor":0.0},{"not_picked":["Setup","Cloak And Dagger"],"picked":"Riddle With Holes","floor":1.0},{"not_picked":["Choke","Deflect","Slice"],"picked":"SKIP","floor":2.0},{"not_picked":["Quick Slash","Outmaneuver"],"picked":"Deadly Poison","floor":4.0},{"not_picked":["Cloak And Dagger","Dodge and Roll","Dash"],"picked":"SKIP","floor":5.0},{"not_picked":["Slice","Blade Dance"],"picked":"PiercingWail","floor":7.0},{"not_picked":["Heel Hook","Glass Knife"],"picked":"Blur","floor":10.0},{"not_picked":["Endless Agony","Eviscerate","Deadly Poison"],"picked":"SKIP","floor":12.0},{"not_picked":["Night Terror","Unload"],"picked":"Malaise","floor":16.0},{"not_picked":["Dash","Deflect+1"],"picked":"Backflip","floor":18.0},{"not_picked":["Expertise","All Out Attack"],"picked":"Acrobatics+1","floor":19.0},{"not_picked":["Flechettes","Underhanded Strike","Accuracy"],"picked":"SKIP","floor":22}],"player_experience":502718,"relics_obtained":[{"floor":7.0,"key":"Juzu Bracelet"},{"floor":9.0,"key":"Smiling Mask"},{"floor":10.0,"key":"Pantograph"}],"event_choices":[{"damage_healed":0.0,"max_hp_gain":0.0,"max_hp_loss":0.0,"gold_gain":50.0,"event_name":"FaceTrader","player_choice":"Touch","floor":3.0,"gold_loss":0.0,"damage_taken":6.0},{"damage_healed":0.0,"max_hp_gain":0.0,"max_hp_loss":0.0,"gold_gain":0.0,"event_name":"Lab","player_choice":"Got Potions","floor":11.0,"gold_loss":0.0,"damage_taken":0.0},{"cards_removed":["Bane"],"damage_healed":0.0,"max_hp_gain":0.0,"max_hp_loss":0.0,"gold_gain":0.0,"event_name":"Back to Basics","player_choice":"Elegance","floor":20.0,"gold_loss":0.0,"damage_taken":0.0},{"damage_healed":0,"gold_gain":50,"player_choice":"Stole From Cult","damage_taken":0,"max_hp_gain":0,"max_hp_loss":0,"event_name":"Nest","floor":21,"gold_loss":0}],"is_beta":false,"boss_relics":[{"not_picked":["Empty Cage","Runic Pyramid"],"picked":"Pandora\u0027s Box"}],"items_purged_floors":[],"is_endless":false,"potions_floor_spawned":[1,2,7,12,16,18,22],"killed_by":"Gremlin Leader","ascension_level":15}}