{"host":"ymmeoa1x24ihslbm","time":1614014086,"event":{"mods":["AchievementEnabler","BaseMod","Colored Map","Colored Powertips","Defuse TimeMaze Blight","Highlight Path","Minty Spire (QoL Compilation)","Permanent Neow","Quick Restart","StSLib","The Senshi","Unceasing Turn Reminder"],"gold_per_floor":[119,133,191,141,316,316,328,359,406,174,194,194,213,241,241,337,337,353,370,388,388,407,407,417,417,441,455,455,455,164,182,182,284,284,295,308,321,321,321,354,354,354,354],"floor_reached":42,"language":"ENG","playtime":2720,"items_purged":["Doubt"],"score":651,"play_id":"cbbd4ea9-3421-418f-8ceb-2ddc71d8f51c","local_time":"20210222181446","is_ascension_mode":true,"campfire_choices":[{"data":"theSenshi:SailorMarsAssists","floor":6,"key":"SMITH"},{"data":"theSenshi:MoonKick","floor":12,"key":"SMITH"},{"data":"theSenshi:SailorStarHealerAssists","floor":15,"key":"SMITH"},{"data":"theSenshi:StudyParty","floor":23,"key":"SMITH"},{"data":"theSenshi:TallSilhouette","floor":25,"key":"SMITH"},{"data":"theSenshi:SailorMercuryAssists","floor":28,"key":"SMITH"},{"data":"J.A.X.","floor":32,"key":"SMITH"},{"data":"theSenshi:WarriorOfTheMoon","floor":41,"key":"SMITH"}],"circlet_count":0,"master_deck":["theSenshi:SailorKick","theSenshi:SailorKick","theSenshi:SailorBlock","theSenshi:SailorBlock","theSenshi:RoseThrow","theSenshi:MoonPrismPowerMakeUp","theSenshi:SailorStarHealerAssists+1","theSenshi:SailorVenusAssists","theSenshi:SailorMarsAssists+1","theSenshi:MoonKick+1","theSenshi:TallSilhouette+1","theSenshi:StudyParty+1","theSenshi:MarsPride+1","theSenshi:MoonCrystalPowerMakeUp+1","theSenshi:SailorPlanetPower+1","theSenshi:SailorPlanetAttack+1","theSenshi:SailorNeptuneAssists+1","theSenshi:SailorJupiterAssists+1","theSenshi:SailorMercuryAssists+1","J.A.X.+1","theSenshi:KlutzyLuck+1","theSenshi:WarriorOfTheMoon+1","theSenshi:CrisisMakeUp+1","Forethought","theSenshi:MoonCrisisMakeUp+1"],"relics":["theSenshi:TransformationBroochRelic","theSenshi:RoseRelic","theSenshi:CutieMoonRodRelic","Pen Nib","Pear","Astrolabe","Bronze Scales","FossilizedHelix","Regal Pillow"],"acts_visited":["Exordium","TheCity","TheBeyond"],"potions_floor_usage":[8,16,16,22,36,42,42],"damage_taken":[{"damage":6,"enemies":"Cultist","floor":1,"turns":6},{"damage":1,"enemies":"2 Louse","floor":2,"turns":4},{"damage":3,"enemies":"Jaw Worm","floor":7,"turns":4},{"damage":6,"enemies":"Gremlin Nob","floor":8,"turns":3},{"damage":10,"enemies":"Exordium Thugs","floor":11,"turns":5},{"damage":2,"enemies":"Red Slaver","floor":13,"turns":4},{"damage":15,"enemies":"3 Sentries","floor":14,"turns":8},{"damage":24,"enemies":"Hexaghost","floor":16,"turns":6},{"damage":4,"enemies":"Chosen","floor":18,"turns":5},{"damage":23,"enemies":"Shell Parasite","floor":19,"turns":5},{"damage":13,"enemies":"Centurion and Healer","floor":20,"turns":7},{"damage":0,"enemies":"Snecko","floor":22,"turns":3},{"damage":31,"enemies":"3 Cultists","floor":24,"turns":6},{"damage":24,"enemies":"Sentry and Sphere","floor":27,"turns":5},{"damage":0,"enemies":"Snecko","floor":31,"turns":4},{"damage":27,"enemies":"Collector","floor":33,"turns":8},{"damage":25,"enemies":"3 Shapes","floor":35,"turns":6},{"damage":39,"enemies":"3 Darklings","floor":36,"turns":7},{"damage":17,"enemies":"Writhing Mass","floor":37,"turns":7},{"damage":18,"enemies":"Giant Head","floor":40,"turns":9},{"damage":43,"enemies":"Reptomancer","floor":42,"turns":3}],"seed_played":"-5897565286960346224","potions_obtained":[{"floor":2,"key":"Swift Potion"},{"floor":8,"key":"LiquidBronze"},{"floor":11,"key":"ColorlessPotion"},{"floor":14,"key":"FairyPotion"},{"floor":18,"key":"GamblersBrew"},{"floor":20,"key":"BlessingOfTheForge"},{"floor":27,"key":"Regen Potion"},{"floor":33,"key":"Weak Potion"},{"floor":35,"key":"DuplicationPotion"},{"floor":40,"key":"AttackPotion"}],"is_trial":false,"path_per_floor":["M","M","?","?","?","R","M","E","T","$","M","R","M","E","R","B",null,"M","M","M","?","M","R","M","R","T","M","R","?","$","M","R","B",null,"M","M","M","?","?","E","R","E"],"character_chosen":"THE_SENSHI","items_purchased":["Pen Nib","FossilizedHelix"],"campfire_rested":0,"item_purchase_floors":[10,30],"current_hp_per_floor":[67,71,71,71,71,71,72,71,71,71,65,65,63,63,63,44,75,76,58,60,52,62,62,46,46,46,27,27,27,27,37,37,25,70,55,26,24,24,24,16,16,7,7],"gold":354,"neow_bonus":"ONE_RANDOM_RARE_CARD","is_daily":false,"chose_seed":false,"campfire_upgraded":8,"win_rate":0.0,"timestamp":1614014086,"path_taken":["M","?","?","?","?","R","M","E","T","$","M","R","?","E","R","BOSS","M","M","M","?","M","R","M","R","T","?","R","?","$","M","R","BOSS","M","M","M","?","?","E","R","E"],"items_purchased_type":["Relic","Relic"],"build_version":"2020-12-22","purchased_purges":1,"victory":false,"max_hp_per_floor":[75,75,75,75,75,75,75,75,75,75,75,75,75,85,85,85,85,85,85,85,85,85,85,85,85,85,85,85,85,85,85,85,85,85,85,85,85,85,85,85,85,85,85],"card_choices":[{"not_picked":["theSenshi:SupersonicWaves","theSenshi:HesSoDreamy"],"picked":"theSenshi:SailorVenusAssists","floor":1},{"not_picked":["theSenshi:SailorVenusAssists","theSenshi:Sidestep"],"picked":"theSenshi:SailorMarsAssists","floor":2},{"not_picked":["theSenshi:Overload","theSenshi:MoonPower"],"picked":"theSenshi:MoonKick","floor":7},{"not_picked":["theSenshi:FatedKiss","theSenshi:SailorStarMakerAssists"],"picked":"theSenshi:TallSilhouette","floor":8},{"not_picked":["theSenshi:MoonPower","theSenshi:TallSilhouette","theSenshi:MoonPrincessHalation"],"picked":"SKIP","floor":11},{"not_picked":["theSenshi:MoonPower","theSenshi:MoonTiaraMagic","theSenshi:Sidestep"],"picked":"SKIP","floor":13},{"not_picked":["theSenshi:MoonPrincessHalation","theSenshi:ChibiMoonsLove","theSenshi:YouCanTalk"],"picked":"SKIP","floor":14},{"not_picked":["theSenshi:SailorSaturnAssists","theSenshi:SailorCosmosAssists"],"picked":"theSenshi:StudyParty","floor":16},{"not_picked":["theSenshi:TuxedoSmokingBomber+1","theSenshi:MoonCosmicPowerMakeUp"],"picked":"theSenshi:SailorPlanetAttack+1","floor":18},{"not_picked":["theSenshi:SailorStarMakerAssists+1","theSenshi:CrisisMakeUp+1"],"picked":"theSenshi:SailorNeptuneAssists+1","floor":19},{"not_picked":["theSenshi:GatheringStrength","theSenshi:TuxedoSmokingBomber"],"picked":"theSenshi:SailorJupiterAssists+1","floor":20},{"not_picked":["theSenshi:LunasBite","theSenshi:InTheNickOfTime","theSenshi:SailorVenusAssists+1"],"picked":"SKIP","floor":22},{"not_picked":["theSenshi:MoonPower","theSenshi:InTheNickOfTime","theSenshi:MercurysCunning"],"picked":"SKIP","floor":24},{"not_picked":["theSenshi:KlutzyLuck","theSenshi:MoonPrincessHalation"],"picked":"theSenshi:SailorMercuryAssists","floor":27},{"not_picked":["theSenshi:LateForSchool+1","theSenshi:Sidestep"],"picked":"theSenshi:KlutzyLuck+1","floor":31},{"not_picked":["theSenshi:GlimpseOfThePast","theSenshi:SailorCosmosAssists"],"picked":"theSenshi:WarriorOfTheMoon","floor":33},{"not_picked":["theSenshi:MoonKick+1","theSenshi:HesSoDreamy+1","theSenshi:MoonPunch+1"],"picked":"SKIP","floor":35},{"not_picked":["theSenshi:EncouragingSpeech","theSenshi:LunaWiseMentor"],"picked":"theSenshi:CrisisMakeUp+1","floor":36},{"not_picked":["theSenshi:YouCanTalk+1","theSenshi:SailorMarsAssists","theSenshi:MoonlightKnight"],"picked":"SKIP","floor":37},{"not_picked":["Trip","Bandage Up"],"picked":"Forethought","floor":39},{"not_picked":["theSenshi:MoonKick","theSenshi:SailorMercuryAssists"],"picked":"theSenshi:MoonCrisisMakeUp+1","floor":40}],"player_experience":765692,"relics_obtained":[{"floor":8,"key":"theSenshi:RoseRelic"},{"floor":9,"key":"theSenshi:CutieMoonRodRelic"},{"floor":14,"key":"Pear"},{"floor":26,"key":"Bronze Scales"},{"floor":40,"key":"Regal Pillow"}],"event_choices":[{"damage_healed":0,"gold_gain":58,"player_choice":"Gained Gold","damage_taken":0,"max_hp_gain":0,"max_hp_loss":0,"event_name":"Golden Wing","floor":3,"gold_loss":0},{"cards_removed":["theSenshi:SailorBlock"],"damage_healed":0,"gold_gain":0,"player_choice":"Card Removal","damage_taken":0,"max_hp_gain":0,"max_hp_loss":0,"event_name":"The Cleric","floor":4,"gold_loss":50},{"damage_healed":0,"gold_gain":175,"player_choice":"AGREE","damage_taken":0,"max_hp_gain":0,"max_hp_loss":0,"event_name":"Liars Game","floor":5,"gold_loss":0,"cards_obtained":["Doubt"]},{"damage_healed":0,"gold_gain":0,"player_choice":"Damaged","damage_taken":8,"max_hp_gain":0,"max_hp_loss":0,"event_name":"Wheel of Change","floor":21,"gold_loss":0},{"damage_healed":0,"gold_gain":0,"player_choice":"Obtain J.A.X.","damage_taken":0,"max_hp_gain":0,"max_hp_loss":0,"event_name":"Drug Dealer","floor":29,"gold_loss":0,"cards_obtained":["J.A.X."]},{"damage_healed":0,"gold_gain":0,"player_choice":"Ignored","damage_taken":0,"max_hp_gain":0,"max_hp_loss":0,"event_name":"The Moai Head","floor":38,"gold_loss":0},{"damage_healed":0,"gold_gain":0,"player_choice":"Memory 1","damage_taken":0,"max_hp_gain":0,"max_hp_loss":0,"event_name":"SensoryStone","floor":39,"gold_loss":0}],"is_beta":false,"boss_relics":[{"not_picked":["Runic Pyramid","Calling Bell"],"picked":"Astrolabe"},{"not_picked":["Fusion Hammer","Cursed Key","Busted Crown"]}],"items_purged_floors":[10],"is_endless":false,"potions_floor_spawned":[2,8,11,14,18,20,27,33,35,40],"killed_by":"Reptomancer","ascension_level":8}}