{"host":"aapp7ew3jk5k1bvd","time":1614001916,"event":{"mods":["AchievementEnabler","BaseMod","Colored Map","Custom Start","Keyboard Shortcuts","Minty Spire (QoL Compilation)","Permanent Neow","Quick Restart","StSLib","SuperFastMode"],"gold_per_floor":[111,111,35,52,67,67,67,124,124,124,158,158,169,198,198,300,300,318,318,318,0,20,20,33,52,79,92,92,92,92,121,121,219,219,234,234,234,245,265,265,265,276,299,299,249,267,267,293,293,293,293],"floor_reached":50,"language":"KOR","playtime":1783,"items_purged":["Strike_G","Strike_G"],"score":789,"play_id":"badab02e-e8f6-4ac5-87b8-11994990280a","local_time":"20210222225156","is_ascension_mode":true,"campfire_choices":[{"data":"Footwork","floor":7.0,"key":"SMITH"},{"floor":10.0,"key":"REST"},{"floor":15.0,"key":"REST"},{"data":"Footwork","floor":23.0,"key":"SMITH"},{"floor":28,"key":"REST"},{"floor":30,"key":"REST"},{"floor":32,"key":"REST"},{"floor":40,"key":"REST"},{"floor":44,"key":"REST"},{"floor":49,"key":"REST"}],"circlet_count":0,"master_deck":["AscendersBane","Strike_G","Strike_G","Defend_G","Defend_G","Defend_G","Defend_G","Defend_G","Survivor","Cloak And Dagger","Footwork+1","Well Laid Plans","Footwork+1","Blade Dance","Noxious Fumes","Blur","Blur","Burst","Cloak And Dagger","Cloak And Dagger","Accuracy","Blade Dance","Madness","Madness"],"relics":["Ring of the Snake","Ginger","Pen Nib","Omamori","Letter Opener","Strawberry","Shuriken","Happy Flower","Singing Bowl","Calling Bell","Toy Ornithopter","Blue Candle","Lizard Tail","Smiling Mask","Juzu Bracelet","Nunchaku"],"acts_visited":["Exordium","TheCity","TheBeyond"],"potions_floor_usage":[31,39],"damage_taken":[{"damage":7.0,"enemies":"2 Louse","floor":1.0,"turns":4.0},{"damage":3.0,"enemies":"Cultist","floor":4.0,"turns":7.0},{"damage":0.0,"enemies":"Small Slimes","floor":5.0,"turns":6.0},{"damage":15.0,"enemies":"3 Sentries","floor":8.0,"turns":18.0},{"damage":28.0,"enemies":"Gremlin Nob","floor":11.0,"turns":6.0},{"damage":0.0,"enemies":"2 Fungi Beasts","floor":13.0,"turns":5.0},{"damage":0.0,"enemies":"3 Sentries","floor":14.0,"turns":8.0},{"damage":14.0,"enemies":"Hexaghost","floor":16.0,"turns":16.0},{"damage":3.0,"enemies":"Shell Parasite","floor":18.0,"turns":10.0},{"damage":4.0,"enemies":"Chosen","floor":22.0,"turns":10.0},{"damage":18.0,"enemies":"3 Cultists","floor":24.0,"turns":7.0},{"damage":12.0,"enemies":"Cultist and Chosen","floor":25.0,"turns":11.0},{"damage":2,"enemies":"Snecko","floor":27,"turns":8},{"damage":36,"enemies":"Slavers","floor":31,"turns":7},{"damage":38,"enemies":"Collector","floor":33,"turns":12},{"damage":7,"enemies":"Orb Walker","floor":35,"turns":4},{"damage":11,"enemies":"3 Shapes","floor":38,"turns":5},{"damage":42,"enemies":"Writhing Mass","floor":39,"turns":13},{"damage":14,"enemies":"Maw","floor":42,"turns":10},{"damage":28,"enemies":"4 Shapes","floor":46,"turns":11},{"damage":35,"enemies":"Awakened One","floor":50,"turns":3}],"seed_played":"8164228672524751338","potions_obtained":[{"floor":5.0,"key":"Energy Potion"},{"floor":11.0,"key":"ColorlessPotion"},{"floor":16.0,"key":"ColorlessPotion"},{"floor":20.0,"key":"Energy Potion"},{"floor":27,"key":"Energy Potion"},{"floor":31,"key":"FearPotion"},{"floor":33,"key":"SneckoOil"},{"floor":46,"key":"SteroidPotion"}],"is_trial":false,"path_per_floor":["M","?","$","M","M","$","R","?","T","R","E","?","M","E","R","B",null,"M","?","?","$","M","R","M","M","T","M","R","$","R","E","R","B",null,"M","?","?","M","M","R","?","M","T","R","$","M","?","T","R","B"],"character_chosen":"THE_SILENT","items_purchased":["Footwork","Shuriken"],"campfire_rested":8,"item_purchase_floors":[3,21],"current_hp_per_floor":[38,38,38,35,35,35,35,20,20,41,13,13,13,20,43,29,65,62,48,48,48,44,44,26,14,14,12,36,36,60,26,51,15,68,63,52,52,43,8,35,35,23,23,51,51,25,25,25,53,18,18],"gold":293,"neow_bonus":"ONE_RARE_RELIC","is_daily":false,"chose_seed":false,"campfire_upgraded":2,"win_rate":0.0,"timestamp":1614001916,"path_taken":["M","?","$","M","?","$","R","?","T","R","E","?","M","E","R","BOSS","M","?","?","$","M","R","M","?","T","M","R","$","R","E","R","BOSS","M","?","?","?","M","R","?","M","T","R","$","M","?","?","R","BOSS"],"items_purchased_type":["Card","Relic"],"build_version":"2020-12-22","purchased_purges":2,"victory":false,"max_hp_per_floor":[70,70,70,70,70,70,70,70,70,70,70,70,70,77,77,77,77,77,82,82,82,82,82,82,82,82,82,82,82,82,84,84,86,86,88,88,88,90,92,92,92,94,94,94,94,96,96,96,96,96,96],"card_choices":[{"not_picked":["Quick Slash","Acrobatics"],"picked":"Cloak And Dagger","floor":1.0},{"not_picked":["Expertise","Outmaneuver"],"picked":"Well Laid Plans","floor":4.0},{"not_picked":["Deadly Poison","PiercingWail"],"picked":"Footwork","floor":5.0},{"not_picked":["Quick Slash","Bouncing Flask"],"picked":"Blade Dance","floor":8.0},{"not_picked":["Bouncing Flask","Bane"],"picked":"Noxious Fumes","floor":11.0},{"not_picked":["Outmaneuver","Slice"],"picked":"Blur","floor":13.0},{"not_picked":["Bane","Caltrops"],"picked":"Blur","floor":14.0},{"not_picked":["Tools of the Trade","Night Terror"],"picked":"Burst","floor":16.0},{"not_picked":["Dodge and Roll","Infinite Blades"],"picked":"Cloak And Dagger","floor":18.0},{"not_picked":["Flying Knee+1","Dodge and Roll"],"picked":"Cloak And Dagger","floor":22.0},{"not_picked":["Slice","Crippling Poison+1","Backflip"],"picked":"SKIP","floor":24.0},{"not_picked":["Tactician","Caltrops+1"],"picked":"Accuracy","floor":25.0},{"not_picked":["Outmaneuver+1","Dagger Throw+1"],"picked":"Blade Dance","floor":27},{"not_picked":["Tactician+1","Poisoned Stab","Slice+1"],"picked":"Singing Bowl","floor":31},{"not_picked":["Night Terror","Doppelganger","Die Die Die"],"picked":"Singing Bowl","floor":33},{"not_picked":["Finisher+1","Tactician","Dagger Throw"],"picked":"Singing Bowl","floor":35},{"not_picked":["Calculated Gamble+1","Blur","Deadly Poison"],"picked":"Singing Bowl","floor":38},{"not_picked":["Finisher","Poisoned Stab","Flechettes"],"picked":"Singing Bowl","floor":39},{"not_picked":["Sucker Punch","Underhanded Strike","Calculated Gamble"],"picked":"Singing Bowl","floor":42},{"not_picked":["Acrobatics","PiercingWail","Noxious Fumes"],"picked":"Singing Bowl","floor":46}],"player_experience":1056781,"relics_obtained":[{"floor":8.0,"key":"Pen Nib"},{"floor":9.0,"key":"Omamori"},{"floor":11.0,"key":"Letter Opener"},{"floor":14.0,"key":"Strawberry"},{"floor":26.0,"key":"Happy Flower"},{"floor":31,"key":"Singing Bowl"},{"floor":34,"key":"Toy Ornithopter"},{"floor":34,"key":"Blue Candle"},{"floor":34,"key":"Lizard Tail"},{"floor":43,"key":"Juzu Bracelet"},{"floor":48,"key":"Nunchaku"}],"event_choices":[{"cards_removed":["Strike_G"],"damage_healed":0.0,"max_hp_gain":0.0,"max_hp_loss":0.0,"gold_gain":0.0,"event_name":"Purifier","player_choice":"Purged","floor":2.0,"gold_loss":0.0,"damage_taken":0.0},{"damage_healed":0.0,"max_hp_gain":0.0,"max_hp_loss":0.0,"gold_gain":0.0,"event_name":"Dead Adventurer","player_choice":"Searched \u00271\u0027 times","floor":8.0,"gold_loss":0.0,"damage_taken":0.0},{"damage_healed":0.0,"max_hp_gain":0.0,"max_hp_loss":0.0,"gold_gain":0.0,"event_name":"Golden Idol","player_choice":"Ignored","floor":12.0,"gold_loss":0.0,"damage_taken":0.0},{"damage_healed":0.0,"max_hp_gain":5.0,"max_hp_loss":0.0,"gold_gain":0.0,"event_name":"Forgotten Altar","player_choice":"Shed Blood","floor":19.0,"gold_loss":0.0,"damage_taken":19.0},{"damage_healed":0.0,"max_hp_gain":0.0,"max_hp_loss":0.0,"gold_gain":0.0,"event_name":"Lab","player_choice":"Got Potions","floor":20.0,"gold_loss":0.0,"damage_taken":0.0},{"damage_healed":0,"gold_gain":0,"player_choice":"Embrace Madness","damage_taken":11,"max_hp_gain":0,"max_hp_loss":0,"event_name":"Winding Halls","floor":36,"gold_loss":0,"cards_obtained":["Madness","Madness"]},{"damage_healed":0,"gold_gain":0,"player_choice":"Gave Potion","damage_taken":0,"relics_obtained":["Smiling Mask"],"max_hp_gain":0,"max_hp_loss":0,"event_name":"WeMeetAgain","floor":37,"gold_loss":0},{"cards_removed":["Neutralize"],"damage_healed":0,"gold_gain":0,"player_choice":"Removed Attack","damage_taken":0,"max_hp_gain":0,"max_hp_loss":0,"event_name":"Falling","floor":41,"gold_loss":0},{"damage_healed":0,"gold_gain":0,"player_choice":"Ignored","damage_taken":0,"max_hp_gain":0,"max_hp_loss":0,"event_name":"Mysterious Sphere","floor":47,"gold_loss":0}],"is_beta":false,"boss_relics":[{"not_picked":["Sozu","Fusion Hammer","Runic Dome"]},{"not_picked":["SacredBark","HoveringKite"],"picked":"Calling Bell"}],"items_purged_floors":[21,45],"is_endless":false,"potions_floor_spawned":[5,11,16,27,31,33,46],"killed_by":"Awakened One","ascension_level":11}}