{"host":"bpkhhmvsfrvlto2l","time":1614012532,"event":{"mods":["2.2 Compatiblity","AchievementEnabler","Act Like it!","AlwaysNeverKeys","Aspiration","BaseMod","Better Silent Start","Challenge The Spire","Colored Map","Colored Powertips","Custom Start","Downfall","Energized Spire","Friendly Minions","GifTheSpireLib","Halation","Hubris","Infinite Spire","Ironclad Rager","Mimic Mod","Minty Spire (QoL Compilation)","Permanent Neow","Quick Restart","Random Character Button","Relic Sorter","Replay The Spire","Spikes Relics","StSLib","Stuff the Spire","Swap Starting Deck Mod","Trackpad"],"gold_per_floor":[109,142,155,155,155,155,180,200,233,246,177,197,197,211,211,315,315,334,352,58,72,72,72,72,72,72],"floor_reached":25,"language":"ENG","playtime":429,"items_purged":[],"score":325,"play_id":"fe282238-eb3c-4ad6-a461-6d18054c6d8c","local_time":"20210222114852","is_ascension_mode":true,"campfire_choices":[{"data":"Zap","floor":6.0,"key":"SMITH"},{"data":"StuffTheSpire:Synthwave","floor":13,"key":"SMITH"},{"data":"StuffTheSpire:Synthwave","floor":15,"key":"SMITH"},{"floor":23,"key":"REST"}],"circlet_count":0,"master_deck":["AscendersBane","Strike_B","Strike_B","Strike_B","Strike_B","Defend_B+1","Defend_B","Defend_B+1","Defend_B","Zap+1","Dualcast","Ball Lightning","Ball Lightning","Defragment","Ball Lightning","StuffTheSpire:Synthwave+1","StuffTheSpire:Synthwave+1"],"relics":["Cracked Core","hubris:Icosahedron","NeowsBlessing","Replay:Mystery Machine","War Paint","Nunchaku","energizedSpire:NeverEndingSparkler","Eternal Feather","MutagenicStrength"],"acts_visited":["Exordium","TheCity"],"potions_floor_usage":[12,16,21],"damage_taken":[{"damage":0.0,"enemies":"Cultist","floor":1.0,"turns":1.0},{"damage":0.0,"enemies":"Small Slimes","floor":2.0,"turns":1.0},{"damage":0.0,"enemies":"Small Slimes","floor":3.0,"turns":1.0},{"damage":14,"enemies":"Replay:BlueRogue","floor":7,"turns":4},{"damage":0,"enemies":"2 Louse","floor":8,"turns":2},{"damage":1,"enemies":"Blue Slaver","floor":9,"turns":4},{"damage":3,"enemies":"Blue Slaver","floor":10,"turns":2},{"damage":0,"enemies":"2 Fungi Beasts","floor":12,"turns":2},{"damage":6,"enemies":"Exordium Thugs","floor":14,"turns":3},{"damage":24,"enemies":"Hexaghost","floor":16,"turns":5},{"damage":33,"enemies":"3 Byrds","floor":18,"turns":4},{"damage":11,"enemies":"Spheric Guardian","floor":19,"turns":3},{"damage":15,"enemies":"Snecko","floor":21,"turns":4},{"damage":36,"enemies":"Book of Stabbing","floor":25,"turns":3}],"seed_played":"-1998433601200486980","potions_obtained":[{"floor":7,"key":"ColorlessPotion"},{"floor":8,"key":"Energy Potion"},{"floor":14,"key":"PowerPotion"},{"floor":16,"key":"Dexterity Potion"}],"is_trial":false,"path_per_floor":["M","MIM","M","?","?","R","E","M","MIM","M","$","M","R","M","R","B",null,"M","M","$","M","?","R","?","E"],"character_chosen":"DEFECT","items_purchased":["StuffTheSpire:Synthwave","Eternal Feather","SkillPotion"],"campfire_rested":1,"item_purchase_floors":[11,20,20],"current_hp_per_floor":[68,68,68,68,68,68,54,54,53,50,50,50,50,44,44,20,61,28,17,17,2,2,33,33,0,0],"gold":72,"neow_bonus":"THREE_ENEMY_KILL","is_daily":false,"chose_seed":false,"campfire_upgraded":3,"win_rate":0.0,"timestamp":1614012532,"path_taken":["M","?","M","?","?","R","E","M","MIM","M","$","?","R","M","R","BOSS","M","M","$","M","?","R","?","E"],"items_purchased_type":["Card","Relic","Potion"],"build_version":"2020-12-22","purchased_purges":0,"victory":false,"max_hp_per_floor":[75,75,75,75,75,75,75,75,75,75,75,75,75,75,75,75,75,75,75,75,75,75,75,75,75,75],"card_choices":[{"not_picked":["hubris:PowerSurge","StuffTheSpire:CleanHardDrive"],"picked":"Ball Lightning","floor":1.0},{"not_picked":["Rebound","White Noise"],"picked":"Ball Lightning","floor":3.0},{"not_picked":["Leap","Streamline"],"picked":"Defragment","floor":7},{"not_picked":["Rebound","Rip and Tear"],"picked":"Ball Lightning","floor":8},{"not_picked":["Glacier","Barrage"],"picked":"StuffTheSpire:Synthwave","floor":12}],"player_experience":144338,"relics_obtained":[{"floor":2.0,"key":"Replay:Mystery Machine"},{"floor":7,"key":"War Paint"},{"floor":9,"key":"Nunchaku"}],"event_choices":[{"damage_healed":0.0,"max_hp_gain":0.0,"max_hp_loss":0.0,"gold_gain":0.0,"event_name":"Golden Wing","player_choice":"Ignored","floor":5.0,"gold_loss":0.0,"damage_taken":0.0},{"damage_healed":0,"gold_gain":0,"player_choice":"Inject Mutagens","damage_taken":0,"relics_obtained":["MutagenicStrength"],"max_hp_gain":0,"max_hp_loss":0,"event_name":"Drug Dealer","floor":24,"gold_loss":0}],"is_beta":false,"boss_relics":[{"not_picked":["aspiration:SecretTechniqueScroll","Replay:Grab Bag"],"picked":"energizedSpire:NeverEndingSparkler"}],"items_purged_floors":[],"is_endless":false,"potions_floor_spawned":[7,8,10,14,16,18],"killed_by":"Book of Stabbing","ascension_level":12}}