{"host":"pmmuxs046gii331m","time":1614004985,"event":{"mods":["AchievementEnabler","BaseMod","Colored Powertips","Downfall","Gold Saver","Infinite Spire","Minty Spire (QoL Compilation)","Permanent Neow","Quick Restart","StSLib"],"gold_per_floor":[144,144,94,94,19,109,109,154,154,199,244,334,334,334,334,634,634,679,724,769,814,814,814,729,786,798,460,460,550,550,595,595,595,595],"floor_reached":33,"language":"ENG","playtime":2469,"items_purged":["Strike_B","Strike_B"],"score":400,"play_id":"6ed8c60c-0daa-4a19-a3af-d27da1e18aa6","local_time":"20210222094305","daily_mods":["Cursed Run","Red Cards","Midas"],"is_ascension_mode":false,"campfire_choices":[{"floor":7,"key":"REST"},{"floor":13,"key":"REST"},{"floor":15,"key":"REST"},{"floor":23,"key":"REST"},{"floor":32,"key":"REST"}],"circlet_count":0,"master_deck":["Defend_B","Defend_B","Defend_B+1","Zap","Dualcast+1","Sword Boomerang","Clothesline","Coolheaded","downfall:Haunted","Reckless Charge","Feed","White Noise","Pain","Writhe","Juggernaut","Melter+1","Cleave+1","Pain","infinitespire:Starlight","Streamline"],"relics":["Cursed Key","Darkstone Periapt","Du-Vu Doll","infinitespire:Cubic Diamond","infinitespire:SolderingIron","Blue Candle","Akabeko","WarpedTongs","Nuclear Battery","MawBank","WingedGreaves","infinitespire:FocusingShard","Nunchaku","Lantern"],"acts_visited":["Exordium","TheCity"],"potions_floor_usage":[12,16,16,18,18,29,33],"damage_taken":[{"damage":1,"enemies":"2 Louse","floor":1,"turns":2},{"damage":38,"enemies":"Gremlin Nob","floor":6,"turns":4},{"damage":0,"enemies":"Small Slimes","floor":8,"turns":2},{"damage":0,"enemies":"Jaw Worm","floor":10,"turns":3},{"damage":7,"enemies":"2 Fungi Beasts","floor":11,"turns":4},{"damage":9,"enemies":"Lagavulin","floor":12,"turns":5},{"damage":1,"enemies":"Slime Boss","floor":16,"turns":8},{"damage":29,"enemies":"2 Thieves","floor":18,"turns":3},{"damage":2,"enemies":"Spheric Guardian","floor":19,"turns":1},{"damage":24,"enemies":"Centurion and Healer","floor":20,"turns":5},{"damage":8,"enemies":"Chosen and Byrds","floor":21,"turns":4},{"damage":16,"enemies":"Snake Plant","floor":25,"turns":4},{"damage":29,"enemies":"Gremlin Leader","floor":29,"turns":5},{"damage":24,"enemies":"Shelled Parasite and Fungi","floor":31,"turns":4},{"damage":67,"enemies":"Automaton","floor":33,"turns":6}],"seed_played":"-9004314451342404475","potions_obtained":[{"floor":6,"key":"hexamod:SoulburnPotion"},{"floor":10,"key":"Block Potion"},{"floor":11,"key":"Swift Potion"},{"floor":12,"key":"FearPotion"},{"floor":16,"key":"hexamod:SoulburnPotion"},{"floor":18,"key":"AttackPotion"},{"floor":31,"key":"LiquidBronze"}],"is_trial":false,"path_per_floor":["M","?","?","?","$","E","R","M","T","M","M","E","R","?","R","B",null,"M","M","M","M","?","R","?","M","T","$","?","E","AVR","M","R","B"],"character_chosen":"DEFECT","items_purchased":["infinitespire:FocusingShard"],"campfire_rested":5,"item_purchase_floors":[27],"current_hp_per_floor":[74,59,59,59,59,21,43,43,49,49,42,33,57,63,87,92,93,67,65,41,33,33,61,61,45,51,51,51,22,22,17,48,0,0],"gold":595,"neow_bonus":"","is_daily":true,"chose_seed":false,"campfire_upgraded":0,"win_rate":0.0,"timestamp":1614004985,"path_taken":["M","?","?","?","$","E","R","M","T","M","?","E","R","?","R","BOSS","M","M","?","M","?","R","?","M","T","$","?","E","AVR","?","R","BOSS"],"items_purchased_type":["Relic"],"build_version":"2020-12-22","purchased_purges":2,"victory":false,"max_hp_per_floor":[75,75,75,75,75,75,75,75,81,81,81,81,81,87,87,93,93,96,96,96,96,96,96,96,96,102,102,102,102,102,106,106,106,106],"card_choices":[{"not_picked":["BootSequence","Dropkick"],"picked":"Sword Boomerang","floor":1},{"not_picked":["Tempest","Dual Wield"],"picked":"Clothesline","floor":6},{"not_picked":["Seeing Red","Anger"],"picked":"Coolheaded","floor":8},{"not_picked":["Rebound","Thunderclap"],"picked":"Reckless Charge","floor":10},{"not_picked":["Blood for Blood","Storm"],"picked":"Feed","floor":11},{"not_picked":["Reinforced Body","Ball Lightning"],"picked":"White Noise","floor":12},{"not_picked":["Reboot","Multi-Cast"],"picked":"Juggernaut","floor":16},{"not_picked":["Pommel Strike","Aggregate","infinitespire:OneForAll"],"picked":"SKIP","floor":18},{"not_picked":["Barrage","True Grit"],"picked":"Melter+1","floor":19},{"not_picked":["Wild Strike","True Grit","Compile Driver"],"picked":"SKIP","floor":20},{"not_picked":["Shockwave+1","Shrug It Off","Combust"],"picked":"SKIP","floor":21},{"not_picked":["Rage+1","Wild Strike"],"picked":"Cleave+1","floor":25},{"not_picked":["Carnage","Reaper","Wild Strike"],"picked":"SKIP","floor":29},{"not_picked":["Reinforced Body","Perfected Strike+1"],"picked":"Streamline","floor":31}],"player_experience":578519,"relics_obtained":[{"floor":6,"key":"infinitespire:SolderingIron"},{"floor":9,"key":"Blue Candle"},{"floor":12,"key":"Akabeko"},{"floor":26,"key":"WingedGreaves"},{"floor":29,"key":"Nunchaku"}],"event_choices":[{"damage_healed":0,"gold_gain":0,"player_choice":"Entered Light","damage_taken":15,"max_hp_gain":0,"max_hp_loss":0,"event_name":"Shining Light","floor":2,"gold_loss":0,"cards_upgraded":["Dualcast","Defend_B"]},{"cards_removed":["Strike_B"],"damage_healed":0,"gold_gain":0,"player_choice":"Card Removal","damage_taken":0,"max_hp_gain":0,"max_hp_loss":0,"event_name":"The Cleric","floor":3,"gold_loss":50},{"damage_healed":0,"gold_gain":0,"player_choice":"Rummage","damage_taken":0,"relics_obtained":["WarpedTongs"],"max_hp_gain":0,"max_hp_loss":0,"event_name":"Accursed Blacksmith","floor":14,"gold_loss":0,"cards_obtained":["Pain"]},{"cards_removed":["Defend_B"],"damage_healed":0,"gold_gain":0,"player_choice":"Elegance","damage_taken":0,"max_hp_gain":0,"max_hp_loss":0,"event_name":"Back to Basics","floor":22,"gold_loss":0},{"damage_healed":0,"gold_gain":0,"player_choice":"Obtained Relic","damage_taken":0,"relics_obtained":["MawBank"],"max_hp_gain":0,"max_hp_loss":0,"event_name":"Addict","floor":24,"gold_loss":85},{"cards_removed":["Strike_B"],"damage_healed":0,"gold_gain":0,"player_choice":"Offered Basic","damage_taken":0,"max_hp_gain":0,"max_hp_loss":0,"event_name":"Bonfire Elementals","floor":28,"gold_loss":0}],"is_beta":false,"boss_relics":[{"not_picked":["Runic Pyramid","Astrolabe"],"picked":"Nuclear Battery"}],"items_purged_floors":[5,27],"is_endless":false,"potions_floor_spawned":[6,10,11,12,16,18,31],"killed_by":"Automaton","ascension_level":0}}