{"host":"28bpuzdckreop5i0","time":1614022878,"event":{"mods":["BaseMod","Downfall","Minty Spire (QoL Compilation)","Relic Stats","Shop Mod","StSLib"],"gold_per_floor":[99,109,121,121,121,296,296,126,126,157,157,167,167,195,213,316,316,216,232,62,77,90,104,104,132,144,144,161,61,61,152,163,163,163,163],"floor_reached":33,"language":"ENG","playtime":1664,"items_purged":["downfall:Malfunctioning","Doubt"],"score":385,"play_id":"d9a7731b-debb-4fe5-8ac7-463ec05b9a03","local_time":"20210222134118","is_ascension_mode":true,"campfire_choices":[{"data":"champ:Taunt","floor":1.0,"key":"SMITH"},{"data":"champ:ArenaPreparation","floor":11.0,"key":"SMITH"},{"data":"champ:EndlessRage","floor":13.0,"key":"SMITH"},{"data":"champ:StrikeOfGenius","floor":18,"key":"SMITH"},{"floor":27,"key":"RECALL"},{"data":"champ:StrikeOfGenius","floor":29,"key":"SMITH"}],"circlet_count":0,"master_deck":["champ:Strike","champ:Strike","champ:Strike","champ:Strike","champ:Defend","champ:Defend","champ:Defend","champ:Defend","champ:Execute","champ:Taunt+1","Violence+1","champ:GutPunch+1","champ:ArenaPreparation+1","champ:EndlessRage+1","champ:ArenaPreparation+1","champ:BladeFlurry","champ:CrookedStrike","champ:Lariat","champ:RapidStrikes","champ:StrikeOfGenius+1","champ:RageSigil+1","champ:StrikeOfGenius+1","champ:FlashCut","champ:StrikeOfGenius+1","champ:CalledShot","champ:StrikeOfGenius","champ:ArenaPreparation"],"relics":["champ:ChampionCrown","StrikeDummy","Happy Flower","Potion Belt","Sozu","downfall:HeartBlessingGreen","DollysMirror","champ:SignatureFinisher","Art of War","downfall:HeartBlessingRed"],"acts_visited":["Exordium","TheCity"],"potions_floor_usage":[16,31,33],"damage_taken":[{"damage":11.0,"enemies":"Small Slimes","floor":2.0,"turns":4.0},{"damage":19.0,"enemies":"Jaw Worm","floor":3.0,"turns":4.0},{"damage":75.0,"enemies":"downfall:FleeingMerchant","floor":8.0,"turns":4.0},{"damage":71.0,"enemies":"3 Sentries","floor":10.0,"turns":10.0},{"damage":37.0,"enemies":"2 Louse","floor":12.0,"turns":2.0},{"damage":82,"enemies":"Lagavulin","floor":14,"turns":5},{"damage":20,"enemies":"Exordium Wildlife","floor":15,"turns":3},{"damage":63,"enemies":"WA_ARCHETYPE_RETAIN","floor":16,"turns":5},{"damage":35,"enemies":"Spheric Guardian","floor":19,"turns":1},{"damage":65,"enemies":"downfall:FleeingMerchant","floor":20,"turns":4},{"damage":15,"enemies":"3 Byrds","floor":21,"turns":4},{"damage":46,"enemies":"Snecko","floor":22,"turns":3},{"damage":33,"enemies":"Shelled Parasite and Fungi","floor":23,"turns":2},{"damage":35,"enemies":"Book of Stabbing","floor":25,"turns":2},{"damage":45,"enemies":"Snake Plant","floor":26,"turns":2},{"damage":15,"enemies":"3 Cultists","floor":28,"turns":3},{"damage":41,"enemies":"downfall:FleeingMerchant","floor":31,"turns":3},{"damage":37,"enemies":"Cultist and Chosen","floor":32,"turns":3},{"damage":73,"enemies":"DF_ARCHETYPE_CLAW","floor":33,"turns":4}],"seed_played":"-2949927724236271340","potions_obtained":[{"floor":14,"key":"SkillPotion"},{"floor":15,"key":"PowerPotion"},{"floor":16,"key":"champ:OpenerPotion"}],"is_trial":false,"path_per_floor":["R","M","M","?","?","?","T","$","?","E","R","M","R","E","M","B",null,"R","M","$","M","M","M","T","E","M","R","M","R","?","$","M","B"],"character_chosen":"THE_CHAMP","items_purchased":["champ:ArenaPreparation","DollysMirror","champ:StrikeOfGenius"],"campfire_rested":0,"item_purchase_floors":[8,20,31],"current_hp_per_floor":[81,80,76,76,76,76,76,76,81,60,60,53,53,53,48,35,86,86,86,86,86,80,62,62,62,42,42,42,42,42,37,35,0,0,0],"gold":163,"neow_bonus":"RANDOM_COLORLESS_2","is_daily":false,"chose_seed":false,"campfire_upgraded":5,"win_rate":0.0,"timestamp":1614022878,"path_taken":["R","M","M","?","?","?","T","$","?","E","R","?","R","E","M","BOSS","R","M","$","M","M","M","T","E","M","R","M","R","?","$","M","BOSS"],"items_purchased_type":["Card","Relic","Card"],"build_version":"2020-12-22","purchased_purges":2,"victory":false,"max_hp_per_floor":[81,81,81,81,81,81,81,81,86,86,86,86,86,86,86,86,86,86,86,86,86,86,86,86,86,86,86,86,86,86,86,86,86,86,86],"relic_stats":{"Sozu":4,"Happy Flower":[15],"counters":[19,68],"Art of War":[2],"obtain_stats":[{"Potion Belt":14,"Sozu":17,"Happy Flower":10,"downfall:HeartBlessingRed":29,"DollysMirror":20,"champ:ChampionCrown":0,"downfall:HeartBlessingGreen":18,"champ:SignatureFinisher":24,"Art of War":25,"StrikeDummy":7},{"Potion Belt":6,"Sozu":8,"Happy Flower":4,"downfall:HeartBlessingRed":16,"DollysMirror":10,"champ:ChampionCrown":0,"downfall:HeartBlessingGreen":8,"champ:SignatureFinisher":13,"Art of War":14,"StrikeDummy":2},{"Potion Belt":29,"Sozu":37,"Happy Flower":22,"downfall:HeartBlessingRed":58,"DollysMirror":42,"champ:ChampionCrown":0,"downfall:HeartBlessingGreen":37,"champ:SignatureFinisher":51,"Art of War":53,"StrikeDummy":8}]},"card_choices":[{"not_picked":["The Bomb","Transmutation"],"picked":"Violence","floor":0.0},{"not_picked":["champ:DefensiveShout","champ:BladeFlurry"],"picked":"champ:GutPunch","floor":2.0},{"not_picked":["champ:FancyFootwork","champ:Shatter"],"picked":"champ:ArenaPreparation","floor":3.0},{"not_picked":["champ:VampiricStrike","champ:Shatter"],"picked":"champ:EndlessRage","floor":8.0},{"not_picked":["champ:DefensiveShout","champ:Circumvent"],"picked":"champ:BladeFlurry","floor":10.0},{"not_picked":["champ:EnGarde","champ:FaceSlap"],"picked":"champ:CrookedStrike","floor":12.0},{"not_picked":["champ:EnragedBash","champ:Haymaker"],"picked":"champ:Lariat","floor":14},{"not_picked":["champ:EnragedBash","champ:Endure"],"picked":"champ:RapidStrikes","floor":15},{"not_picked":["champ:TripleStrike","champ:EnchantSword"],"picked":"champ:StrikeOfGenius","floor":16},{"not_picked":["champ:FlashCut+1","champ:StanceDance","champ:CrownThrow"],"picked":"SKIP","floor":19},{"not_picked":["champ:CrownThrow+1","champ:Circumvent"],"picked":"champ:RageSigil+1","floor":20},{"not_picked":["champ:ShieldSigil","champ:DefensiveShout","champ:SetATrap"],"picked":"SKIP","floor":21},{"not_picked":["champ:RecklessLeap","champ:SetATrap"],"picked":"champ:FlashCut","floor":22},{"not_picked":["champ:ShieldSigil","champ:Backstep","champ:Circumvent"],"picked":"SKIP","floor":23},{"not_picked":["champ:DefensiveShout","champ:SteelEdge"],"picked":"champ:StrikeOfGenius","floor":25},{"not_picked":["champ:StanceDance+1","champ:FalseCounter","champ:Circumvent"],"picked":"SKIP","floor":26},{"not_picked":["champ:PreemptiveStrike","champ:StanceDance"],"picked":"champ:CalledShot","floor":28},{"not_picked":["champ:Backstep+1","champ:CrownThrow","champ:SkillfulDodge+1"],"picked":"SKIP","floor":31},{"not_picked":["champ:HeavySlash","champ:PreciseThrust"],"picked":"champ:ArenaPreparation","floor":32}],"player_experience":1008172,"relics_obtained":[{"floor":7.0,"key":"StrikeDummy"},{"floor":10.0,"key":"Happy Flower"},{"floor":14,"key":"Potion Belt"},{"floor":24,"key":"champ:SignatureFinisher"},{"floor":25,"key":"Art of War"}],"event_choices":[{"damage_healed":0.0,"max_hp_gain":5.0,"max_hp_loss":0.0,"gold_gain":0.0,"event_name":"Big Fish","player_choice":"Donut","floor":9.0,"gold_loss":0.0,"damage_taken":0.0}],"is_beta":false,"boss_relics":[{"not_picked":["Coffee Dripper","Cursed Key"],"picked":"Sozu"}],"items_purged_floors":[8,31],"is_endless":false,"potions_floor_spawned":[14,15,16,22,23,28,32],"killed_by":"DF_ARCHETYPE_CLAW","ascension_level":2}}