{"host":"jt67skv49snb75sm","time":1614013129,"event":{"mods":["BaseMod","Bestiary","Minty Spire (QoL Compilation)","Relic Stats"],"gold_per_floor":[118,134,134,150,150,150,70,70,70,85,85,114,30,56,56,56,56],"floor_reached":16,"language":"ENG","playtime":565,"items_purged":[],"score":216,"play_id":"e66a5449-c71d-4a5c-82f8-43006022ab0b","local_time":"20210222175849","is_ascension_mode":true,"campfire_choices":[{"data":"Havoc","floor":6.0,"key":"SMITH"},{"data":"Bash","floor":8.0,"key":"SMITH"},{"data":"Flame Barrier","floor":15,"key":"SMITH"}],"circlet_count":0,"master_deck":["AscendersBane","Strike_R","Strike_R","Strike_R","Defend_R","Defend_R","Defend_R","Defend_R","Bash+1","Feel No Pain","Havoc+1","True Grit+1","Intimidate","Flame Barrier+1","Hemokinesis","Pommel Strike","Pommel Strike"],"relics":["Burning Blood","Mango","Lantern","Self Forming Clay"],"acts_visited":["Exordium"],"potions_floor_usage":[14,16],"damage_taken":[{"damage":4.0,"enemies":"Small Slimes","floor":1.0,"turns":5.0},{"damage":6.0,"enemies":"Cultist","floor":2.0,"turns":5.0},{"damage":2.0,"enemies":"Jaw Worm","floor":4.0,"turns":5.0},{"damage":33.0,"enemies":"Gremlin Gang","floor":10.0,"turns":8.0},{"damage":28.0,"enemies":"Lagavulin","floor":12.0,"turns":7.0},{"damage":9,"enemies":"Gremlin Nob","floor":14,"turns":3},{"damage":0,"enemies":"The Guardian","floor":16,"turns":2}],"seed_played":"5646643394014959303","potions_obtained":[{"floor":12.0,"key":"LiquidBronze"},{"floor":14,"key":"FearPotion"}],"is_trial":false,"path_per_floor":["M","M","?","M","?","R","$","R","T","M","?","E","$","E","R","B"],"character_chosen":"IRONCLAD","items_purchased":["Flame Barrier","LiquidMemories"],"campfire_rested":0,"item_purchase_floors":[7,13],"current_hp_per_floor":[70,70,70,74,74,74,74,74,88,61,54,32,32,29,29,29,29],"gold":56,"neow_bonus":"THREE_CARDS","is_daily":false,"chose_seed":false,"campfire_upgraded":3,"win_rate":0.0,"timestamp":1614013129,"path_taken":["M","M","?","?","?","R","$","R","T","?","?","E","?","E","R","BOSS"],"items_purchased_type":["Card","Potion"],"build_version":"2020-12-22","purchased_purges":0,"victory":false,"max_hp_per_floor":[75,75,75,75,75,75,75,75,89,89,89,89,89,89,89,89,89],"relic_stats":{"counters":[7,35],"Self Forming Clay":[0],"obtain_stats":[{"Lantern":12,"Self Forming Clay":14,"Mango":9,"Burning Blood":0},{"Lantern":5,"Self Forming Clay":6,"Mango":3,"Burning Blood":0},{"Lantern":30,"Self Forming Clay":33,"Mango":15,"Burning Blood":0}],"Burning Blood":36},"card_choices":[{"not_picked":["Twin Strike","Body Slam"],"picked":"Feel No Pain","floor":0.0},{"not_picked":["Heavy Blade","Perfected Strike"],"picked":"Havoc","floor":1.0},{"not_picked":["Dual Wield","Havoc"],"picked":"True Grit","floor":2.0},{"not_picked":["Sword Boomerang","Anger"],"picked":"Intimidate","floor":4.0},{"not_picked":["Flame Barrier","Sword Boomerang"],"picked":"Hemokinesis","floor":10.0},{"not_picked":["Disarm","Ghostly Armor"],"picked":"Pommel Strike","floor":12.0},{"not_picked":["Cleave","Sever Soul"],"picked":"Pommel Strike","floor":14}],"player_experience":873172,"relics_obtained":[{"floor":9.0,"key":"Mango"},{"floor":12.0,"key":"Lantern"},{"floor":14,"key":"Self Forming Clay"}],"event_choices":[{"damage_healed":0.0,"max_hp_gain":0.0,"max_hp_loss":0.0,"gold_gain":0.0,"event_name":"Upgrade Shrine","player_choice":"Upgraded","floor":3.0,"gold_loss":0.0,"damage_taken":0.0,"cards_upgraded":["True Grit"]},{"cards_removed":["Strike_R"],"damage_healed":0.0,"max_hp_gain":0.0,"max_hp_loss":0.0,"gold_gain":0.0,"event_name":"Purifier","player_choice":"Purged","floor":5.0,"gold_loss":0.0,"damage_taken":0.0},{"cards_removed":["Strike_R"],"damage_healed":0.0,"max_hp_gain":0.0,"max_hp_loss":0.0,"gold_gain":0.0,"event_name":"Golden Wing","player_choice":"Card Removal","floor":11.0,"gold_loss":0.0,"damage_taken":7.0}],"is_beta":false,"boss_relics":[],"items_purged_floors":[],"is_endless":false,"potions_floor_spawned":[12,14],"killed_by":"The Guardian","ascension_level":20}}