{"host":"qhbbxt9nia1s4hz5","time":1614028305,"event":{"mods":["2.2 Compatiblity","Act Like it!","AlwaysNeverKeys","BaseMod","Better Altar","Better Match","Better Note","Better Sensory Stone","Better Skull","Better Third Choice","Better Vampires","BetterRewards","Block Reminder","Booster Modes","Clockwork Mod","Colored Map","Colored Powertips","Displayed Cursed Tome","Emptier Cage","Energized Spire","Faster Ascension Climbing","Friendly Minions","Gensokyo","GifTheSpireLib","Gold Saver","Infinite Spire","Minty Spire (QoL Compilation)","Permanent Neow","Rare Cards Sparkle","Relic Filter","Reliquary","Replay The Spire","Shop Mod","StSLib","Td1madao Mod","The Vixen","The Witch"],"gold_per_floor":[634,634,634,559,138,138,155,155,155,377,388,388,388,403,403,500,500,510,510,523,523,523,553,553,567,567,579,579,579,579,589,589,691,691,702,716,716,726,726,726,726,726,726,741,741,741,755,755,755,773,773,773,773,773,272,306,306],"floor_reached":58,"language":"ENG","playtime":5631,"items_purged":["Defend_C","Defend_C","Pain","Defend_C","Strike_C","Reflection Mechanism+1"],"score":1390,"play_id":"d121e664-6031-4b28-bb15-f303e42e73fb","local_time":"20210222231145","is_ascension_mode":false,"campfire_choices":[{"data":"Here Defend Chip+1","floor":6,"key":"SMITH"},{"floor":13,"key":"REST"},{"data":"Black Execution","floor":15,"key":"SMITH"},{"data":"Here Defend Chip+2","floor":24,"key":"SMITH"},{"data":"Here Defend Chip+3","floor":29,"key":"SMITH"},{"data":"Fixing","floor":32,"key":"SMITH"},{"data":"Reflection Mechanism","floor":43,"key":"SMITH"},{"data":"Gensokyo:GreaterSplit","floor":49,"key":"SMITH"},{"data":"Black Dance","floor":54,"key":"SMITH"}],"circlet_count":0,"master_deck":["Strike_C+1","Strike_C","Strike_C+1","Knight Kick+1","Chip+1","Preloading+1","Afterwards+1","Black Spear","Black Execution+1","Winding Magic+1","Provocative+1","Black Dance+1","Here Defend Chip+4","Optimization+1","Black Execution+1","Fixing+1","Overclocking+1","Cursed Blade+1","Fire Blade+1","Poisoned Strike+1","Panache+1","Chip Synthesis+1","Lunge+1","Retrieval Recycling+1","De Ware Chip+1","Gensokyo:GreaterSplit+1","Gensokyo:ReactiveArmor","Black Dance+1","Bugfix+1"],"relics":["Apod","Golden Egg","reliquary:Buckler","Gensokyo:LunaticRedEyes","Gensokyo:OccultBall","Whetstone","reliquary:SharkskinSheath","Omamori","reliquary:Craggleroot","Medical Kit","Chameleon Ring","reliquary:Spinner","reliquary:ThirdArm","Replay:Rubber Ducky","ReplayTheSpireMod:CursedCoin","Simple Rune","reliquary:SilkGlove","reliquary:Boomerang"],"acts_visited":["Gensokyo:Gensokyo","Gensokyo:Gensokyoer","Gensokyo:Gensokyoest","TheEnding"],"potions_floor_usage":[23,33,33,33,44,47,52,56,56,56,57],"damage_taken":[{"damage":0,"enemies":"Gensokyo:Python","floor":1,"turns":3},{"damage":2,"enemies":"Gensokyo:2_Kodama","floor":7,"turns":1},{"damage":0,"enemies":"Gensokyo:Gryphon","floor":11,"turns":2},{"damage":1,"enemies":"Gensokyo:3_Kodama","floor":14,"turns":2},{"damage":8,"enemies":"Gensokyo:Reimu","floor":16,"turns":4},{"damage":0,"enemies":"Gensokyo:3_Dogs","floor":18,"turns":2},{"damage":0,"enemies":"Gensokyo:Chomper","floor":20,"turns":1},{"damage":0,"enemies":"Gensokyo:Tenshi","floor":23,"turns":3},{"damage":0,"enemies":"Gensokyo:3_Gloops","floor":25,"turns":1},{"damage":12,"enemies":"Gensokyo:Slime_Group","floor":27,"turns":3},{"damage":0,"enemies":"Gensokyo:Monolith_and_Dog","floor":31,"turns":1},{"damage":46,"enemies":"Gensokyo:Eternal_Rivals","floor":33,"turns":8},{"damage":6,"enemies":"Gensokyo:3_Boulders","floor":35,"turns":1},{"damage":0,"enemies":"Gensokyo:3_Bats","floor":36,"turns":1},{"damage":0,"enemies":"Gensokyo:AtlasGolem","floor":38,"turns":2},{"damage":0,"enemies":"Gensokyo:Rafflesia","floor":44,"turns":4},{"damage":0,"enemies":"Gensokyo:Dusk_and_Dawn","floor":47,"turns":2},{"damage":0,"enemies":"Gensokyo:Sharpion","floor":50,"turns":2},{"damage":10,"enemies":"Gensokyo:Scarlet_Devils","floor":52,"turns":8},{"damage":0,"enemies":"Shield and Spear","floor":56,"turns":3},{"damage":25,"enemies":"The Heart","floor":57,"turns":8}],"seed_played":"-8950471165157278144","potions_obtained":[{"floor":1,"key":"LifebloodPotion"},{"floor":11,"key":"CultistPotion"},{"floor":16,"key":"Energy Potion"},{"floor":27,"key":"Strength Potion"},{"floor":31,"key":"Adrenaline Potion"},{"floor":33,"key":"Doom Potion"},{"floor":36,"key":"Swift Potion"},{"floor":40,"key":"Weak Potion"},{"floor":40,"key":"LiquidBronze"},{"floor":47,"key":"EssenceOfSteel"}],"is_trial":false,"path_per_floor":["M","?","?","?","$","R","M","COS","T","?","M","?","R","M","R","B",null,"M","COS","M","AVR","?","E","R","M","T","M","?","R","?","M","R","B",null,"M","M","?","M","AVR","R","PTL","PTL","R","M","T","?","M","?","R","M","R_BF","B",null,"R","$","E","B",null],"character_chosen":"TD1MADAO_CLASS","items_purchased":["Golden Egg","reliquary:Buckler","Preloading","Afterwards","Bugfix","Provocative","Black Dance","Here Defend Chip","Whetstone","Energy Potion","LifebloodPotion","ReplayTheSpireMod:CursedCoin","Simple Rune","reliquary:SilkGlove","Venom Potion"],"campfire_rested":1,"item_purchase_floors":[0,0,0,0,0,5,5,5,5,55,55,55,55,55,55],"current_hp_per_floor":[70,70,70,70,70,70,68,68,68,35,35,35,56,55,55,47,70,70,70,70,70,70,70,70,70,70,58,58,58,58,58,58,12,70,64,64,64,64,64,64,64,64,64,64,64,64,64,64,64,64,70,60,70,70,70,70,45],"gold":306,"neow_bonus":"","is_daily":false,"chose_seed":false,"campfire_upgraded":8,"win_rate":0.0,"timestamp":1614028305,"path_taken":["M","?","?","?","$","R","M","COS","T","?","?","?","R","M","R","BOSS","M","COS","M","AVR","?","E","R","M","T","M","?","R","?","M","R","BOSS","M","M","?","M","AVR","R","PTL","PTL","R","M","T","?","M","?","R","M","R_BF","BOSS","R","$","E","BOSS"],"items_purchased_type":["Relic","Relic","Card","Card","Card","Card","Card","Card","Relic","Potion","Potion","Relic","Relic","Relic","Potion"],"build_version":"2020-12-22","purchased_purges":6,"victory":true,"max_hp_per_floor":[70,70,70,70,70,70,70,70,70,70,70,70,70,70,70,70,70,70,70,70,70,70,70,70,70,70,70,70,70,70,70,70,70,70,70,70,70,70,70,70,70,70,70,70,70,70,70,70,70,70,70,70,70,70,70,70,70],"card_choices":[{"not_picked":["Oblique Hack","Cursed Blade"],"picked":"Black Spear","floor":1},{"not_picked":["Fire Blade+1","Oblique Hack+1"],"picked":"Black Execution+1","floor":4},{"not_picked":["Black Hand+1","Break Into+1"],"picked":"Winding Magic+1","floor":4},{"not_picked":["Sudden Beat","Preparedness"],"picked":"Optimization","floor":7},{"not_picked":["Rupture","Black Hand"],"picked":"Black Execution","floor":11},{"not_picked":["Thunder Jump","Winding Magic"],"picked":"Fixing","floor":14},{"not_picked":["Shockwave Tdmadao","Black Contract"],"picked":"Overclocking","floor":16},{"not_picked":["Cursed Blade","Defend System","Preloading"],"picked":"SKIP","floor":18},{"not_picked":["Sub Weapons","Break Into"],"picked":"Cursed Blade+1","floor":20},{"not_picked":["Oblique Hack","White Contract+1"],"picked":"Fire Blade+1","floor":23},{"not_picked":["Trader+1","Resistance","Provocative"],"picked":"SKIP","floor":25},{"not_picked":["Preloading","Recovery Mechanism+1","E MP"],"picked":"SKIP","floor":27},{"not_picked":["Flash of Steel","Thinking Ahead"],"picked":"Poisoned Strike","floor":28},{"not_picked":["ReplayTheSpireMod:Brewmster","Madness"],"picked":"Panache","floor":28},{"not_picked":["Oblique Hack+1","Coercion"],"picked":"Weapon Shift","floor":31},{"not_picked":["Format All Data","Pod Laser"],"picked":"Chip Synthesis","floor":33},{"not_picked":["Bugfix","Black Shadow+1","Paralysis+1"],"picked":"SKIP","floor":35},{"not_picked":["Fire Blade","Black Spear+1"],"picked":"Lunge","floor":36},{"not_picked":["Oblique Hack","Afterwards","Twin Teeth"],"picked":"SKIP","floor":38},{"not_picked":["Afterwards","Trader+1"],"picked":"De Ware Chip+1","floor":44},{"not_picked":["Resistance","Break Into","Fixing"],"picked":"SKIP","floor":47},{"not_picked":["Coercion+1","Chip Synthesis"],"picked":"Black Dance","floor":50},{"not_picked":["E MP+1","Revenge"],"picked":"Bugfix+1","floor":56}],"player_experience":933316,"relics_obtained":[{"floor":7,"key":"Gensokyo:OccultBall"},{"floor":9,"key":"reliquary:SharkskinSheath"},{"floor":16,"key":"Gensokyo:OccultBall"},{"floor":20,"key":"Gensokyo:OccultBall"},{"floor":23,"key":"Gensokyo:OccultBall"},{"floor":23,"key":"Chameleon Ring"},{"floor":26,"key":"reliquary:Spinner"},{"floor":33,"key":"Gensokyo:OccultBall"},{"floor":45,"key":"Replay:Rubber Ducky"},{"floor":47,"key":"Gensokyo:OccultBall"},{"floor":56,"key":"reliquary:Boomerang"}],"event_choices":[{"damage_healed":0,"gold_gain":0,"player_choice":"2","damage_taken":0,"max_hp_gain":0,"max_hp_loss":0,"event_name":"betterMatch:BetterMatch","floor":4,"gold_loss":0,"cards_obtained":["betterMatch:UncommonCard","betterMatch:CommonCard"]},{"damage_healed":0,"gold_gain":222,"player_choice":"GO GO RE ","damage_taken":37,"relics_obtained":["Omamori"],"max_hp_gain":0,"max_hp_loss":0,"event_name":"betterSkull:BetterSkull","floor":10,"gold_loss":0,"cards_upgraded":[]},{"damage_healed":0,"gold_gain":2,"player_choice":"1","damage_taken":0,"max_hp_gain":0,"max_hp_loss":0,"event_name":"betterStone:BetterStone","floor":28,"gold_loss":0}],"is_beta":false,"boss_relics":[{"not_picked":["energizedSpire:EnergizedDie","Painkiller Herb"],"picked":"reliquary:Craggleroot"},{"not_picked":["Replay:Drink Me","Fusion Hammer"],"picked":"reliquary:ThirdArm"}],"items_purged_floors":[0,0,5,21,39,55],"is_endless":false,"potions_floor_spawned":[1,11,16,27,31,33,36,47],"ascension_level":0}}