{"host":"sav7uxregyirlf69","time":1614018528,"event":{"mods":["AchievementEnabler","BaseMod","Colored Map","DeckTracker","Keyboard Shortcuts","Minty Spire (QoL Compilation)","READ ME - Guardian Mod","StSLib","SuperFastMode"],"gold_per_floor":[109,109,125,139,139,139,172,172,198,198,230,246,261,272,272,350,350,360,410,420,34,124,124,153,164,239,270,270,160,160,180,180,257,257,270,57,75,85,85,85,117,142,179,191,223,246,278,315,327,339,351,363,375,14,45,45,45],"floor_reached":56,"language":"KOR","playtime":1194,"items_purged":["Strike_G","Strike_G+1","Predator+1"],"score":2193,"play_id":"f23d7ada-63e0-4a01-8472-2ae192f5e4a8","local_time":"20210223032848","is_ascension_mode":true,"campfire_choices":[{"data":"Neutralize","floor":6.0,"key":"SMITH"},{"data":"Blade Dance","floor":8.0,"key":"SMITH"},{"floor":10.0,"key":"REST"},{"data":"Predator","floor":15.0,"key":"SMITH"},{"data":"Blade Dance","floor":23.0,"key":"SMITH"},{"data":"Finisher","floor":28.0,"key":"SMITH"},{"data":"Tactician","floor":30.0,"key":"SMITH"},{"data":"Infinite Blades","floor":32.0,"key":"SMITH"},{"floor":40.0,"key":"RECALL"},{"floor":44.0,"key":"REST"},{"floor":49.0,"key":"REST"},{"floor":53.0,"key":"REST"}],"circlet_count":0,"master_deck":["AscendersBane","Defend_G+1","Defend_G","Defend_G","Survivor","Neutralize+1","Infinite Blades+1","Slice+1","Backstab","Blade Dance+1","Deflect","Tactician+1","Backflip","Blade Dance+1","Finisher+1","After Image","Cloak And Dagger","Phantasmal Killer","Dodge and Roll","Acrobatics"],"relics":["Ring of the Snake","Toy Ornithopter","Smiling Mask","Kunai","WristBlade","TheAbacus","Vajra","TungstenRod","Matryoshka","Happy Flower","Fusion Hammer","Sling","MawBank","Meat on the Bone","Lizard Tail","Sundial","Bottled Lightning"],"acts_visited":["Exordium","TheCity","TheBeyond","TheEnding"],"potions_floor_usage":[56],"damage_taken":[{"damage":1.0,"enemies":"Small Slimes","floor":1.0,"turns":4.0},{"damage":0.0,"enemies":"Jaw Worm","floor":3.0,"turns":5.0},{"damage":0.0,"enemies":"2 Louse","floor":4.0,"turns":4.0},{"damage":14.0,"enemies":"Lagavulin","floor":7.0,"turns":6.0},{"damage":0.0,"enemies":"Gremlin Nob","floor":11.0,"turns":2.0},{"damage":5.0,"enemies":"Red Slaver","floor":12.0,"turns":2.0},{"damage":1.0,"enemies":"Large Slime","floor":13.0,"turns":6.0},{"damage":11.0,"enemies":"Exordium Thugs","floor":14.0,"turns":3.0},{"damage":35.0,"enemies":"Slime Boss","floor":16.0,"turns":11.0},{"damage":0.0,"enemies":"Chosen","floor":18.0,"turns":2.0},{"damage":0.0,"enemies":"Spheric Guardian","floor":20.0,"turns":1.0},{"damage":0.0,"enemies":"Gremlin Leader","floor":24.0,"turns":6.0},{"damage":0.0,"enemies":"Shelled Parasite and Fungi","floor":25.0,"turns":3.0},{"damage":3.0,"enemies":"Slavers","floor":27.0,"turns":5.0},{"damage":0.0,"enemies":"Chosen and Byrds","floor":31.0,"turns":5.0},{"damage":0.0,"enemies":"Collector","floor":33.0,"turns":5.0},{"damage":0.0,"enemies":"Orb Walker","floor":35.0,"turns":3.0},{"damage":0.0,"enemies":"3 Shapes","floor":37.0,"turns":2.0},{"damage":0.0,"enemies":"Sphere and 2 Shapes","floor":38.0,"turns":5.0},{"damage":6.0,"enemies":"Nemesis","floor":41.0,"turns":3.0},{"damage":0.0,"enemies":"3 Darklings","floor":42.0,"turns":4.0},{"damage":0.0,"enemies":"Maw","floor":45.0,"turns":4.0},{"damage":0.0,"enemies":"Spire Growth","floor":46.0,"turns":2.0},{"damage":19.0,"enemies":"Writhing Mass","floor":47.0,"turns":7.0},{"damage":0.0,"enemies":"Reptomancer","floor":48.0,"turns":5.0},{"damage":32.0,"enemies":"Awakened One","floor":50.0,"turns":12.0},{"damage":25.0,"enemies":"Donu and Deca","floor":51.0,"turns":9.0},{"damage":0.0,"enemies":"Shield and Spear","floor":55.0,"turns":5.0},{"damage":108,"enemies":"The Heart","floor":56,"turns":6}],"seed_played":"8419600223925755421","potions_obtained":[{"floor":4.0,"key":"FearPotion"},{"floor":7.0,"key":"CunningPotion"},{"floor":13.0,"key":"Fruit Juice"},{"floor":14.0,"key":"Strength Potion"},{"floor":20.0,"key":"ColorlessPotion"},{"floor":24.0,"key":"DuplicationPotion"},{"floor":37.0,"key":"SkillPotion"},{"floor":38.0,"key":"Explosive Potion"},{"floor":41.0,"key":"FearPotion"},{"floor":46.0,"key":"Swift Potion"}],"is_trial":false,"path_per_floor":["M","?","M","M","?","R","E","R","T","R","E","M","M","M","R","B",null,"M","?","M","$","?","R","E","M","T","E","R","?","R","M","R","B",null,"M","$","M","M","?","R","E","M","T","R","M","M","M","E","R","B","B",null,"R","$","E","B"],"character_chosen":"THE_SILENT","items_purchased":["TheAbacus","Vajra","Sling","Sundial","Acrobatics"],"campfire_rested":4,"item_purchase_floors":[21,21,36,54,54],"current_hp_per_floor":[58,58,58,58,40,40,26,26,26,44,49,44,43,32,32,2,46,46,46,46,46,38,38,43,43,43,40,40,40,40,40,40,45,60,60,60,60,60,60,60,54,54,54,65,65,65,46,46,65,33,20,54,65,65,65,0,0],"gold":45,"neow_bonus":"REMOVE_TWO","is_daily":false,"chose_seed":false,"campfire_upgraded":7,"win_rate":0.0,"timestamp":1614018528,"path_taken":["M","?","M","M","?","R","E","R","T","R","E","M","M","M","R","BOSS","M","?","M","?","?","R","E","?","T","E","R","?","R","M","R","BOSS","M","$","M","M","?","R","E","M","T","R","M","M","M","E","R","BOSS","BOSS","R","$","E","BOSS"],"items_purchased_type":["Relic","Relic","Relic","Relic","Card"],"build_version":"2020-12-22","purchased_purges":3,"victory":false,"max_hp_per_floor":[60,60,60,60,60,60,60,60,60,60,60,60,60,60,60,60,60,60,60,60,60,65,65,65,65,65,65,65,65,65,65,65,65,65,65,65,65,65,65,65,65,65,65,65,65,65,65,65,65,65,65,65,65,65,65,65,65],"card_choices":[{"not_picked":["Outmaneuver","Eviscerate"],"picked":"Infinite Blades","floor":1.0},{"not_picked":["Flying Knee","Slice"],"picked":"Backstab","floor":3.0},{"not_picked":["Dagger Throw","Sucker Punch"],"picked":"Blade Dance","floor":4.0},{"not_picked":["Riddle With Holes","Caltrops"],"picked":"Predator","floor":7.0},{"not_picked":["Slice","Quick Slash","PiercingWail"],"picked":"SKIP","floor":11.0},{"not_picked":["Catalyst","PiercingWail"],"picked":"Deflect","floor":12.0},{"not_picked":["Prepared","Acrobatics"],"picked":"Tactician","floor":13.0},{"not_picked":["Unload","Caltrops","Dash"],"picked":"SKIP","floor":14.0},{"not_picked":["Underhanded Strike","Heel Hook"],"picked":"Backflip","floor":18.0},{"not_picked":["Expertise","Caltrops"],"picked":"Blade Dance","floor":20.0},{"not_picked":["Dagger Throw","Underhanded Strike","Poisoned Stab"],"picked":"SKIP","floor":24.0},{"not_picked":["Deadly Poison","Flechettes","Eviscerate"],"picked":"SKIP","floor":25.0},{"not_picked":["Slice","Eviscerate"],"picked":"Finisher","floor":27.0},{"not_picked":["Caltrops","All Out Attack","Dagger Throw"],"picked":"SKIP","floor":31.0},{"not_picked":["Burst","Grand Finale"],"picked":"After Image","floor":33.0},{"not_picked":["Dagger Spray","Prepared","Dodge and Roll"],"picked":"SKIP","floor":35.0},{"not_picked":["All Out Attack","Masterful Stab","Prepared"],"picked":"SKIP","floor":37.0},{"not_picked":["Backstab","Deflect"],"picked":"Cloak And Dagger","floor":38.0},{"not_picked":["Slice","Flying Knee","Sucker Punch"],"picked":"SKIP","floor":41.0},{"not_picked":["Dagger Throw","Bouncing Flask","Expertise"],"picked":"SKIP","floor":42.0},{"not_picked":["Blade Dance","Underhanded Strike+1"],"picked":"Phantasmal Killer","floor":45.0},{"not_picked":["Flying Knee","Skewer"],"picked":"Dodge and Roll","floor":46.0},{"not_picked":["Masterful Stab","Dagger Throw","Underhanded Strike"],"picked":"SKIP","floor":47.0},{"not_picked":["Night Terror","Slice","Flying Knee+1"],"picked":"SKIP","floor":48.0},{"not_picked":["Bane","Flying Knee","Venomology"],"picked":"SKIP","floor":55.0}],"player_experience":1655576,"relics_obtained":[{"floor":7.0,"key":"Toy Ornithopter"},{"floor":9.0,"key":"Smiling Mask"},{"floor":11.0,"key":"Kunai"},{"floor":24.0,"key":"TungstenRod"},{"floor":26.0,"key":"Matryoshka"},{"floor":27.0,"key":"Happy Flower"},{"floor":41.0,"key":"MawBank"},{"floor":43.0,"key":"Meat on the Bone"},{"floor":48.0,"key":"Lizard Tail"},{"floor":55.0,"key":"Bottled Lightning"}],"event_choices":[{"damage_healed":0.0,"max_hp_gain":0.0,"max_hp_loss":0.0,"gold_gain":0.0,"cards_transformed":["Strike_G"],"event_name":"Living Wall","player_choice":"Change","floor":2.0,"gold_loss":0.0,"damage_taken":0.0,"cards_obtained":["Slice"]},{"damage_healed":0.0,"max_hp_gain":0.0,"max_hp_loss":0.0,"gold_gain":0.0,"event_name":"Shining Light","player_choice":"Entered Light","floor":5.0,"gold_loss":0.0,"damage_taken":18.0,"cards_upgraded":["Strike_G","Defend_G"]},{"damage_healed":0.0,"max_hp_gain":0.0,"max_hp_loss":0.0,"gold_gain":50.0,"event_name":"Nest","player_choice":"Stole From Cult","floor":19.0,"gold_loss":0.0,"damage_taken":0.0},{"damage_healed":0.0,"max_hp_gain":0.0,"max_hp_loss":0.0,"gold_gain":90.0,"event_name":"Knowing Skull","player_choice":"GOLD POTION ","floor":22.0,"potions_obtained":["SpeedPotion"],"gold_loss":0.0,"damage_taken":18.0,"cards_obtained":[]},{"cards_removed":["Strike_G"],"damage_healed":0.0,"max_hp_gain":0.0,"max_hp_loss":0.0,"gold_gain":0.0,"event_name":"Designer","player_choice":"Upgrade and Remove","floor":29.0,"gold_loss":110.0,"damage_taken":0.0,"cards_upgraded":["Slice"]},{"cards_removed":["Defend_G"],"damage_healed":0.0,"max_hp_gain":0.0,"max_hp_loss":0.0,"gold_gain":0.0,"event_name":"Bonfire Elementals","player_choice":"Offered Basic","floor":39.0,"gold_loss":0.0,"damage_taken":0.0}],"is_beta":false,"boss_relics":[{"not_picked":["SacredBark","Calling Bell"],"picked":"WristBlade"},{"not_picked":["Snecko Eye","HoveringKite"],"picked":"Fusion Hammer"}],"items_purged_floors":[21,36,54],"is_endless":false,"potions_floor_spawned":[4,7,13,14,20,24,31,37,38,41,46],"killed_by":"The Heart","ascension_level":20}}