{"host":"w97dq1whmpm6b2tc","time":1614026552,"event":{"mods":["BaseMod","Challenge The Spire","Downfall","Minty Spire (QoL Compilation)","StSLib"],"gold_per_floor":[99,110,69,69,79,105,105,140,40,58,70,70,70,70],"floor_reached":12,"language":"ENG","playtime":776,"items_purged":[],"score":92,"play_id":"b1705fcf-f6c4-4081-8393-dd7d1279e962","local_time":"20210222224232","is_ascension_mode":true,"campfire_choices":[{"floor":9.0,"key":"REST"}],"circlet_count":0,"master_deck":["sneckomod:Strike","sneckomod:Defend","sneckomod:TailWhip","sneckomod:SnekBite","Night Terror","sneckomod:SoulDraw","Writhe","sneckomod:UnknownStrength","sneckomod:SnakeSap+1"],"relics":["sneckomod:SneckoSoul","PreservedInsect","Molten Egg 2","Bag of Marbles","downfall:HeartBlessingGreen"],"acts_visited":["Exordium"],"potions_floor_usage":[],"damage_taken":[{"damage":2.0,"enemies":"Small Slimes","floor":2.0,"turns":4.0},{"damage":0.0,"enemies":"downfall:FleeingMerchant","floor":3.0,"turns":4.0},{"damage":5.0,"enemies":"Cultist","floor":5.0,"turns":4.0},{"damage":44.0,"enemies":"3 Sentries","floor":6.0,"turns":7.0},{"damage":9.0,"enemies":"Gremlin Nob","floor":8.0,"turns":4.0},{"damage":11.0,"enemies":"Jaw Worm","floor":10.0,"turns":3.0},{"damage":13,"enemies":"Exordium Wildlife","floor":11,"turns":4},{"damage":18,"enemies":"Lagavulin","floor":12,"turns":3}],"seed_played":"9075815515623669436","potions_obtained":[{"floor":2.0,"key":"FearPotion"},{"floor":6.0,"key":"Block Potion"}],"is_trial":false,"path_per_floor":["R","M","$","?","M","E","T","E","R","M","M","E"],"character_chosen":"THE_SNECKO","items_purchased":["sneckomod:SoulDraw"],"campfire_rested":1,"item_purchase_floors":[3],"current_hp_per_floor":[63,61,61,61,56,12,12,3,30,19,6,0,0,0],"gold":70,"neow_bonus":"REMOVE_TWO","is_daily":false,"chose_seed":false,"campfire_upgraded":0,"win_rate":0.0,"timestamp":1614026552,"path_taken":["R","M","$","?","M","E","T","E","R","?","M","E"],"items_purchased_type":["Card"],"build_version":"2020-12-22","purchased_purges":0,"victory":false,"max_hp_per_floor":[90,90,90,90,90,90,90,90,90,90,90,90,90,90],"card_choices":[{"not_picked":["sneckomod:UnendingSupply","sneckomod:UnknownX","sneckomod:Unknown1Cost"],"picked":"SKIP","floor":2.0},{"not_picked":["sneckomod:DiceBoulder","sneckomod:UnknownUncommonAttack","sneckomod:DiceBlock"],"picked":"SKIP","floor":3.0},{"not_picked":["sneckomod:DiceCrush","sneckomod:UnknownCommonAttack"],"picked":"sneckomod:UnknownStrength","floor":5.0},{"not_picked":["sneckomod:IronFang","sneckomod:MasterEye","sneckomod:UnknownX"],"picked":"SKIP","floor":6.0},{"not_picked":["sneckomod:UnknownCommonAttack+1","sneckomod:UnknownUncommonAttack+1","sneckomod:UnknownExhaust"],"picked":"SKIP","floor":8.0},{"not_picked":["sneckomod:DiceBlock","sneckomod:UnknownStrike+1"],"picked":"sneckomod:SnakeSap+1","floor":10.0},{"not_picked":["sneckomod:UnknownColorless","sneckomod:Unknown2Cost","sneckomod:ImprovisedGuard"],"picked":"SKIP","floor":11}],"player_experience":3822847,"relics_obtained":[{"floor":6.0,"key":"PreservedInsect"},{"floor":7.0,"key":"Molten Egg 2"},{"floor":8.0,"key":"Bag of Marbles"}],"event_choices":[],"is_beta":false,"boss_relics":[],"items_purged_floors":[],"is_endless":false,"potions_floor_spawned":[2,6],"killed_by":"Lagavulin","ascension_level":1}}