{"host":"aq6zgkax5kiz71xp","time":1614033990,"event":{"mods":["BaseMod","Bestiary","Minty Spire (QoL Compilation)","Quick Restart","StSLib","The Cursed","The Runesmith"],"gold_per_floor":[107,113,132,152,152,152,152,167,10,81,102,115,115,115,115],"floor_reached":13,"language":"ZHS","playtime":417,"items_purged":["Dualcast"],"score":89,"play_id":"05e5edb4-47e3-4825-8c76-02e61b0e2ab4","local_time":"20210223064630","is_ascension_mode":true,"campfire_choices":[{"data":"Gash","floor":6,"key":"SMITH"},{"floor":12,"key":"REST"}],"circlet_count":0,"master_deck":["Strike_B","Strike_B","Strike_B","Strike_B","Defend_B","Defend_B","Defend_B","Defend_B","Zap","Gash+1","Steam","Reprogram","Beam Cell","Gash"],"relics":["Cracked Core","NeowsBlessing","Golden Idol","FaceOfCleric","Letter Opener"],"acts_visited":["Exordium"],"potions_floor_usage":[11],"damage_taken":[{"damage":0,"enemies":"Cultist","floor":1,"turns":1},{"damage":0,"enemies":"Jaw Worm","floor":2,"turns":1},{"damage":0,"enemies":"Small Slimes","floor":3,"turns":1},{"damage":8,"enemies":"Red Slaver","floor":7,"turns":4},{"damage":28,"enemies":"Large Slime","floor":10,"turns":9},{"damage":21,"enemies":"Exordium Thugs","floor":11,"turns":6},{"damage":30,"enemies":"Lagavulin","floor":13,"turns":8}],"seed_played":"4616584489109985529","potions_obtained":[{"floor":7,"key":"EssenceOfSteel"},{"floor":11,"key":"PotionOfCapacity"}],"is_trial":false,"path_per_floor":["M","M","M","?","?","R","M","$","T","M","M","R","E"],"character_chosen":"DEFECT","items_purchased":["Reprogram"],"campfire_rested":1,"item_purchase_floors":[8],"current_hp_per_floor":[65,75,75,75,57,57,57,50,50,50,23,3,26,0,0],"gold":115,"neow_bonus":"THREE_ENEMY_KILL","is_daily":false,"chose_seed":false,"campfire_upgraded":1,"win_rate":0.0,"timestamp":1614033990,"path_taken":["M","?","M","?","?","R","?","?","T","M","M","R","E"],"items_purchased_type":["Card"],"build_version":"2020-12-22","purchased_purges":1,"victory":false,"max_hp_per_floor":[75,75,75,75,75,75,75,76,76,76,77,78,78,78,78],"card_choices":[{"not_picked":["Ball Lightning","Compile Driver"],"picked":"Gash","floor":1},{"not_picked":["Lockon","Defragment","Coolheaded"],"picked":"SKIP","floor":2},{"not_picked":["Redo","Fusion"],"picked":"Steam","floor":3},{"not_picked":["Cold Snap","Barrage","Hologram"],"picked":"SKIP","floor":7},{"not_picked":["Blizzard","Steam"],"picked":"Beam Cell","floor":10},{"not_picked":["Beam Cell","Conserve Battery"],"picked":"Gash","floor":11}],"player_experience":463856,"relics_obtained":[{"floor":9,"key":"Letter Opener"}],"event_choices":[{"damage_healed":0,"gold_gain":0,"player_choice":"Take Damage","damage_taken":18,"relics_obtained":["Golden Idol"],"max_hp_gain":0,"max_hp_loss":0,"event_name":"Golden Idol","floor":4,"gold_loss":0},{"damage_healed":0,"gold_gain":0,"player_choice":"Trade","damage_taken":0,"relics_obtained":["FaceOfCleric"],"max_hp_gain":0,"max_hp_loss":0,"event_name":"FaceTrader","floor":5,"gold_loss":0}],"is_beta":false,"boss_relics":[],"items_purged_floors":[8],"is_endless":false,"potions_floor_spawned":[7,11],"killed_by":"Lagavulin","ascension_level":3}}