{"host":"sav7uxregyirlf69","time":1614006062,"event":{"mods":["AchievementEnabler","BaseMod","Colored Map","DeckTracker","Keyboard Shortcuts","Minty Spire (QoL Compilation)","READ ME - Guardian Mod","StSLib","SuperFastMode"],"gold_per_floor":[118,118,138,158,178,178,45,45,45,45,45,61,95,114,114,190,190,209,226,126,401,6,35,35,35,35],"floor_reached":25,"language":"KOR","playtime":362,"items_purged":["Strike_G","Strike_G","Regret"],"score":442,"play_id":"8c6d047c-37b8-4d3e-b170-58648534797a","local_time":"20210223000102","is_ascension_mode":true,"campfire_choices":[{"data":"Phantasmal Killer","floor":6,"key":"SMITH"},{"data":"Terror","floor":8,"key":"SMITH"},{"data":"Dagger Spray","floor":15,"key":"SMITH"}],"circlet_count":0,"master_deck":["AscendersBane","Strike_G","Strike_G","Strike_G","Defend_G","Defend_G","Defend_G","Defend_G","Survivor","Neutralize+1","Flying Knee","Terror+1","Dagger Spray","Phantasmal Killer+1","Blade Dance+1","Dagger Spray+1","Corpse Explosion","Blur","Deflect+1"],"relics":["Ring of the Snake","InkBottle","Sozu","Toxic Egg 2","Strawberry"],"acts_visited":["Exordium","TheCity"],"potions_floor_usage":[5,25],"damage_taken":[{"damage":2,"enemies":"Jaw Worm","floor":1,"turns":4},{"damage":2,"enemies":"Cultist","floor":3,"turns":5},{"damage":3,"enemies":"2 Louse","floor":4,"turns":4},{"damage":0,"enemies":"Lots of Slimes","floor":5,"turns":1},{"damage":13,"enemies":"3 Louse","floor":12,"turns":3},{"damage":3,"enemies":"Gremlin Nob","floor":13,"turns":3},{"damage":25,"enemies":"Exordium Thugs","floor":14,"turns":5},{"damage":20,"enemies":"Slime Boss","floor":16,"turns":8},{"damage":1,"enemies":"Chosen","floor":18,"turns":3},{"damage":4,"enemies":"3 Byrds","floor":19,"turns":3},{"damage":30,"enemies":"Gremlin Leader","floor":23,"turns":6},{"damage":35,"enemies":"Snecko","floor":25,"turns":5}],"seed_played":"-5936250460831991911","potions_obtained":[{"floor":3,"key":"LiquidMemories"},{"floor":5,"key":"EssenceOfSteel"},{"floor":16,"key":"BlessingOfTheForge"}],"is_trial":false,"path_per_floor":["M","?","M","M","M","R","$","R","T","?","?","M","E","M","R","B",null,"M","M","$","?","$","E","$","M"],"character_chosen":"THE_SILENT","items_purchased":["Blade Dance","Toxic Egg 2"],"campfire_rested":0,"item_purchase_floors":[7,22],"current_hp_per_floor":[57,76,74,71,71,71,71,71,71,71,71,58,55,30,30,10,60,59,55,55,55,55,32,32,0,0],"gold":35,"neow_bonus":"TRANSFORM_CARD","is_daily":false,"chose_seed":false,"campfire_upgraded":3,"win_rate":0.0,"timestamp":1614006062,"path_taken":["M","?","?","M","M","R","$","R","T","?","?","M","E","M","R","BOSS","M","?","$","?","$","E","?","M"],"items_purchased_type":["Card","Relic"],"build_version":"2020-12-22","purchased_purges":3,"victory":false,"max_hp_per_floor":[66,76,76,76,76,76,76,76,76,76,76,76,76,76,76,76,76,76,76,76,76,76,83,83,83,83],"card_choices":[{"not_picked":["Underhanded Strike","Sucker Punch"],"picked":"Flying Knee","floor":1},{"not_picked":["Dodge and Roll","Setup"],"picked":"Terror","floor":3},{"not_picked":["Deadly Poison","Acrobatics"],"picked":"Dagger Spray","floor":4},{"not_picked":["Underhanded Strike","Slice"],"picked":"Phantasmal Killer","floor":5},{"not_picked":["Poisoned Stab","Bane","Blade Dance"],"picked":"SKIP","floor":12},{"not_picked":["Poisoned Stab","Sucker Punch","Quick Slash"],"picked":"SKIP","floor":13},{"not_picked":["Blade Dance","PiercingWail"],"picked":"Dagger Spray","floor":14},{"not_picked":["Bullet Time","A Thousand Cuts"],"picked":"Corpse Explosion","floor":16},{"not_picked":["Backflip","Cloak And Dagger"],"picked":"Blur","floor":18},{"not_picked":["Prepared","Poisoned Stab","Predator"],"picked":"SKIP","floor":19},{"not_picked":["Dodge and Roll+1","Setup+1"],"picked":"Deflect+1","floor":23}],"player_experience":1650159,"relics_obtained":[{"floor":13,"key":"InkBottle"},{"floor":23,"key":"Strawberry"}],"event_choices":[{"cards_removed":["Phantasmal Killer"],"damage_healed":9,"gold_gain":0,"player_choice":"Offered Rare","damage_taken":0,"max_hp_gain":10,"max_hp_loss":0,"event_name":"Bonfire Elementals","floor":2,"gold_loss":0},{"damage_healed":0,"gold_gain":0,"player_choice":"Grow","damage_taken":0,"max_hp_gain":0,"max_hp_loss":0,"event_name":"Living Wall","floor":10,"gold_loss":0,"cards_upgraded":["Neutralize"]},{"damage_healed":0,"gold_gain":0,"player_choice":"Upgraded","damage_taken":0,"max_hp_gain":0,"max_hp_loss":0,"event_name":"Upgrade Shrine","floor":11,"gold_loss":0,"cards_upgraded":["Blade Dance"]},{"damage_healed":0,"gold_gain":275,"player_choice":"Desecrate","damage_taken":0,"max_hp_gain":0,"max_hp_loss":0,"event_name":"Golden Shrine","floor":21,"gold_loss":0,"cards_obtained":["Regret"]}],"is_beta":false,"boss_relics":[{"not_picked":["Pandora\u0027s Box","Calling Bell"],"picked":"Sozu"}],"items_purged_floors":[7,20,22],"is_endless":false,"potions_floor_spawned":[3,5,16,18,19],"killed_by":"Snecko","ascension_level":20}}