{"host":"0luxfixkkfk9wck3","time":1614016544,"event":{"mods":["BaseMod","DeckTracker","Downfall","Highlight Path","Minty Spire (QoL Compilation)","StSLib"],"gold_per_floor":[199,213,229,246,396,12,12,36,51,51,76,88,123,134,147,245,245,145,145,145,92,111,111,111,108,105,117,129,141,166,188,214,321,333,345,377,399,24,34,34,34,34,53,53,85,85,95,112,132,132],"floor_reached":51,"language":"ENG","playtime":68609,"items_purged":["downfall:Icky"],"score":992,"play_id":"22232c1a-18f2-4883-9589-fb143ae03367","local_time":"20210222115544","is_ascension_mode":true,"campfire_choices":[{"data":"champ:Execute","floor":1,"key":"SMITH"},{"data":"expansioncontent:DashGenerateEvil","floor":10,"key":"SMITH"},{"data":"champ:Lariat","floor":18,"key":"SMITH"},{"floor":23,"key":"REST"},{"data":"RitualDagger","floor":27,"key":"SMITH"},{"data":"champ:AdrenalArmor","floor":29,"key":"SMITH"},{"data":"champ:SteelEdge","floor":35,"key":"SMITH"},{"data":"champ:ShieldThrow","floor":42,"key":"SMITH"},{"data":"champ:EnGarde","floor":44,"key":"SMITH"},{"floor":46,"key":"REST"}],"circlet_count":0,"master_deck":["champ:Strike","champ:Strike","champ:Strike","champ:Strike","champ:Defend","champ:Defend","champ:Defend","champ:Defend","champ:Execute+1","champ:Taunt","champ:BringItOn","champ:StanceDance","champ:BerserkersShout","champ:ShieldSlam","expansioncontent:DashGenerateEvil+1","champ:AdrenalArmor+1","champ:VampiricStrike","champ:ShieldWall","champ:FocusedDefense","champ:ShieldWall","champ:Lariat+1","champ:ShieldSigil","champ:EnchantCrown","RitualDagger+1","champ:MurderStrike","champ:ShieldWall","champ:Lariat","champ:ShieldThrow+1","champ:StanceDance+1","champ:EnGarde+1","champ:SteelEdge+1","CurseOfTheBell","champ:AdrenalArmor+1","champ:EnchantSword","champ:SwordSigil","champ:Lariat+1","champ:DefensiveStyle+1","champ:DefensiveShout+1","champ:DefensiveShout+1"],"relics":["champ:ChampionCrown","Odd Mushroom","StoneCalendar","Sundial","Sozu","downfall:HeartBlessingBlue","MutagenicStrength","MawBank","champ:DefensiveTrainingManual","Calling Bell","Happy Flower","Blue Candle","Dead Branch","Anchor","Pen Nib","Toxic Egg 2","Oddly Smooth Stone"],"acts_visited":["Exordium","TheCity","TheBeyond"],"potions_floor_usage":[11,50],"damage_taken":[{"damage":17,"enemies":"Jaw Worm","floor":2,"turns":6},{"damage":10,"enemies":"Small Slimes","floor":3,"turns":4},{"damage":0,"enemies":"2 Louse","floor":4,"turns":3},{"damage":20,"enemies":"downfall:FleeingMerchant","floor":6,"turns":4},{"damage":30,"enemies":"The Mushroom Lair","floor":8,"turns":5},{"damage":15,"enemies":"Exordium Thugs","floor":9,"turns":3},{"damage":30,"enemies":"Gremlin Nob","floor":11,"turns":3},{"damage":15,"enemies":"Large Slime","floor":12,"turns":4},{"damage":1,"enemies":"3 Sentries","floor":13,"turns":3},{"damage":15,"enemies":"Blue Slaver","floor":14,"turns":3},{"damage":10,"enemies":"Red Slaver","floor":15,"turns":3},{"damage":51,"enemies":"DF_ARCHETYPE_STREAMLINE","floor":16,"turns":8},{"damage":25,"enemies":"downfall:FleeingMerchant","floor":21,"turns":4},{"damage":51,"enemies":"3 Byrds","floor":22,"turns":6},{"damage":35,"enemies":"downfall:FleeingMerchant","floor":25,"turns":4},{"damage":10,"enemies":"downfall:FleeingMerchant","floor":26,"turns":4},{"damage":20,"enemies":"Chosen","floor":30,"turns":4},{"damage":40,"enemies":"Centurion and Healer","floor":31,"turns":5},{"damage":46,"enemies":"3 Cultists","floor":32,"turns":4},{"damage":33,"enemies":"SI_MIRROR_ARCHETYPE","floor":33,"turns":11},{"damage":13,"enemies":"3 Darklings","floor":36,"turns":5},{"damage":0,"enemies":"3 Shapes","floor":37,"turns":7},{"damage":50,"enemies":"downfall:FleeingMerchant","floor":38,"turns":4},{"damage":17,"enemies":"Spire Growth","floor":39,"turns":5},{"damage":27,"enemies":"Jaw Worm Horde","floor":43,"turns":5},{"damage":20,"enemies":"Nemesis","floor":45,"turns":9},{"damage":10,"enemies":"Sphere and 2 Shapes","floor":47,"turns":7},{"damage":0,"enemies":"4 Shapes","floor":48,"turns":6},{"damage":37,"enemies":"3 Darklings","floor":49,"turns":7},{"damage":40,"enemies":"WA_ARCHETYPE_DIVINITY","floor":50,"turns":9}],"seed_played":"-7109475390813878678","potions_obtained":[{"floor":4,"key":"BlessingOfTheForge"},{"floor":8,"key":"LiquidBronze"},{"floor":9,"key":"Guardian:BlockOnCardUsePotion"},{"floor":12,"key":"DistilledChaos"}],"is_trial":false,"path_per_floor":["R","M","M","M","?","$","T","?","M","R","E","M","E","M","M","B",null,"R","?","?","$","M","R","T","$","$","R","?","R","M","M","M","B",null,"R","M","M","$","M","?","T","R","M","R","E","R","M","M","M","B",null],"character_chosen":"THE_CHAMP","items_purchased":["expansioncontent:DashGenerateEvil","champ:AdrenalArmor","PowerPotion","champ:ShieldWall","Anchor","champ:SwordSigil","Pen Nib"],"campfire_rested":2,"item_purchase_floors":[6,6,6,21,38,38,38],"current_hp_per_floor":[81,79,79,79,79,79,79,74,74,74,74,74,73,73,63,47,79,89,83,83,68,47,77,77,77,77,77,77,77,77,77,66,53,88,88,80,80,65,48,87,87,87,70,70,55,81,81,81,74,44],"gold":132,"neow_bonus":"HUNDRED_GOLD","is_daily":false,"chose_seed":false,"campfire_upgraded":8,"win_rate":0.0,"timestamp":1614016544,"path_taken":["R","M","M","M","?","$","T","?","M","R","E","M","E","M","M","BOSS","R","?","?","$","M","R","T","?","$","R","?","R","M","?","M","BOSS","R","M","M","$","M","?","T","R","M","R","E","R","M","M","M","BOSS"],"items_purchased_type":["Card","Card","Potion","Card","Relic","Card","Relic"],"build_version":"2020-12-22","purchased_purges":1,"victory":true,"max_hp_per_floor":[90,90,90,90,90,90,90,90,90,90,90,90,90,90,90,90,90,100,100,100,100,100,100,100,100,100,100,100,100,100,100,100,100,100,100,100,100,100,100,87,87,87,87,87,87,87,87,87,87,87],"card_choices":[{"not_picked":["champ:Circumvent","champ:PreciseThrust"],"picked":"champ:BringItOn","floor":2},{"not_picked":["champ:ShieldSigil","champ:Haymaker"],"picked":"champ:StanceDance","floor":3},{"not_picked":["champ:CrookedStrike","champ:BladeFlurry"],"picked":"champ:BerserkersShout","floor":4},{"not_picked":["champ:BringItOn","champ:Haymaker"],"picked":"champ:ShieldSlam","floor":6},{"not_picked":["champ:FlashCut","champ:ArenaPreparation"],"picked":"champ:VampiricStrike","floor":9},{"not_picked":["champ:IgnorePain","champ:Endure"],"picked":"champ:ShieldWall","floor":11},{"not_picked":["champ:SetATrap","champ:DefensiveShout"],"picked":"champ:FocusedDefense","floor":12},{"not_picked":["champ:ShieldSigil","champ:Improvising"],"picked":"champ:ShieldWall","floor":13},{"not_picked":["champ:Duel","champ:EnGarde"],"picked":"champ:Lariat","floor":14},{"not_picked":["champ:StanceDance","champ:Parry"],"picked":"champ:ShieldSigil","floor":15},{"not_picked":["champ:CheapShot","champ:Devastate"],"picked":"champ:EnchantCrown","floor":16},{"not_picked":["champ:StanceDance","champ:FanOfKnives"],"picked":"champ:MurderStrike","floor":21},{"not_picked":["champ:BringItOn","champ:BladeFlurry"],"picked":"champ:Lariat","floor":22},{"not_picked":["champ:EnchantCrown","champ:BladeFlurry"],"picked":"champ:ShieldThrow","floor":25},{"not_picked":["champ:CrownThrow","champ:ShieldSigil","champ:StanceDance"],"picked":"SKIP","floor":26},{"not_picked":["champ:EnragedBash","champ:GladiatorStyle+1"],"picked":"champ:StanceDance+1","floor":30},{"not_picked":["champ:FancyFootwork","champ:Parry","champ:ShieldSigil"],"picked":"SKIP","floor":31},{"not_picked":["champ:CrownThrow","champ:ShieldSigil"],"picked":"champ:EnGarde","floor":32},{"not_picked":["champ:DancingMaster","champ:Devastate"],"picked":"champ:SteelEdge","floor":33},{"not_picked":["champ:ShieldSigil","champ:PreciseThrust+1"],"picked":"champ:AdrenalArmor+1","floor":36},{"not_picked":["champ:PreemptiveStrike","champ:ShieldSigil","champ:TornadoPunch"],"picked":"SKIP","floor":37},{"not_picked":["champ:AdrenalArmor+1","champ:FanOfKnives"],"picked":"champ:EnchantSword","floor":38},{"not_picked":["champ:IronFortress+1","champ:RisingSlash"],"picked":"champ:Lariat+1","floor":39},{"not_picked":["champ:GladiatorStyle","champ:PerfectedStrike+1"],"picked":"champ:DefensiveStyle+1","floor":43},{"not_picked":["champ:BladeFlurry","champ:EnragedBash","champ:SwordThrow"],"picked":"SKIP","floor":45},{"not_picked":["champ:TornadoPunch+1","champ:FlashCut+1"],"picked":"champ:DefensiveShout+1","floor":47},{"not_picked":["champ:Shatter+1","champ:EndlessRage"],"picked":"champ:DefensiveShout+1","floor":48},{"not_picked":["champ:EnGarde+1","champ:FanOfKnives","champ:PerfectedStrike"],"picked":"SKIP","floor":49}],"player_experience":12023588,"relics_obtained":[{"floor":8,"key":"Odd Mushroom"},{"floor":11,"key":"StoneCalendar"},{"floor":13,"key":"Sundial"},{"floor":24,"key":"MawBank"},{"floor":34,"key":"Happy Flower"},{"floor":34,"key":"Blue Candle"},{"floor":34,"key":"Dead Branch"},{"floor":41,"key":"Toxic Egg 2"},{"floor":45,"key":"Oddly Smooth Stone"}],"event_choices":[{"damage_healed":0,"gold_gain":0,"player_choice":"Fought Mushrooms","damage_taken":0,"max_hp_gain":0,"max_hp_loss":0,"event_name":"Mushrooms","floor":8,"gold_loss":0},{"damage_healed":0,"gold_gain":0,"player_choice":"Inject Mutagens","damage_taken":0,"relics_obtained":["MutagenicStrength"],"max_hp_gain":0,"max_hp_loss":0,"event_name":"Drug Dealer","floor":20,"gold_loss":0}],"is_beta":false,"boss_relics":[{"not_picked":["SlaversCollar","Velvet Choker"],"picked":"Sozu"},{"not_picked":["Runic Dome","Philosopher\u0027s Stone"],"picked":"Calling Bell"}],"items_purged_floors":[6],"is_endless":false,"potions_floor_spawned":[4,8,9,12,13,30,32,37,39,43,47],"ascension_level":8}}