{"host":"1nniobf0g4s2td4e","time":1614010579,"event":{"mods":["2.2 Compatiblity","BaseMod","Minty Spire (QoL Compilation)","StSLib","SuperFastMode"],"gold_per_floor":[118,133,146,34,53,86,86,86,156,156,156,217,217,240,240,368,368,384,405,405,405,235,235,266,266,266,266,279,293,293,311,311,439,439,455,455,194,218,0,31,31,31,31,31,31,31,71,71,71,71,71,71,23,62,62],"floor_reached":56,"language":"ENG","playtime":2560,"items_purged":["Strike_G","Strike_G"],"score":1244,"play_id":"21bdd470-e6fb-4873-85a4-9a091186ee1f","local_time":"20210222101619","is_ascension_mode":false,"campfire_choices":[{"data":"Bullet Time","floor":7,"key":"SMITH"},{"data":"Prepared","floor":10,"key":"SMITH"},{"data":"Escape Plan","floor":13,"key":"SMITH"},{"data":"Backflip","floor":15,"key":"SMITH"},{"data":"Noxious Fumes","floor":23,"key":"SMITH"},{"data":"Burst","floor":25,"key":"SMITH"},{"data":"Neutralize","floor":27,"key":"SMITH"},{"data":"Predator","floor":30,"key":"SMITH"},{"data":"Reflex","floor":32,"key":"SMITH"},{"data":"Escape Plan","floor":41,"key":"SMITH"},{"floor":44,"key":"RECALL"},{"data":"Madness","floor":49,"key":"SMITH"},{"data":"After Image","floor":52,"key":"SMITH"}],"circlet_count":0,"master_deck":["Strike_G","Strike_G","Strike_G","Defend_G","Defend_G","Defend_G","Defend_G","Defend_G","Survivor","Neutralize+1","Backflip+1","Prepared+1","Underhanded Strike","Escape Plan+1","Underhanded Strike","Bullet Time+1","Escape Plan+1","Burst+1","Dagger Throw+1","Dagger Spray","Neutralize+1","Noxious Fumes+1","Eviscerate+1","Predator+1","Reflex+1","After Image+1","Escape Plan+1","Dagger Throw+1","Flash of Steel","Madness+1","Acrobatics+1"],"relics":["Ring of the Serpent","Torii","Golden Idol","HoveringKite","Enchiridion","Art of War","Paper Crane","HornCleat","Red Mask","Pen Nib","Bronze Scales","Vajra","Akabeko","Pantograph"],"acts_visited":["Exordium","TheCity","TheBeyond","TheEnding"],"potions_floor_usage":[6,16,55,55,55],"damage_taken":[{"damage":0,"enemies":"Small Slimes","floor":1,"turns":4},{"damage":0,"enemies":"2 Louse","floor":2,"turns":3},{"damage":5,"enemies":"Jaw Worm","floor":3,"turns":5},{"damage":0,"enemies":"3 Louse","floor":5,"turns":2},{"damage":44,"enemies":"Gremlin Nob","floor":6,"turns":5},{"damage":0,"enemies":"Red Slaver","floor":14,"turns":2},{"damage":19,"enemies":"The Guardian","floor":16,"turns":16},{"damage":8,"enemies":"3 Byrds","floor":18,"turns":7},{"damage":2,"enemies":"Shell Parasite","floor":19,"turns":7},{"damage":11,"enemies":"Book of Stabbing","floor":24,"turns":6},{"damage":1,"enemies":"Shelled Parasite and Fungi","floor":28,"turns":4},{"damage":0,"enemies":"Cultist and Chosen","floor":29,"turns":4},{"damage":1,"enemies":"Snake Plant","floor":31,"turns":3},{"damage":18,"enemies":"Collector","floor":33,"turns":8},{"damage":0,"enemies":"Orb Walker","floor":35,"turns":4},{"damage":7,"enemies":"3 Shapes","floor":38,"turns":4},{"damage":0,"enemies":"Reptomancer","floor":40,"turns":6},{"damage":0,"enemies":"Nemesis","floor":47,"turns":5},{"damage":7,"enemies":"Awakened One","floor":50,"turns":11},{"damage":12,"enemies":"Shield and Spear","floor":54,"turns":5},{"damage":53,"enemies":"The Heart","floor":55,"turns":9}],"seed_played":"-2317335722993869755","potions_obtained":[{"floor":3,"key":"GamblersBrew"},{"floor":6,"key":"Poison Potion"},{"floor":14,"key":"Fire Potion"},{"floor":16,"key":"FearPotion"},{"floor":19,"key":"Block Potion"}],"is_trial":false,"path_per_floor":["M","M","M","$","M","E","R","?","T","R","?","?","R","M","R","B",null,"M","M","?","?","$","R","E","R","T","R","M","M","R","M","R","B",null,"M","?","$","M","?","E","R","T","T","R","?","?","E","?","R","B",null,"R","$","E","B",null],"character_chosen":"THE_SILENT","items_purchased":["Escape Plan","Noxious Fumes","HornCleat","PowerPotion"],"campfire_rested":0,"item_purchase_floors":[4,22,37,53],"current_hp_per_floor":[77,77,72,72,72,28,28,28,28,28,28,28,28,28,28,9,71,63,61,45,45,45,45,34,34,34,34,33,33,33,32,32,14,71,71,71,71,64,64,64,64,64,64,64,64,55,55,55,55,48,71,71,71,59,18],"gold":62,"neow_bonus":"TEN_PERCENT_HP_BONUS","is_daily":false,"chose_seed":false,"campfire_upgraded":12,"win_rate":0.0,"timestamp":1614010579,"path_taken":["M","M","M","$","M","E","R","?","T","R","?","?","R","M","R","BOSS","M","M","?","?","$","R","E","R","T","R","M","?","R","M","R","BOSS","M","?","$","?","?","E","R","?","T","R","?","?","E","?","R","BOSS","R","$","E","BOSS"],"items_purchased_type":["Card","Card","Relic","Potion"],"build_version":"2020-12-22","purchased_purges":2,"victory":true,"max_hp_per_floor":[77,77,77,77,77,77,77,71,71,71,71,71,71,71,71,71,71,71,71,71,71,71,71,71,71,71,71,71,71,71,71,71,71,71,71,71,71,71,71,71,71,71,71,71,71,71,71,71,71,71,71,71,71,71,71],"card_choices":[{"not_picked":["Poisoned Stab","All Out Attack"],"picked":"Backflip","floor":1},{"not_picked":["Blade Dance","Infinite Blades"],"picked":"Prepared","floor":2},{"not_picked":["Crippling Poison","PiercingWail"],"picked":"Underhanded Strike","floor":3},{"not_picked":["Dodge and Roll","Sucker Punch"],"picked":"Underhanded Strike","floor":5},{"not_picked":["Infinite Blades","Catalyst"],"picked":"Bullet Time","floor":6},{"not_picked":["Outmaneuver","Dagger Throw"],"picked":"Escape Plan","floor":14},{"not_picked":["Phantasmal Killer","Doppelganger"],"picked":"Burst","floor":16},{"not_picked":["Prepared","Endless Agony"],"picked":"Dagger Throw+1","floor":18},{"not_picked":["Underhanded Strike+1","Corpse Explosion"],"picked":"Dagger Spray","floor":19},{"not_picked":["Acrobatics","Quick Slash"],"picked":"Eviscerate+1","floor":24},{"not_picked":["Cloak And Dagger","PiercingWail+1","Caltrops"],"picked":"SKIP","floor":28},{"not_picked":["Underhanded Strike","Cloak And Dagger+1"],"picked":"Predator","floor":29},{"not_picked":["Bane+1","Quick Slash"],"picked":"Reflex","floor":31},{"not_picked":["A Thousand Cuts","Grand Finale"],"picked":"After Image","floor":33},{"not_picked":["Sucker Punch","Finisher","Setup"],"picked":"SKIP","floor":35},{"not_picked":["Backflip","Catalyst+1","Expertise"],"picked":"SKIP","floor":38},{"not_picked":["Cloak And Dagger+1","Poisoned Stab"],"picked":"Dagger Throw+1","floor":40},{"not_picked":["Trip","Mind Blast"],"picked":"Flash of Steel","floor":45},{"not_picked":["Endless Agony","Flechettes","A Thousand Cuts"],"picked":"SKIP","floor":47},{"not_picked":["Dash+1","Slice"],"picked":"Acrobatics+1","floor":54}],"player_experience":778216,"relics_obtained":[{"floor":6,"key":"Torii"},{"floor":20,"key":"Enchiridion"},{"floor":24,"key":"Art of War"},{"floor":26,"key":"Paper Crane"},{"floor":40,"key":"Pen Nib"},{"floor":42,"key":"Bronze Scales"},{"floor":43,"key":"Vajra"},{"floor":47,"key":"Akabeko"},{"floor":54,"key":"Pantograph"}],"event_choices":[{"damage_healed":0,"gold_gain":0,"player_choice":"Lose Max HP","damage_taken":0,"relics_obtained":["Golden Idol"],"max_hp_gain":0,"max_hp_loss":6,"event_name":"Golden Idol","floor":8,"gold_loss":0},{"damage_healed":0,"gold_gain":0,"player_choice":"Grow","damage_taken":0,"max_hp_gain":0,"max_hp_loss":0,"event_name":"Living Wall","floor":11,"gold_loss":0,"cards_upgraded":["Neutralize"]},{"damage_healed":0,"gold_gain":61,"player_choice":"Gained Gold","damage_taken":0,"max_hp_gain":0,"max_hp_loss":0,"event_name":"Golden Wing","floor":12,"gold_loss":0},{"damage_healed":0,"gold_gain":0,"player_choice":"Obtained Book","damage_taken":16,"max_hp_gain":0,"max_hp_loss":0,"event_name":"Cursed Tome","floor":20,"gold_loss":0},{"damage_healed":0,"gold_gain":0,"player_choice":"1 cards matched","damage_taken":0,"max_hp_gain":0,"max_hp_loss":0,"event_name":"Match and Keep!","floor":21,"gold_loss":0,"cards_obtained":["Neutralize"]},{"damage_healed":0,"gold_gain":0,"player_choice":"Copied","damage_taken":0,"max_hp_gain":0,"max_hp_loss":0,"event_name":"Duplicator","floor":36,"gold_loss":0,"cards_obtained":["Escape Plan"]},{"damage_healed":0,"gold_gain":0,"player_choice":"Paid","damage_taken":0,"relics_obtained":["Red Mask"],"max_hp_gain":0,"max_hp_loss":0,"event_name":"Tomb of Lord Red Mask","floor":39,"gold_loss":218},{"damage_healed":0,"gold_gain":0,"player_choice":"Memory 1","damage_taken":0,"max_hp_gain":0,"max_hp_loss":0,"event_name":"SensoryStone","floor":45,"gold_loss":0},{"damage_healed":0,"gold_gain":0,"player_choice":"Embrace Madness","damage_taken":9,"max_hp_gain":0,"max_hp_loss":0,"event_name":"Winding Halls","floor":46,"gold_loss":0,"cards_obtained":["Madness","Madness"]},{"cards_removed":["Madness"],"damage_healed":0,"gold_gain":0,"player_choice":"Removed Skill","damage_taken":0,"max_hp_gain":0,"max_hp_loss":0,"event_name":"Falling","floor":48,"gold_loss":0}],"is_beta":false,"boss_relics":[{"not_picked":["Cursed Key","SlaversCollar"],"picked":"HoveringKite"},{"not_picked":["Black Star","Sozu"],"picked":"Ring of the Serpent"}],"items_purged_floors":[4,22],"is_endless":false,"potions_floor_spawned":[3,6,14,16,19,33,35,47],"ascension_level":0}}