{"host":"ul3z8ex5o8l5j7mh","time":1614016594,"event":{"mods":["2.2 Compatiblity","AchievementEnabler","BaseMod","Bestiary","Colored Map","Colored Powertips","Curses Come First","DeckTracker","Highlight Path","Keyboard Shortcuts","Minty Spire (QoL Compilation)","Relic Sorter","Relic Stats","StSLib","SuperFastMode"],"gold_per_floor":[114,114,134,148,163,163,163],"floor_reached":6,"language":"ENG","playtime":283,"items_purged":[],"score":44,"play_id":"660ca04d-9fbe-435e-8932-178b3f271293","local_time":"20210222185634","is_ascension_mode":true,"campfire_choices":[],"circlet_count":0,"master_deck":["Strike_G","Strike_G","Strike_G","Strike_G","Strike_G","Defend_G","Defend_G","Defend_G","Defend_G","Defend_G","Survivor","Neutralize","Outmaneuver","Blur","Blade Dance","Adrenaline"],"relics":["Sozu"],"acts_visited":["Exordium"],"potions_floor_usage":[],"damage_taken":[{"damage":2.0,"enemies":"2 Louse","floor":1.0,"turns":3.0},{"damage":0.0,"enemies":"Cultist","floor":3.0,"turns":4.0},{"damage":0.0,"enemies":"Jaw Worm","floor":4.0,"turns":7.0},{"damage":6.0,"enemies":"Looter","floor":5.0,"turns":4.0},{"damage":69,"enemies":"Gremlin Nob","floor":6,"turns":5}],"seed_played":"6170095017207415338","potions_obtained":[],"is_trial":false,"path_per_floor":["M","?","M","M","M","E"],"character_chosen":"THE_SILENT","items_purchased":[],"campfire_rested":0,"item_purchase_floors":[],"current_hp_per_floor":[68,68,68,68,62,0,0],"gold":163,"neow_bonus":"BOSS_RELIC","is_daily":false,"chose_seed":false,"campfire_upgraded":0,"win_rate":0.0,"timestamp":1614016594,"path_taken":["M","?","?","?","?","E"],"items_purchased_type":[],"build_version":"2020-12-22","purchased_purges":0,"victory":false,"max_hp_per_floor":[70,70,70,70,70,70,70],"relic_stats":{"Sozu":2,"counters":[5,23],"obtain_stats":[{"Sozu":0,"Ring of the Snake":0},{"Sozu":0,"Ring of the Snake":0},{"Sozu":0,"Ring of the Snake":0}]},"card_choices":[{"not_picked":["Predator","Slice"],"picked":"Outmaneuver","floor":1.0},{"not_picked":["Heel Hook","Dodge and Roll"],"picked":"Blur","floor":3.0},{"not_picked":["Poisoned Stab","Deflect"],"picked":"Blade Dance","floor":4.0},{"not_picked":["Backstab","Slice"],"picked":"Adrenaline","floor":5.0}],"player_experience":422569,"relics_obtained":[],"event_choices":[{"damage_healed":0.0,"max_hp_gain":0.0,"max_hp_loss":0.0,"gold_gain":0.0,"event_name":"The Woman in Blue","player_choice":"Bought 0 Potions","floor":2.0,"gold_loss":0.0,"damage_taken":0.0}],"is_beta":false,"boss_relics":[],"items_purged_floors":[],"is_endless":false,"potions_floor_spawned":[1,5],"killed_by":"Gremlin Nob","ascension_level":3}}