{"host":"q9718omregw4er46","time":1614004676,"event":{"mods":["BaseMod","Bestiary","Colored Powertips","Custom Start","Minty Spire (QoL Compilation)","Quick Restart","Relic Stats"],"gold_per_floor":[116,134,146,162,162,194,194,227,227,227,242,274,291,320,320,392,392,405,330,348,365,365,391,391,222,222,222,252,263,27,60,60,135,135,151,151,169,69,82,111,137,165,189,189,214,232,264,264,264,264,264,264,264,25,58,58],"floor_reached":57,"language":"ENG","playtime":3966,"items_purged":["Bloodletting","Clothesline","Injury"],"score":3001,"play_id":"f04bae3d-601e-43a5-b953-b0186df06caf","local_time":"20210222193756","is_ascension_mode":true,"campfire_choices":[{"data":"Bash","floor":7.0,"key":"SMITH"},{"data":"Armaments","floor":10.0,"key":"SMITH"},{"data":"Inflame","floor":15,"key":"SMITH"},{"data":"True Grit","floor":24,"key":"SMITH"},{"data":"Whirlwind","floor":27,"key":"SMITH"},{"data":"Bludgeon","floor":32,"key":"SMITH"},{"floor":44,"key":"RECALL"},{"data":"Disarm","floor":49,"key":"SMITH"},{"data":"Disarm","floor":53,"key":"SMITH"}],"circlet_count":0,"master_deck":["AscendersBane","Bash+1","Carnage","Clothesline","Whirlwind+1","Reaper","Armaments+1","Uppercut","Inflame+1","Shockwave","Evolve","Reaper","Searing Blow","Infernal Blade","Carnage","Clothesline","Iron Wave","Disarm+1","True Grit+1","Power Through","Corruption","Exhume","PanicButton","Armaments+1","Dark Embrace+1","Power Through","Bludgeon+1","Inflame+1","Reaper","True Grit+1","True Grit","Feed","Shrug It Off+1","Rage","Burning Pact+1","Disarm+1","Impervious","Inflame+1","Shrug It Off","Entrench"],"relics":["Snecko Eye","Red Skull","WingedGreaves","Prayer Wheel","Incense Burner","Boot","Pandora\u0027s Box","Frozen Egg 2","Regal Pillow","Sundial","Cursed Key","Dream Catcher","Bottled Tornado","Bag of Preparation","Bronze Scales","Pear","Happy Flower","Magic Flower"],"acts_visited":["Exordium","TheCity","TheBeyond","TheEnding"],"potions_floor_usage":[12,31,41,56],"damage_taken":[{"damage":7.0,"enemies":"Cultist","floor":1.0,"turns":4.0},{"damage":7.0,"enemies":"Jaw Worm","floor":2.0,"turns":2.0},{"damage":0.0,"enemies":"2 Louse","floor":3.0,"turns":2.0},{"damage":0.0,"enemies":"Exordium Thugs","floor":4.0,"turns":2.0},{"damage":6.0,"enemies":"Gremlin Nob","floor":6.0,"turns":3.0},{"damage":15.0,"enemies":"Lagavulin","floor":8.0,"turns":3.0},{"damage":5.0,"enemies":"Gremlin Gang","floor":11.0,"turns":3.0},{"damage":15,"enemies":"3 Sentries","floor":12,"turns":6},{"damage":6,"enemies":"2 Fungi Beasts","floor":13,"turns":3},{"damage":0,"enemies":"Lagavulin","floor":14,"turns":4},{"damage":46,"enemies":"Hexaghost","floor":16,"turns":8},{"damage":38,"enemies":"2 Thieves","floor":18,"turns":4},{"damage":26,"enemies":"Shell Parasite","floor":20,"turns":4},{"damage":18,"enemies":"Cultist and Chosen","floor":21,"turns":4},{"damage":33,"enemies":"Book of Stabbing","floor":23,"turns":5},{"damage":16,"enemies":"Gremlin Leader","floor":28,"turns":6},{"damage":7,"enemies":"Shelled Parasite and Fungi","floor":29,"turns":6},{"damage":8,"enemies":"Book of Stabbing","floor":31,"turns":5},{"damage":78,"enemies":"Automaton","floor":33,"turns":10},{"damage":8,"enemies":"3 Shapes","floor":35,"turns":6},{"damage":13,"enemies":"3 Darklings","floor":37,"turns":6},{"damage":4,"enemies":"4 Shapes","floor":39,"turns":6},{"damage":54,"enemies":"Giant Head","floor":40,"turns":7},{"damage":65,"enemies":"Reptomancer","floor":41,"turns":8},{"damage":31,"enemies":"Nemesis","floor":42,"turns":8},{"damage":13,"enemies":"Giant Head","floor":45,"turns":7},{"damage":14,"enemies":"Writhing Mass","floor":46,"turns":5},{"damage":3,"enemies":"Nemesis","floor":47,"turns":6},{"damage":19,"enemies":"Time Eater","floor":50,"turns":9},{"damage":61,"enemies":"Donu and Deca","floor":51,"turns":8},{"damage":42,"enemies":"Shield and Spear","floor":55,"turns":6},{"damage":71,"enemies":"The Heart","floor":56,"turns":10}],"seed_played":"-7633962277296105324","potions_obtained":[{"floor":3.0,"key":"ColorlessPotion"},{"floor":5.0,"key":"Energy Potion"},{"floor":5.0,"key":"Fire Potion"},{"floor":6.0,"key":"Block Potion"},{"floor":11.0,"key":"Explosive Potion"},{"floor":16,"key":"Dexterity Potion"},{"floor":21,"key":"BloodPotion"},{"floor":31,"key":"Explosive Potion"},{"floor":35,"key":"BlessingOfTheForge"},{"floor":45,"key":"SteroidPotion"}],"is_trial":true,"path_per_floor":["M","M","M","M","?","E","R","E","T","R","M","E","M","E","R","B",null,"M","?","M","M","?","E","R","$","T","R","E","M","$","E","R","B",null,"M","?","M","$","M","E","E","E","T","R","E","M","E","$","R","B","B",null,"R","$","E","B",null],"character_chosen":"IRONCLAD","items_purchased":["PanicButton","Power Through","Bludgeon","Inflame+1","Shrug It Off"],"campfire_rested":0,"item_purchase_floors":[25,30,30,54,54],"current_hp_per_floor":[61,54,54,54,54,48,48,39,39,39,55,55,59,68,68,32,64,46,46,30,37,37,27,27,27,27,27,69,75,75,75,75,37,66,75,75,75,75,75,78,82,85,85,85,87,91,103,103,103,106,109,109,109,109,107,99],"gold":58,"neow_bonus":"","is_daily":false,"chose_seed":false,"campfire_upgraded":8,"win_rate":0.0,"timestamp":1614004676,"path_taken":["M","M","M","M","?","E","R","E","T","R","M","E","?","E","R","BOSS","M","?","M","M","?","E","R","$","T","R","E","M","$","E","R","BOSS","M","?","M","$","M","E","E","E","T","R","E","M","E","?","R","BOSS","BOSS","R","$","E","BOSS"],"items_purchased_type":["Card","Card","Card","Card","Card"],"build_version":"2020-12-22","purchased_purges":3,"victory":true,"max_hp_per_floor":[75,75,75,75,75,75,75,75,75,75,75,75,75,75,75,75,75,75,75,75,75,75,75,75,75,75,75,75,75,75,75,75,75,75,75,75,75,75,75,79,82,85,85,85,99,99,103,103,103,106,109,109,109,109,113,116],"relic_stats":{"Regal Pillow":0,"Happy Flower":[11],"counters":[32,176],"Magic Flower":[17],"Bag of Preparation":[14],"Boot":[94],"Cursed Key":1,"Dream Catcher":0,"Sundial":[20],"Bronze Scales":[294],"Snecko Eye":[347,327,290,341],"Prayer Wheel":10,"Pandora\u0027s Box":["Combust","Searing Blow","Infernal Blade","Carnage","Clothesline","Bloodletting","Clothesline","Iron Wave","Intimidate"],"obtain_stats":[{"Regal Pillow":28,"Pear":45,"Happy Flower":47,"Magic Flower":55,"Incense Burner":12,"Bag of Preparation":42,"Frozen Egg 2":23,"Bottled Tornado":41,"Boot":14,"Cursed Key":34,"Dream Catcher":40,"Sundial":31,"Bronze Scales":43,"Snecko Eye":0,"Prayer Wheel":9,"Pandora\u0027s Box":17,"WingedGreaves":8,"Red Skull":6},{"Regal Pillow":16,"Pear":26,"Happy Flower":28,"Magic Flower":31,"Incense Burner":8,"Bag of Preparation":25,"Frozen Egg 2":15,"Bottled Tornado":24,"Boot":10,"Cursed Key":19,"Dream Catcher":23,"Sundial":18,"Bronze Scales":25,"Snecko Eye":0,"Prayer Wheel":6,"Pandora\u0027s Box":11,"WingedGreaves":6,"Red Skull":5},{"Regal Pillow":63,"Pear":132,"Happy Flower":143,"Magic Flower":166,"Incense Burner":25,"Bag of Preparation":125,"Frozen Egg 2":57,"Bottled Tornado":117,"Boot":32,"Cursed Key":84,"Dream Catcher":109,"Sundial":74,"Bronze Scales":125,"Snecko Eye":0,"Prayer Wheel":16,"Pandora\u0027s Box":40,"WingedGreaves":16,"Red Skull":13}]},"card_choices":[{"not_picked":["Clash","Feel No Pain"],"picked":"Carnage","floor":1.0},{"not_picked":["Flex","Warcry"],"picked":"Clothesline","floor":2.0},{"not_picked":["Heavy Blade","Dropkick","Seeing Red"],"picked":"SKIP","floor":3.0},{"not_picked":["Twin Strike","Perfected Strike"],"picked":"Whirlwind","floor":4.0},{"not_picked":["Limit Break","Hemokinesis"],"picked":"Reaper","floor":6.0},{"not_picked":["Perfected Strike","Twin Strike"],"picked":"Armaments","floor":8.0},{"not_picked":["Havoc","Cleave"],"picked":"Uppercut","floor":11.0},{"not_picked":["Wild Strike","Cleave","Heavy Blade"],"picked":"SKIP","floor":11.0},{"not_picked":["Perfected Strike","Infernal Blade","Clash"],"picked":"SKIP","floor":12},{"not_picked":["Uppercut","Armaments"],"picked":"Inflame","floor":13},{"not_picked":["Reckless Charge","Shrug It Off"],"picked":"Shockwave","floor":13},{"not_picked":["Pommel Strike","Uppercut"],"picked":"Evolve","floor":14},{"not_picked":["Immolate","Brutality"],"picked":"Reaper","floor":16},{"not_picked":["Perfected Strike+1","Second Wind"],"picked":"Disarm","floor":18},{"not_picked":["Wild Strike","Body Slam","Flex"],"picked":"SKIP","floor":18},{"not_picked":["Headbutt","Cleave"],"picked":"True Grit","floor":20},{"not_picked":["Anger","Intimidate"],"picked":"Power Through","floor":20},{"not_picked":["Iron Wave","Infernal Blade","Dropkick"],"picked":"SKIP","floor":21},{"not_picked":["Hemokinesis","Sword Boomerang","Uppercut"],"picked":"SKIP","floor":21},{"not_picked":["Feel No Pain+1","Rupture+1"],"picked":"Exhume","floor":23},{"not_picked":["Body Slam","Ghostly Armor"],"picked":"Armaments+1","floor":28},{"not_picked":["Cleave","Anger+1"],"picked":"Dark Embrace+1","floor":29},{"not_picked":["Thunderclap","Iron Wave+1","Dropkick"],"picked":"SKIP","floor":29},{"not_picked":["Clothesline","Seeing Red"],"picked":"Inflame+1","floor":31},{"not_picked":["Barricade+1","Offering"],"picked":"Reaper","floor":33},{"not_picked":["Armaments","Searing Blow","Warcry+1"],"picked":"SKIP","floor":35},{"not_picked":["Sword Boomerang+1","Bloodletting+1","Combust+1"],"picked":"SKIP","floor":35},{"not_picked":["Headbutt","Whirlwind"],"picked":"True Grit+1","floor":37},{"not_picked":["Havoc+1","Flex"],"picked":"True Grit","floor":37},{"not_picked":["Flex","Armaments+1"],"picked":"Feed","floor":39},{"not_picked":["Heavy Blade","Iron Wave"],"picked":"Shrug It Off+1","floor":39},{"not_picked":["Havoc","Twin Strike","Whirlwind"],"picked":"SKIP","floor":40},{"not_picked":["Rampage","Corruption+1"],"picked":"Rage","floor":41},{"not_picked":["Seeing Red","True Grit","Bloodletting"],"picked":"SKIP","floor":42},{"not_picked":["Rage","Iron Wave"],"picked":"Burning Pact+1","floor":45},{"not_picked":["True Grit","Body Slam"],"picked":"Disarm","floor":46},{"not_picked":["Clash","Fire Breathing+1"],"picked":"Impervious","floor":46},{"not_picked":["Twin Strike","Second Wind","Sever Soul+1"],"picked":"SKIP","floor":47},{"not_picked":["Flex","Armaments"],"picked":"Entrench","floor":55}],"player_experience":833669,"relics_obtained":[{"floor":6.0,"key":"Red Skull"},{"floor":8.0,"key":"WingedGreaves"},{"floor":9.0,"key":"Prayer Wheel"},{"floor":12,"key":"Incense Burner"},{"floor":14,"key":"Boot"},{"floor":23,"key":"Frozen Egg 2"},{"floor":28,"key":"Regal Pillow"},{"floor":31,"key":"Sundial"},{"floor":40,"key":"Dream Catcher"},{"floor":41,"key":"Bottled Tornado"},{"floor":42,"key":"Bag of Preparation"},{"floor":43,"key":"Bronze Scales"},{"floor":45,"key":"Pear"},{"floor":47,"key":"Happy Flower"},{"floor":55,"key":"Magic Flower"}],"event_choices":[{"damage_healed":0.0,"max_hp_gain":0.0,"max_hp_loss":0.0,"gold_gain":0.0,"event_name":"Lab","player_choice":"Got Potions","floor":5.0,"gold_loss":0.0,"damage_taken":0.0},{"cards_removed":["Intimidate"],"damage_healed":0,"gold_gain":0,"player_choice":"Gave Gold","damage_taken":0,"max_hp_gain":0,"max_hp_loss":0,"event_name":"Beggar","floor":19,"gold_loss":75},{"damage_healed":0,"gold_gain":0,"player_choice":"Read","damage_taken":0,"max_hp_gain":0,"max_hp_loss":0,"event_name":"The Library","floor":22,"gold_loss":0,"cards_obtained":["Corruption"]},{"cards_removed":["Combust"],"damage_healed":0,"gold_gain":0,"player_choice":"Removed Power","damage_taken":0,"max_hp_gain":0,"max_hp_loss":0,"event_name":"Falling","floor":36,"gold_loss":0}],"is_beta":false,"boss_relics":[{"not_picked":["SlaversCollar","Philosopher\u0027s Stone"],"picked":"Pandora\u0027s Box"},{"not_picked":["Coffee Dripper","Mark of Pain"],"picked":"Cursed Key"}],"items_purged_floors":[25,38,54],"is_endless":false,"potions_floor_spawned":[3,6,11,16,21,28,31,35,37,45,55],"ascension_level":20}}