{"host":"6he3f0ic6yesrium","time":1614015673,"event":{"mods":["BaseMod","Better Altar","Better Match","Better Note","Better Sensory Stone","Better Skull","Better Third Choice","Colored Map","Conspire","Duelist Mod","Hermit","Hubris","Marisa????????","Mimic Mod","Minty Spire (QoL Compilation)","Replay The Spire","Shade Mod","Somnambulant","Spire Arcade","Spire Birthday Party","StSLib","The Alterego","The Disciple","The Forsaken","The Hierophant","The Mystic","The Necromancer","The Runesmith","The Servant 0.9.4","The Valiant","TheVacant"],"gold_per_floor":[218,236,186,13,23,23,58,233,279,279,279,298,315,14,14,14,14],"floor_reached":16,"language":"ENG","playtime":408,"items_purged":[],"score":110,"play_id":"8d0c6696-14f3-47e0-9ce8-3f7357be2faf","local_time":"20210222124113","is_ascension_mode":true,"campfire_choices":[{"data":"Cloak And Dagger","floor":6,"key":"SMITH"},{"data":"Neutralize","floor":11,"key":"SMITH"},{"data":"Cloak And Dagger","floor":15,"key":"SMITH"}],"circlet_count":0,"master_deck":["Strike_G","Strike_G","Strike_G","Strike_G","Strike_G","Defend_G","Defend_G","Defend_G","Defend_G","Survivor","Neutralize+1","Cloak And Dagger+1","Backstab+1","Hidden Blade","Slice","Doubt","Cloak And Dagger+1"],"relics":["Ring of the Snake","Bronze Scales","Blue Doll","Unceasing Top"],"acts_visited":["Exordium"],"potions_floor_usage":[7,13],"damage_taken":[{"damage":0,"enemies":"Cultist","floor":1,"turns":6},{"damage":1,"enemies":"Small Slimes","floor":2,"turns":4},{"damage":0,"enemies":"2 Louse","floor":5,"turns":2},{"damage":19,"enemies":"Lagavulin","floor":7,"turns":3},{"damage":7,"enemies":"Blue Slaver","floor":12,"turns":2},{"damage":0,"enemies":"Red Slaver","floor":13,"turns":2},{"damage":46,"enemies":"Slime Boss","floor":16,"turns":8}],"seed_played":"145170555380879013","potions_obtained":[{"floor":5,"key":"Death Potion"},{"floor":7,"key":"LifebloodPotion"}],"is_trial":false,"path_per_floor":["M","M","?","$","M","R","E","?","T","?","R","M","M","$","R","B"],"character_chosen":"THE_SILENT","items_purchased":["Backstab","Hidden Blade","Slice","Unceasing Top"],"campfire_rested":0,"item_purchase_floors":[4,4,4,14],"current_hp_per_floor":[70,69,69,69,69,69,50,50,50,50,50,43,43,43,43,0,0],"gold":14,"neow_bonus":"HUNDRED_GOLD","is_daily":false,"chose_seed":false,"campfire_upgraded":3,"win_rate":0.0,"timestamp":1614015673,"path_taken":["M","M","?","$","M","R","E","?","T","?","R","M","M","?","R","BOSS"],"items_purchased_type":["Card","Card","Card","Relic"],"build_version":"2020-12-22","purchased_purges":0,"victory":false,"max_hp_per_floor":[70,70,70,70,70,70,70,70,70,70,70,70,70,70,70,70,70],"card_choices":[{"not_picked":["Quick Slash","Bouncing Flask"],"picked":"Cloak And Dagger","floor":1},{"not_picked":["Tactician","Masterful Stab","Dagger Throw"],"picked":"SKIP","floor":2},{"not_picked":["Poisoned Stab","Dodge and Roll","Outmaneuver"],"picked":"SKIP","floor":5},{"not_picked":["Flying Knee","Bane","Heel Hook"],"picked":"SKIP","floor":7},{"not_picked":["PiercingWail","Catalyst","Dagger Throw"],"picked":"SKIP","floor":12},{"not_picked":["Dodge and Roll","Deflect"],"picked":"Cloak And Dagger","floor":13}],"player_experience":405211,"relics_obtained":[{"floor":7,"key":"Bronze Scales"},{"floor":9,"key":"Blue Doll"}],"event_choices":[{"cards_removed":["Defend_G"],"damage_healed":0,"gold_gain":0,"player_choice":"Card Removal","damage_taken":0,"max_hp_gain":0,"max_hp_loss":0,"event_name":"The Cleric","floor":3,"gold_loss":50},{"damage_healed":0,"gold_gain":175,"player_choice":"AGREE","damage_taken":58,"max_hp_gain":0,"max_hp_loss":0,"event_name":"betterThird:BetterSerpent","floor":8,"gold_loss":0}],"is_beta":false,"boss_relics":[],"items_purged_floors":[],"is_endless":false,"potions_floor_spawned":[5,7],"killed_by":"Slime Boss","ascension_level":2}}