{"host":"ymmeoa1x24ihslbm","time":1614018371,"event":{"mods":["AchievementEnabler","BaseMod","CatGirl Mod","Colored Map","Colored Powertips","Defuse TimeMaze Blight","Hermit","Highlight Path","HornydragonMod","Hyrulean Relics","Infinite Spire","Minty Spire (QoL Compilation)","Permanent Neow","Potionbrewer","Quick Restart","Rare Cards Sparkle","Relic Sorter","Robot Space Explorer","Shapeshifter Mod","Shop Mod","StSLib","The Marked","TheSurvivalist"],"gold_per_floor":[119,119,119,136,17,17,32,32,32,43,43,43,62,237,237,335,385,403,414,414,414,129,163,181,206,256,271,271,271,281,67,67,170,170,184,200,215,215,215,215],"floor_reached":39,"language":"ENG","playtime":4770,"items_purged":[],"score":466,"play_id":"13e1830c-d29f-4b93-b539-388e7d7fb3ca","local_time":"20210222192611","is_ascension_mode":false,"campfire_choices":[{"data":"StSShapeShifter:PoisonIvy","floor":6.0,"key":"SMITH"},{"data":"StSShapeShifter:BloomingSlash","floor":8.0,"key":"SMITH"},{"data":"StSShapeShifter:Lynx_Form","floor":12.0,"key":"SMITH"},{"data":"StSShapeShifter:Tortoise_Form","floor":15.0,"key":"SMITH"},{"data":"StSShapeShifter:RitualOfTheElders","floor":28.0,"key":"SMITH"},{"data":"StSShapeShifter:FruitBasket","floor":32,"key":"SMITH"}],"circlet_count":0,"master_deck":["StSShapeShifter:ShapeShifter_Strike","StSShapeShifter:ShapeShifter_Strike","StSShapeShifter:ShapeShifter_Strike","StSShapeShifter:ShapeShifter_Strike+1","StSShapeShifter:ShapeShifter_Strike+1","StSShapeShifter:ShapeShifter_Defend","StSShapeShifter:ShapeShifter_Defend+1","StSShapeShifter:ShapeShifter_Defend","StSShapeShifter:ShapeShifter_Defend","StSShapeShifter:ShapeShifter_Defend","StSShapeShifter:Tortoise_Form+1","StSShapeShifter:Lynx_Form+1","StSShapeShifter:UnicornForm","StSShapeShifter:BloomingSlash+1","StSShapeShifter:PoisonIvy+1","StSShapeShifter:DeepWound","StSShapeShifter:MultiSpiritedStrike","StSShapeShifter:Hunt","Doubt","StSShapeShifter:VineHandcuffs","StSShapeShifter:RockSlide+1","StSShapeShifter:Rest+1","StSShapeShifter:Evolution","Finesse","StSShapeShifter:Roar","infinitespire:Gouge","StSShapeShifter:RitualOfTheElders+1","StSShapeShifter:ThornToss+1","StSShapeShifter:FlowerShield","StSShapeShifter:FruitBasket+1","StSShapeShifter:LionForm","StSShapeShifter:Ensconce","StSShapeShifter:Garden+1","StSShapeShifter:RaptorForm+1"],"relics":["StSShapeShifter:AnimalHeart","StSShapeShifter:TheShapeShiftersMagnolia","Ice Cream","Calipers","Pantograph","Black Star","FossilizedHelix","MealTicket","StSShapeShifter:AlchemistsNecklace","Membership Card","MerchantsRug","Happy Flower","SlaversCollar","Bottled Flame"],"acts_visited":["Exordium","TheCity","TheBeyond"],"potions_floor_usage":[30,33,33,37,39],"damage_taken":[{"damage":0.0,"enemies":"Cultist","floor":1.0,"turns":4.0},{"damage":0.0,"enemies":"2 Louse","floor":4.0,"turns":3.0},{"damage":10.0,"enemies":"Jaw Worm","floor":7.0,"turns":4.0},{"damage":9.0,"enemies":"Lots of Slimes","floor":10.0,"turns":4.0},{"damage":1.0,"enemies":"3 Louse","floor":13.0,"turns":3.0},{"damage":39.0,"enemies":"Slime Boss","floor":16.0,"turns":9.0},{"damage":10.0,"enemies":"Chosen","floor":18.0,"turns":5.0},{"damage":21.0,"enemies":"Spheric Guardian","floor":19.0,"turns":5.0},{"damage":25.0,"enemies":"Nightmare","floor":23.0,"turns":8.0},{"damage":0.0,"enemies":"Centurion and Healer","floor":24.0,"turns":6.0},{"damage":28.0,"enemies":"Cultist and Chosen","floor":27.0,"turns":6.0},{"damage":23,"enemies":"Sentry and Sphere","floor":30,"turns":7},{"damage":88,"enemies":"Collector","floor":33,"turns":14},{"damage":48,"enemies":"3 Shapes","floor":35,"turns":7},{"damage":35,"enemies":"Orb Walker","floor":36,"turns":6},{"damage":46,"enemies":"Spire Growth","floor":37,"turns":7},{"damage":48,"enemies":"infinitespire:Three Voidlings","floor":39,"turns":4},{"damage":45,"enemies":"Nightmare_Alpha","floor":39,"turns":7}],"seed_played":"5156153414058986330","potions_obtained":[{"floor":10.0,"key":"potionbrewer:CleansingPotion"},{"floor":16.0,"key":"Dexterity Potion"},{"floor":17.0,"key":"potionbrewer:NoxiousPotion"},{"floor":19.0,"key":"Dexterity Potion"},{"floor":23.0,"key":"Strength Potion"},{"floor":30,"key":"Swift Potion"},{"floor":33,"key":"FairyPotion"},{"floor":36,"key":"potionbrewer:DiscountPotion"},{"floor":37,"key":"SkillPotion"}],"is_trial":false,"path_per_floor":["M","T","?","M","$","R","M","R","T","M","?","R","M","?","R","B",null,"M","M","?","AVR","$","NM","M","T","T","M","R","?","M","$","R","B",null,"M","M","M","T","?"],"character_chosen":"SHAPESHIFTER","items_purchased":["Fruit Juice","StSShapeShifter:PoisonIvy","Strawberry","StSShapeShifter:Evolution","Finesse","Membership Card","MerchantsRug","Happy Flower","StSShapeShifter:FruitBasket"],"campfire_rested":0,"item_purchase_floors":[5,5,22,22,22,31,31,31,31],"current_hp_per_floor":[57,57,57,57,62,62,52,52,52,43,26,26,25,25,25,11,88,78,57,57,57,64,39,39,39,39,13,13,107,87,102,102,29,113,68,36,66,66,0,0],"gold":215,"neow_bonus":"ONE_RARE_RELIC","is_daily":false,"chose_seed":false,"campfire_upgraded":6,"win_rate":0.0,"timestamp":1614018371,"path_taken":["M","?","?","M","?","R","M","R","T","?","?","R","M","?","R","BOSS","M","M","?","AVR","?","NM","M","?","T","?","R","?","M","?","R","BOSS","M","M","?","?","?"],"items_purchased_type":["Potion","Card","Relic","Card","Card","Relic","Relic","Relic","Card"],"build_version":"2020-12-22","purchased_purges":0,"victory":false,"max_hp_per_floor":[78,78,78,78,83,83,83,83,83,83,83,83,83,83,83,83,88,88,88,88,88,95,95,95,95,95,97,97,107,110,110,110,113,113,116,119,122,122,125,125],"card_choices":[{"not_picked":["StSShapeShifter:ThornedSkin","StSShapeShifter:Synchronicity","StSShapeShifter:HummingbirdForm"],"picked":"SKIP","floor":1.0},{"not_picked":["StSShapeShifter:FesteringBite","StSShapeShifter:MonkeyForm"],"picked":"StSShapeShifter:BloomingSlash","floor":4.0},{"not_picked":["StSShapeShifter:CursedApple","StSShapeShifter:TopazSkin"],"picked":"StSShapeShifter:DeepWound","floor":7.0},{"not_picked":["StSShapeShifter:Roar","StSShapeShifter:BurstingSpore"],"picked":"StSShapeShifter:MultiSpiritedStrike","floor":10.0},{"not_picked":["StSShapeShifter:BurstingSpore","StSShapeShifter:Synchronicity"],"picked":"StSShapeShifter:Hunt","floor":13.0},{"not_picked":["StSShapeShifter:PowerShifter","StSShapeShifter:Summer"],"picked":"StSShapeShifter:RhinoCalfForm","floor":16.0},{"not_picked":["StSShapeShifter:BurstingSpore","StSShapeShifter:HummingbirdForm"],"picked":"StSShapeShifter:VineHandcuffs","floor":17.0},{"not_picked":["StSShapeShifter:BladeOfGrass","StSShapeShifter:ThornToss"],"picked":"StSShapeShifter:RockSlide+1","floor":18.0},{"not_picked":["StSShapeShifter:MagicMushrooms+1","StSShapeShifter:MonkeyForm"],"picked":"StSShapeShifter:Rest+1","floor":19.0},{"not_picked":["StSShapeShifter:BurstingSpore","StSShapeShifter:MonkeyForm"],"picked":"StSShapeShifter:Roar","floor":23.0},{"not_picked":["infinitespire:Collect","infinitespire:DeathsTouch"],"picked":"infinitespire:Gouge","floor":23.0},{"not_picked":["StSShapeShifter:WaspSwarmForm","StSShapeShifter:Guard+1"],"picked":"StSShapeShifter:RitualOfTheElders","floor":24.0},{"not_picked":["StSShapeShifter:MonkeyForm+1","StSShapeShifter:SunflowerShuriken"],"picked":"StSShapeShifter:ThornToss+1","floor":27.0},{"not_picked":["StSShapeShifter:FesteringBite","StSShapeShifter:DeerForm"],"picked":"StSShapeShifter:FlowerShield","floor":30},{"not_picked":["StSShapeShifter:Uproot_Redwood","StSShapeShifter:Blossom2"],"picked":"StSShapeShifter:LionForm","floor":33},{"not_picked":["StSShapeShifter:RockSlide+1","StSShapeShifter:Guard"],"picked":"StSShapeShifter:Ensconce","floor":35},{"not_picked":["StSShapeShifter:HummingbirdForm+1","StSShapeShifter:SunflowerShuriken"],"picked":"StSShapeShifter:Garden+1","floor":36},{"not_picked":["StSShapeShifter:HummingbirdForm","StSShapeShifter:Roar"],"picked":"StSShapeShifter:RaptorForm+1","floor":37}],"player_experience":806167,"relics_obtained":[{"floor":2.0,"key":"Calipers"},{"floor":9.0,"key":"Pantograph"},{"floor":23.0,"key":"FossilizedHelix"},{"floor":23.0,"key":"infinitespire:Lucky Rock"},{"floor":25.0,"key":"MealTicket"},{"floor":26.0,"key":"StSShapeShifter:AlchemistsNecklace"},{"floor":38,"key":"Bottled Flame"}],"event_choices":[{"damage_healed":0.0,"max_hp_gain":0.0,"max_hp_loss":0.0,"gold_gain":0.0,"event_name":"Shining Light","player_choice":"Entered Light","floor":11.0,"gold_loss":0.0,"damage_taken":17.0,"cards_upgraded":["StSShapeShifter:ShapeShifter_Strike","StSShapeShifter:ShapeShifter_Strike"]},{"damage_healed":0.0,"max_hp_gain":0.0,"max_hp_loss":0.0,"gold_gain":175.0,"event_name":"Liars Game","player_choice":"AGREE","floor":14.0,"gold_loss":0.0,"damage_taken":0.0,"cards_obtained":["Doubt"]},{"damage_healed":0.0,"max_hp_gain":0.0,"max_hp_loss":0.0,"gold_gain":0.0,"event_name":"NoteForYourself","player_choice":"Ignored","floor":20.0,"gold_loss":0.0,"damage_taken":0.0},{"cards_removed":["StSShapeShifter:RhinoCalfForm"],"damage_healed":84.0,"max_hp_gain":10.0,"max_hp_loss":0.0,"gold_gain":0.0,"event_name":"Bonfire Elementals","player_choice":"Offered Rare","floor":29.0,"gold_loss":0.0,"damage_taken":0.0}],"is_beta":false,"boss_relics":[{"not_picked":["Pandora\u0027s Box","SacredBark"],"picked":"Tiny House"},{"not_picked":["Philosopher\u0027s Stone","Empty Cage"],"picked":"SlaversCollar"}],"items_purged_floors":[],"is_endless":true,"potions_floor_spawned":[10,16,19,23,24,30,33,36,37],"killed_by":"Nightmare_Alpha","ascension_level":0}}