{"host":"1bzbl1adcbkdzqlf","time":1614026707,"event":{"mods":["BaseMod","Minty Spire (QoL Compilation)","Slay the Relics Exporter"],"gold_per_floor":[111,111,129,144,160,189,189,218,264,24,43,43,62,96,96,174,174,188,203,216,228,68,93,93,107,107,134,79,104,104,139,139,139,139],"floor_reached":33,"language":"ENG","playtime":2610,"items_purged":[],"score":827,"play_id":"d3c2ffce-4651-47e8-a731-e38f979d3308","local_time":"20210222144507","is_ascension_mode":true,"campfire_choices":[{"data":"Inflame","floor":7,"key":"SMITH"},{"data":"Heavy Blade","floor":15,"key":"SMITH"},{"floor":24,"key":"REST"},{"floor":30,"key":"REST"},{"floor":32,"key":"REST"}],"circlet_count":0,"master_deck":["AscendersBane","Strike_R","Strike_R","Strike_R","Strike_R","Strike_R","Defend_R","Defend_R","Defend_R","Defend_R","Bash","Ghostly Armor+1","Inflame+1","Rampage","Spot Weakness","Sword Boomerang","Shrug It Off","Shockwave","Heavy Blade+1","Thunderclap","Demon Form","Carnage+1","Impervious"],"relics":["Burning Blood","Singing Bowl","Mercury Hourglass","Boot","Art of War","Akabeko","Busted Crown","Anchor","Red Skull","Lantern","Darkstone Periapt","Potion Belt","Shuriken"],"acts_visited":["Exordium","TheCity"],"potions_floor_usage":[8,13,16,21,23,27,27,29,33,33],"damage_taken":[{"damage":7,"enemies":"Jaw Worm","floor":1,"turns":3},{"damage":1,"enemies":"Cultist","floor":3,"turns":4},{"damage":3,"enemies":"Small Slimes","floor":4,"turns":3},{"damage":15,"enemies":"2 Fungi Beasts","floor":5,"turns":5},{"damage":43,"enemies":"Lagavulin","floor":6,"turns":8},{"damage":0,"enemies":"Gremlin Nob","floor":8,"turns":2},{"damage":6,"enemies":"Looter","floor":11,"turns":3},{"damage":2,"enemies":"Lots of Slimes","floor":13,"turns":4},{"damage":9,"enemies":"3 Sentries","floor":14,"turns":5},{"damage":0,"enemies":"Slime Boss","floor":16,"turns":6},{"damage":0,"enemies":"Chosen","floor":18,"turns":5},{"damage":31,"enemies":"3 Byrds","floor":19,"turns":4},{"damage":11,"enemies":"3 Cultists","floor":20,"turns":5},{"damage":44,"enemies":"Centurion and Healer","floor":21,"turns":5},{"damage":19,"enemies":"Slavers","floor":23,"turns":4},{"damage":19,"enemies":"Shelled Parasite and Fungi","floor":25,"turns":4},{"damage":31,"enemies":"Gremlin Leader","floor":27,"turns":3},{"damage":9,"enemies":"Slavers","floor":29,"turns":4},{"damage":49,"enemies":"Gremlin Leader","floor":31,"turns":5},{"damage":44,"enemies":"Collector","floor":33,"turns":6}],"seed_played":"4929681459148443650","potions_obtained":[{"floor":1,"key":"SteroidPotion"},{"floor":8,"key":"Swift Potion"},{"floor":11,"key":"BlessingOfTheForge"},{"floor":13,"key":"BloodPotion"},{"floor":18,"key":"BlessingOfTheForge"},{"floor":21,"key":"SpeedPotion"},{"floor":23,"key":"Fruit Juice"},{"floor":29,"key":"SpeedPotion"},{"floor":31,"key":"LiquidMemories"}],"is_trial":false,"path_per_floor":["M","?","M","M","M","E","R","E","T","$","M","?","M","E","R","B",null,"M","M","M","M","$","E","R","M","T","E","$","E","R","E","R","B"],"character_chosen":"IRONCLAD","items_purchased":["Art of War","Shockwave","Anchor","Block Potion"],"campfire_rested":3,"item_purchase_floors":[10,10,22,28],"current_hp_per_floor":[74,74,79,82,73,36,36,42,42,42,44,44,48,45,45,51,76,84,61,56,20,20,9,36,25,25,26,26,25,55,12,42,0,0],"gold":139,"neow_bonus":"TEN_PERCENT_HP_BONUS","is_daily":false,"chose_seed":false,"campfire_upgraded":2,"win_rate":0.0,"timestamp":1614026707,"path_taken":["M","?","M","?","M","E","R","E","T","$","M","?","M","E","R","BOSS","M","M","M","M","$","E","R","M","T","E","?","E","R","E","R","BOSS"],"items_purchased_type":["Relic","Card","Relic","Potion"],"build_version":"2020-12-22","purchased_purges":0,"victory":false,"max_hp_per_floor":[82,82,82,82,82,82,82,82,82,82,84,84,84,84,84,84,84,86,88,88,90,90,92,92,94,94,101,101,103,103,103,103,103,103],"card_choices":[{"not_picked":["Second Wind","Armaments"],"picked":"Ghostly Armor","floor":1},{"not_picked":["Sword Boomerang","Clothesline"],"picked":"Inflame","floor":3},{"not_picked":["Dropkick","Wild Strike"],"picked":"Rampage","floor":4},{"not_picked":["Flex","Sever Soul"],"picked":"Spot Weakness","floor":5},{"not_picked":["Barricade","Offering"],"picked":"Sword Boomerang","floor":6},{"not_picked":["Dark Embrace","Bludgeon"],"picked":"Shrug It Off","floor":8},{"not_picked":["Dropkick","Anger","Shrug It Off"],"picked":"Singing Bowl","floor":11},{"not_picked":["Perfected Strike","Combust"],"picked":"Heavy Blade","floor":13},{"not_picked":["Pommel Strike","Reckless Charge"],"picked":"Thunderclap","floor":14},{"not_picked":["Brutality","Barricade"],"picked":"Demon Form","floor":16},{"not_picked":["Warcry"],"picked":"Singing Bowl","floor":18},{"not_picked":["Perfected Strike"],"picked":"Singing Bowl","floor":19},{"not_picked":[],"picked":"Carnage+1","floor":20},{"not_picked":["Heavy Blade"],"picked":"Singing Bowl","floor":21},{"not_picked":["Iron Wave"],"picked":"Singing Bowl","floor":23},{"not_picked":["Carnage"],"picked":"Singing Bowl","floor":25},{"not_picked":["Searing Blow"],"picked":"Singing Bowl","floor":27},{"not_picked":["Evolve"],"picked":"Singing Bowl","floor":29},{"not_picked":[],"picked":"Impervious","floor":31}],"player_experience":487341,"relics_obtained":[{"floor":6,"key":"Singing Bowl"},{"floor":8,"key":"Mercury Hourglass"},{"floor":9,"key":"Boot"},{"floor":14,"key":"Akabeko"},{"floor":23,"key":"Red Skull"},{"floor":26,"key":"Lantern"},{"floor":27,"key":"Darkstone Periapt"},{"floor":29,"key":"Potion Belt"},{"floor":31,"key":"Shuriken"}],"event_choices":[{"damage_healed":0,"gold_gain":0,"player_choice":"Upgraded","damage_taken":0,"max_hp_gain":0,"max_hp_loss":0,"event_name":"Upgrade Shrine","floor":2,"gold_loss":0,"cards_upgraded":["Ghostly Armor"]},{"damage_healed":0,"gold_gain":0,"player_choice":"Got Potions","damage_taken":0,"max_hp_gain":0,"max_hp_loss":0,"event_name":"Lab","floor":12,"gold_loss":0}],"is_beta":false,"boss_relics":[{"not_picked":["Velvet Choker","Snecko Eye"],"picked":"Busted Crown"}],"items_purged_floors":[],"is_endless":false,"potions_floor_spawned":[1,8,11,13,18,21,23,29,31],"killed_by":"Collector","ascension_level":18}}