{"host":"zxd2l8an9de7z7b9","time":1614021388,"event":{"mods":["100% Spire Juice","2.2 Compatiblity","AchievementEnabler","BaseMod","CapriCore","Colored Map","Colored Powertips","Marisa£¨Ùöéë¡¡Øª×âÞÞ£©","Minty Spire (QoL Compilation)","Rare Cards Sparkle","StSLib","SuperFastMode","Td1madao Mod","everything is the same but u backflip on backflip"],"gold_per_floor":[111,111,123,123,123,157,170,170,170,95,119,19,94,110,110,214,214,226,101,114,114,126,126],"floor_reached":22,"language":"KOR","playtime":447,"items_purged":["Strike_R","Strike_R","Defend_R"],"score":182,"play_id":"263d7c56-b64e-485c-a69c-207535bd6f51","local_time":"20210223041628","is_ascension_mode":false,"campfire_choices":[{"data":"Bash","floor":8,"key":"SMITH"},{"floor":15,"key":"REST"}],"circlet_count":0,"master_deck":["Strike_R","Strike_R","Strike_R+1","Defend_R","Defend_R+1","Bash+1","Dropkick"],"relics":["Burning Blood","Shuriken","Centennial Puzzle","Boot","Tiny Chest","SlaversCollar","MawBank"],"acts_visited":["Exordium","TheCity"],"potions_floor_usage":[6,16,16],"damage_taken":[{"damage":0,"enemies":"Small Slimes","floor":1,"turns":4},{"damage":5,"enemies":"2 Louse","floor":3,"turns":2},{"damage":17,"enemies":"3 Sentries","floor":6,"turns":11},{"damage":3,"enemies":"Jaw Worm","floor":7,"turns":4},{"damage":10,"enemies":"2 Fungi Beasts","floor":14,"turns":3},{"damage":40,"enemies":"Hexaghost","floor":16,"turns":6},{"damage":36,"enemies":"Spheric Guardian","floor":18,"turns":7},{"damage":25,"enemies":"3 Byrds","floor":20,"turns":6},{"damage":30,"enemies":"3 Cultists","floor":22,"turns":4}],"seed_played":"-6827146720965957437","potions_obtained":[{"floor":3,"key":"PowerPotion"},{"floor":6,"key":"SteroidPotion"},{"floor":7,"key":"DistilledChaos"},{"floor":16,"key":"GamblersBrew"}],"is_trial":false,"path_per_floor":["M","?","M","?","?","E","M","R","T","$","T","$","?","M","R","B",null,"M","$","M","?","M"],"character_chosen":"IRONCLAD","items_purchased":[],"campfire_rested":1,"item_purchase_floors":[],"current_hp_per_floor":[88,85,86,86,68,57,60,60,60,60,60,60,49,45,71,37,88,58,58,39,39,9,9],"gold":126,"neow_bonus":"TEN_PERCENT_HP_BONUS","is_daily":false,"chose_seed":false,"campfire_upgraded":1,"win_rate":0.0,"timestamp":1614021388,"path_taken":["M","?","M","?","?","E","M","R","T","$","?","$","?","M","R","BOSS","M","$","M","?","?"],"items_purchased_type":[],"build_version":"2020-12-22","purchased_purges":3,"victory":false,"max_hp_per_floor":[88,88,88,88,88,88,88,88,88,88,88,88,88,88,88,88,88,88,88,88,88,88,88],"card_choices":[{"not_picked":["Heavy Blade","Armaments","Reckless Charge"],"picked":"SKIP","floor":1},{"not_picked":["Armaments","Thunderclap","Warcry"],"picked":"SKIP","floor":3},{"not_picked":["True Grit","Heavy Blade"],"picked":"Dropkick","floor":6},{"not_picked":["Seeing Red","Metallicize","Blood for Blood"],"picked":"SKIP","floor":7},{"not_picked":["Wild Strike","Hemokinesis","Anger"],"picked":"SKIP","floor":14},{"not_picked":["Sword Boomerang","Evolve","Entrench"],"picked":"SKIP","floor":18},{"not_picked":["Power Through+1","Cleave","Sword Boomerang"],"picked":"SKIP","floor":20}],"player_experience":447613,"relics_obtained":[{"floor":6,"key":"Centennial Puzzle"},{"floor":9,"key":"Boot"},{"floor":11,"key":"Tiny Chest"},{"floor":21,"key":"MawBank"}],"event_choices":[{"damage_healed":0,"gold_gain":0,"player_choice":"Success","damage_taken":3,"relics_obtained":["Shuriken"],"max_hp_gain":0,"max_hp_loss":0,"event_name":"Scrap Ooze","floor":2,"gold_loss":0},{"cards_removed":["Defend_R"],"damage_healed":0,"gold_gain":0,"player_choice":"Forget","damage_taken":0,"max_hp_gain":0,"max_hp_loss":0,"event_name":"Living Wall","floor":4,"gold_loss":0},{"damage_healed":0,"gold_gain":0,"player_choice":"Entered Light","damage_taken":18,"max_hp_gain":0,"max_hp_loss":0,"event_name":"Shining Light","floor":5,"gold_loss":0,"cards_upgraded":["Defend_R","Strike_R"]},{"damage_healed":0,"gold_gain":75,"player_choice":"Gather Gold","damage_taken":11,"max_hp_gain":0,"max_hp_loss":0,"event_name":"World of Goop","floor":13,"gold_loss":0},{"damage_healed":0,"gold_gain":0,"player_choice":"Relic","damage_taken":0,"max_hp_gain":0,"max_hp_loss":0,"event_name":"Wheel of Change","floor":21,"gold_loss":0}],"is_beta":false,"boss_relics":[{"not_picked":["Cursed Key","SacredBark"],"picked":"SlaversCollar"}],"items_purged_floors":[10,12,19],"is_endless":false,"potions_floor_spawned":[3,6,7,16],"killed_by":"3 Cultists","ascension_level":0}}