{"host":"lmshf3swj20gmdor","time":1614007126,"event":{"mods":["2.2 Compatiblity","BaseMod","Conspire","Downfall","Googly Eyes","Hubris","Minty Spire (QoL Compilation)","Replay The Spire","Spikes Relics","StSLib","Synergy Search","The Servant 0.9.4"],"gold_per_floor":[99,116,134,38,49,74,119,119,138,152,152,169,169,199,213,311,311,211,411,244,259,277,291,291,301,301,328,347,247,62,97,97,97,97],"floor_reached":32,"language":"ENG","playtime":1622,"items_purged":[],"score":323,"play_id":"ccbefdea-6057-495b-8d92-92e5263a6bd6","local_time":"20210222151846","is_ascension_mode":true,"campfire_choices":[{"data":"bronze:BurnOut","floor":8,"key":"SMITH"},{"floor":13,"key":"REST"},{"floor":18,"key":"RECALL"},{"floor":26,"key":"REST"},{"data":"bronze:BurnOut+1","floor":29,"key":"SMITH"}],"circlet_count":0,"master_deck":["bronze:Strike","bronze:Strike","bronze:Strike","bronze:Defend","bronze:Defend","bronze:Defend","bronze:Defend","bronze:Replicate","bronze:Goto","bronze:Constructor","bronze:FineTuning","bronze:MaxOutput+1","bronze:BurnOut+2","bronze:OilSpill","bronze:ChosenStrike","bronze:BugBarrage","bronze:OilSpill","bronze:ShipIt","bronze:Flail+1","bronze:WildBeam","bronze:FollowUp+1","expansioncontent:StudyTheSpire"],"relics":["bronze:BronzeCore","Regal Pillow","Toy Ornithopter","Vajra","hubris:Backtick","conspire:InfiniteJournal","downfall:HeartBlessingGreen","PreservedInsect","Letter Opener","Simple Rune","downfall:HeartBlessingRed","Bronze Scales"],"acts_visited":["Exordium","TheCity"],"potions_floor_usage":[10,12,14,16,16,16,25,25,25],"damage_taken":[{"damage":5,"enemies":"Cultist","floor":2,"turns":4},{"damage":0,"enemies":"Small Slimes","floor":3,"turns":3},{"damage":0,"enemies":"downfall:FleeingMerchant","floor":4,"turns":4},{"damage":7,"enemies":"conspire:RoseBush","floor":5,"turns":4},{"damage":26,"enemies":"Replay:BlueRogue","floor":6,"turns":11},{"damage":22,"enemies":"Blue Slaver","floor":9,"turns":5},{"damage":4,"enemies":"Red Slaver","floor":10,"turns":3},{"damage":1,"enemies":"Gremlin Gang","floor":12,"turns":3},{"damage":27,"enemies":"3 Sentries","floor":14,"turns":6},{"damage":18,"enemies":"conspire:2 RoseBushes","floor":15,"turns":4},{"damage":32,"enemies":"DF_ARCHETYPE_STREAMLINE","floor":16,"turns":6},{"damage":15,"enemies":"downfall:FleeingMerchant","floor":20,"turns":4},{"damage":14,"enemies":"downfall:LooterAlt2","floor":21,"turns":4},{"damage":18,"enemies":"Chosen","floor":22,"turns":5},{"damage":6,"enemies":"3 Cultists","floor":23,"turns":3},{"damage":24,"enemies":"Snake Plant","floor":25,"turns":2},{"damage":9,"enemies":"Replay:Snechameleon","floor":27,"turns":3},{"damage":11,"enemies":"Sentry and Sphere","floor":28,"turns":3},{"damage":5,"enemies":"downfall:FleeingMerchant","floor":30,"turns":4},{"damage":16,"enemies":"conspire:SneckoGhost","floor":31,"turns":4},{"damage":18,"enemies":"Shelled Parasite and Fungi","floor":32,"turns":1}],"seed_played":"5689656496571612999","potions_obtained":[{"floor":5,"key":"champ:CounterPotion"},{"floor":6,"key":"Explosive Potion"},{"floor":10,"key":"hexamod:SoulburnPotion"},{"floor":12,"key":"Regen Potion"},{"floor":14,"key":"PowerPotion"},{"floor":15,"key":"Guardian:BlockOnCardUsePotion"},{"floor":21,"key":"Regen Potion"},{"floor":22,"key":"SteroidPotion"},{"floor":23,"key":"Swift Potion"},{"floor":31,"key":"LiquidMemories"}],"is_trial":false,"path_per_floor":["R","M","M","$","M","E","T","R","M","M","?","M","R","E","M","B",null,"R","?","$","M","M","M","T","M","R","E","M","R","$","E","M"],"character_chosen":"THE_AUTOMATON","items_purchased":["bronze:MaxOutput","PreservedInsect","expansioncontent:StudyTheSpire"],"campfire_rested":2,"item_purchase_floors":[4,20,30],"current_hp_per_floor":[70,65,65,65,58,32,32,32,10,11,11,15,51,44,26,9,70,70,70,55,41,23,17,17,13,49,40,29,29,24,8,0,0,0],"gold":97,"neow_bonus":"TRANSFORM_CARD","is_daily":false,"chose_seed":false,"campfire_upgraded":2,"win_rate":0.0,"timestamp":1614007126,"path_taken":["R","M","M","$","?","E","T","R","M","M","?","M","R","E","M","BOSS","R","?","$","M","M","M","T","M","R","E","M","R","$","E","M"],"items_purchased_type":["Card","Relic","Card"],"build_version":"2020-12-22","purchased_purges":0,"victory":false,"max_hp_per_floor":[70,70,70,70,70,70,70,70,70,70,70,70,70,70,70,70,70,70,70,70,70,70,70,70,70,70,70,70,70,70,70,70,70,70],"card_choices":[{"not_picked":["bronze:Invalidate","bronze:DelayedGuard","bronze:Frontload"],"picked":"SKIP","floor":2},{"not_picked":["bronze:DelayedSlice","bronze:NullPointer"],"picked":"bronze:FineTuning","floor":3},{"not_picked":["bronze:Refactor","bronze:BuggyMess","bronze:BitShift"],"picked":"SKIP","floor":4},{"not_picked":["bronze:OilSpill","bronze:BugBarrage"],"picked":"bronze:BurnOut","floor":5},{"not_picked":["bronze:Assembly","bronze:BitShift","bronze:DelayedSlice"],"picked":"SKIP","floor":6},{"not_picked":["bronze:Invalidate","bronze:InfiniteLoop"],"picked":"bronze:OilSpill","floor":9},{"not_picked":["bronze:Branch","bronze:BitShift"],"picked":"bronze:ChosenStrike","floor":10},{"not_picked":["bronze:Backtrace","bronze:Boost"],"picked":"bronze:BugBarrage","floor":12},{"not_picked":["bronze:Branch","bronze:Constructor","bronze:Repulsor"],"picked":"SKIP","floor":14},{"not_picked":["bronze:Deprecate","bronze:Shell"],"picked":"bronze:OilSpill","floor":15},{"not_picked":["bronze:Format","bronze:SpaghettiCode"],"picked":"bronze:ShipIt","floor":16},{"not_picked":["bronze:BitShift","bronze:Iterate","bronze:ClassDefault+1"],"picked":"SKIP","floor":20},{"not_picked":["bronze:Repulsor","bronze:NullPointer+1","bronze:BronzeOrb"],"picked":"SKIP","floor":21},{"not_picked":["bronze:Branch","bronze:Turbo+1"],"picked":"bronze:Flail+1","floor":22},{"not_picked":["bronze:CutThrough","bronze:Iterate"],"picked":"bronze:WildBeam","floor":23},{"not_picked":["bronze:GetLatest","bronze:BitShift","bronze:Optimize"],"picked":"SKIP","floor":25},{"not_picked":["bronze:Optimize","bronze:OilSpill+1","bronze:Deprecate+1"],"picked":"SKIP","floor":27},{"not_picked":["bronze:DelayedGuard","bronze:BitShift","bronze:Mutator"],"picked":"SKIP","floor":28},{"not_picked":["bronze:Constructor","bronze:Overheat+1"],"picked":"bronze:FollowUp+1","floor":30},{"not_picked":["bronze:Safeguard","bronze:WhirlingStrike","bronze:Allocate"],"picked":"SKIP","floor":31}],"player_experience":828118,"relics_obtained":[{"floor":6,"key":"Regal Pillow"},{"floor":7,"key":"Toy Ornithopter"},{"floor":14,"key":"Vajra"},{"floor":24,"key":"Letter Opener"},{"floor":27,"key":"Simple Rune"},{"floor":31,"key":"Bronze Scales"}],"event_choices":[],"is_beta":false,"boss_relics":[{"not_picked":["Replay:Ancient Bell","Coffee Dripper"],"picked":"hubris:Backtick"}],"items_purged_floors":[],"is_endless":false,"potions_floor_spawned":[5,6,10,12,14,15,21,22,23,31],"killed_by":"Shelled Parasite and Fungi","ascension_level":2}}