{"host":"6h0diz2ap0m56grs","time":1614018796,"event":{"mods":["2.2 Compatiblity","BaseMod","Colored Map","Marisa????????","Minty Spire (QoL Compilation)","Quick Restart","Replay The Spire","Shop Mod","StSLib","The Cursed","The Exalted","The Necromancer","The Servant 0.9.4"],"gold_per_floor":[110,130,305,305,255,255,255],"floor_reached":6,"language":"ENG","playtime":150,"items_purged":[],"score":36,"play_id":"fe378e96-8aeb-4032-bf1b-bd43ad6300d9","local_time":"20210222123316","daily_mods":["SealedDeck","Heirloom","Time Dilation","Flight"],"is_ascension_mode":true,"campfire_choices":[],"circlet_count":0,"master_deck":["TheCursedMod:FleshFromBone","TheCursedMod:WearCloak","TheCursedMod:RavingStaff","TheCursedMod:RapidMovement","TheCursedMod:RapidMovement","TheCursedMod:Obscuration","TheCursedMod:ReleasedStrength","TheCursedMod:CursedMace","TheCursedMod:AbyssShockwave","TheCursedMod:CursedStaff","TheCursedMod:DoubleShield"],"relics":["Snecko Eye","Ring of Chaos","replay:Trail_Library","Durian","Juzu Bracelet"],"acts_visited":["Exordium"],"potions_floor_usage":[],"damage_taken":[{"damage":0,"enemies":"2 Louse","floor":1,"turns":1},{"damage":0,"enemies":"Small Slimes","floor":2,"turns":2},{"damage":0,"enemies":"Lagavulin","floor":6,"turns":2}],"seed_played":"3921547816717935861","potions_obtained":[{"floor":1,"key":"SkillPotion"}],"is_trial":true,"path_per_floor":["M","M","?","?","?","E"],"character_chosen":"THE_CURSED","items_purchased":[],"campfire_rested":0,"item_purchase_floors":[],"current_hp_per_floor":[80,80,80,80,80,80,80],"gold":255,"neow_bonus":"","is_daily":false,"chose_seed":false,"campfire_upgraded":0,"win_rate":0.0,"timestamp":1614018796,"path_taken":["M","M","?","?","?","E"],"items_purchased_type":[],"build_version":"2020-12-22","purchased_purges":0,"victory":false,"max_hp_per_floor":[80,80,80,80,80,80,80],"card_choices":[{"not_picked":["TheCursedMod:FleshFromBone","TheCursedMod:WearCloak"],"picked":"TheCursedMod:DoubleShield","floor":1},{"not_picked":["TheCursedMod:Stretching","TheCursedMod:SoulReap","TheCursedMod:FleshFromBone"],"picked":"SKIP","floor":2}],"player_experience":556995,"relics_obtained":[],"event_choices":[{"damage_healed":0,"gold_gain":175,"player_choice":"AGREE","damage_taken":0,"max_hp_gain":0,"max_hp_loss":0,"event_name":"Liars Game","floor":3,"gold_loss":0,"cards_obtained":["Doubt"]},{"damage_healed":0,"gold_gain":0,"player_choice":"Gave Potion","damage_taken":0,"relics_obtained":["Juzu Bracelet"],"max_hp_gain":0,"max_hp_loss":0,"event_name":"WeMeetAgain","floor":4,"gold_loss":0},{"cards_removed":["Doubt"],"damage_healed":0,"gold_gain":0,"player_choice":"Card Removal","damage_taken":0,"max_hp_gain":0,"max_hp_loss":0,"event_name":"The Cleric","floor":5,"gold_loss":50}],"is_beta":false,"boss_relics":[],"items_purged_floors":[],"is_endless":false,"potions_floor_spawned":[1],"killed_by":"Lagavulin","ascension_level":1}}