{"host":"wqi7jvkbznmdbtu0","time":1614006347,"event":{"mods":["Act Like it!","BaseMod","Downfall","Hermit","Hubris","Infinite Spire","Mimic Mod","Minty Spire (QoL Compilation)","Quick Restart","Replay The Spire","Ruina","StSLib","The Construct","The Jungle","The Mystic"],"gold_per_floor":[119,119,119,138,154,154,167,167,200,213,213,232,232,232,232,251,251,251,251],"floor_reached":18,"language":"ENG","playtime":745,"items_purged":[],"score":104,"play_id":"20351fc9-e7a9-4c5a-8354-5af6511ab5ff","local_time":"20210222150547","is_ascension_mode":false,"campfire_choices":[{"data":"infinitespire:UltimateForm","floor":6,"key":"SMITH"},{"data":"Bloodletting","floor":8,"key":"SMITH"},{"data":"Battle Trance","floor":11,"key":"SMITH"}],"circlet_count":0,"master_deck":["Strike_R","Strike_R","Strike_R","Defend_R","Defend_R","Defend_R","Defend_R","Bash","Dual Wield","infinitespire:UltimateForm+1","Bloodletting","Bloodletting+1","Battle Trance+1","Life Link","Inflame"],"relics":["Burning Blood","NeowsBlessing"],"acts_visited":["Exordium"],"potions_floor_usage":[],"damage_taken":[{"damage":0,"enemies":"Jaw Worm","floor":1,"turns":1},{"damage":0,"enemies":"Small Slimes","floor":4,"turns":1},{"damage":0,"enemies":"Cultist","floor":5,"turns":1},{"damage":14,"enemies":"Large Slime","floor":7,"turns":8},{"damage":12,"enemies":"Red Slaver","floor":9,"turns":7},{"damage":16,"enemies":"Red Slaver","floor":10,"turns":4},{"damage":23,"enemies":"3 Louse","floor":12,"turns":5},{"damage":10,"enemies":"Blue Slaver","floor":16,"turns":5},{"damage":41,"enemies":"Slime Boss","floor":18,"turns":3}],"seed_played":"3177341911121935510","potions_obtained":[{"floor":1,"key":"champ:CounterPotion"},{"floor":4,"key":"GamblersBrew"},{"floor":10,"key":"Slimebound:ThreeZeroPotion"}],"is_trial":false,"path_per_floor":["M","?","?","M","M","R","M","R","MIM","M","R","M","PTL","PTL","?","M","R","B"],"character_chosen":"IRONCLAD","items_purchased":[],"campfire_rested":0,"item_purchase_floors":[],"current_hp_per_floor":[80,60,60,66,72,72,64,64,58,48,48,31,31,31,31,27,27,0,0],"gold":251,"neow_bonus":"THREE_ENEMY_KILL","is_daily":false,"chose_seed":false,"campfire_upgraded":3,"win_rate":0.0,"timestamp":1614006347,"path_taken":["M","?","?","?","M","R","M","R","MIM","M","R","M","PTL","PTL","?","M","R","BOSS"],"items_purchased_type":[],"build_version":"2020-12-22","purchased_purges":0,"victory":false,"max_hp_per_floor":[80,80,80,80,80,80,80,80,80,80,80,80,80,80,80,80,80,80,80],"card_choices":[{"not_picked":["Warcry","Havoc"],"picked":"Dual Wield","floor":1},{"not_picked":["ReplayTheSpireMod:Haul","infinitespire:Execution"],"picked":"infinitespire:UltimateForm","floor":2},{"not_picked":["Heavy Blade","Anger"],"picked":"Bloodletting","floor":4},{"not_picked":["Clash","Sword Boomerang","hubris:ReadiedAction"],"picked":"SKIP","floor":5},{"not_picked":["Warcry","Massacre"],"picked":"Bloodletting","floor":7},{"not_picked":["Second Wind","Wild Strike"],"picked":"Battle Trance","floor":9},{"not_picked":["hubris:ReadiedAction","Twin Strike","Flex"],"picked":"SKIP","floor":10},{"not_picked":["hubris:StunningStrike","Havoc","Cleave"],"picked":"SKIP","floor":12},{"not_picked":["Iron Wave","Defy Death"],"picked":"Life Link","floor":16}],"player_experience":90123,"relics_obtained":[],"event_choices":[{"cards_removed":["Strike_R"],"damage_healed":0,"gold_gain":0,"player_choice":"Offered Basic","damage_taken":0,"max_hp_gain":0,"max_hp_loss":0,"event_name":"Bonfire Elementals","floor":3,"gold_loss":0},{"damage_healed":0,"gold_gain":0,"cards_transformed":["Strike_R"],"player_choice":"Transformed","damage_taken":0,"max_hp_gain":0,"max_hp_loss":0,"event_name":"Transmorgrifier","floor":15,"gold_loss":0,"cards_obtained":["Replay:Many Hands"]}],"is_beta":false,"boss_relics":[],"items_purged_floors":[],"is_endless":false,"potions_floor_spawned":[1,4,10],"killed_by":"Slime Boss","ascension_level":0}}