{"host":"xp5rvh2jwe2ejyfm","time":1614020833,"event":{"mods":["2.2 Compatiblity","Aspiration","Bard","BaseMod","Beaked The Cultist","Better Altar","Better Match","Better Note","Better Sensory Stone","Better Skull","BetterRewards","Colored Powertips","Conspire","Downfall","GifTheSpireLib","Gremlin Mod","GungeonMod","Hermit","Hubris","Jorbs\u0027s Wanderer Trilogy","Mad Scientist","Minty Spire (QoL Compilation)","Potionbrewer","Quick Restart","Replay The Spire","Robot Space Explorer","Shade Mod","Somnambulant","StSLib","The Bug Knight","The Clintock","The Construct","The Cursed","The Disciple","The Forsaken","The Hierophant","The Marked","The Mystic","The Necromancer","The Runesmith","The Servant 0.9.4","The Valiant","The Witch","TheFirefly","TheVacant","thorton"],"gold_per_floor":[114,3,3,22,22,22,22,22,52,52,52,52,66,66,76,96,96,196,196,177,197,118,118,118,118,147,147,147],"floor_reached":27,"language":"ENG","playtime":1399,"items_purged":[],"score":229,"play_id":"48c7adf1-e7dc-4cba-afe6-2a785c0d61a5","local_time":"20210222140713","is_ascension_mode":false,"campfire_choices":[{"floor":8,"key":"REST"},{"floor":10,"key":"REST"},{"floor":17,"key":"REST"},{"floor":25,"key":"RECALL"}],"circlet_count":0,"master_deck":["mysticmod:Strike_Mystic","mysticmod:Strike_Mystic","mysticmod:Strike_Mystic+1","mysticmod:Strike_Mystic","mysticmod:Defend_Mystic+1","mysticmod:Defend_Mystic","mysticmod:Defend_Mystic","mysticmod:ArcaneDodge","mysticmod:ShockingGrasp","mysticmod:Dedication","mysticmod:Alacrity+1","mysticmod:HeavyStrike","mysticmod:LightningBolt","mysticmod:FiveFootStep","mysticmod:Dedication","mysticmod:Fly","mysticmod:Flurry","mysticmod:EbbAndFlow","mysticmod:Discipline","mysticmod:Probe+1","mysticmod:PowerSlash+1","mysticmod:PureInstinct+1","mysticmod:MirrorEntity","Apotheosis","mysticmod:EnergizedRift+1","mysticmod:Fly","mysticmod:RapidCaster","mysticmod:Riposte+1"],"relics":["mysticmod:SpellBook","Replay:Arrowhead","hubris:PeanutButter","HandDrill","Bronze Scales","Juzu Bracelet","theForsaken:HumbleEgg","beaked:SacredDeck","Blue Candle","hubris:Teleporter"],"acts_visited":["Exordium","TheCity"],"potions_floor_usage":[20,26,26,26],"damage_taken":[{"damage":0,"enemies":"Cultist","floor":1,"turns":4},{"damage":0,"enemies":"2 Louse","floor":4,"turns":2},{"damage":40,"enemies":"Gremlin Nob","floor":9,"turns":6},{"damage":7,"enemies":"Small Slimes","floor":13,"turns":3},{"damage":2,"enemies":"2 Fungi Beasts","floor":15,"turns":4},{"damage":0,"enemies":"Gremlin Gang","floor":16,"turns":3},{"damage":4,"enemies":"Fading Forest","floor":18,"turns":11},{"damage":22,"enemies":"2 Thieves","floor":20,"turns":4},{"damage":10,"enemies":"3 Byrds","floor":21,"turns":4},{"damage":34,"enemies":"Slavers","floor":26,"turns":7},{"damage":9,"enemies":"Centurion and Healer","floor":27,"turns":1}],"seed_played":"3835906773610622543","potions_obtained":[{"floor":15,"key":"hexamod:SoulburnPotion"},{"floor":16,"key":"Adrenaline Potion"},{"floor":20,"key":"hexamod:SoulburnPotion"},{"floor":21,"key":"Guardian:BlockOnCardUsePotion"}],"is_trial":false,"path_per_floor":["M","$","?","M","PTL","PTL","$","R","E","R","T","?","M","?","M","M","R","B",null,"M","M","$","?","?","R","E","M"],"character_chosen":"MYSTIC_CLASS","items_purchased":["mysticmod:Dedication","hubris:PeanutButter","HandDrill","mysticmod:Alacrity+1","mysticmod:HeavyStrike","mysticmod:Dedication","mysticmod:Fly","mysticmod:RapidCaster"],"campfire_rested":3,"item_purchase_floors":[0,0,0,0,0,2,2,22],"current_hp_per_floor":[41,41,26,26,26,26,26,49,9,32,32,32,25,33,31,31,54,62,77,55,45,45,45,40,40,6,0,0],"gold":147,"neow_bonus":"","is_daily":false,"chose_seed":false,"campfire_upgraded":0,"win_rate":0.0,"timestamp":1614020833,"path_taken":["M","?","?","M","PTL","PTL","$","R","E","R","T","?","M","?","M","M","R","BOSS","M","M","$","?","?","R","E","M"],"items_purchased_type":["Card","Relic","Relic","Card","Card","Card","Card","Card"],"build_version":"2020-12-22","purchased_purges":0,"victory":false,"max_hp_per_floor":[77,77,77,77,77,77,77,77,77,77,77,77,77,77,77,77,77,77,77,77,77,77,77,77,77,77,77,77],"card_choices":[{"not_picked":["mysticmod:PowerAttack","mysticmod:ComponentsPouch"],"picked":"mysticmod:FiveFootStep","floor":1},{"not_picked":["mysticmod:SpellCombat","mysticmod:Sideswipe"],"picked":"mysticmod:Flurry","floor":4},{"not_picked":["mysticmod:Grease","mysticmod:IllusionOfCalm"],"picked":"mysticmod:EbbAndFlow","floor":9},{"not_picked":["mysticmod:TomeOfSpells+1","mysticmod:KeenEdge"],"picked":"mysticmod:Probe+1","floor":13},{"not_picked":["mysticmod:HeavyStrike+1","mysticmod:ArcaneAccuracy"],"picked":"mysticmod:PowerSlash+1","floor":15},{"not_picked":["mysticmod:Daze+1","mysticmod:SuddenClarity+1"],"picked":"mysticmod:PureInstinct+1","floor":16},{"not_picked":["mysticmod:GreaterInvisibility","mysticmod:EnchantedMoulinet"],"picked":"mysticmod:MirrorEntity","floor":18},{"not_picked":["mysticmod:PureInstinct+1","mysticmod:Dedication+1"],"picked":"mysticmod:EnergizedRift+1","floor":20},{"not_picked":["mysticmod:Daze+1","mysticmod:Disengage+1"],"picked":"mysticmod:Fly","floor":21},{"not_picked":["mysticmod:MagicMissile+1","mysticmod:BladeMaster"],"picked":"mysticmod:Riposte+1","floor":26}],"player_experience":573884,"relics_obtained":[{"floor":9,"key":"Juzu Bracelet"},{"floor":11,"key":"theForsaken:HumbleEgg"},{"floor":26,"key":"hubris:Teleporter"}],"event_choices":[{"damage_healed":0,"gold_gain":0,"player_choice":"Entered Light","damage_taken":15,"max_hp_gain":0,"max_hp_loss":0,"event_name":"Shining Light","floor":3,"gold_loss":0,"cards_upgraded":["mysticmod:Strike_Mystic","mysticmod:Defend_Mystic"]},{"damage_healed":0,"gold_gain":0,"cards_transformed":["mysticmod:Defend_Mystic"],"player_choice":"Transformed","damage_taken":0,"max_hp_gain":0,"max_hp_loss":0,"event_name":"Transmorgrifier","floor":12,"gold_loss":0,"cards_obtained":["mysticmod:Discipline"]},{"damage_healed":0,"gold_gain":0,"player_choice":"Ignored","damage_taken":0,"max_hp_gain":0,"max_hp_loss":0,"event_name":"betterNote:BetterNote","floor":23,"gold_loss":0,"cards_obtained":["MadScienceMod:PowerArmor"]}],"is_beta":false,"boss_relics":[{"not_picked":["Calling Bell","aspiration:RunesmithSkillbook"],"picked":"beaked:SacredDeck"}],"items_purged_floors":[],"is_endless":false,"potions_floor_spawned":[15,16,20,21],"killed_by":"Centurion and Healer","ascension_level":0}}