{"host":"5bsc0nab6whpyrbj","time":1614037222,"event":{"mods":["BaseMod","Highlight Path","Minty Spire (QoL Compilation)"],"gold_per_floor":[109,109,109,130,146,146,169,169,193,217,247,260,435,435,435,563,626,640,683,534,534,72,72,96,119,194,208,208,231,258,283,283,283,283],"floor_reached":33,"language":"ENG","playtime":1043,"items_purged":[],"score":314,"play_id":"633e1af3-9d0c-4014-a847-a56ddeb59b51","local_time":"20210222184022","is_ascension_mode":false,"campfire_choices":[{"data":"Storm","floor":6.0,"key":"SMITH"},{"floor":8.0,"key":"REST"},{"floor":15.0,"key":"REST"},{"floor":32.0,"key":"REST"}],"circlet_count":0,"master_deck":["Defend_B","Defend_B","Defend_B","Defend_B","Zap","Bandage Up","Gash+1","Storm+1","Redo","Redo","Electrodynamics","Undo","Storm","Self Repair","Bite","Bite","Bite","Bite","Bite"],"relics":["Cracked Core","Golden Idol","Centennial Puzzle","Tiny House","Red Mask","Art of War","Lee\u0027s Waffle","Pear","Potion Belt"],"acts_visited":["Exordium","TheCity"],"potions_floor_usage":[33],"damage_taken":[{"damage":11.0,"enemies":"Jaw Worm","floor":1.0,"turns":2.0},{"damage":10.0,"enemies":"Small Slimes","floor":4.0,"turns":2.0},{"damage":1.0,"enemies":"Cultist","floor":5.0,"turns":3.0},{"damage":16.0,"enemies":"Blue Slaver","floor":7.0,"turns":4.0},{"damage":0.0,"enemies":"3 Louse","floor":10.0,"turns":4.0},{"damage":16.0,"enemies":"Exordium Wildlife","floor":12.0,"turns":3.0},{"damage":23.0,"enemies":"Slime Boss","floor":16.0,"turns":7.0},{"damage":16.0,"enemies":"Chosen","floor":18.0,"turns":5.0},{"damage":45.0,"enemies":"Masked Bandits","floor":19.0,"turns":4.0},{"damage":24.0,"enemies":"2 Thieves","floor":24.0,"turns":3.0},{"damage":35.0,"enemies":"Centurion and Healer","floor":25.0,"turns":4.0},{"damage":18.0,"enemies":"3 Cultists","floor":27.0,"turns":3.0},{"damage":42.0,"enemies":"Snake Plant","floor":29.0,"turns":4.0},{"damage":32.0,"enemies":"Snecko","floor":31.0,"turns":5.0},{"damage":88,"enemies":"Champ","floor":33,"turns":7}],"seed_played":"7822187428346973503","potions_obtained":[{"floor":1.0,"key":"PowerPotion"},{"floor":3.0,"key":"Strength Potion"},{"floor":3.0,"key":"Fruit Juice"},{"floor":5.0,"key":"Strength Potion"},{"floor":12.0,"key":"ColorlessPotion"},{"floor":16.0,"key":"FearPotion"},{"floor":17.0,"key":"SneckoOil"},{"floor":18.0,"key":"Explosive Potion"},{"floor":24.0,"key":"EssenceOfDarkness"},{"floor":27.0,"key":"AttackPotion"},{"floor":29.0,"key":"Fruit Juice"},{"floor":31.0,"key":"Swift Potion"}],"is_trial":false,"path_per_floor":["M","?","?","M","M","R","M","R","T","M","?","M","?","?","R","B",null,"M","?","$","?","$","?","M","M","T","M","?","M","T","M","R","B"],"character_chosen":"DEFECT","items_purchased":["Art of War","Electrodynamics","Lee\u0027s Waffle","Blood Vial"],"campfire_rested":3,"item_purchase_floors":[20,22,22,22],"current_hp_per_floor":[68,68,73,63,66,66,54,78,78,80,80,67,67,60,80,57,85,73,32,32,32,92,92,72,50,60,55,55,41,41,28,60,0,0],"gold":283,"neow_bonus":"RANDOM_COLORLESS","is_daily":false,"chose_seed":false,"campfire_upgraded":1,"win_rate":0.0,"timestamp":1614037222,"path_taken":["M","?","?","M","M","R","?","R","T","M","?","M","?","?","R","BOSS","M","?","$","?","$","?","M","?","T","M","?","M","?","?","R","BOSS"],"items_purchased_type":["Relic","Card","Relic","Relic"],"build_version":"2020-12-22","purchased_purges":0,"victory":false,"max_hp_per_floor":[75,75,80,80,80,80,80,80,80,80,80,80,80,80,80,80,85,85,85,85,85,92,92,92,92,102,102,102,107,107,107,107,107,107],"card_choices":[{"not_picked":["Impatience","PanicButton"],"picked":"Bandage Up","floor":0.0},{"not_picked":["Rip and Tear","Chaos"],"picked":"Gash","floor":1.0},{"not_picked":["Heatsinks","Steam Power"],"picked":"Storm","floor":4.0},{"not_picked":["Double Energy","Fusion","Leap"],"picked":"SKIP","floor":5.0},{"not_picked":["Turbo","Doom and Gloom"],"picked":"BootSequence","floor":7.0},{"not_picked":["Compile Driver","Sweeping Beam","Cold Snap"],"picked":"SKIP","floor":10.0},{"not_picked":["Go for the Eyes","Fusion","Glacier"],"picked":"SKIP","floor":12.0},{"not_picked":["Reinforced Body","Conserve Battery"],"picked":"Redo","floor":17.0},{"not_picked":["Beam Cell+1","Leap","Coolheaded+1"],"picked":"SKIP","floor":18.0},{"not_picked":["Reboot","Streamline"],"picked":"Redo","floor":19.0},{"not_picked":["Redo","Glacier+1"],"picked":"Self Repair","floor":24.0},{"not_picked":["Leap","Sweeping Beam","Stack"],"picked":"SKIP","floor":25.0},{"not_picked":["Compile Driver","Tempest+1","Glacier"],"picked":"SKIP","floor":27.0},{"not_picked":["Hologram","Rebound","Go for the Eyes"],"picked":"SKIP","floor":29.0},{"not_picked":["Beam Cell","Rebound+1","Hologram+1"],"picked":"SKIP","floor":31.0}],"player_experience":105519,"relics_obtained":[{"floor":9.0,"key":"Centennial Puzzle"},{"floor":19.0,"key":"Red Mask"},{"floor":26.0,"key":"Pear"},{"floor":30.0,"key":"Potion Belt"}],"event_choices":[{"damage_healed":0.0,"max_hp_gain":0.0,"max_hp_loss":0.0,"gold_gain":0.0,"event_name":"Golden Idol","player_choice":"Take Wound","floor":2.0,"gold_loss":0.0,"damage_taken":0.0,"relics_obtained":["Golden Idol"],"cards_obtained":["Injury"]},{"damage_healed":0.0,"max_hp_gain":0.0,"max_hp_loss":0.0,"gold_gain":0.0,"event_name":"Lab","player_choice":"Got Potions","floor":3.0,"gold_loss":0.0,"damage_taken":0.0},{"damage_healed":0.0,"max_hp_gain":0.0,"max_hp_loss":0.0,"gold_gain":30.0,"event_name":"Dead Adventurer","player_choice":"Searched \u00272\u0027 times","floor":11.0,"gold_loss":0.0,"damage_taken":0.0},{"damage_healed":0.0,"max_hp_gain":0.0,"max_hp_loss":0.0,"gold_gain":175.0,"event_name":"Liars Game","player_choice":"AGREE","floor":13.0,"gold_loss":0.0,"damage_taken":0.0,"cards_obtained":["Doubt"]},{"cards_removed":["Doubt"],"damage_healed":0.0,"max_hp_gain":0.0,"max_hp_loss":0.0,"gold_gain":0.0,"event_name":"Golden Wing","player_choice":"Card Removal","floor":14.0,"gold_loss":0.0,"damage_taken":7.0},{"damage_healed":0.0,"max_hp_gain":0.0,"max_hp_loss":0.0,"gold_gain":0.0,"event_name":"Masked Bandits","player_choice":"Fought Bandits","floor":19.0,"gold_loss":0.0,"damage_taken":0.0},{"cards_removed":["Injury"],"damage_healed":0.0,"max_hp_gain":0.0,"max_hp_loss":0.0,"gold_gain":0.0,"event_name":"Back to Basics","player_choice":"Elegance","floor":21.0,"gold_loss":0.0,"damage_taken":0.0},{"damage_healed":0.0,"max_hp_gain":0.0,"max_hp_loss":0.0,"gold_gain":0.0,"cards_transformed":["BootSequence","Dualcast"],"event_name":"Drug Dealer","player_choice":"Became Test Subject","floor":23.0,"gold_loss":0.0,"damage_taken":0.0,"cards_obtained":["Undo","Storm"]},{"damage_healed":0.0,"max_hp_gain":0.0,"max_hp_loss":0.0,"gold_gain":0.0,"event_name":"Vampires","player_choice":"Became a vampire (Vial)","floor":28.0,"relics_lost":["Blood Vial"],"gold_loss":0.0,"damage_taken":0.0,"cards_obtained":["Bite","Bite","Bite","Bite","Bite"]}],"is_beta":false,"boss_relics":[{"not_picked":["SacredBark","SlaversCollar"],"picked":"Tiny House"}],"items_purged_floors":[],"is_endless":false,"potions_floor_spawned":[1,5,10,12,16,18,24,27,29,31],"killed_by":"Champ","ascension_level":0}}