{"host":"qxeepl7ydvsgmfdb","time":1614013297,"event":{"mods":["AchievementEnabler","BaseMod","Colored Powertips","Minty Spire (QoL Compilation)","Quick Restart","slay the spire mod where everything is the same but ironclad has a cowboy hat"],"gold_per_floor":[112,112,84,84,84,119,119,146,146,164,42,42,55,65,65,142,142,155,24,39,53,66,66,66],"floor_reached":23,"language":"ENG","playtime":4232,"items_purged":[],"score":477,"play_id":"81613476-5d73-4012-82e2-2a513b963670","local_time":"20210222120137","is_ascension_mode":true,"campfire_choices":[{"floor":12.0,"key":"REST"},{"floor":15.0,"key":"REST"}],"circlet_count":0,"master_deck":["AscendersBane","Strike_G","Strike_G","Strike_G","Strike_G","Strike_G","Defend_G+1","Defend_G","Defend_G","Defend_G","Survivor","Neutralize","Deflect+1","Dagger Spray","Deadly Poison","Unload","Neutralize","Cloak And Dagger","Adrenaline","Slice","Die Die Die","Footwork","Noxious Fumes","Deadly Poison","Bane+1"],"relics":["Ring of the Snake","NeowsBlessing","Ancient Tea Set","FossilizedHelix","StoneCalendar","The Courier","WristBlade"],"acts_visited":["Exordium","TheCity"],"potions_floor_usage":[],"damage_taken":[{"damage":0.0,"enemies":"2 Louse","floor":1.0,"turns":1.0},{"damage":0.0,"enemies":"3 Sentries","floor":6.0,"turns":1.0},{"damage":0.0,"enemies":"Lagavulin","floor":8.0,"turns":1.0},{"damage":0.0,"enemies":"Small Slimes","floor":10.0,"turns":3.0},{"damage":0.0,"enemies":"Cultist","floor":13.0,"turns":3.0},{"damage":0.0,"enemies":"Red Slaver","floor":14.0,"turns":4.0},{"damage":49.0,"enemies":"The Guardian","floor":16.0,"turns":16.0},{"damage":16.0,"enemies":"3 Byrds","floor":18.0,"turns":5.0},{"damage":0.0,"enemies":"Spheric Guardian","floor":20.0,"turns":4.0},{"damage":0.0,"enemies":"Snecko","floor":21.0,"turns":5.0},{"damage":9.0,"enemies":"Cultist and Chosen","floor":22.0,"turns":7.0},{"damage":33,"enemies":"Gremlin Leader","floor":23,"turns":4}],"seed_played":"-4125583829524655865","potions_obtained":[{"floor":8.0,"key":"GhostInAJar"},{"floor":14.0,"key":"Fruit Juice"},{"floor":16.0,"key":"SkillPotion"},{"floor":18.0,"key":"Fire Potion"}],"is_trial":false,"path_per_floor":["M","?","$","?","?","E","?","E","T","M","$","R","M","M","R","B",null,"M","$","M","M","M","E"],"character_chosen":"THE_SILENT","items_purchased":["Dagger Spray","Adrenaline","Footwork","Noxious Fumes"],"campfire_rested":2,"item_purchase_floors":[3,11,19,19],"current_hp_per_floor":[59,52,52,41,21,21,21,21,21,21,21,40,40,45,66,17,58,42,42,42,42,33,0,0],"gold":66,"neow_bonus":"THREE_ENEMY_KILL","is_daily":false,"chose_seed":false,"campfire_upgraded":0,"win_rate":0.0,"timestamp":1614013297,"path_taken":["M","?","$","?","?","E","?","E","T","?","?","R","?","M","R","BOSS","M","$","M","?","M","E"],"items_purchased_type":["Card","Card","Card","Card"],"build_version":"2020-12-22","purchased_purges":0,"victory":false,"max_hp_per_floor":[66,66,66,66,66,66,66,66,66,66,66,66,66,71,71,71,71,71,71,71,71,71,71,71],"card_choices":[{"not_picked":["Quick Slash","Bane"],"picked":"Deflect","floor":1.0},{"not_picked":["Poisoned Stab","Blur"],"picked":"Deadly Poison","floor":6.0},{"not_picked":["Heel Hook","Expertise"],"picked":"Cloak And Dagger","floor":8.0},{"not_picked":["Endless Agony","Escape Plan","Outmaneuver"],"picked":"SKIP","floor":10.0},{"not_picked":["Choke","Caltrops","Bane"],"picked":"SKIP","floor":13.0},{"not_picked":["Bouncing Flask","PiercingWail"],"picked":"Slice","floor":14.0},{"not_picked":["Storm of Steel","Venomology"],"picked":"Die Die Die","floor":16.0},{"not_picked":["Flying Knee+1","Prepared","Dagger Throw"],"picked":"SKIP","floor":18.0},{"not_picked":["Bane","Cloak And Dagger"],"picked":"Deadly Poison","floor":20.0},{"not_picked":["Skewer","Noxious Fumes","Outmaneuver"],"picked":"SKIP","floor":21.0},{"not_picked":["Backflip","Cloak And Dagger"],"picked":"Bane+1","floor":22.0}],"player_experience":200953,"relics_obtained":[{"floor":6.0,"key":"FossilizedHelix"},{"floor":8.0,"key":"StoneCalendar"},{"floor":9.0,"key":"The Courier"}],"event_choices":[{"cards_removed":["Defend_G"],"damage_healed":0.0,"max_hp_gain":0.0,"max_hp_loss":0.0,"gold_gain":0.0,"event_name":"Golden Wing","player_choice":"Card Removal","floor":2.0,"gold_loss":0.0,"damage_taken":7.0},{"damage_healed":0.0,"max_hp_gain":0.0,"max_hp_loss":0.0,"gold_gain":0.0,"event_name":"Scrap Ooze","player_choice":"Success","floor":4.0,"gold_loss":0.0,"damage_taken":11.0,"relics_obtained":["Ancient Tea Set"]},{"damage_healed":0.0,"max_hp_gain":0.0,"max_hp_loss":0.0,"gold_gain":0.0,"event_name":"Shining Light","player_choice":"Entered Light","floor":5.0,"gold_loss":0.0,"damage_taken":20.0,"cards_upgraded":["Deflect","Defend_G"]},{"damage_healed":0.0,"max_hp_gain":0.0,"max_hp_loss":0.0,"gold_gain":0.0,"event_name":"Match and Keep!","player_choice":"2 cards matched","floor":7.0,"gold_loss":0.0,"damage_taken":0.0,"cards_obtained":["Unload","Neutralize"]}],"is_beta":false,"boss_relics":[{"not_picked":["Runic Pyramid","Coffee Dripper"],"picked":"WristBlade"}],"items_purged_floors":[],"is_endless":false,"potions_floor_spawned":[8,14,16,18],"killed_by":"Gremlin Leader","ascension_level":18}}