{"host":"ugys05tpep779cl6","time":1614005706,"event":{"mods":["AchievementEnabler","Aspiration","BaseMod","Beaked The Cultist","CatGirl Mod","Colored Powertips","HololiveMod","Lobotomy","Minty Spire (QoL Compilation)","Quick Restart","Replay The Spire","Spicy Shops","StSLib","The Druid"],"gold_per_floor":[117,117,117,132,143,176,176,28,28,56,68,68,68,102,102,207,207,224,49,69,69,89,120,137,172,172,172,172,199,199,199,109,125,125,222,222,241,241,241,256,273,305,305,339,339,183,202,77,77,92,92,92,92,92,92,117,117,117],"floor_reached":57,"language":"ENG","playtime":7742,"items_purged":["Hallucinations","Strike_R","Defend_R"],"score":762,"play_id":"617ebfc4-a7db-4134-bfc9-dae8f5eccfcb","local_time":"20210222155506","is_ascension_mode":true,"campfire_choices":[{"data":"Defend_R","floor":7.0,"key":"SMITH"},{"data":"Disarm","floor":12.0,"key":"SMITH"},{"floor":15.0,"key":"RECALL"},{"data":"Metallicize","floor":30.0,"key":"SMITH"},{"data":"ReplayReversal","floor":30.0,"key":"SMITH"},{"floor":34.0,"key":"REST"},{"floor":43.0,"key":"REST"},{"data":"Defend_R","floor":49.0,"key":"SMITH"},{"data":"Shrug It Off","floor":49.0,"key":"SMITH"},{"data":"ReplayTheSpireMod:Limb From Limb","floor":51,"key":"SMITH"},{"data":"Juggernaut","floor":51,"key":"SMITH"},{"floor":54,"key":"REST"}],"circlet_count":0,"master_deck":["Strike_R+1","Defend_R+1","Defend_R+1","Bash+1","ReplayTheSpireMod:Limb From Limb+1","Shrug It Off+1","Disarm+1","Juggernaut+1","Metallicize+1","ReplayReversal+1","Body Slam+1","Spot Weakness"],"relics":["Burning Blood","Ring of Panic","Ring of Fury","Kunai","Pen Nib","Oddly Smooth Stone","Empty Cage","Nloth\u0027s Gift","aspiration:HatOfInfinitePower","ReplayTheSpireMod:TigerMarble","Replay:Arrowhead","SlaversCollar","Omamori","Dream Catcher","aspiration:Nostalgia","m_ByrdBlood","Bird Faced Urn","Gremlin Horn"],"acts_visited":["Exordium","TheCity","TheBeyond","TheEnding"],"potions_floor_usage":[57,57],"damage_taken":[{"damage":0.0,"enemies":"Small Slimes","floor":1.0,"turns":3.0},{"damage":0.0,"enemies":"Cultist","floor":4.0,"turns":2.0},{"damage":0.0,"enemies":"Jaw Worm","floor":5.0,"turns":1.0},{"damage":0.0,"enemies":"Gremlin Nob","floor":6.0,"turns":2.0},{"damage":16.0,"enemies":"3 Sentries","floor":10.0,"turns":7.0},{"damage":0.0,"enemies":"Gremlin Gang","floor":11.0,"turns":4.0},{"damage":1.0,"enemies":"Gremlin Nob","floor":14.0,"turns":3.0},{"damage":33.0,"enemies":"Fading Forest","floor":16.0,"turns":11.0},{"damage":6.0,"enemies":"Chosen","floor":18.0,"turns":3.0},{"damage":21.0,"enemies":"3 Byrds","floor":20.0,"turns":5.0},{"damage":10.0,"enemies":"Shelled Parasite and Fungi","floor":22.0,"turns":3.0},{"damage":0.0,"enemies":"Replay:Snechameleon","floor":23.0,"turns":3.0},{"damage":0.0,"enemies":"Snecko","floor":24.0,"turns":3.0},{"damage":32.0,"enemies":"Gremlin Leader","floor":25.0,"turns":8.0},{"damage":20.0,"enemies":"Slavers","floor":29.0,"turns":5.0},{"damage":0.0,"enemies":"Snake Plant","floor":33.0,"turns":2.0},{"damage":29.0,"enemies":"Champ","floor":35.0,"turns":9.0},{"damage":0.0,"enemies":"Orb Walker","floor":37.0,"turns":2.0},{"damage":48.0,"enemies":"3 Darklings","floor":40.0,"turns":11.0},{"damage":6.0,"enemies":"Spire Growth","floor":41.0,"turns":3.0},{"damage":35.0,"enemies":"Reptomancer","floor":42.0,"turns":5.0},{"damage":31.0,"enemies":"Nemesis","floor":44.0,"turns":8.0},{"damage":0.0,"enemies":"Sphere and 2 Shapes","floor":47.0,"turns":6.0},{"damage":16,"enemies":"Transient","floor":50,"turns":5},{"damage":5,"enemies":"Replay:Hell Engine","floor":52,"turns":11},{"damage":41,"enemies":"Shield and Spear","floor":56,"turns":6},{"damage":134,"enemies":"The Heart","floor":57,"turns":8}],"seed_played":"-5298806882290549380","potions_obtained":[{"floor":1.0,"key":"GamblersBrew"},{"floor":5.0,"key":"SpeedPotion"},{"floor":11.0,"key":"Reflective Coating"},{"floor":14.0,"key":"Ancient Potion"},{"floor":23.0,"key":"FairyPotion"},{"floor":29.0,"key":"Adrenaline Potion"},{"floor":33.0,"key":"Block Potion"},{"floor":35.0,"key":"SpeedPotion"},{"floor":42.0,"key":"SneckoOil"},{"floor":47.0,"key":"AttackPotion"}],"is_trial":false,"path_per_floor":["M","?","?","M","M","E","R","$","T","E","M","R","$","E","R","B",null,"M","$","M","?","M","E","M","E","T","PTL","PTL","E","R","?","?","M","R","B",null,"M","$","?","M","M","E","R","E","T","$","M","$","R","M","R","B",null,"R","$","E","B"],"character_chosen":"IRONCLAD","items_purchased":["Disarm","Metallicize","Bird Faced Urn"],"campfire_rested":3,"item_purchase_floors":[8,19,46],"current_hp_per_floor":[80,80,80,80,80,80,80,80,80,70,76,76,76,80,80,53,80,80,80,65,65,61,67,73,47,47,47,47,33,33,18,18,24,49,26,85,85,85,85,43,43,14,39,14,14,14,38,38,38,46,46,65,85,85,85,62,0,0],"gold":117,"neow_bonus":"DSIX","is_daily":false,"chose_seed":false,"campfire_upgraded":8,"win_rate":0.0,"timestamp":1614005706,"path_taken":["M","?","?","?","M","E","R","$","T","E","M","R","$","E","R","BOSS","M","$","M","?","M","E","?","E","T","PTL","PTL","E","R","?","?","?","R","BOSS","M","$","?","M","M","E","R","E","T","$","M","$","R","?","R","BOSS","R","$","E","BOSS"],"items_purchased_type":["Card","Card","Relic"],"build_version":"2020-12-22","purchased_purges":3,"victory":false,"max_hp_per_floor":[80,80,80,80,80,80,80,80,80,80,80,80,80,80,80,80,80,80,80,80,80,80,80,80,80,80,80,80,80,80,85,85,85,85,85,85,85,85,85,85,85,85,85,85,85,85,85,85,85,85,85,85,85,85,85,85,85,85],"card_choices":[{"not_picked":["Burning Pact","Thunderclap"],"picked":"ReplayTheSpireMod:Limb From Limb","floor":1.0},{"not_picked":["Flex","Warcry"],"picked":"Shrug It Off","floor":4.0},{"not_picked":["Flex","Clothesline","Clash"],"picked":"SKIP","floor":5.0},{"not_picked":["Bloodletting","Rupture","Replay:Undeath\u0027s Touch"],"picked":"SKIP","floor":6.0},{"not_picked":["Fiend Fire","ReplayTheSpireMod:Strike From Hell","Perfected Strike"],"picked":"SKIP","floor":10.0},{"not_picked":["Thunderclap","Entrench","Cleave"],"picked":"SKIP","floor":11.0},{"not_picked":["Thunderclap","Sever Soul","Sword Boomerang"],"picked":"SKIP","floor":14.0},{"not_picked":["Demon Form","Barricade"],"picked":"Juggernaut","floor":16.0},{"not_picked":["Pommel Strike+1","Anger","Intimidate"],"picked":"SKIP","floor":18.0},{"not_picked":["Armaments","Twin Strike","Replay:Undeath\u0027s Touch+1"],"picked":"SKIP","floor":20.0},{"not_picked":["ReplayTheSpireMod:LeadingStrike","Thunderclap","Sword Boomerang+1"],"picked":"SKIP","floor":22.0},{"not_picked":["Dark Embrace","Berserk","Replay:Undeath\u0027s Touch"],"picked":"SKIP","floor":23.0},{"not_picked":["Pommel Strike+1","Thunderclap","Heavy Blade"],"picked":"SKIP","floor":24.0},{"not_picked":["Feed","Iron Wave","Thunderclap"],"picked":"SKIP","floor":25.0},{"not_picked":["Wild Strike","Dropkick"],"picked":"ReplayReversal","floor":29.0},{"not_picked":["Warcry","Twin Strike","Perfected Strike"],"picked":"SKIP","floor":33.0},{"not_picked":["Dual Wield+1","Pummel+1","Pommel Strike"],"picked":"SKIP","floor":37.0},{"not_picked":["Pommel Strike+1","Clothesline","Thunderclap"],"picked":"SKIP","floor":40.0},{"not_picked":["Eclipse","ReplayTheSpireMod:Corrosion Curse+1","Heavy Blade+1"],"picked":"SKIP","floor":41.0},{"not_picked":["Second Wind","Armaments+1","Warcry+1"],"picked":"SKIP","floor":42.0},{"not_picked":["Dual Wield","Demonic Infusion","Perfected Strike"],"picked":"SKIP","floor":44.0},{"not_picked":["Armaments+1","Run Through+1","ReplayTheSpireMod:Limb From Limb+1"],"picked":"SKIP","floor":47.0},{"not_picked":["Battle Trance","Replay:Undeath\u0027s Touch","Searing Blow+1"],"picked":"SKIP","floor":50},{"not_picked":["Reckless Charge+1","Rampage+1"],"picked":"Body Slam+1","floor":54},{"not_picked":["Defy Death","Offering"],"picked":"Spot Weakness","floor":56}],"player_experience":769106,"relics_obtained":[{"floor":2.0,"key":"Ring of Panic"},{"floor":2.0,"key":"Ring of Fury"},{"floor":6.0,"key":"Kunai"},{"floor":10.0,"key":"Pen Nib"},{"floor":14.0,"key":"Oddly Smooth Stone"},{"floor":23.0,"key":"aspiration:HatOfInfinitePower"},{"floor":25.0,"key":"ReplayTheSpireMod:TigerMarble"},{"floor":29.0,"key":"Replay:Arrowhead"},{"floor":42.0,"key":"Omamori"},{"floor":44.0,"key":"Dream Catcher"},{"floor":45.0,"key":"aspiration:Nostalgia"},{"floor":56,"key":"Gremlin Horn"}],"event_choices":[{"damage_healed":0.0,"max_hp_gain":0.0,"max_hp_loss":0.0,"gold_gain":0.0,"event_name":"Upgrade Shrine","player_choice":"Upgraded","floor":3.0,"gold_loss":0.0,"damage_taken":0.0,"cards_upgraded":["Bash"]},{"damage_healed":0.0,"max_hp_gain":0.0,"max_hp_loss":0.0,"gold_gain":0.0,"event_name":"N\u0027loth","player_choice":"Traded Relic","floor":21.0,"relics_lost":["aspiration:DSix"],"gold_loss":0.0,"damage_taken":0.0,"relics_obtained":["Nloth\u0027s Gift"]},{"damage_healed":0.0,"max_hp_gain":5.0,"max_hp_loss":0.0,"gold_gain":0.0,"event_name":"Forgotten Altar","player_choice":"Shed Blood","floor":31.0,"gold_loss":0.0,"damage_taken":20.0},{"cards_removed":["Defend_R"],"damage_healed":0.0,"max_hp_gain":0.0,"max_hp_loss":0.0,"gold_gain":0.0,"event_name":"Designer","player_choice":"Upgrade and Remove","floor":32.0,"gold_loss":90.0,"damage_taken":0.0,"cards_upgraded":["Strike_R"]},{"cards_removed":["Strike_R"],"damage_healed":0.0,"max_hp_gain":0.0,"max_hp_loss":0.0,"gold_gain":0.0,"event_name":"Bonfire Elementals","player_choice":"Offered Basic","floor":39.0,"gold_loss":0.0,"damage_taken":0.0}],"is_beta":false,"boss_relics":[{"not_picked":["aspiration:SecretTechniqueScroll","Runic Dome"],"picked":"Empty Cage"},{"not_picked":["Kintsugi","Busted Crown"],"picked":"SlaversCollar"}],"items_purged_floors":[8,19,48],"is_endless":false,"potions_floor_spawned":[1,5,11,14,16,23,29,33,35,42,47,56],"killed_by":"The Heart","ascension_level":3}}