{"host":"p5axfb00mxhraew6","time":1614001214,"event":{"mods":["100% Spire Juice","Abigail Mod","Act Like it!","BaseMod","CapriCore","Friendly Minions","GifTheSpireLib","Jedi Mod","KomeijiMod","MarisaÅiñ∂âJÅ@ñÇóùçπÅj","Minty Spire (QoL Compilation)","Prisma Mod","ReimuÅiîé??öÎÅj","RemiliaÅiÂQïƒ‰ª?Åj","SOSÅiézîb?îVéqÅj","StSLib","Td1madao Mod","The Alterego","The Immortal","The Problem Sleuth","Yakumo Yukari mod"],"gold_per_floor":[176,176,18,37,57,88,88,114,114,114,114,39,68,85,85,159,159,177,177,195,195,214,244,244,83,83,83,98,98,98,117,117,193,193,211,211,228,228,242,276,276,302,302,317,62,81,99,125,125,125,125],"floor_reached":50,"language":"ENG","playtime":2277,"items_purged":["Defend_Remirira","Strike_Remiria"],"score":1240,"play_id":"af820ff6-04e1-4c12-9e80-b20c8b09d669","local_time":"20210222224014","is_ascension_mode":true,"campfire_choices":[{"data":"StigmaNizer","floor":7.0,"key":"SMITH"},{"data":"Absorbed","floor":11.0,"key":"SMITH"},{"floor":15.0,"key":"REST"},{"data":"CruelSlaughter","floor":24.0,"key":"SMITH"},{"data":"CurseofVladTepes","floor":29.0,"key":"SMITH"},{"floor":32,"key":"REST"},{"floor":41,"key":"RECALL"},{"floor":49,"key":"REST"}],"circlet_count":0,"master_deck":["AscendersBane","Strike_Remiria","Defend_Remirira","Defend_Remirira","Absorbed+1","Scratch","DamonLordCradle_Remiria","StigmaNizer+1","DamonLordCradle_Remiria","TricksterDevil","Feint+1","CruelSlaughter+1","ChainGang","CurseofVladTepes+1","RemiliaStretch_Remiria","Feint","HeartBreak_Remiria","RocketKickup+1","Panache","ChainGang","StigmaNizer","ThirstForBlood+1","HeartBreak_Remiria","DemonLordWalk","Impregnable+1"],"relics":["ThirstyCrossSpe","RuthlessExorcism:ReiMu","Vajra","Calipers","Pear","Meat on the Bone","Philosopher\u0027s Stone","jedi:bottledfury","Gambling Chip","Fusion Hammer","Tea:ReiMu","Boot","TungstenRod"],"acts_visited":["Exordium","TheCity","TheBeyond"],"potions_floor_usage":[37,42,50,50,50,50],"damage_taken":[{"damage":0.0,"enemies":"Jaw Worm","floor":1.0,"turns":3.0},{"damage":0.0,"enemies":"2 Louse","floor":4.0,"turns":2.0},{"damage":0.0,"enemies":"Small Slimes","floor":5.0,"turns":4.0},{"damage":26.0,"enemies":"Lagavulin","floor":6.0,"turns":7.0},{"damage":8.0,"enemies":"Gremlin Nob","floor":8.0,"turns":4.0},{"damage":28.0,"enemies":"Lagavulin","floor":13.0,"turns":6.0},{"damage":0.0,"enemies":"Gremlin Gang","floor":14.0,"turns":2.0},{"damage":60.0,"enemies":"Slime Boss","floor":16.0,"turns":9.0},{"damage":0.0,"enemies":"2 Thieves","floor":18.0,"turns":3.0},{"damage":0.0,"enemies":"3 Byrds","floor":20.0,"turns":3.0},{"damage":16.0,"enemies":"Snecko","floor":22.0,"turns":5.0},{"damage":24.0,"enemies":"Gremlin Leader","floor":23.0,"turns":5.0},{"damage":4.0,"enemies":"Chosen and Byrds","floor":28.0,"turns":3.0},{"damage":33,"enemies":"Cultist and Chosen","floor":31,"turns":4},{"damage":60,"enemies":"Collector","floor":33,"turns":7},{"damage":8,"enemies":"3 Shapes","floor":35,"turns":1},{"damage":0,"enemies":"3 Darklings","floor":37,"turns":1},{"damage":7,"enemies":"Maw","floor":39,"turns":6},{"damage":0,"enemies":"Reptomancer","floor":40,"turns":3},{"damage":30,"enemies":"Giant Head","floor":42,"turns":6},{"damage":24,"enemies":"Spire Growth","floor":44,"turns":4},{"damage":1,"enemies":"4 Shapes","floor":46,"turns":4},{"damage":21,"enemies":"Transient","floor":47,"turns":6},{"damage":30,"enemies":"Nemesis","floor":48,"turns":6},{"damage":98,"enemies":"Awakened One","floor":50,"turns":7}],"seed_played":"5154359279266020809","potions_obtained":[{"floor":4.0,"key":"UndeadPotion"},{"floor":6.0,"key":"SpeedPotion"},{"floor":14.0,"key":"GrandPatriotsElixir:ReiMu"},{"floor":22.0,"key":"RedTea"},{"floor":31,"key":"EssenceOfSteel"},{"floor":33,"key":"Block Potion"},{"floor":35,"key":"Regen Potion"},{"floor":40,"key":"jedi:tentaclejuice"},{"floor":48,"key":"EntropicBrew"}],"is_trial":false,"path_per_floor":["M","?","$","M","M","E","R","E","T","?","R","$","E","M","R","B",null,"M","?","M","?","M","E","R","$","T","?","M","R","?","M","R","B",null,"M","?","M","?","M","E","R","E","T","M","$","M","M","E","R","B"],"character_chosen":"RemiriaScarlet","items_purchased":["RuthlessExorcism:ReiMu","ChainGang","CurseofVladTepes","HeartBreak_Remiria"],"campfire_rested":3,"item_purchase_floors":[3,25,25,45],"current_hp_per_floor":[90,90,90,90,90,64,64,56,66,59,59,59,31,43,76,28,90,90,90,90,74,58,46,46,46,46,46,54,54,54,33,66,18,87,79,79,84,99,92,92,92,62,62,50,50,61,52,34,67,0,0],"gold":125,"neow_bonus":"THREE_CARDS","is_daily":false,"chose_seed":false,"campfire_upgraded":4,"win_rate":0.0,"timestamp":1614001214,"path_taken":["M","?","$","M","M","E","R","E","T","?","R","$","E","M","R","BOSS","M","?","M","?","?","E","R","$","T","?","M","R","?","M","R","BOSS","M","?","M","?","M","E","R","E","T","?","$","M","M","E","R","BOSS"],"items_purchased_type":["Relic","Card","Card","Card"],"build_version":"2020-12-22","purchased_purges":2,"victory":false,"max_hp_per_floor":[100,100,100,100,100,100,100,100,110,110,110,110,110,110,110,110,110,110,110,110,110,110,110,110,110,110,110,110,110,110,110,110,110,110,110,110,110,110,110,110,110,110,110,110,110,110,110,110,110,110,110],"card_choices":[{"not_picked":["SeparateFleshBlood","ServantFlier"],"picked":"DamonLordCradle_Remiria","floor":0.0},{"not_picked":["ScarletNetherworld","Warpath","ServantFlier"],"picked":"SKIP","floor":1.0},{"not_picked":["FastHealing","RocketKickup","BodyStrengthen"],"picked":"SKIP","floor":4.0},{"not_picked":["DemonsDinnerFork_Remiria","DoubleEdge"],"picked":"StigmaNizer","floor":5.0},{"not_picked":["PainBurst","FastHealing","ServantFlier"],"picked":"SKIP","floor":6.0},{"not_picked":["BloodySuit","FierceSweep"],"picked":"DamonLordCradle_Remiria","floor":8.0},{"not_picked":["Cripple","TricksterDevil","BloodySuit"],"picked":"SKIP","floor":13.0},{"not_picked":["SealingFear","NightDance"],"picked":"TricksterDevil","floor":14.0},{"not_picked":["BloodySuit","FastHealing"],"picked":"Feint+1","floor":18.0},{"not_picked":["BathedInBlood","BloodySuit","ServantFlier+1"],"picked":"SKIP","floor":20.0},{"not_picked":["ServantFlier","Cripple"],"picked":"CruelSlaughter","floor":22.0},{"not_picked":["BathedInBlood","Warpath","DoubleEdge"],"picked":"SKIP","floor":23.0},{"not_picked":["BloodPact","DemonsDinnerFork_Remiria"],"picked":"RemiliaStretch_Remiria","floor":28.0},{"not_picked":["DamonLordCradle_Remiria","Exsanguinate+1"],"picked":"Feint","floor":31},{"not_picked":["FateConcerto","FateSonata"],"picked":"HeartBreak_Remiria","floor":33},{"not_picked":["BloodCleaner","DemonsDinnerFork_Remiria+1"],"picked":"RocketKickup+1","floor":35},{"not_picked":["Deep Breath","Jack Of All Trades"],"picked":"Panache","floor":36},{"not_picked":["SealingFear","TricksterDevil","TrickFate"],"picked":"SKIP","floor":37},{"not_picked":["Feint","BloodSurge+1","Warpath"],"picked":"SKIP","floor":39},{"not_picked":["CruelSlaughter","BloodySuit+1"],"picked":"ChainGang","floor":40},{"not_picked":["FierceSweep","BodyStrengthen+1"],"picked":"StigmaNizer","floor":42},{"not_picked":["DamonLordCradle_Remiria","BloodyMagicSquare+1"],"picked":"ThirstForBlood+1","floor":44},{"not_picked":["Feint","ServantFlier","FierceSweep"],"picked":"SKIP","floor":46},{"not_picked":["MillenniumVampire","ThePrice"],"picked":"DemonLordWalk","floor":47},{"not_picked":["Rewrite","VampireKiss_Remiria"],"picked":"Impregnable+1","floor":48}],"player_experience":1250963,"relics_obtained":[{"floor":6.0,"key":"Vajra"},{"floor":8.0,"key":"Calipers"},{"floor":9.0,"key":"Pear"},{"floor":13.0,"key":"Meat on the Bone"},{"floor":23.0,"key":"jedi:bottledfury"},{"floor":26.0,"key":"Gambling Chip"},{"floor":40,"key":"Tea:ReiMu"},{"floor":42,"key":"Boot"},{"floor":48,"key":"TungstenRod"}],"event_choices":[{"cards_removed":["Strike_Remiria"],"damage_healed":0.0,"max_hp_gain":0.0,"max_hp_loss":0.0,"gold_gain":0.0,"event_name":"Living Wall","player_choice":"Forget","floor":2.0,"gold_loss":0.0,"damage_taken":0.0},{"cards_removed":["Strike_Remiria"],"damage_healed":0.0,"max_hp_gain":0.0,"max_hp_loss":0.0,"gold_gain":0.0,"event_name":"Golden Wing","player_choice":"Card Removal","floor":10.0,"gold_loss":0.0,"damage_taken":7.0},{"damage_healed":0.0,"max_hp_gain":0.0,"max_hp_loss":0.0,"gold_gain":0.0,"event_name":"Wheel of Change","player_choice":"Damaged","floor":21.0,"gold_loss":0.0,"damage_taken":16.0},{"damage_healed":0.0,"max_hp_gain":0.0,"max_hp_loss":0.0,"gold_gain":0.0,"event_name":"The Mausoleum","player_choice":"Ignored","floor":27.0,"gold_loss":0.0,"damage_taken":0.0},{"cards_removed":["Defend_Remirira"],"damage_healed":0,"gold_gain":0,"player_choice":"Purged","damage_taken":0,"max_hp_gain":0,"max_hp_loss":0,"event_name":"Purifier","floor":30,"gold_loss":0},{"damage_healed":0,"gold_gain":0,"player_choice":"Memory 1","damage_taken":0,"max_hp_gain":0,"max_hp_loss":0,"event_name":"SensoryStone","floor":36,"gold_loss":0}],"is_beta":false,"boss_relics":[{"not_picked":["Pandora\u0027s Box","Ectoplasm"],"picked":"Philosopher\u0027s Stone"},{"not_picked":["Velvet Choker","jedi:battlestandard"],"picked":"Fusion Hammer"}],"items_purged_floors":[12,45],"is_endless":false,"potions_floor_spawned":[4,6,14,22,31,33,35,40,48],"killed_by":"Awakened One","ascension_level":20}}