{"host":"my4gslufyvqsq7r2","time":1614032324,"event":{"mods":["BaseMod","Colored Powertips","Hermit","Hubris","Infinite Spire","Minty Spire (QoL Compilation)","Rare Cards Sparkle","Relic Stats","Reliquary","Replay The Spire","Robot Space Explorer","StSLib"],"gold_per_floor":[18,0,10,26,38,38,38,38,38,38,38,38,55,65,65,168,168,188,188,217,228,228,75,75,75,75],"floor_reached":25,"language":"ENG","playtime":8633,"items_purged":[],"score":191,"play_id":"4b4368b3-d56f-4884-a3ca-782960f9b3a7","local_time":"20210222171844","is_ascension_mode":false,"campfire_choices":[{"floor":6,"key":"REST"},{"data":"hermit:Midnight","floor":12,"key":"SMITH"},{"data":"hermit:Gestalt","floor":15,"key":"SMITH"},{"floor":24,"key":"REST"}],"circlet_count":0,"master_deck":["hermit:Strike_Hermit","hermit:Strike_Hermit","hermit:Strike_Hermit","hermit:Strike_Hermit","hermit:Defend_Hermit","hermit:Defend_Hermit","hermit:Defend_Hermit","hermit:Defend_Hermit","hermit:Snapshot","hermit:Covet","hermit:FinalCanter","hermit:Determination","hermit:Malice","hermit:Midnight+1","hermit:Misfire","Parasite","hermit:Gestalt+1","hermit:Quickdraw","hermit:Reprieve","hermit:LuckOfTheDraw","hermit:WideOpen+1"],"relics":["hermit:Momento","hubris:FunFungus","Shuriken","hubris:TerracottaHorce","Red Mask","Medical Kit"],"acts_visited":["Exordium","TheCity"],"potions_floor_usage":[16,16,21],"damage_taken":[{"damage":7,"enemies":"Small Slimes","floor":1,"turns":3},{"damage":8,"enemies":"2 Louse","floor":3,"turns":4},{"damage":15,"enemies":"Jaw Worm","floor":4,"turns":4},{"damage":9,"enemies":"2 Fungi Beasts","floor":5,"turns":4},{"damage":0,"enemies":"Large Slime","floor":13,"turns":3},{"damage":2,"enemies":"Blue Slaver","floor":14,"turns":3},{"damage":58,"enemies":"Fading Forest","floor":16,"turns":11},{"damage":8,"enemies":"Chosen","floor":18,"turns":3},{"damage":39,"enemies":"Masked Bandits","floor":20,"turns":4},{"damage":26,"enemies":"Shell Parasite","floor":21,"turns":8},{"damage":51,"enemies":"Book of Stabbing","floor":25,"turns":4}],"seed_played":"-6270814091682758487","potions_obtained":[{"floor":3,"key":"Strength Potion"},{"floor":13,"key":"DuplicationPotion"},{"floor":20,"key":"Weak Potion"}],"is_trial":false,"path_per_floor":["M","?","M","M","M","R","?","$","T","T","$","R","M","M","R","B",null,"M","?","?","M","?","$","R","E"],"character_chosen":"HERMIT","items_purchased":["Medical Kit"],"campfire_rested":2,"item_purchase_floors":[23],"current_hp_per_floor":[68,68,60,45,36,58,75,75,75,75,75,75,75,73,73,33,65,65,65,34,12,15,15,38,0,0],"gold":75,"neow_bonus":"THREE_RARE_CARDS","is_daily":false,"chose_seed":false,"campfire_upgraded":2,"win_rate":0.0,"timestamp":1614032324,"path_taken":["M","?","M","M","M","R","?","$","T","?","$","R","M","M","R","BOSS","M","?","?","M","?","?","R","E"],"items_purchased_type":["Relic"],"build_version":"2020-12-22","purchased_purges":0,"victory":false,"max_hp_per_floor":[75,75,75,75,75,75,75,75,75,75,75,75,75,75,75,75,75,75,75,75,75,78,78,78,78,78],"relic_stats":{"counters":[11,51],"Shuriken":[11],"Medical Kit":[0],"obtain_stats":[{"Shuriken":10,"hubris:FunFungus":9,"Red Mask":20,"Medical Kit":23,"hermit:Momento":0,"hubris:TerracottaHorce":17},{"Shuriken":4,"hubris:FunFungus":4,"Red Mask":9,"Medical Kit":10,"hermit:Momento":0,"hubris:TerracottaHorce":7},{"Shuriken":15,"hubris:FunFungus":15,"Red Mask":39,"Medical Kit":47,"hermit:Momento":0,"hubris:TerracottaHorce":32}]},"card_choices":[{"not_picked":["hermit:Purgatory","hermit:Gambit"],"picked":"hermit:FinalCanter","floor":0},{"not_picked":["hermit:Dive","hermit:BodyArmor"],"picked":"hermit:Determination","floor":1},{"not_picked":["hermit:Dive","hermit:WideOpen"],"picked":"hermit:Malice","floor":3},{"not_picked":["hermit:FullyLoaded","hermit:FlashPowder"],"picked":"hermit:Midnight","floor":4},{"not_picked":["hermit:TrackingShot","hermit:Glare"],"picked":"hermit:Misfire","floor":5},{"not_picked":["hermit:Ricochet","hermit:CalledShot"],"picked":"hermit:Gestalt","floor":13},{"not_picked":["hermit:ShadowCloak","hermit:Roulette"],"picked":"hermit:Quickdraw","floor":14},{"not_picked":["hermit:HighNoon","hermit:Roughhouse"],"picked":"hermit:Reprieve","floor":16},{"not_picked":["hermit:WideOpen","hermit:Coalescence+1","hermit:TrackingShot"],"picked":"SKIP","floor":18},{"not_picked":["hermit:Malice","hermit:TakeCover+1"],"picked":"hermit:LuckOfTheDraw","floor":20},{"not_picked":["hermit:HoleUp","hermit:FullyLoaded"],"picked":"hermit:WideOpen+1","floor":21}],"player_experience":560712,"relics_obtained":[{"floor":9,"key":"hubris:FunFungus"},{"floor":10,"key":"Shuriken"},{"floor":20,"key":"Red Mask"}],"event_choices":[{"damage_healed":0,"gold_gain":0,"player_choice":"Left Gold","damage_taken":0,"max_hp_gain":0,"max_hp_loss":0,"event_name":"World of Goop","floor":2,"gold_loss":18},{"damage_healed":18,"gold_gain":0,"player_choice":"Healed and dodged fight","damage_taken":0,"max_hp_gain":0,"max_hp_loss":0,"event_name":"Mushrooms","floor":7,"gold_loss":0,"cards_obtained":["Parasite"]},{"damage_healed":0,"gold_gain":0,"player_choice":"Fought Bandits","damage_taken":0,"max_hp_gain":0,"max_hp_loss":0,"event_name":"Masked Bandits","floor":20,"gold_loss":0}],"is_beta":false,"boss_relics":[{"not_picked":["Philosopher\u0027s Stone","ChewingGum"],"picked":"hubris:TerracottaHorce"}],"items_purged_floors":[],"is_endless":false,"potions_floor_spawned":[3,13,20],"killed_by":"Book of Stabbing","ascension_level":0}}