{"host":"4w9vompg42n13q24","time":1614028607,"event":{"mods":["Aspiration","BaseMod","Better Third Choice","Colored Map","Colored Powertips","Conspire","DeckTracker","Downfall","GifTheSpireLib","Glutton Mod","Hermit","Highlight Path","Hubris","Minty Spire (QoL Compilation)","Relic Stats","Replay The Spire","StSLib","Stuff the Spire","The Druid","The Necromancer","Trackpad"],"gold_per_floor":[99,118,118,137,137,155,155,190,204,4,24,36,55,40,55,160,160,60,60,97,108,134,44,68,53,53,73,80,96,96,115,130,225,325,325,340,354,372,372,372,372,390,417,462,479,479,514,514,528,528,528,560,560,560,560,560,560],"floor_reached":56,"language":"ENG","playtime":6751,"items_purged":["Strike_W","Strike_W"],"score":762,"play_id":"12a5042a-ccec-46c3-919a-9c6b888b3ac3","local_time":"20210222221647","is_ascension_mode":false,"campfire_choices":[{"data":"Strike_W","floor":1.0,"key":"PURGE"},{"floor":10.0,"key":"RECALL"},{"data":"Siphon_Strength","floor":18.0,"key":"SMITH"},{"data":"Siphon_Strength","floor":30.0,"key":"SMITH"},{"data":"Reap_The_Weak","floor":46.0,"key":"SMITH"},{"floor":54,"key":"REST"}],"circlet_count":0,"master_deck":["Strike_W+1","Defend_W","Defend_W","Defend_W+1","Defend_W","Negative_Energy_Arrows+1","Bone_Wall","Pandemic","Life_Drain","Negative_Energy_Shield","Acid_Javelin","Spectral_Walk","Siphon_Strength+1","Bones_to_Steel","Negative_Energy_Sphere","Grasp_Heart","Toxic_Smoke_Screen+1","Stop_Heart","Toxic_Smoke_Screen+1","Siphon_Strength+1","Reap_The_Weak+1","Uncharnel","Uncharnel","Summon_Undead+1","Uncharnel","Spectral_Armor","Bone_Prison","Bone_Armory+1"],"relics":["StuffTheSpire:OccultApparatus","aspiration:AnachronicSnailShell","Spirit Poop","trackpad:AdjectivePendant","downfall:HeartBlessingGreen","downfall:HeartBlessingBlue","conspire:SpecialSausage","downfall:HeartBlessingRed","hubris:Towel","ReplayFunnel","aspiration:VileToxins","ReplayTheSpireMod:Lightbulb","trackpad:WondrousWand","Replay:Wanted Poster","trackpad:CultistFigurine","Bag of Preparation","conspire:InfiniteJournal","Pen Nib","trackpad:Mousetrap"],"acts_visited":["Exordium","TheCity","TheBeyond","TheEnding"],"potions_floor_usage":[56],"damage_taken":[{"damage":0.0,"enemies":"conspire:RoseBush","floor":2.0,"turns":4.0},{"damage":5.0,"enemies":"Cultist","floor":4.0,"turns":4.0},{"damage":0.0,"enemies":"Jaw Worm","floor":6.0,"turns":3.0},{"damage":23.0,"enemies":"3 Sentries","floor":8.0,"turns":13.0},{"damage":6.0,"enemies":"3 Louse","floor":9.0,"turns":3.0},{"damage":0.0,"enemies":"Large Slime","floor":11.0,"turns":3.0},{"damage":0.0,"enemies":"conspire:2 RoseBushes","floor":12.0,"turns":4.0},{"damage":0.0,"enemies":"Blue Slaver","floor":13.0,"turns":4.0},{"damage":0.0,"enemies":"downfall:FleeingMerchant","floor":14.0,"turns":4.0},{"damage":1.0,"enemies":"Exordium Wildlife","floor":15.0,"turns":2.0},{"damage":12.0,"enemies":"IC_STATUS_ARCHETYPE","floor":16.0,"turns":9.0},{"damage":4.0,"enemies":"conspire:MimicChest","floor":20.0,"turns":6.0},{"damage":10.0,"enemies":"downfall:LooterAlt2","floor":21.0,"turns":3.0},{"damage":0.0,"enemies":"downfall:FleeingMerchant","floor":23.0,"turns":4.0},{"damage":6.0,"enemies":"downfall:FleeingMerchant","floor":25.0,"turns":4.0},{"damage":10.0,"enemies":"conspire:FuzzyDice","floor":27.0,"turns":4.0},{"damage":0.0,"enemies":"downfall:FleeingMerchant","floor":28.0,"turns":3.0},{"damage":0.0,"enemies":"Shelled Parasite and Fungi","floor":29.0,"turns":4.0},{"damage":2.0,"enemies":"Centurion and Healer","floor":31.0,"turns":4.0},{"damage":0.0,"enemies":"3 Cultists","floor":32.0,"turns":3.0},{"damage":22.0,"enemies":"DF_ARCHETYPE_CLAW","floor":33.0,"turns":8.0},{"damage":0.0,"enemies":"Orb Walker","floor":36.0,"turns":3.0},{"damage":1.0,"enemies":"3 Darklings","floor":37.0,"turns":5.0},{"damage":2.0,"enemies":"Sphere and 2 Shapes","floor":38.0,"turns":5.0},{"damage":10.0,"enemies":"Transient","floor":42.0,"turns":5.0},{"damage":43.0,"enemies":"Reptomancer","floor":43.0,"turns":4.0},{"damage":2.0,"enemies":"2 Orb Walkers","floor":44.0,"turns":4.0},{"damage":0.0,"enemies":"3 Darklings","floor":45.0,"turns":4.0},{"damage":5.0,"enemies":"R_Hoarder","floor":47.0,"turns":7.0},{"damage":0.0,"enemies":"Sphere and 2 Shapes","floor":49.0,"turns":7.0},{"damage":4.0,"enemies":"WA_ARCHETYPE_DIVINITY","floor":50.0,"turns":11.0},{"damage":49.0,"enemies":"downfall:CharBossMerchant","floor":52.0,"turns":8.0},{"damage":65,"enemies":"downfall:NeowBoss","floor":55,"turns":25},{"damage":12,"enemies":"downfall:NeowBossFinal","floor":56,"turns":8}],"seed_played":"-3103343154427926669","potions_obtained":[{"floor":2.0,"key":"Languid Potion"},{"floor":4.0,"key":"hexamod:SoulburnPotion"},{"floor":8.0,"key":"SkillPotion"},{"floor":15.0,"key":"Fire Potion"},{"floor":33.0,"key":"Venom Potion"},{"floor":43.0,"key":"Languid Potion"}],"is_trial":false,"path_per_floor":["R_BF","M","?","M","?","M","T","E","M","R","M","M","M","$","M","B",null,"R","?","?","M","T","$","T","$","?","M","$","M","R","M","M","B",null,"R_BF","M","M","M","?","?","T","M","E","?","M","R","E","?","M","B",null,"E","$","R","B","B"],"character_chosen":"NECROMANCER","items_purchased":["trackpad:WondrousWand"],"campfire_rested":1,"item_purchase_floors":[28],"current_hp_per_floor":[68,68,68,65,65,67,67,62,67,77,78,78,78,78,78,77,78,78,78,78,78,78,78,78,72,72,70,72,76,76,78,78,71,78,78,78,77,78,78,78,78,70,44,52,54,54,66,66,72,74,78,35,35,58,5,0,0],"gold":560,"neow_bonus":"ONE_RARE_RELIC","is_daily":false,"chose_seed":false,"campfire_upgraded":3,"win_rate":0.0,"timestamp":1614028607,"path_taken":["R_BF","M","?","M","?","M","T","E","M","R","M","?","M","$","M","BOSS","R","?","?","M","?","$","T","?","?","?","$","M","R","?","M","BOSS","R_BF","M","?","M","?","?","T","M","E","?","M","R","E","?","M","BOSS","E","$","R","BOSS","BOSS"],"items_purchased_type":["Relic"],"build_version":"2020-12-22","purchased_purges":2,"victory":false,"max_hp_per_floor":[68,68,68,68,68,68,68,68,68,78,78,78,78,78,78,78,78,78,78,78,78,78,78,78,78,78,78,78,78,78,78,78,78,78,78,78,78,78,78,78,78,78,78,78,78,78,78,78,78,78,78,78,78,78,78,78,78],"relic_stats":{"counters":[34,192],"Pen Nib":[5],"Bag of Preparation":[16],"obtain_stats":[{"ReplayFunnel":20,"aspiration:VileToxins":22,"trackpad:Mousetrap":52,"downfall:HeartBlessingRed":18,"Spirit Poop":5,"downfall:HeartBlessingGreen":10,"conspire:SpecialSausage":17,"Pen Nib":47,"trackpad:WondrousWand":28,"Bag of Preparation":43,"hubris:Towel":19,"conspire:InfiniteJournal":44,"Replay:Wanted Poster":34,"StuffTheSpire:OccultApparatus":48,"downfall:HeartBlessingBlue":10,"aspiration:AnachronicSnailShell":0,"Vampire_Amulet":0,"trackpad:AdjectivePendant":8,"trackpad:CultistFigurine":41,"ReplayTheSpireMod:Lightbulb":24},{"ReplayFunnel":12,"aspiration:VileToxins":13,"trackpad:Mousetrap":32,"downfall:HeartBlessingRed":11,"Spirit Poop":2,"downfall:HeartBlessingGreen":5,"conspire:SpecialSausage":11,"Pen Nib":29,"trackpad:WondrousWand":17,"Bag of Preparation":26,"hubris:Towel":11,"conspire:InfiniteJournal":27,"Replay:Wanted Poster":21,"StuffTheSpire:OccultApparatus":29,"downfall:HeartBlessingBlue":5,"aspiration:AnachronicSnailShell":0,"Vampire_Amulet":0,"trackpad:AdjectivePendant":4,"trackpad:CultistFigurine":24,"ReplayTheSpireMod:Lightbulb":14},{"ReplayFunnel":59,"aspiration:VileToxins":62,"trackpad:Mousetrap":159,"downfall:HeartBlessingRed":53,"Spirit Poop":8,"downfall:HeartBlessingGreen":27,"conspire:SpecialSausage":53,"Pen Nib":133,"trackpad:WondrousWand":77,"Bag of Preparation":118,"hubris:Towel":53,"conspire:InfiniteJournal":122,"Replay:Wanted Poster":96,"StuffTheSpire:OccultApparatus":133,"downfall:HeartBlessingBlue":27,"aspiration:AnachronicSnailShell":0,"Vampire_Amulet":0,"trackpad:AdjectivePendant":24,"trackpad:CultistFigurine":109,"ReplayTheSpireMod:Lightbulb":66}]},"card_choices":[{"not_picked":["Bone_Prison","Bone_Armor"],"picked":"Pandemic","floor":2.0},{"not_picked":["Corrupt","Consume_Illness","Thousand_Bone_Knives"],"picked":"SKIP","floor":4.0},{"not_picked":["Negative_Energy_Mist","Blood_Curse"],"picked":"Life_Drain","floor":6.0},{"not_picked":["Death_March_Dance","Negative_Energy_Mist"],"picked":"Negative_Energy_Shield","floor":8.0},{"not_picked":["Life_Tap","Negative_Energy_Sphere"],"picked":"Acid_Javelin","floor":9.0},{"not_picked":["Scare","Reap_The_Weak","Death_Knell"],"picked":"SKIP","floor":11.0},{"not_picked":["Chill_Blood","Exploit"],"picked":"Spectral_Walk","floor":12.0},{"not_picked":["Negative_Energy_Sphere","Spectral_Armor"],"picked":"Siphon_Strength","floor":13.0},{"not_picked":["Finger_Of_Death","Blood_Shield"],"picked":"Bones_to_Steel","floor":14.0},{"not_picked":["Bone_Shift","Bone_Spikes"],"picked":"Negative_Energy_Sphere","floor":15.0},{"not_picked":["Hellfire","Skeleton_Dragon"],"picked":"Grasp_Heart","floor":16.0},{"not_picked":["Bones_to_Steel+1","Death_Knell"],"picked":"Toxic_Smoke_Screen+1","floor":20.0},{"not_picked":["Life_Tap","Blood_Curse","Negative_Energy_Mist"],"picked":"SKIP","floor":21.0},{"not_picked":["Bone_Shift","Vampiric_Strike","Bones_to_Steel"],"picked":"SKIP","floor":23.0},{"not_picked":["Life_Tap","Bone_Shift"],"picked":"Stop_Heart","floor":25.0},{"not_picked":["Negative_Energy_Javelin+1","Uncharnel"],"picked":"Toxic_Smoke_Screen","floor":27.0},{"not_picked":["Hellfire","Corrupt+1"],"picked":"Siphon_Strength","floor":28.0},{"not_picked":["Blood_Whip","Consume_Illness","Blood_for_Blood"],"picked":"SKIP","floor":29.0},{"not_picked":["Strike_from_Beyond+1","Bone_Bullets+1","Blood_Whip"],"picked":"SKIP","floor":31.0},{"not_picked":["Bones_to_Steel","Blood_Curse+1","Shackles_Of_Pain"],"picked":"SKIP","floor":32.0},{"not_picked":["Blood_Wake","Blood_Magic"],"picked":"Reap_The_Weak","floor":33.0},{"not_picked":["Death_Coil","Scare+1","Thousand_Bone_Knives+1"],"picked":"SKIP","floor":36.0},{"not_picked":["Blood_Whip+1","Negative_Energy_Mist"],"picked":"Uncharnel","floor":37.0},{"not_picked":["Death_March_Dance","Negative_Energy_Burst+1"],"picked":"Uncharnel","floor":38.0},{"not_picked":["Requiem","Chill_Blood+1"],"picked":"Summon_Undead+1","floor":42.0},{"not_picked":["Bone_Armor","Negative_Energy_Burst"],"picked":"Uncharnel","floor":43.0},{"not_picked":["Death_March_Dance+1","Stop_Heart"],"picked":"Spectral_Armor","floor":44.0},{"not_picked":["Blood_Whip","Finger_Of_Death+1","Life_Tap"],"picked":"SKIP","floor":45.0},{"not_picked":["Epidemic+1","Death_Coil+1"],"picked":"Bone_Prison","floor":47.0},{"not_picked":["Negative_Energy_Sphere","Shackles_Of_Pain+1"],"picked":"Bone_Armory+1","floor":49.0},{"not_picked":["Blood_Whip","Negative_Energy_Javelin","Bones_to_Steel+1"],"picked":"SKIP","floor":52.0}],"player_experience":695789,"relics_obtained":[{"floor":8.0,"key":"trackpad:AdjectivePendant"},{"floor":20.0,"key":"ReplayFunnel"},{"floor":22.0,"key":"aspiration:VileToxins"},{"floor":24.0,"key":"ReplayTheSpireMod:Lightbulb"},{"floor":41.0,"key":"trackpad:CultistFigurine"},{"floor":43.0,"key":"Bag of Preparation"},{"floor":44.0,"key":"conspire:InfiniteJournal"},{"floor":47.0,"key":"Pen Nib"},{"floor":52.0,"key":"trackpad:Mousetrap"}],"event_choices":[{"cards_removed":["downfall:Malfunctioning"],"damage_healed":0.0,"max_hp_gain":0.0,"max_hp_loss":0.0,"gold_gain":0.0,"event_name":"Bonfire Elementals","player_choice":"Offered Curse","floor":5.0,"gold_loss":0.0,"damage_taken":0.0,"relics_obtained":["Spirit Poop"]},{"damage_healed":0.0,"max_hp_gain":0.0,"max_hp_loss":0.0,"gold_gain":0.0,"event_name":"conspire:Investor","player_choice":"Leave","floor":39.0,"gold_loss":0.0,"damage_taken":0.0},{"damage_healed":0.0,"max_hp_gain":0.0,"max_hp_loss":0.0,"gold_gain":0.0,"event_name":"Mysterious Sphere","player_choice":"Fight","floor":44.0,"gold_loss":0.0,"damage_taken":0.0}],"is_beta":false,"boss_relics":[{"not_picked":["hubris:CrackedHourglass","StuffTheSpire:ModemDavis"],"picked":"conspire:SpecialSausage"},{"not_picked":["SacredBark","Kintsugi"],"picked":"Replay:Wanted Poster"}],"items_purged_floors":[23,28],"is_endless":false,"potions_floor_spawned":[2,4,8,9,12,15,16,21,27,31,32,33,38,43,44,47],"killed_by":"downfall:NeowBossFinal","ascension_level":0}}