{"host":"opdum64sdiqzxm7l","time":1614016990,"event":{"mods":["Act Like it!","Aspiration","BaseMod","CapriCore","Colored Powertips","Conspire","Energized Spire","Friendly Minions","Jedi Mod","KinomotoSakuraMod(木之本樱)","Minty Spire (QoL Compilation)","MostiFishMod","Pale of the Ancients","Reliquary","Replay The Spire","RumiaBox-露米娅的神秘盒子","Spicy Shops","StSLib","TestMod","The Jungle","UnlockEverythingMod","Waifu the Spire","[IsaacMod]以撒尖塔","[功能]功能增强和修复MOD","【功能Mod】混沌之环修复补丁","【功能Mod】聪明的最终Boss","【遗物卡牌】REMEMod"],"gold_per_floor":[116,179,179,15,15,55,55,78,78,120,120,159,227,227,227,352,352,365,83,158,158,180,180,180,180,261,27,42,42,91,26,26,153,153,173,173,207,230,-1170,-1170,-1170],"floor_reached":40,"language":"ZHS","playtime":2856,"items_purged":["ClowCardTheShield","ClowCardTheThunder","A Thousand Cuts+1"],"score":594,"play_id":"3cf90e8c-f047-40c2-af28-57b114a849a8","local_time":"20210223020310","is_ascension_mode":false,"campfire_choices":[{"data":"ClowCardTheMove","floor":7.0,"key":"SMITH"},{"data":"ClowCardTheDream","floor":11.0,"key":"SMITH"},{"data":"MostiFishMod:Unraveling","floor":15.0,"key":"SMITH"},{"floor":32.0,"key":"RECALL"}],"circlet_count":0,"master_deck":["SakuraCardTheDream+","BloodyBrimstone","ClowCardTheIllusion","ClowCardTheBubbles","ClowCardTheMaze","testmod-SelfRegulatingSystem","ClowCardTheMove+1","REME_FearOfPain","MostiFishMod:Unraveling+1","MostiFishMod:DarkDeal","ClowCardTheMirror","ClowCardTheChange","ClowCardTheSword","REME_FirmDetermination","ClowCardTheDark","ClowCardTheErase","conspire:Banana","MostiFishMod:ForestofLight","ClowCardTheWatery","ClowCardTheSand","ClowCardThePower","REME_ShortnessOfBreath","Consecrate+1","Replay:Hum+1","Leap","Crescendo"],"relics":["KSMOD_SealedBook","KSMOD_SealedWand","REME_ComplimentaryCards","DaveBox","testmod-TestBox","HushsDoor","GuppysTail","testmod-Mahjong","HaiYi:Twilight","Orichalcum","PrismaticShard","testmod-Charity","Golden Idol","Omamori","testmod-Fortitude","ReplayTheSpireMod:TigerMarble","KSMOD_TouyasBicycle","GodSword4","PrismaticShard","energizedSpire:DeadBattery","SteamSale","SumBook","Matryoshka","SynthV","Du-Vu Doll","BelialBook","aspiration:HummingbirdHeart","Shovel","Bottled Flame","Frozen Egg 2","DianPoetry","Lee\u0027s Waffle","Question Card","REME_PuzzleBoxRelic","DianDianMeat","Snecko Eye","Happy Flower","SynthV:MejaisSoulstealer"],"acts_visited":["Exordium","Exordium","TheBeyond"],"potions_floor_usage":[],"damage_taken":[{"damage":0.0,"enemies":"Cultist","floor":1.0,"turns":3.0},{"damage":4.0,"enemies":"3 Sentries","floor":6.0,"turns":10.0},{"damage":0.0,"enemies":"Jaw Worm","floor":8.0,"turns":4.0},{"damage":16.0,"enemies":"Lagavulin","floor":10.0,"turns":5.0},{"damage":0.0,"enemies":"Gremlin Nob","floor":12.0,"turns":3.0},{"damage":10.0,"enemies":"The Guardian","floor":16.0,"turns":4.0},{"damage":0.0,"enemies":"Shell Parasite","floor":18.0,"turns":2.0},{"damage":0.0,"enemies":"theJungle:5_Spyders","floor":22.0,"turns":3.0},{"damage":0.0,"enemies":"theJungle:JungleHuntersEncounter","floor":28.0,"turns":3.0},{"damage":0.0,"enemies":"theJungle:FunGuy","floor":33.0,"turns":4.0},{"damage":0.0,"enemies":"3 Darklings","floor":35.0,"turns":2.0},{"damage":5.0,"enemies":"conspire:MimicChest","floor":37.0,"turns":3.0},{"damage":3.0,"enemies":"3 Shapes","floor":38.0,"turns":1.0},{"damage":0,"enemies":"R_Hoarder","floor":40,"turns":2}],"seed_played":"8384402721222311395","potions_obtained":[{"floor":1.0,"key":"Dexterity Potion"},{"floor":2.0,"key":"Ancient Potion"},{"floor":6.0,"key":"Fire Potion"},{"floor":10.0,"key":"jedi:mysterypotion"},{"floor":12.0,"key":"jedi:holywater"},{"floor":16.0,"key":"Swift Potion"},{"floor":18.0,"key":"Block Potion"},{"floor":28.0,"key":"jedi:hoardpotion"},{"floor":33.0,"key":"jedi:hoardpotion"},{"floor":35.0,"key":"Adrenaline Potion"},{"floor":38.0,"key":"BlessingOfTheForge"}],"is_trial":false,"path_per_floor":["M","?","?","$","?","E","R","M","T","E","R","E","T","?","R","B",null,"M","$","T","?","M","?","?","?","T","$","M","T","?","$","R","B",null,"M","?","?","M","$","E"],"character_chosen":"KINOMOTOSAKURA","items_purchased":["PrismaticShard","testmod-Charity","testmod-SelfRegulatingSystem","ClowCardTheMove","SteamSale","SumBook","Matryoshka","SynthV","ClowCardTheMirror","Du-Vu Doll","Frozen Egg 2","DianPoetry","Lee\u0027s Waffle","Question Card","REME_PuzzleBoxRelic","ClowCardTheErase","MostiFishMod:ForestofLight","ClowCardTheWatery","ClowCardTheSand","ClowCardThePower","SynthV:MejaisSoulstealer"],"campfire_rested":0,"item_purchase_floors":[4,4,4,4,19,19,19,19,19,19,27,27,27,27,27,27,31,31,31,31,39],"current_hp_per_floor":[49,49,49,49,32,29,29,30,30,15,15,16,17,17,17,8,73,74,74,75,65,66,76,76,22,23,84,85,85,74,84,84,85,89,87,87,108,115,115,115,115],"gold":-1170,"neow_bonus":"REMOVE_TWO","is_daily":false,"chose_seed":false,"campfire_upgraded":3,"win_rate":0.0,"timestamp":1614016990,"path_taken":["M","?","?","$","?","E","R","?","T","E","R","E","?","?","R","BOSS","M","$","?","?","?","?","?","?","T","?","?","?","?","$","R","BOSS","M","?","?","?","$","E"],"items_purchased_type":["Relic","Relic","Card","Card","Relic","Relic","Relic","Relic","Card","Relic","Relic","Relic","Relic","Relic","Relic","Card","Card","Card","Card","Card","Relic"],"build_version":"2020-12-22","purchased_purges":3,"victory":false,"max_hp_per_floor":[70,70,70,70,70,71,71,72,72,73,73,74,75,75,75,73,73,74,74,75,75,76,76,76,76,77,84,85,85,86,96,96,94,89,87,87,113,120,120,117,117],"card_choices":[{"not_picked":[],"picked":"BloodyBrimstone","floor":0.0},{"not_picked":["ClowCardTheThunder","ClowCardTheRain"],"picked":"ClowCardTheIllusion","floor":1.0},{"not_picked":["ClowCardTheWatery","ClowCardTheSnow"],"picked":"ClowCardTheBubbles","floor":2.0},{"not_picked":["ClowCardTheWood","ClowCardTheSilent"],"picked":"ClowCardTheMaze","floor":2.0},{"not_picked":["jedi:locknload","Ball Lightning"],"picked":"REME_FearOfPain","floor":6.0},{"not_picked":["FlyingSleeves","Swivel"],"picked":"ClowCardTheDream","floor":8.0},{"not_picked":["All Out Attack","conspire:PoisonWeapons","Replay:Sssssssssstrike"],"picked":"SKIP","floor":10.0},{"not_picked":["MostiFishMod:ReprogramOld","BowlingBash"],"picked":"MostiFishMod:Unraveling","floor":12.0},{"not_picked":["MostiFishMod:HellRitual","MostiFishMod:NewArrival"],"picked":"MostiFishMod:DarkDeal","floor":16.0},{"not_picked":["Conserve Battery","jedi:blockon+1","PanicButton"],"picked":"SKIP","floor":18.0},{"not_picked":["Study","Metallicize+1"],"picked":"ClowCardTheChange","floor":22.0},{"not_picked":["ClowCardTheWood","Battle Trance","Pommel Strike"],"picked":"conspire:Banana","floor":28.0},{"not_picked":["Sword Boomerang","ClearTheMind+1","Clothesline+1","Go for the Eyes"],"picked":"SKIP","floor":35.0},{"not_picked":["testmod-RabbitOfFibonacci","Underhanded Strike+1","ClowCardTheLock+1"],"picked":"Crescendo","floor":38.0}],"player_experience":200,"relics_obtained":[{"floor":2.0,"key":"Orichalcum"},{"floor":6.0,"key":"Omamori"},{"floor":9.0,"key":"testmod-Fortitude"},{"floor":10.0,"key":"ReplayTheSpireMod:TigerMarble"},{"floor":12.0,"key":"KSMOD_TouyasBicycle"},{"floor":13.0,"key":"GodSword4"},{"floor":20.0,"key":"BelialBook"},{"floor":20.0,"key":"aspiration:HummingbirdHeart"},{"floor":26.0,"key":"Bottled Flame"},{"floor":29.0,"key":"DianDianMeat"},{"floor":37.0,"key":"Happy Flower"}],"event_choices":[{"damage_healed":0.0,"max_hp_gain":0.0,"max_hp_loss":0.0,"gold_gain":0.0,"event_name":"Golden Idol","player_choice":"Take Damage","floor":5.0,"gold_loss":0.0,"damage_taken":17.0,"relics_obtained":["Golden Idol"]},{"damage_healed":0.0,"max_hp_gain":0.0,"max_hp_loss":0.0,"gold_gain":0.0,"event_name":"Match and Keep!","player_choice":"3 cards matched","floor":24.0,"gold_loss":0.0,"damage_taken":0.0,"cards_obtained":["ClowCardTheSword","REME_FirmDetermination","ClowCardTheDark"]}],"is_beta":false,"boss_relics":[{"not_picked":["testmod-IncinerationGenerator","REME_DemonsWealth"],"picked":"energizedSpire:DeadBattery"},{"not_picked":[]},{"not_picked":["Replay:Drink Me","JellyFishMachine"],"picked":"Snecko Eye"},{"not_picked":[]}],"items_purged_floors":[4,19,34],"is_endless":false,"potions_floor_spawned":[1,6,6,10,10,12,16,18,22,28,33,35,38],"killed_by":"R_Hoarder","ascension_level":0}}