{"host":"pu1pmxeu7vyxsds8","time":1614035127,"event":{"mods":["Act Like it!","BaseMod","Block Reminder","Minty Spire (QoL Compilation)","Permanent Neow","Quick Restart","Relic Stats"],"gold_per_floor":[114,114,126,52,67,93,93,126,126,151,171,202,202,225,225,329,329,340,340,353,366,383,415,28,60,60,71,96,108,124,152,152,251,251,265,265,320,338,338,366,366,392,392,409,286,17,67,85,85,85],"floor_reached":51,"language":"SPA","playtime":3593,"items_purged":["Strike_G","Strike_G+1","Strike_G+1"],"score":1157,"play_id":"9edd80dc-0900-41ab-ad6c-0557aac29680","local_time":"20210222200527","is_ascension_mode":true,"campfire_choices":[{"data":"Infinite Blades","floor":7.0,"key":"SMITH"},{"data":"Phantasmal Killer","floor":13.0,"key":"SMITH"},{"floor":15.0,"key":"REST"},{"data":"After Image","floor":32.0,"key":"SMITH"},{"data":"Finisher","floor":41.0,"key":"SMITH"},{"data":"Footwork","floor":49.0,"key":"SMITH"}],"circlet_count":0,"master_deck":["Strike_G","Strike_G","Defend_G","Defend_G","Defend_G","Defend_G+1","Defend_G","Survivor","Neutralize+1","PiercingWail+1","Backstab","Phantasmal Killer+1","Infinite Blades+1","Blade Dance","Finisher+1","Malaise","Blade Dance","Finisher","Blade Dance","After Image+1","Footwork+1","Blade Dance","Calculated Gamble","Acrobatics","Caltrops+1","Footwork","Well Laid Plans+1","Blade Dance+1","Cloak And Dagger+1","Slice","Cloak And Dagger+1","Acrobatics","Dodge and Roll","Phantasmal Killer","Blade Dance","Prepared+1"],"relics":["Ring of the Snake","Pen Nib","Juzu Bracelet","Pear","Dream Catcher","Bag of Marbles","Ice Cream","Odd Mushroom","Philosopher\u0027s Stone","Whetstone","Membership Card","Kunai","Strawberry","Vajra","Pantograph","Smiling Mask","Bottled Lightning","Coffee Dripper","Gambling Chip","War Paint","Centennial Puzzle","Ornamental Fan","Ninja Scroll","Happy Flower","Blood Vial","PreservedInsect","HandDrill","Du-Vu Doll"],"acts_visited":["Exordium","TheCity","TheBeyond"],"potions_floor_usage":[50],"damage_taken":[{"damage":0.0,"enemies":"Jaw Worm","floor":1.0,"turns":6.0},{"damage":0.0,"enemies":"Cultist","floor":3.0,"turns":4.0},{"damage":0.0,"enemies":"2 Louse","floor":5.0,"turns":2.0},{"damage":1.0,"enemies":"Gremlin Nob","floor":6.0,"turns":4.0},{"damage":32.0,"enemies":"Lagavulin","floor":8.0,"turns":7.0},{"damage":0.0,"enemies":"Gremlin Nob","floor":10.0,"turns":2.0},{"damage":0.0,"enemies":"Blue Slaver","floor":11.0,"turns":1.0},{"damage":10.0,"enemies":"3 Sentries","floor":12.0,"turns":4.0},{"damage":9.0,"enemies":"The Mushroom Lair","floor":14.0,"turns":3.0},{"damage":38.0,"enemies":"The Guardian","floor":16.0,"turns":4.0},{"damage":4.0,"enemies":"2 Thieves","floor":18.0,"turns":2.0},{"damage":0.0,"enemies":"Shell Parasite","floor":20.0,"turns":1.0},{"damage":0.0,"enemies":"Snecko","floor":21.0,"turns":2.0},{"damage":0.0,"enemies":"3 Cultists","floor":22.0,"turns":2.0},{"damage":8.0,"enemies":"Slavers","floor":23.0,"turns":5.0},{"damage":0.0,"enemies":"Gremlin Leader","floor":25.0,"turns":4.0},{"damage":1.0,"enemies":"Cultist and Chosen","floor":27.0,"turns":4.0},{"damage":0.0,"enemies":"Book of Stabbing","floor":28.0,"turns":1.0},{"damage":10.0,"enemies":"Centurion and Healer","floor":29.0,"turns":4.0},{"damage":0.0,"enemies":"Snecko","floor":30.0,"turns":2.0},{"damage":8.0,"enemies":"Slavers","floor":31.0,"turns":2.0},{"damage":1.0,"enemies":"Champ","floor":33.0,"turns":5.0},{"damage":0.0,"enemies":"3 Darklings","floor":35.0,"turns":3.0},{"damage":1.0,"enemies":"2 Orb Walkers","floor":37.0,"turns":3.0},{"damage":0.0,"enemies":"3 Shapes","floor":38.0,"turns":4.0},{"damage":8.0,"enemies":"Nemesis","floor":40.0,"turns":5.0},{"damage":2.0,"enemies":"Reptomancer","floor":42.0,"turns":7.0},{"damage":0.0,"enemies":"3 Darklings","floor":44.0,"turns":4.0},{"damage":0.0,"enemies":"Mind Bloom Boss Battle","floor":47.0,"turns":3.0},{"damage":0.0,"enemies":"Transient","floor":48.0,"turns":5.0},{"damage":0,"enemies":"Donu and Deca","floor":50,"turns":7}],"seed_played":"-6433006399700790065","potions_obtained":[{"floor":5.0,"key":"PowerPotion"},{"floor":6.0,"key":"EssenceOfSteel"},{"floor":12.0,"key":"Strength Potion"},{"floor":14.0,"key":"FearPotion"},{"floor":16.0,"key":"BlessingOfTheForge"},{"floor":25.0,"key":"Weak Potion"},{"floor":27.0,"key":"SteroidPotion"},{"floor":29.0,"key":"BlessingOfTheForge"},{"floor":33.0,"key":"SkillPotion"},{"floor":37.0,"key":"Energy Potion"}],"is_trial":false,"path_per_floor":["M","?","M","$","M","E","R","E","T","E","M","E","R","?","R","B",null,"M","?","M","M","M","E","$","E","T","M","E","M","M","E","R","B",null,"M","?","?","M","T","E","R","E","T","M","$","$","?","M","R","B",null],"character_chosen":"THE_SILENT","items_purchased":["Phantasmal Killer","Membership Card","Kunai","Strawberry","Happy Flower","Blood Vial","PreservedInsect","HandDrill"],"campfire_rested":1,"item_purchase_floors":[4,24,24,24,45,46,46,46],"current_hp_per_floor":[70,70,70,70,70,69,69,47,47,47,47,37,37,28,52,14,80,76,61,61,61,61,53,60,60,60,59,59,49,49,41,41,65,92,92,92,91,91,91,83,83,81,81,81,81,81,92,92,92,92],"gold":85,"neow_bonus":"RANDOM_COMMON_RELIC","is_daily":false,"chose_seed":false,"campfire_upgraded":5,"win_rate":0.0,"timestamp":1614035127,"path_taken":["M","?","M","?","M","E","R","E","T","E","M","E","R","?","R","BOSS","M","?","M","M","M","E","$","E","T","M","E","M","M","E","R","BOSS","M","?","?","M","?","E","R","E","T","M","?","$","?","M","R","BOSS"],"items_purchased_type":["Card","Relic","Relic","Relic","Relic","Relic","Relic","Relic"],"build_version":"2020-12-22","purchased_purges":3,"victory":true,"max_hp_per_floor":[70,70,70,70,70,70,70,80,80,80,80,80,80,80,80,80,80,80,85,85,85,85,85,92,92,92,92,92,92,92,92,92,92,92,92,92,92,92,92,92,92,92,92,92,92,92,92,92,92,92],"relic_stats":{"Happy Flower":[5],"counters":[31,112],"Pen Nib":[51],"PreservedInsect":0,"Juzu Bracelet":1,"Whetstone":["Strike_G","Strike_G"],"War Paint":["Defend_G","PiercingWail"],"Smiling Mask":13,"Blood Vial":2,"Dream Catcher":1,"Centennial Puzzle":[3],"Ornamental Fan":[152],"Pantograph":34,"Gambling Chip":[11],"HandDrill":[6],"Kunai":[95],"obtain_stats":[{"Ice Cream":12,"Vajra":25,"Juzu Bracelet":6,"Whetstone":23,"Smiling Mask":28,"Blood Vial":46,"Dream Catcher":9,"Centennial Puzzle":40,"Ninja Scroll":43,"Strawberry":24,"Pantograph":26,"Gambling Chip":37,"Philosopher\u0027s Stone":17,"HandDrill":46,"Kunai":24,"Ring of the Snake":0,"Pear":8,"Happy Flower":45,"Pen Nib":0,"PreservedInsect":46,"Odd Mushroom":14,"War Paint":39,"Du-Vu Doll":47,"Ornamental Fan":42,"Bag of Marbles":10,"Coffee Dripper":34,"Membership Card":24,"Bottled Lightning":31},{"Ice Cream":8,"Vajra":16,"Juzu Bracelet":4,"Whetstone":15,"Smiling Mask":18,"Blood Vial":28,"Dream Catcher":5,"Centennial Puzzle":26,"Ninja Scroll":27,"Strawberry":15,"Pantograph":16,"Gambling Chip":24,"Philosopher\u0027s Stone":10,"HandDrill":28,"Kunai":15,"Ring of the Snake":0,"Pear":5,"Happy Flower":28,"Pen Nib":0,"PreservedInsect":28,"Odd Mushroom":9,"War Paint":25,"Du-Vu Doll":29,"Ornamental Fan":27,"Bag of Marbles":6,"Coffee Dripper":22,"Membership Card":15,"Bottled Lightning":21},{"Ice Cream":30,"Vajra":53,"Juzu Bracelet":16,"Whetstone":49,"Smiling Mask":58,"Blood Vial":97,"Dream Catcher":23,"Centennial Puzzle":86,"Ninja Scroll":93,"Strawberry":49,"Pantograph":53,"Gambling Chip":77,"Philosopher\u0027s Stone":37,"HandDrill":97,"Kunai":49,"Ring of the Snake":0,"Pear":23,"Happy Flower":97,"Pen Nib":0,"PreservedInsect":97,"Odd Mushroom":33,"War Paint":81,"Du-Vu Doll":100,"Ornamental Fan":93,"Bag of Marbles":25,"Coffee Dripper":71,"Membership Card":49,"Bottled Lightning":66}],"Ring of the Snake":[62]},"card_choices":[{"not_picked":["Sucker Punch","Dodge and Roll"],"picked":"PiercingWail","floor":1.0},{"not_picked":["Slice","Deadly Poison"],"picked":"Backstab","floor":3.0},{"not_picked":["Prepared","Underhanded Strike"],"picked":"Infinite Blades","floor":5.0},{"not_picked":["Bouncing Flask","Dagger Throw"],"picked":"Blade Dance","floor":6.0},{"not_picked":["Dodge and Roll","Catalyst"],"picked":"Finisher","floor":8.0},{"not_picked":["Dagger Spray","All Out Attack"],"picked":"Malaise","floor":10.0},{"not_picked":["Sucker Punch","Prepared"],"picked":"Blade Dance","floor":11.0},{"not_picked":["Flying Knee","Wraith Form v2","Bullet Time"],"picked":"SKIP","floor":12.0},{"not_picked":["Outmaneuver","Slice"],"picked":"Finisher","floor":14.0},{"not_picked":["Prepared","Outmaneuver"],"picked":"Blade Dance","floor":15.0},{"not_picked":["Venomology","Night Terror"],"picked":"After Image","floor":16.0},{"not_picked":["Bane","Prepared"],"picked":"Footwork","floor":18.0},{"not_picked":["Acrobatics","Deadly Poison+1"],"picked":"Blade Dance","floor":20.0},{"not_picked":["Dash","Finisher"],"picked":"Calculated Gamble","floor":21.0},{"not_picked":["Heel Hook","Dash"],"picked":"Acrobatics","floor":22.0},{"not_picked":["Tactician","Deadly Poison+1"],"picked":"Caltrops+1","floor":23.0},{"not_picked":["Dagger Throw+1","Predator+1"],"picked":"Footwork","floor":25.0},{"not_picked":["Noxious Fumes","After Image"],"picked":"Well Laid Plans+1","floor":27.0},{"not_picked":["Quick Slash","Choke"],"picked":"Blade Dance+1","floor":28.0},{"not_picked":["Flying Knee","Catalyst","Slice"],"picked":"SKIP","floor":29.0},{"not_picked":["Deadly Poison","Underhanded Strike"],"picked":"Cloak And Dagger+1","floor":30.0},{"not_picked":["Outmaneuver","Poisoned Stab"],"picked":"Slice","floor":31.0},{"not_picked":["Sucker Punch","Deflect+1","Quick Slash"],"picked":"SKIP","floor":35.0},{"not_picked":["Expertise+1","Slice"],"picked":"Cloak And Dagger+1","floor":37.0},{"not_picked":["Deflect","Calculated Gamble"],"picked":"Acrobatics","floor":38.0},{"not_picked":["Expertise","Deflect+1"],"picked":"Dodge and Roll","floor":40.0},{"not_picked":["Well Laid Plans","Bane"],"picked":"Phantasmal Killer","floor":42.0},{"not_picked":["Choke","Deflect+1"],"picked":"Blade Dance","floor":44.0},{"not_picked":["Deadly Poison+1","Dodge and Roll"],"picked":"Prepared+1","floor":48.0}],"player_experience":48912,"relics_obtained":[{"floor":6.0,"key":"Juzu Bracelet"},{"floor":8.0,"key":"Pear"},{"floor":9.0,"key":"Dream Catcher"},{"floor":10.0,"key":"Bag of Marbles"},{"floor":12.0,"key":"Ice Cream"},{"floor":14.0,"key":"Odd Mushroom"},{"floor":23.0,"key":"Whetstone"},{"floor":25.0,"key":"Vajra"},{"floor":26.0,"key":"Pantograph"},{"floor":28.0,"key":"Smiling Mask"},{"floor":31.0,"key":"Bottled Lightning"},{"floor":37.0,"key":"Gambling Chip"},{"floor":39.0,"key":"War Paint"},{"floor":40.0,"key":"Centennial Puzzle"},{"floor":42.0,"key":"Ornamental Fan"},{"floor":43.0,"key":"Ninja Scroll"},{"floor":47.0,"key":"Du-Vu Doll"}],"event_choices":[{"damage_healed":0.0,"max_hp_gain":0.0,"max_hp_loss":0.0,"gold_gain":0.0,"event_name":"Accursed Blacksmith","player_choice":"Forge","floor":2.0,"gold_loss":0.0,"damage_taken":0.0,"cards_upgraded":["Neutralize"]},{"damage_healed":0.0,"max_hp_gain":0.0,"max_hp_loss":0.0,"gold_gain":0.0,"event_name":"Mushrooms","player_choice":"Fought Mushrooms","floor":14.0,"gold_loss":0.0,"damage_taken":0.0},{"damage_healed":0.0,"max_hp_gain":5.0,"max_hp_loss":0.0,"gold_gain":0.0,"event_name":"Forgotten Altar","player_choice":"Shed Blood","floor":19.0,"gold_loss":0.0,"damage_taken":20.0},{"damage_healed":0.0,"max_hp_gain":0.0,"max_hp_loss":0.0,"gold_gain":0.0,"event_name":"Tomb of Lord Red Mask","player_choice":"Ignored","floor":36.0,"gold_loss":0.0,"damage_taken":0.0},{"damage_healed":0.0,"max_hp_gain":0.0,"max_hp_loss":0.0,"gold_gain":0.0,"event_name":"Mysterious Sphere","player_choice":"Fight","floor":37.0,"gold_loss":0.0,"damage_taken":0.0},{"damage_healed":0.0,"max_hp_gain":0.0,"max_hp_loss":0.0,"gold_gain":0.0,"event_name":"MindBloom","player_choice":"Fight","floor":47.0,"gold_loss":0.0,"damage_taken":0.0}],"is_beta":false,"boss_relics":[{"not_picked":["SacredBark","Velvet Choker"],"picked":"Philosopher\u0027s Stone"},{"not_picked":["HoveringKite","SlaversCollar"],"picked":"Coffee Dripper"}],"items_purged_floors":[24,45,46],"is_endless":false,"potions_floor_spawned":[5,6,12,14,16,18,20,25,27,29,33,37,42,44,47],"ascension_level":2}}