{"host":"kda2p2afd6bvz6qo","time":1614019878,"event":{"mods":["BaseMod","Colored Map","Minty Spire (QoL Compilation)","Relic Stats"],"gold_per_floor":[109,109,184,20,20,63,63,98,98,98,142,142,201,55,55,181,181,205,218,241,241,257,332,370,370,370,385,423,462,462,483,483,483,483],"floor_reached":33,"language":"ENG","playtime":1899,"items_purged":["Regret"],"score":524,"play_id":"8876f465-09c1-45c4-b061-809724498b6d","local_time":"20210222185118","is_ascension_mode":true,"campfire_choices":[{"data":"Bash","floor":7,"key":"SMITH"},{"data":"True Grit","floor":10,"key":"SMITH"},{"data":"Shrug It Off","floor":15,"key":"SMITH"},{"data":"Dual Wield","floor":25,"key":"SMITH"},{"floor":30,"key":"REST"},{"data":"Shrug It Off","floor":32,"key":"SMITH"}],"circlet_count":0,"master_deck":["AscendersBane","Strike_R","Strike_R","Strike_R","Strike_R","Strike_R","Defend_R","Defend_R","Defend_R","Defend_R","Bash+1","Clothesline","Inflame+1","True Grit+1","Shrug It Off+1","Wild Strike","Phantasmal Killer","Dual Wield+1","Shrug It Off+1","Hologram+1"],"relics":["SlaversCollar","Bronze Scales","Golden Idol","Tiny Chest","Red Skull","Oddly Smooth Stone","PrismaticShard","Snecko Eye","Bottled Flame","Juzu Bracelet","Bottled Tornado","Incense Burner","Red Mask"],"acts_visited":["Exordium","TheCity"],"potions_floor_usage":[6,19,20,27,28,31],"damage_taken":[{"damage":7,"enemies":"Small Slimes","floor":1,"turns":4},{"damage":20,"enemies":"3 Sentries","floor":6,"turns":9},{"damage":11,"enemies":"Gremlin Nob","floor":8,"turns":4},{"damage":16,"enemies":"3 Sentries","floor":11,"turns":5},{"damage":0,"enemies":"Hexaghost","floor":16,"turns":7},{"damage":9,"enemies":"Spheric Guardian","floor":18,"turns":5},{"damage":13,"enemies":"3 Byrds","floor":19,"turns":4},{"damage":12,"enemies":"3 Cultists","floor":20,"turns":4},{"damage":16,"enemies":"Cultist and Chosen","floor":22,"turns":6},{"damage":21,"enemies":"Book of Stabbing","floor":24,"turns":6},{"damage":0,"enemies":"Sentry and Sphere","floor":27,"turns":4},{"damage":24,"enemies":"Slavers","floor":28,"turns":4},{"damage":0,"enemies":"Masked Bandits","floor":29,"turns":3},{"damage":8,"enemies":"3 Cultists","floor":31,"turns":6},{"damage":52,"enemies":"Automaton","floor":33,"turns":6}],"seed_played":"-3878882119601995828","potions_obtained":[{"floor":1,"key":"Block Potion"},{"floor":8,"key":"CultistPotion"},{"floor":16,"key":"DistilledChaos"},{"floor":19,"key":"Fire Potion"},{"floor":20,"key":"Dexterity Potion"},{"floor":22,"key":"Fire Potion"},{"floor":28,"key":"Block Potion"}],"is_trial":false,"path_per_floor":["M","?","?","$","?","E","R","E","T","R","E","?","?","$","R","B",null,"M","M","M","?","M","T","E","R","T","M","E","?","R","M","R","B"],"character_chosen":"IRONCLAD","items_purchased":["Inflame","True Grit","PrismaticShard"],"campfire_rested":1,"item_purchase_floors":[4,4,14],"current_hp_per_floor":[65,65,54,54,54,34,34,23,23,23,7,7,7,7,7,7,57,48,35,23,74,58,58,37,37,37,37,13,13,35,27,27,0,0],"gold":483,"neow_bonus":"BOSS_RELIC","is_daily":false,"chose_seed":false,"campfire_upgraded":5,"win_rate":0.0,"timestamp":1614019878,"path_taken":["M","?","?","$","?","E","R","E","T","R","E","?","?","$","R","BOSS","M","M","M","?","M","?","E","R","T","M","E","?","R","M","R","BOSS"],"items_purchased_type":["Card","Card","Relic"],"build_version":"2020-12-22","purchased_purges":1,"victory":false,"max_hp_per_floor":[80,80,80,80,74,74,74,74,74,74,74,74,74,74,74,74,74,74,74,74,74,74,74,74,74,74,74,74,74,74,74,74,74,74],"relic_stats":{"counters":[15,77],"Golden Idol":97,"Bronze Scales":[247],"Snecko Eye":[72,91,78,85],"Tiny Chest":1,"Juzu Bracelet":1,"obtain_stats":[{"Golden Idol":5,"Oddly Smooth Stone":11,"Juzu Bracelet":24,"Incense Burner":28,"Bottled Tornado":26,"PrismaticShard":14,"Burning Blood":0,"SlaversCollar":0,"Bottled Flame":23,"Bronze Scales":2,"Snecko Eye":17,"Tiny Chest":6,"Red Mask":29,"Red Skull":8},{"Golden Idol":1,"Oddly Smooth Stone":4,"Juzu Bracelet":10,"Incense Burner":12,"Bottled Tornado":10,"PrismaticShard":4,"Burning Blood":0,"SlaversCollar":0,"Bottled Flame":9,"Bronze Scales":1,"Snecko Eye":5,"Tiny Chest":2,"Red Mask":13,"Red Skull":3},{"Golden Idol":4,"Oddly Smooth Stone":22,"Juzu Bracelet":54,"Incense Burner":62,"Bottled Tornado":54,"PrismaticShard":22,"Burning Blood":0,"SlaversCollar":0,"Bottled Flame":48,"Bronze Scales":4,"Snecko Eye":29,"Tiny Chest":13,"Red Mask":65,"Red Skull":17}]},"card_choices":[{"not_picked":["Sentinel","Evolve"],"picked":"Clothesline","floor":1},{"not_picked":["Fire Breathing","Thunderclap"],"picked":"Shrug It Off","floor":6},{"not_picked":["Warcry","Body Slam"],"picked":"Wild Strike","floor":8},{"not_picked":["Power Through","Perfected Strike"],"picked":"Battle Trance","floor":11},{"not_picked":["Rainbow","DeusExMachina"],"picked":"Phantasmal Killer","floor":16},{"not_picked":["Study","Slice+1","All Out Attack"],"picked":"SKIP","floor":18},{"not_picked":["Underhanded Strike+1","Dropkick"],"picked":"Dual Wield","floor":19},{"not_picked":["Hologram","Dodge and Roll","Turbo+1"],"picked":"SKIP","floor":20},{"not_picked":["Body Slam","ThirdEye+1","Skewer"],"picked":"SKIP","floor":22},{"not_picked":["Prepared","Clash"],"picked":"Shrug It Off","floor":24},{"not_picked":["SashWhip","Steam","Armaments"],"picked":"SKIP","floor":27},{"not_picked":["Storm of Steel","Searing Blow","Ball Lightning"],"picked":"SKIP","floor":28},{"not_picked":["Crescendo","Carnage"],"picked":"Hologram+1","floor":31}],"player_experience":293131,"relics_obtained":[{"floor":6,"key":"Tiny Chest"},{"floor":8,"key":"Red Skull"},{"floor":11,"key":"Oddly Smooth Stone"},{"floor":23,"key":"Bottled Flame"},{"floor":24,"key":"Juzu Bracelet"},{"floor":26,"key":"Bottled Tornado"},{"floor":28,"key":"Incense Burner"},{"floor":29,"key":"Red Mask"}],"event_choices":[{"damage_healed":0,"gold_gain":0,"player_choice":"Box","damage_taken":0,"relics_obtained":["Bronze Scales"],"max_hp_gain":0,"max_hp_loss":0,"event_name":"Big Fish","floor":2,"gold_loss":0,"cards_obtained":["Regret"]},{"damage_healed":0,"gold_gain":75,"player_choice":"Gather Gold","damage_taken":11,"max_hp_gain":0,"max_hp_loss":0,"event_name":"World of Goop","floor":3,"gold_loss":0},{"damage_healed":0,"gold_gain":0,"player_choice":"Lose Max HP","damage_taken":0,"relics_obtained":["Golden Idol"],"max_hp_gain":0,"max_hp_loss":6,"event_name":"Golden Idol","floor":5,"gold_loss":0},{"damage_healed":0,"gold_gain":0,"player_choice":"Grow","damage_taken":0,"max_hp_gain":0,"max_hp_loss":0,"event_name":"Living Wall","floor":12,"gold_loss":0,"cards_upgraded":["Inflame"]},{"damage_healed":0,"gold_gain":59,"player_choice":"Gained Gold","damage_taken":0,"max_hp_gain":0,"max_hp_loss":0,"event_name":"Golden Wing","floor":13,"gold_loss":0},{"cards_removed":["Battle Trance"],"damage_healed":51,"gold_gain":0,"player_choice":"Offered Uncommon","damage_taken":0,"max_hp_gain":0,"max_hp_loss":0,"event_name":"Bonfire Elementals","floor":21,"gold_loss":0},{"damage_healed":0,"gold_gain":0,"player_choice":"Fought Bandits","damage_taken":0,"max_hp_gain":0,"max_hp_loss":0,"event_name":"Masked Bandits","floor":29,"gold_loss":0}],"is_beta":false,"boss_relics":[{"not_picked":["Empty Cage","Fusion Hammer"],"picked":"Snecko Eye"}],"items_purged_floors":[4],"is_endless":false,"potions_floor_spawned":[1,8,16,19,20,22,28],"killed_by":"Automaton","ascension_level":10}}