{"host":"43wsnxh97mgjl5zw","time":1614013863,"event":{"mods":["Aspiration","BaseMod","Colored Map","Colored Powertips","Conspire","Downfall","Halation","Hubris","Minty Spire (QoL Compilation)","Quick Restart","Rare Cards Sparkle","Relic Sorter","Reliquary","Replay The Spire","StSLib"],"gold_per_floor":[115,65,80,80,130,162,178,178,203,203,239,239,290,365,365,464,464,476,476,304,304,335,366,380,430,457,498,498,536,122,156,156,156,156],"floor_reached":33,"language":"ENG","playtime":1585,"items_purged":["downfall:Bewildered"],"score":656,"play_id":"e76fba75-d5c4-4cf1-b488-6bbf581db1aa","local_time":"20210222191103","is_ascension_mode":true,"campfire_choices":[{"data":"conspire:SpireCoStock","floor":10.0,"key":"SMITH"},{"data":"ReplayTheSpireMod:LeadingStrike","floor":12.0,"key":"SMITH"},{"data":"Bash","floor":15.0,"key":"SMITH"},{"data":"Armaments","floor":32.0,"key":"SMITH"}],"circlet_count":0,"master_deck":["AscendersBane","Strike_R","Strike_R","Strike_R+1","Strike_R","Strike_R","Defend_R","Defend_R","Defend_R+1","Defend_R","Bash+1","ReplayTheSpireMod:LeadingStrike+1","conspire:SpireCoStock+1","Clash","Clash","Carnage","Pommel Strike","Hemogenesis+1","Headbutt+1","Armaments+1","Disarm+1","Iron Wave","Demon Form","Warcry"],"relics":["Burning Blood","NeowsBlessing","hubris:Towel","reliquary:PrincelyHelmet","halation:LettersToHer","Replay:Rubber Ducky","Shuriken","Velvet Choker","Anchor","hubris:ChampionShield","Molten Egg 2","Juzu Bracelet","sneckomod:BabySnecko","Simple Rune","aspiration:Nostalgia","m_BronzeBlood"],"acts_visited":["Exordium","TheCity"],"potions_floor_usage":[33,33],"damage_taken":[{"damage":0.0,"enemies":"Jaw Worm","floor":1.0,"turns":1.0},{"damage":0.0,"enemies":"Small Slimes","floor":3.0,"turns":1.0},{"damage":0.0,"enemies":"Replay:BlueRogue","floor":6.0,"turns":1.0},{"damage":0.0,"enemies":"Cultist","floor":7.0,"turns":3.0},{"damage":24.0,"enemies":"3 Sentries","floor":11.0,"turns":8.0},{"damage":17.0,"enemies":"Lagavulin","floor":13.0,"turns":5.0},{"damage":50.0,"enemies":"Fading Forest","floor":16.0,"turns":13.0},{"damage":18.0,"enemies":"Chosen","floor":18.0,"turns":4.0},{"damage":15.0,"enemies":"3 Byrds","floor":22.0,"turns":6.0},{"damage":36.0,"enemies":"Slavers","floor":23.0,"turns":7.0},{"damage":18.0,"enemies":"Centurion and Healer","floor":24.0,"turns":5.0},{"damage":24.0,"enemies":"conspire:Head Lice","floor":25.0,"turns":10.0},{"damage":14.0,"enemies":"Snake Plant","floor":27.0,"turns":5.0},{"damage":30.0,"enemies":"Cultist and Chosen","floor":29.0,"turns":5.0},{"damage":18.0,"enemies":"Centurion and Healer","floor":31.0,"turns":4.0},{"damage":51,"enemies":"Automaton","floor":33,"turns":6}],"seed_played":"-2051065108823222684","potions_obtained":[{"floor":6.0,"key":"CultistPotion"},{"floor":7.0,"key":"BloodPotion"},{"floor":16.0,"key":"SteroidPotion"},{"floor":22.0,"key":"Block Potion"},{"floor":25.0,"key":"BloodPotion"},{"floor":29.0,"key":"SpeedPotion"},{"floor":31.0,"key":"LiquidMemories"}],"is_trial":false,"path_per_floor":["M","?","M","?","?","E","M","$","T","R","E","R","E","?","R_BF","B",null,"M","?","$","?","M","E","M","E","T","M","?","M","$","M","R","B"],"character_chosen":"IRONCLAD","items_purchased":["Anchor","Simple Rune","aspiration:Nostalgia"],"campfire_rested":0,"item_purchase_floors":[20,30,30],"current_hp_per_floor":[74,74,75,75,75,75,75,75,75,75,57,57,46,35,35,15,60,48,48,48,48,47,25,21,26,26,26,26,10,10,27,27,0,0],"gold":156,"neow_bonus":"THREE_ENEMY_KILL","is_daily":false,"chose_seed":false,"campfire_upgraded":4,"win_rate":0.0,"timestamp":1614013863,"path_taken":["M","?","M","?","?","E","?","$","T","R","E","R","E","?","R_BF","BOSS","M","?","$","?","M","E","M","E","T","M","?","M","$","M","R","BOSS"],"items_purchased_type":["Relic","Relic","Relic"],"build_version":"2020-12-22","purchased_purges":1,"victory":false,"max_hp_per_floor":[75,75,75,75,75,75,75,75,75,75,75,75,75,75,75,75,75,75,75,75,75,75,75,75,75,75,75,75,75,75,75,75,75,75],"card_choices":[{"not_picked":["Run Through","Sever Soul"],"picked":"ReplayTheSpireMod:LeadingStrike","floor":1.0},{"not_picked":["Iron Wave","Havoc"],"picked":"Clash","floor":3.0},{"not_picked":["Havoc","Flex"],"picked":"Clash","floor":6.0},{"not_picked":["Exhume","Entrench"],"picked":"Carnage","floor":7.0},{"not_picked":["hubris:CleavingFinish","Brutality"],"picked":"Pommel Strike","floor":11.0},{"not_picked":["Shockwave","Dark Embrace","Shrug It Off"],"picked":"SKIP","floor":13.0},{"not_picked":["Juggernaut","Corruption"],"picked":"Hemogenesis","floor":16.0},{"not_picked":["Cleave","hubris:ReadiedAction"],"picked":"Headbutt+1","floor":18.0},{"not_picked":["Anger","hubris:StunningStrike"],"picked":"Disarm+1","floor":22.0},{"not_picked":["Twin Strike","Headbutt","Wild Strike"],"picked":"SKIP","floor":23.0},{"not_picked":["Havoc","hubris:ReadiedAction"],"picked":"Iron Wave","floor":24.0},{"not_picked":["Rupture+1","Armaments"],"picked":"Demon Form","floor":25.0},{"not_picked":["Body Slam+1","Rage","Bludgeon+1"],"picked":"SKIP","floor":27.0},{"not_picked":["Pommel Strike+1","Body Slam+1"],"picked":"Warcry","floor":29.0},{"not_picked":["Abandon","Rupture","True Grit"],"picked":"SKIP","floor":31.0}],"player_experience":1276450,"relics_obtained":[{"floor":6.0,"key":"reliquary:PrincelyHelmet"},{"floor":9.0,"key":"halation:LettersToHer"},{"floor":11.0,"key":"Replay:Rubber Ducky"},{"floor":13.0,"key":"Shuriken"},{"floor":23.0,"key":"hubris:ChampionShield"},{"floor":25.0,"key":"Molten Egg 2"},{"floor":26.0,"key":"halation:LettersToHer"},{"floor":26.0,"key":"Juzu Bracelet"}],"event_choices":[{"damage_healed":0.0,"max_hp_gain":0.0,"max_hp_loss":0.0,"gold_gain":0.0,"event_name":"conspire:Investor","player_choice":"Invest 1","floor":2.0,"gold_loss":0.0,"damage_taken":0.0},{"damage_healed":0.0,"max_hp_gain":0.0,"max_hp_loss":0.0,"gold_gain":50.0,"event_name":"Golden Shrine","player_choice":"Pray","floor":5.0,"gold_loss":0.0,"damage_taken":0.0},{"damage_healed":0.0,"max_hp_gain":0.0,"max_hp_loss":0.0,"gold_gain":75.0,"event_name":"World of Goop","player_choice":"Gather Gold","floor":14.0,"gold_loss":0.0,"damage_taken":11.0},{"damage_healed":0.0,"max_hp_gain":0.0,"max_hp_loss":0.0,"gold_gain":0.0,"event_name":"The Library","player_choice":"Read","floor":21.0,"gold_loss":0.0,"damage_taken":0.0,"cards_obtained":["Armaments"]}],"is_beta":false,"boss_relics":[{"not_picked":["Tiny House","Ectoplasm"],"picked":"Velvet Choker"}],"items_purged_floors":[30],"is_endless":false,"potions_floor_spawned":[6,7,16,22,25,29,31],"killed_by":"Automaton","ascension_level":20}}