{"host":"pmmuxs046gii331m","time":1614022165,"event":{"mods":["AchievementEnabler","BaseMod","Colored Powertips","Downfall","Gold Saver","Infinite Spire","Minty Spire (QoL Compilation)","Permanent Neow","Quick Restart","StSLib"],"gold_per_floor":[2297,1978,1978,1990,2006,2006,2006,2006,2031,2041,2074,2086,2116,2143,2143,2246,2246,2264,2264,2264,2277,2277,2277,2308,2308,2333,1883,1896,1928,1928,1928],"floor_reached":30,"language":"ENG","playtime":3082,"items_purged":["Strike_P","Defend_P","Defend_P"],"score":341,"play_id":"47e4a27c-f58a-498c-ac84-bca513c152fd","local_time":"20210222142925","is_ascension_mode":true,"campfire_choices":[{"data":"infinitespire:TheBestDefense","floor":6,"key":"SMITH"},{"data":"Eruption","floor":15,"key":"SMITH"},{"data":"Devotion","floor":23,"key":"SMITH"},{"data":"Vengeance","floor":25,"key":"SMITH"}],"circlet_count":0,"master_deck":["Strike_P","Strike_P","Defend_P","Defend_P","Eruption+1","Vigilance","SandsOfTime","Sanctity","BattleHymn","EmptyBody","infinitespire:TheBestDefense+1","FollowUp","EmptyFist","Halt","WreathOfFlame","Vengeance+1","Wish","Devotion+1","ThirdEye+1","Decay"],"relics":["PureWater","Boot","PreservedInsect","Strawberry","Ancient Tea Set","Nunchaku","Odd Mushroom","bronze:MakeshiftBattery","CaptainsWheel","Blood Vial","Dream Catcher","Mercury Hourglass","CeramicFish"],"acts_visited":["Exordium","TheCity"],"potions_floor_usage":[10,13,14,16,29,29,29],"damage_taken":[{"damage":0,"enemies":"Small Slimes","floor":1,"turns":4},{"damage":1,"enemies":"Jaw Worm","floor":4,"turns":3},{"damage":0,"enemies":"2 Louse","floor":5,"turns":3},{"damage":1,"enemies":"Looter","floor":10,"turns":3},{"damage":0,"enemies":"Lagavulin","floor":11,"turns":4},{"damage":4,"enemies":"Lots of Slimes","floor":12,"turns":6},{"damage":2,"enemies":"3 Sentries","floor":13,"turns":4},{"damage":12,"enemies":"The Mushroom Lair","floor":14,"turns":3},{"damage":1,"enemies":"Hexaghost","floor":16,"turns":6},{"damage":2,"enemies":"Chosen","floor":18,"turns":4},{"damage":18,"enemies":"3 Byrds","floor":21,"turns":6},{"damage":20,"enemies":"Book of Stabbing","floor":24,"turns":6},{"damage":8,"enemies":"Snecko","floor":28,"turns":4},{"damage":29,"enemies":"Slavers","floor":29,"turns":3},{"damage":18,"enemies":"Shelled Parasite and Fungi","floor":30,"turns":3}],"seed_played":"-4756995062118082225","potions_obtained":[{"floor":4,"key":"SkillPotion"},{"floor":10,"key":"Fruit Juice"},{"floor":11,"key":"BlessingOfTheForge"},{"floor":14,"key":"infinitespire:BlackPotion"},{"floor":24,"key":"Strength Potion"}],"is_trial":false,"path_per_floor":["M","$","?","M","M","R","?","?","T","M","E","M","E","?","R","B",null,"M","?","AVR","M","?","R","E","R","T","$","M","E","M"],"character_chosen":"WATCHER","items_purchased":["BattleHymn","Boot","EmptyBody","Mercury Hourglass","hexamod:SoulburnPotion","AttackPotion"],"campfire_rested":0,"item_purchase_floors":[2,2,2,27,27,27],"current_hp_per_floor":[72,72,54,53,53,53,41,46,53,57,57,53,51,39,39,38,89,87,87,87,69,69,69,49,49,49,49,43,16,0,0],"gold":1928,"neow_bonus":"TRANSFORM_CARD","is_daily":false,"chose_seed":false,"campfire_upgraded":4,"win_rate":0.0,"timestamp":1614022165,"path_taken":["M","$","?","M","M","R","?","?","T","M","E","M","E","?","R","BOSS","M","?","AVR","M","?","R","E","R","T","$","?","E","M"],"items_purchased_type":["Card","Relic","Card","Relic","Potion","Potion"],"build_version":"2020-12-22","purchased_purges":3,"victory":false,"max_hp_per_floor":[72,72,72,72,72,72,72,77,84,89,89,89,89,89,89,89,89,89,89,89,89,89,89,89,89,89,89,89,89,89,89],"card_choices":[{"not_picked":["FlyingSleeves","ThirdEye"],"picked":"Sanctity","floor":1},{"not_picked":["infinitespire:Oblivion","infinitespire:DeathsTouch"],"picked":"infinitespire:TheBestDefense","floor":3},{"not_picked":["CutThroughFate","BowlingBash"],"picked":"FollowUp","floor":4},{"not_picked":["ForeignInfluence","MentalFortress"],"picked":"EmptyFist","floor":5},{"not_picked":["ForeignInfluence","Nirvana"],"picked":"Halt","floor":10},{"not_picked":["SpiritShield","FlurryOfBlows"],"picked":"WreathOfFlame","floor":11},{"not_picked":["Collect","ThirdEye"],"picked":"Vengeance","floor":12},{"not_picked":["Consecrate","WreathOfFlame"],"picked":"Wish","floor":13},{"not_picked":["DeusExMachina","Blasphemy"],"picked":"Devotion","floor":16},{"not_picked":["FlyingSleeves","EmptyMind","ThirdEye"],"picked":"SKIP","floor":18},{"not_picked":["FlurryOfBlows","CrushJoints"],"picked":"ThirdEye+1","floor":21},{"not_picked":["Protect","BattleHymn+1","Vengeance+1"],"picked":"SKIP","floor":24},{"not_picked":["Protect+1","EmptyFist","EmptyBody"],"picked":"SKIP","floor":28},{"not_picked":["Wireheading","Alpha","Indignation+1"],"picked":"SKIP","floor":29}],"player_experience":585534,"relics_obtained":[{"floor":9,"key":"Strawberry"},{"floor":11,"key":"Ancient Tea Set"},{"floor":13,"key":"Nunchaku"},{"floor":14,"key":"Odd Mushroom"},{"floor":24,"key":"Blood Vial"},{"floor":26,"key":"Dream Catcher"},{"floor":29,"key":"CeramicFish"}],"event_choices":[{"damage_healed":0,"gold_gain":0,"player_choice":"Success","damage_taken":12,"relics_obtained":["PreservedInsect"],"max_hp_gain":0,"max_hp_loss":0,"event_name":"Scrap Ooze","floor":7,"gold_loss":0},{"damage_healed":0,"gold_gain":0,"player_choice":"Donut","damage_taken":0,"max_hp_gain":5,"max_hp_loss":0,"event_name":"Big Fish","floor":8,"gold_loss":0},{"damage_healed":0,"gold_gain":0,"player_choice":"Fought Mushrooms","damage_taken":0,"max_hp_gain":0,"max_hp_loss":0,"event_name":"Mushrooms","floor":14,"gold_loss":0},{"damage_healed":0,"gold_gain":0,"player_choice":"Ignored","damage_taken":0,"max_hp_gain":0,"max_hp_loss":0,"event_name":"Ghosts","floor":19,"gold_loss":0},{"damage_healed":0,"gold_gain":0,"player_choice":"Cursed","damage_taken":0,"max_hp_gain":0,"max_hp_loss":0,"event_name":"Wheel of Change","floor":22,"gold_loss":0,"cards_obtained":["Decay"]}],"is_beta":false,"boss_relics":[{"not_picked":["infinitespire:Cupcake","Cursed Key"],"picked":"bronze:MakeshiftBattery"}],"items_purged_floors":[2,20,27],"is_endless":false,"potions_floor_spawned":[4,10,11,14,24],"killed_by":"Shelled Parasite and Fungi","ascension_level":1}}