{"host":"fy9bu8pyaeb8xhn1","time":1614004965,"event":{"mods":["BaseMod","Infinite Spire","Minty Spire (QoL Compilation)","Quick Restart","Reliquary","Replay The Spire","StSLib","The Cursed"],"gold_per_floor":[210,220,112,124,124,124,158,177,177,212,53,66,66,66,66,173,173,188,36,36,36,36,91,129,129,153,165,207,262,302,345,357,501,513,553,565,612,624,679,691,752,212,212,212,249,209,209,256,256,284,284],"floor_reached":50,"language":"ENG","playtime":7112,"items_purged":["TheCursedMod:EmpowerCircles","TheCursedMod:Strike_TheCursed+1","TheCursedMod:Strike_TheCursed+1"],"score":657,"play_id":"44e78e9c-f116-499b-9be7-f70bec55367f","local_time":"20210222154245","is_ascension_mode":true,"campfire_choices":[{"data":"TheCursedMod:CursedWand","floor":6,"key":"SMITH"},{"floor":13,"key":"REST"},{"data":"Trip","floor":15,"key":"SMITH"},{"data":"TheCursedMod:FleshFromBone","floor":25,"key":"SMITH"},{"data":"TheCursedMod:CleanUpWorkshop","floor":32,"key":"SMITH"},{"data":"TheCursedMod:AntiAging","floor":40,"key":"SMITH"},{"floor":47,"key":"REST"},{"floor":49,"key":"REST"}],"circlet_count":0,"master_deck":["TheCursedMod:Strike_TheCursed+1","TheCursedMod:Defend_TheCursed+1","TheCursedMod:Defend_TheCursed+1","TheCursedMod:Defend_TheCursed+1","TheCursedMod:Defend_TheCursed+1","TheCursedMod:CursedWand+1","TheCursedMod:CleanUpWorkshop+1","TheCursedMod:Dregs","TheCursedMod:Wield","TheCursedMod:AshesToAshes","TheCursedMod:EmpowerCircles+1","TheCursedMod:CursedShiv","TheCursedMod:CursedSpellbook","TheCursedMod:RapidMovement","TheCursedMod:CursedSpellbook","TheCursedMod:CursedShiv","TheCursedMod:StunningStrike+1","Trip+1","TheCursedMod:CursedAmulet+1","TheCursedMod:CollectTribute","CurseOfTheBell","TheCursedMod:SpitefulStrike","TheCursedMod:CircleOfAmplification","TheCursedMod:FleshFromBone+1","TheCursedMod:CircleOfAmplification","TheCursedMod:CursedAmulet","TheCursedMod:AntiAging+1","TheCursedMod:CursedShiv","Writhe","TheCursedMod:CursedStaff+1","TheCursedMod:CircleOfWindfury","TheCursedMod:ReleasedStrength+1","TheCursedMod:RapidMovement","TheCursedMod:PrepareRite","TheCursedMod:SurpriseAttack","Enlightenment","ReplayTheSpireMod:Necrogeddon","TheCursedMod:Evocation","TheCursedMod:ForbiddenAlchemy"],"relics":["TheCursedMod:BlackMagic101","Bag of Marbles","reliquary:Stiletto","infinitespire:Midas Blood","Calling Bell","Bag of Preparation","Dead Branch","Dead Branch","Replay:Bandana","ReplayTheSpireMod:Ninjato","reliquary:TuningFork","MawBank","Ring of Chaos","infinitespire:Beetle Shell","Membership Card","Oddly Smooth Stone","reliquary:Spinner","Mango","Lizard Tail","PreservedInsect"],"acts_visited":["Exordium","TheCity","TheBeyond"],"potions_floor_usage":[10,23,31,33,33,41,41,50,50,50,50],"damage_taken":[{"damage":1,"enemies":"Jaw Worm","floor":1,"turns":5},{"damage":0,"enemies":"Small Slimes","floor":2,"turns":3},{"damage":0,"enemies":"2 Louse","floor":4,"turns":2},{"damage":13,"enemies":"3 Sentries","floor":7,"turns":9},{"damage":3,"enemies":"Large Slime","floor":8,"turns":8},{"damage":41,"enemies":"Lagavulin","floor":10,"turns":8},{"damage":0,"enemies":"Looter","floor":12,"turns":2},{"damage":37,"enemies":"The Guardian","floor":16,"turns":13},{"damage":10,"enemies":"2 Thieves","floor":18,"turns":4},{"damage":14,"enemies":"Nightmare","floor":23,"turns":5},{"damage":0,"enemies":"Chosen","floor":24,"turns":3},{"damage":0,"enemies":"Snecko","floor":28,"turns":3},{"damage":5,"enemies":"Cultist and Chosen","floor":29,"turns":3},{"damage":0,"enemies":"3 Cultists","floor":30,"turns":5},{"damage":1,"enemies":"Centurion and Healer","floor":31,"turns":4},{"damage":28,"enemies":"Collector","floor":33,"turns":13},{"damage":0,"enemies":"Orb Walker","floor":35,"turns":3},{"damage":15,"enemies":"3 Shapes","floor":37,"turns":6},{"damage":30,"enemies":"Maw","floor":39,"turns":9},{"damage":23,"enemies":"Nemesis","floor":41,"turns":7},{"damage":9,"enemies":"4 Shapes","floor":45,"turns":5},{"damage":4,"enemies":"Nightmare","floor":48,"turns":8},{"damage":178,"enemies":"LordOfAnnihilation","floor":50,"turns":13}],"seed_played":"3111147443966720130","potions_obtained":[{"floor":4,"key":"AttackPotion"},{"floor":7,"key":"SmokeBomb"},{"floor":18,"key":"Strength Potion"},{"floor":28,"key":"Regen Potion"},{"floor":29,"key":"Weak Potion"},{"floor":31,"key":"LiquidMemories"},{"floor":37,"key":"Reflective Coating"},{"floor":39,"key":"Swift Potion"},{"floor":45,"key":"SteroidPotion"}],"is_trial":false,"path_per_floor":["M","M","$","M","?","R","E","M","T","E","$","M","R","?","R","B",null,"M","$","?","AVR","?","NM","M","R","T","?","M","M","M","M","R","B",null,"M","?","M","?","M","R","E","$","T","AVR","M","?","R","NM","R","B"],"character_chosen":"THE_CURSED","items_purchased":["TheCursedMod:EmpowerCircles","TheCursedMod:CursedShiv","TheCursedMod:StunningStrike","Trip","Replay:Bandana","Membership Card","Oddly Smooth Stone","reliquary:Spinner","TheCursedMod:PrepareRite","TheCursedMod:SurpriseAttack","Enlightenment","ReplayTheSpireMod:Necrogeddon"],"campfire_rested":3,"item_purchase_floors":[3,3,11,11,19,42,42,42,42,42,42,42],"current_hp_per_floor":[74,74,74,74,74,74,61,58,58,17,17,17,39,39,39,2,75,65,65,65,65,65,51,51,51,51,51,51,46,46,54,54,26,75,77,77,64,64,36,36,16,16,30,30,24,24,54,53,84,0,0],"gold":284,"neow_bonus":"HUNDRED_GOLD","is_daily":false,"chose_seed":false,"campfire_upgraded":5,"win_rate":0.0,"timestamp":1614004965,"path_taken":["M","M","$","M","?","R","E","M","T","E","$","M","R","?","R","BOSS","M","$","?","AVR","?","NM","M","R","T","?","M","M","M","M","R","BOSS","M","?","M","?","?","R","E","?","T","AVR","M","?","R","NM","R","BOSS"],"items_purchased_type":["Card","Card","Card","Card","Relic","Relic","Relic","Relic","Card","Card","Card","Card"],"build_version":"2020-12-22","purchased_purges":3,"victory":false,"max_hp_per_floor":[75,75,75,75,75,75,75,75,75,75,75,75,75,75,75,75,75,75,75,75,75,75,75,75,75,75,75,75,75,75,75,75,75,75,77,77,79,79,81,81,84,84,98,98,101,101,101,104,104,107,107],"card_choices":[{"not_picked":["TheCursedMod:CursedBlade","TheCursedMod:Torture"],"picked":"TheCursedMod:Wield","floor":1},{"not_picked":["TheCursedMod:CircleOfFlame","TheCursedMod:SoulCrush"],"picked":"TheCursedMod:AshesToAshes","floor":2},{"not_picked":["TheCursedMod:VitalStrike","TheCursedMod:HellfireBreathing"],"picked":"TheCursedMod:CursedSpellbook","floor":4},{"not_picked":["TheCursedMod:FleshFromBone","TheCursedMod:Hemoplague"],"picked":"TheCursedMod:RapidMovement","floor":7},{"not_picked":["TheCursedMod:RavingStaff","TheCursedMod:SurpriseAttack"],"picked":"TheCursedMod:CursedSpellbook","floor":8},{"not_picked":["TheCursedMod:Grudge","TheCursedMod:SpitefulPray"],"picked":"TheCursedMod:CursedShiv","floor":10},{"not_picked":["TheCursedMod:Mangle","TheCursedMod:TacticalStrike"],"picked":"TheCursedMod:CursedAmulet","floor":12},{"not_picked":["TheCursedMod:DarkBarrier","TheCursedMod:DemonicPact"],"picked":"TheCursedMod:CollectTribute","floor":16},{"not_picked":["TheCursedMod:Stretching","TheCursedMod:Obscuration+1"],"picked":"TheCursedMod:SpitefulStrike","floor":18},{"not_picked":["TheCursedMod:BloodBarrier","TheCursedMod:SpitefulPray"],"picked":"TheCursedMod:CircleOfAmplification","floor":23},{"not_picked":["TheCursedMod:Stretching+1","TheCursedMod:SurpriseAttack"],"picked":"TheCursedMod:FleshFromBone","floor":24},{"not_picked":["TheCursedMod:SurpriseAttack","TheCursedMod:Neurasthenia"],"picked":"TheCursedMod:CircleOfAmplification","floor":28},{"not_picked":["TheCursedMod:SmokeScreen","TheCursedMod:TacticalStrike","TheCursedMod:FuryStrike+1"],"picked":"SKIP","floor":29},{"not_picked":["TheCursedMod:SpreadPlague+1","TheCursedMod:Grudge+1"],"picked":"TheCursedMod:CursedAmulet","floor":30},{"not_picked":["TheCursedMod:RavingStaff+1","TheCursedMod:VitalStrike","TheCursedMod:StingEye"],"picked":"SKIP","floor":31},{"not_picked":["TheCursedMod:NeowsMight","TheCursedMod:CollectTribute"],"picked":"TheCursedMod:AntiAging","floor":33},{"not_picked":["TheCursedMod:CursedMace+1","TheCursedMod:SmokeScreen"],"picked":"TheCursedMod:CursedShiv","floor":35},{"not_picked":["TheCursedMod:CircleOfWindfury","TheCursedMod:FleshFromBone"],"picked":"TheCursedMod:CursedStaff+1","floor":37},{"not_picked":["TheCursedMod:SmokeScreen+1","TheCursedMod:CircleOfFlame"],"picked":"TheCursedMod:ReleasedStrength+1","floor":39},{"not_picked":["TheCursedMod:SmokeScreen","TheCursedMod:CursedShiv"],"picked":"TheCursedMod:RapidMovement","floor":41},{"not_picked":["TheCursedMod:RavingStaff+1","TheCursedMod:WearCloak+1"],"picked":"TheCursedMod:Evocation","floor":45},{"not_picked":["TheCursedMod:SaltUponWound","TheCursedMod:AbyssShockwave+1"],"picked":"TheCursedMod:ForbiddenAlchemy","floor":48}],"player_experience":503670,"relics_obtained":[{"floor":7,"key":"Bag of Marbles"},{"floor":9,"key":"reliquary:Stiletto"},{"floor":10,"key":"infinitespire:Midas Blood"},{"floor":17,"key":"Bag of Preparation"},{"floor":17,"key":"Dead Branch"},{"floor":17,"key":"reliquary:SculptingSteel"},{"floor":23,"key":"reliquary:TuningFork"},{"floor":26,"key":"MawBank"},{"floor":41,"key":"infinitespire:Beetle Shell"},{"floor":43,"key":"Mango"},{"floor":48,"key":"PreservedInsect"}],"event_choices":[{"damage_healed":0,"gold_gain":0,"player_choice":"Simplicity","damage_taken":0,"max_hp_gain":0,"max_hp_loss":0,"event_name":"Back to Basics","floor":20,"gold_loss":0,"cards_upgraded":["TheCursedMod:Strike_TheCursed","TheCursedMod:Strike_TheCursed","TheCursedMod:Strike_TheCursed","TheCursedMod:Strike_TheCursed","TheCursedMod:Defend_TheCursed","TheCursedMod:Defend_TheCursed","TheCursedMod:Defend_TheCursed","TheCursedMod:Defend_TheCursed"]},{"damage_healed":0,"gold_gain":0,"player_choice":"Ignored","damage_taken":0,"max_hp_gain":0,"max_hp_loss":0,"event_name":"Ghosts","floor":22,"gold_loss":0},{"damage_healed":19,"gold_gain":0,"player_choice":"Writhe","damage_taken":0,"max_hp_gain":0,"max_hp_loss":0,"event_name":"Winding Halls","floor":36,"gold_loss":0,"cards_obtained":["Writhe"]},{"damage_healed":0,"gold_gain":0,"cards_transformed":["TheCursedMod:Strike_TheCursed"],"player_choice":"Transformed","damage_taken":0,"max_hp_gain":0,"max_hp_loss":0,"event_name":"Transmorgrifier","floor":38,"gold_loss":0,"cards_obtained":["TheCursedMod:CircleOfWindfury"]},{"damage_healed":0,"gold_gain":0,"player_choice":"Upgraded Two","damage_taken":0,"max_hp_gain":0,"max_hp_loss":0,"event_name":"Designer","floor":46,"gold_loss":40,"cards_upgraded":["TheCursedMod:EmpowerCircles","TheCursedMod:CursedAmulet"]}],"is_beta":false,"boss_relics":[{"not_picked":["Replay:Bronze Core","Philosopher\u0027s Stone"],"picked":"Calling Bell"},{"not_picked":["Runic Pyramid","Busted Crown"],"picked":"Ring of Chaos"}],"items_purged_floors":[21,42,44],"is_endless":true,"potions_floor_spawned":[4,7,18,28,29,31,37,39,45],"killed_by":"LordOfAnnihilation","ascension_level":1}}