{"host":"627up2rvtmm0cf0r","time":1614010961,"event":{"mods":["ATMod(°¢èªMod)","Act Like it!","BaseMod","Better Vampires","Bossed Relics","CapriCore","Card Filter","Card Forge","Colored Powertips","DeckTracker","Dota2Spire","Downfall","Energized Spire","Friendly Minions","Highlight Path","Infinite Spire","Jedi Mod","Minty Spire (QoL Compilation)","MostiFishMod","Permanent Neow","Practice Mode","Quick Restart","Relic Stats","Reliquary","RyuuouÁúÍõ","Shop Mod","Spicy Shops","StSLib","SuperFastMode","TestMod","¡¾ÒÅÎï¿¨ÅÆ¡¿REMEMod","óô»ðÖ¸ÄÏ"],"gold_per_floor":[117,131,131,149,149,174,174,188,213,230,84,84,84],"floor_reached":12,"language":"ZHS","playtime":290,"items_purged":[],"score":116,"play_id":"23e8461a-171f-4936-ac47-00a9ac6f72bd","local_time":"20210223002241","is_ascension_mode":true,"campfire_choices":[{"data":"Zap","floor":7,"key":"SMITH"}],"circlet_count":0,"master_deck":["Strike_B","Strike_B","Strike_B","Strike_B","Defend_B","Defend_B","Defend_B","Defend_B","Zap+1","Dualcast","Coolheaded"],"relics":["Cracked Core","Hammer of Thor","Seething Fire","Anvil of the Gods","DaveBox","testmod-TestBox","REME_ComplimentaryCards","AT_ATBox","testmod-IntensifyImprint","BrkXgEgg","SynthV:TestCard","reliquary:Aerogel","Lantern","testmod-OneHitWonder"],"acts_visited":["Exordium"],"potions_floor_usage":[12],"damage_taken":[{"damage":0,"enemies":"Cultist","floor":1,"turns":2},{"damage":5,"enemies":"2 Louse","floor":2,"turns":2},{"damage":0,"enemies":"Small Slimes","floor":4,"turns":3},{"damage":39,"enemies":"Lagavulin","floor":6,"turns":8},{"damage":4,"enemies":"Red Slaver","floor":8,"turns":3},{"damage":6,"enemies":"Blue Slaver","floor":10,"turns":2},{"damage":22,"enemies":"Gremlin Nob","floor":12,"turns":3}],"seed_played":"-2511617621763926598","potions_obtained":[{"floor":2,"key":"BlessingOfTheForge"},{"floor":8,"key":"DistilledChaos"},{"floor":10,"key":"Fire Potion"}],"is_trial":false,"path_per_floor":["M","M","$","M","?","E","R","M","T","M","$","E"],"character_chosen":"DEFECT","items_purchased":["testmod-OneHitWonder"],"campfire_rested":0,"item_purchase_floors":[11],"current_hp_per_floor":[68,63,63,63,63,24,24,20,20,14,14,0,0],"gold":84,"neow_bonus":"THREE_CARDS","is_daily":false,"chose_seed":false,"campfire_upgraded":1,"win_rate":0.0,"timestamp":1614010961,"path_taken":["M","M","$","M","?","E","R","?","T","M","$","E"],"items_purchased_type":["Relic"],"build_version":"2020-12-22","purchased_purges":0,"victory":false,"max_hp_per_floor":[75,75,75,75,75,75,75,75,75,75,75,75,75],"relic_stats":{"counters":[7,23],"obtain_stats":[{"testmod-IntensifyImprint":0,"Lantern":9,"testmod-TestBox":0,"AT_ATBox":0,"DaveBox":0,"reliquary:Aerogel":6,"Hammer of Thor":0,"BrkXgEgg":0,"Seething Fire":0,"SynthV:TestCard":1,"Anvil of the Gods":0,"Cracked Core":0,"testmod-OneHitWonder":11,"REME_ComplimentaryCards":0},{"testmod-IntensifyImprint":0,"Lantern":5,"testmod-TestBox":0,"AT_ATBox":0,"DaveBox":0,"reliquary:Aerogel":4,"Hammer of Thor":0,"BrkXgEgg":0,"Seething Fire":0,"SynthV:TestCard":1,"Anvil of the Gods":0,"Cracked Core":0,"testmod-OneHitWonder":6,"REME_ComplimentaryCards":0},{"testmod-IntensifyImprint":0,"Lantern":18,"testmod-TestBox":0,"AT_ATBox":0,"DaveBox":0,"reliquary:Aerogel":15,"Hammer of Thor":0,"BrkXgEgg":0,"Seething Fire":0,"SynthV:TestCard":2,"Anvil of the Gods":0,"Cracked Core":0,"testmod-OneHitWonder":20,"REME_ComplimentaryCards":0}]},"card_choices":[{"not_picked":["Cold Snap","jedi:BurstLightning","Barrage"],"picked":"SKIP","floor":1},{"not_picked":["MostiFishMod:PushDownKick","MostiFishMod:IceShield","jedi:spotbugs","Sweeping Beam"],"picked":"Coolheaded","floor":2},{"not_picked":["Gash","MostiFishMod:Impulse","Leap","Ball Lightning","Sweeping Beam"],"picked":"SKIP","floor":4},{"not_picked":["AT_WarpDrive","jedi:blockon","MostiFishMod:ReprogramOld","Multi-Cast+1","Sweeping Beam"],"picked":"SKIP","floor":6},{"not_picked":["Redo","Heatsinks","Cold Snap","MostiFishMod:PushDownKick","Ball Lightning"],"picked":"SKIP","floor":8},{"not_picked":["Amplify+1","Barrage","Blizzard","AT_HeatAcrobatics","Ball Lightning"],"picked":"SKIP","floor":10}],"player_experience":177830,"relics_obtained":[{"floor":1,"key":"SynthV:TestCard"},{"floor":6,"key":"reliquary:Aerogel"},{"floor":9,"key":"Lantern"}],"event_choices":[{"damage_healed":0,"gold_gain":0,"player_choice":"Bought 0 Potions","damage_taken":0,"max_hp_gain":0,"max_hp_loss":0,"event_name":"The Woman in Blue","floor":5,"gold_loss":0}],"is_beta":false,"boss_relics":[],"items_purged_floors":[],"is_endless":false,"potions_floor_spawned":[2,8,10],"killed_by":"Gremlin Nob","ascension_level":9}}