{"host":"928gv66myv2vlnsd","time":1614012842,"event":{"mods":["BaseMod","Highlight Path","Minty Spire (QoL Compilation)","Relic Stats","StSLib"],"gold_per_floor":[114,114,33,33,51,51,80,5,28,28,28],"floor_reached":10,"language":"ENG","playtime":507,"items_purged":["Decay"],"score":102,"play_id":"288e8f8e-c346-4ec4-acec-608f6ed663c0","local_time":"20210222115402","is_ascension_mode":true,"campfire_choices":[{"floor":6,"key":"REST"}],"circlet_count":0,"master_deck":["AscendersBane","Strike_B","Strike_B","Strike_B","Strike_B","Defend_B","Defend_B","Defend_B","Defend_B","Zap","Dualcast","Mayhem","Coolheaded","Loop","Sweeping Beam","Capacitor","Glacier"],"relics":["Cracked Core","WarpedTongs","Bottled Tornado","PreservedInsect"],"acts_visited":["Exordium"],"potions_floor_usage":[],"damage_taken":[{"damage":20,"enemies":"Small Slimes","floor":1,"turns":3},{"damage":4,"enemies":"Cultist","floor":5,"turns":4},{"damage":30,"enemies":"3 Sentries","floor":7,"turns":7},{"damage":53,"enemies":"Gremlin Nob","floor":10,"turns":4}],"seed_played":"6334975109696528391","potions_obtained":[{"floor":1,"key":"GamblersBrew"}],"is_trial":false,"path_per_floor":["M","?","$","?","M","R","E","$","T","E"],"character_chosen":"DEFECT","items_purchased":["Loop","Sweeping Beam"],"campfire_rested":1,"item_purchase_floors":[3,3],"current_hp_per_floor":[48,48,48,41,37,59,29,29,29,0,0],"gold":28,"neow_bonus":"RANDOM_COLORLESS_2","is_daily":false,"chose_seed":false,"campfire_upgraded":0,"win_rate":0.0,"timestamp":1614012842,"path_taken":["M","?","?","?","M","R","E","?","T","E"],"items_purchased_type":["Card","Card"],"build_version":"2020-12-22","purchased_purges":1,"victory":false,"max_hp_per_floor":[75,75,75,75,75,75,75,75,75,75,75],"relic_stats":{"counters":[4,18],"PreservedInsect":22,"obtain_stats":[{"PreservedInsect":9,"Bottled Tornado":7,"Cracked Core":0,"WarpedTongs":2},{"PreservedInsect":3,"Bottled Tornado":3,"Cracked Core":0,"WarpedTongs":1},{"PreservedInsect":14,"Bottled Tornado":14,"Cracked Core":0,"WarpedTongs":3}],"WarpedTongs":[15]},"card_choices":[{"not_picked":["Secret Technique","Transmutation"],"picked":"Mayhem","floor":0},{"not_picked":["Fusion","Leap"],"picked":"Coolheaded","floor":1},{"not_picked":["Barrage","Skim"],"picked":"Capacitor","floor":5},{"not_picked":["Ball Lightning","Storm"],"picked":"Glacier","floor":7}],"player_experience":1478410,"relics_obtained":[{"floor":7,"key":"Bottled Tornado"},{"floor":9,"key":"PreservedInsect"}],"event_choices":[{"damage_healed":0,"gold_gain":0,"player_choice":"Rummage","damage_taken":0,"relics_obtained":["WarpedTongs"],"max_hp_gain":0,"max_hp_loss":0,"event_name":"Accursed Blacksmith","floor":2,"gold_loss":0,"cards_obtained":["Pain"]},{"cards_removed":["Pain"],"damage_healed":0,"gold_gain":0,"player_choice":"Card Removal","damage_taken":7,"max_hp_gain":0,"max_hp_loss":0,"event_name":"Golden Wing","floor":4,"gold_loss":0}],"is_beta":false,"boss_relics":[],"items_purged_floors":[8],"is_endless":false,"potions_floor_spawned":[1],"killed_by":"Gremlin Nob","ascension_level":12}}