{"host":"43wsnxh97mgjl5zw","time":1614022905,"event":{"mods":["Aspiration","BaseMod","Colored Map","Colored Powertips","Conspire","Downfall","Halation","Hubris","Minty Spire (QoL Compilation)","Quick Restart","Rare Cards Sparkle","Relic Sorter","Reliquary","Replay The Spire","StSLib"],"gold_per_floor":[111,139,139,139,139,139,139,152,227,227,277,277,291,325,325,399,399,413,430,440,467,477,512,512,512,512,527,527,527],"floor_reached":28,"language":"ENG","playtime":1343,"items_purged":[],"score":472,"play_id":"163ea3e3-7f5e-4f90-8cef-6dd3bc13284a","local_time":"20210222214145","is_ascension_mode":true,"campfire_choices":[{"data":"ReplayTheSpireMod:Corrosion Curse","floor":6.0,"key":"SMITH"},{"data":"ReplayTheSpireMod:Limb From Limb","floor":10.0,"key":"SMITH"},{"data":"Bash","floor":12.0,"key":"SMITH"},{"data":"Whirlwind","floor":15.0,"key":"SMITH"},{"data":"Brutality","floor":25.0,"key":"SMITH"}],"circlet_count":0,"master_deck":["AscendersBane","Strike_R","Strike_R","Defend_R","Defend_R","Defend_R","Defend_R","Bash+1","Replay:Undeath\u0027s Touch+1","ReplayTheSpireMod:Corrosion Curse+1","ReplayTheSpireMod:Limb From Limb+1","Whirlwind+1","Metallicize","Juggernaut","Bludgeon+1","True Grit+1","Twin Strike+1","Flame Barrier","Shrug It Off","Brutality+1","Uppercut","Metallicize"],"relics":["Burning Blood","NeowsBlessing","FossilizedHelix","halation:PinkSoulGem","reliquary:Boomerang","Membership Card","Pear","Meat on the Bone","Astrolabe","King of Hearts","StoneCalendar","HornCleat","hubris:ChampionShield"],"acts_visited":["Exordium","TheCity"],"potions_floor_usage":[],"damage_taken":[{"damage":0.0,"enemies":"Small Slimes","floor":1.0,"turns":1.0},{"damage":0.0,"enemies":"conspire:MimicChest","floor":2.0,"turns":1.0},{"damage":0.0,"enemies":"2 Louse","floor":8.0,"turns":1.0},{"damage":0.0,"enemies":"Cultist","floor":13.0,"turns":3.0},{"damage":30.0,"enemies":"3 Sentries","floor":14.0,"turns":7.0},{"damage":34.0,"enemies":"The Guardian","floor":16.0,"turns":10.0},{"damage":0.0,"enemies":"Spheric Guardian","floor":18.0,"turns":3.0},{"damage":19.0,"enemies":"2 Thieves","floor":19.0,"turns":5.0},{"damage":10.0,"enemies":"conspire:HollyBat","floor":20.0,"turns":9.0},{"damage":33.0,"enemies":"Chosen and Byrds","floor":22.0,"turns":7.0},{"damage":20.0,"enemies":"conspire:SneckoGhost","floor":23.0,"turns":8.0},{"damage":39.0,"enemies":"Shelled Parasite and Fungi","floor":27.0,"turns":6.0},{"damage":14,"enemies":"Slavers","floor":28,"turns":2}],"seed_played":"-4361744386254946636","potions_obtained":[{"floor":8.0,"key":"SkillPotion"},{"floor":13.0,"key":"Strength Potion"},{"floor":16.0,"key":"Guardian:BlockOnCardUsePotion"},{"floor":19.0,"key":"SkillPotion"}],"is_trial":false,"path_per_floor":["M","?","?","?","$","R","?","M","T","R","?","R","M","E","R_BF","B",null,"M","M","M","T","M","E","T","R","T","M","E"],"character_chosen":"IRONCLAD","items_purchased":["Membership Card"],"campfire_rested":0,"item_purchase_floors":[5],"current_hp_per_floor":[74,75,75,64,54,54,54,60,70,70,70,70,76,52,52,36,73,79,66,62,62,47,45,45,45,45,24,10,10],"gold":527,"neow_bonus":"THREE_ENEMY_KILL","is_daily":false,"chose_seed":false,"campfire_upgraded":5,"win_rate":0.0,"timestamp":1614022905,"path_taken":["M","?","?","?","?","R","?","M","T","R","?","R","M","E","R_BF","BOSS","M","?","M","?","?","E","?","R","T","M","E"],"items_purchased_type":["Relic"],"build_version":"2020-12-22","purchased_purges":0,"victory":false,"max_hp_per_floor":[75,75,75,75,75,75,75,75,85,85,85,85,85,85,85,85,85,85,85,85,85,85,85,85,85,85,85,85,85],"card_choices":[{"not_picked":["Wild Strike","Run Through"],"picked":"Replay:Undeath\u0027s Touch","floor":1.0},{"not_picked":["conspire:ExplosiveBarrier","Searing Blow"],"picked":"ReplayTheSpireMod:Corrosion Curse","floor":2.0},{"not_picked":["Burning Pact","Armaments"],"picked":"ReplayTheSpireMod:Limb From Limb","floor":8.0},{"not_picked":["Iron Wave","Carnage"],"picked":"Whirlwind","floor":13.0},{"not_picked":["Uppercut","Headbutt"],"picked":"Metallicize","floor":14.0},{"not_picked":["Berserk","Fiend Fire"],"picked":"Juggernaut","floor":16.0},{"not_picked":["Pommel Strike","Defy Death"],"picked":"Flame Barrier","floor":18.0},{"not_picked":["Heavy Blade","Iron Wave","hubris:SharpeningStone"],"picked":"SKIP","floor":19.0},{"not_picked":["Thunderclap+1","Burning Pact+1"],"picked":"Shrug It Off","floor":20.0},{"not_picked":["Wild Strike+1","ReplayReversal"],"picked":"Brutality","floor":22.0},{"not_picked":["Dual Wield","Body Slam+1"],"picked":"Uppercut","floor":23.0},{"not_picked":["True Grit","Pommel Strike"],"picked":"Metallicize","floor":27.0}],"player_experience":1278395,"relics_obtained":[{"floor":2.0,"key":"FossilizedHelix"},{"floor":9.0,"key":"Pear"},{"floor":14.0,"key":"Meat on the Bone"},{"floor":21.0,"key":"King of Hearts"},{"floor":23.0,"key":"StoneCalendar"},{"floor":24.0,"key":"HornCleat"},{"floor":26.0,"key":"hubris:ChampionShield"}],"event_choices":[{"damage_healed":0.0,"max_hp_gain":0.0,"max_hp_loss":0.0,"gold_gain":0.0,"event_name":"Scrap Ooze","player_choice":"Success","floor":4.0,"gold_loss":0.0,"damage_taken":11.0,"relics_obtained":["reliquary:Boomerang"]},{"damage_healed":0.0,"max_hp_gain":0.0,"max_hp_loss":0.0,"gold_gain":0.0,"event_name":"Living Wall","player_choice":"Grow","floor":7.0,"gold_loss":0.0,"damage_taken":0.0,"cards_upgraded":["Replay:Undeath\u0027s Touch"]},{"damage_healed":0.0,"max_hp_gain":0.0,"max_hp_loss":0.0,"gold_gain":50.0,"event_name":"Golden Shrine","player_choice":"Pray","floor":11.0,"gold_loss":0.0,"damage_taken":0.0}],"is_beta":false,"boss_relics":[{"not_picked":["Fusion Hammer","halation:PlatinumPhoenix"],"picked":"Astrolabe"}],"items_purged_floors":[],"is_endless":false,"potions_floor_spawned":[8,13,16,18,19,22],"killed_by":"Slavers","ascension_level":20}}