{"host":"uv231blk40vjdojr","time":1614014315,"event":{"mods":["BaseMod","Minty Spire (QoL Compilation)","Relic Stats","ojb\u0027s Info Mod"],"gold_per_floor":[111,111,121,131,131,131,59,93,93,128,128,138,148,180,180,282,282,297,297,1,14,29,29,56,56,111,111,131,131,164,74,74,176,176,192,192,192,117,134,134,169,169,169,187,187,198,224,224,224,224,224],"floor_reached":50,"language":"ENG","playtime":2847,"items_purged":["Writhe"],"score":751,"play_id":"2753e1a6-8b65-4730-b020-a5f2151ab672","local_time":"20210222181835","is_ascension_mode":true,"campfire_choices":[{"floor":6.0,"key":"REST"},{"floor":11.0,"key":"REST"},{"data":"ConjureBlade","floor":15.0,"key":"SMITH"},{"floor":23.0,"key":"REST"},{"floor":25.0,"key":"REST"},{"floor":29.0,"key":"REST"},{"data":"Meditate","floor":32.0,"key":"SMITH"},{"data":"Vault","floor":40.0,"key":"SMITH"},{"data":"Study","floor":42.0,"key":"SMITH"},{"floor":45.0,"key":"REST"},{"floor":49,"key":"RECALL"}],"circlet_count":0,"master_deck":["Strike_P+1","Strike_P","Defend_P","Defend_P","Defend_P","Defend_P+1","Eruption+1","Vigilance","Meditate","Wallop+1","CarveReality+1","Study+1","Sanctity","Meditate+1","Indignation","ConjureBlade+1","Vault+1","SashWhip","Crescendo+1","Conclude+1","Pray+1","BattleHymn+1","DevaForm+1","FearNoEvil+1"],"relics":["VioletLotus","Damaru","Mummified Hand","Oddly Smooth Stone","Frozen Egg 2","Runic Dome","Enchiridion","Medical Kit","Bag of Preparation","Sundial","Regal Pillow","Busted Crown","Boot","MealTicket","Whetstone"],"acts_visited":["Exordium","TheCity","TheBeyond"],"potions_floor_usage":[50],"damage_taken":[{"damage":12.0,"enemies":"Small Slimes","floor":1.0,"turns":4.0},{"damage":0.0,"enemies":"2 Louse","floor":3.0,"turns":3.0},{"damage":2.0,"enemies":"Jaw Worm","floor":4.0,"turns":3.0},{"damage":30.0,"enemies":"3 Sentries","floor":8.0,"turns":6.0},{"damage":7.0,"enemies":"Gremlin Nob","floor":10.0,"turns":3.0},{"damage":0.0,"enemies":"Exordium Wildlife","floor":12.0,"turns":3.0},{"damage":8.0,"enemies":"Red Slaver","floor":13.0,"turns":3.0},{"damage":3.0,"enemies":"Lagavulin","floor":14.0,"turns":5.0},{"damage":23.0,"enemies":"The Guardian","floor":16.0,"turns":10.0},{"damage":0.0,"enemies":"3 Byrds","floor":18.0,"turns":5.0},{"damage":5.0,"enemies":"2 Thieves","floor":21.0,"turns":2.0},{"damage":9.0,"enemies":"Centurion and Healer","floor":22.0,"turns":4.0},{"damage":19.0,"enemies":"Slavers","floor":24.0,"turns":4.0},{"damage":18.0,"enemies":"Snake Plant","floor":28.0,"turns":3.0},{"damage":1.0,"enemies":"Book of Stabbing","floor":30.0,"turns":3.0},{"damage":24.0,"enemies":"Automaton","floor":33.0,"turns":5.0},{"damage":9.0,"enemies":"3 Shapes","floor":35.0,"turns":4.0},{"damage":5.0,"enemies":"3 Darklings","floor":39.0,"turns":3.0},{"damage":19.0,"enemies":"Reptomancer","floor":41.0,"turns":4.0},{"damage":14.0,"enemies":"Sphere and 2 Shapes","floor":44.0,"turns":4.0},{"damage":18.0,"enemies":"Transient","floor":46.0,"turns":6.0},{"damage":19,"enemies":"Giant Head","floor":47,"turns":7},{"damage":41,"enemies":"Awakened One","floor":50,"turns":3}],"seed_played":"-7510125195389051141","potions_obtained":[{"floor":1.0,"key":"FearPotion"},{"floor":12.0,"key":"SpeedPotion"},{"floor":13.0,"key":"StancePotion"},{"floor":16.0,"key":"PowerPotion"},{"floor":21.0,"key":"PowerPotion"},{"floor":22.0,"key":"SpeedPotion"},{"floor":24.0,"key":"Fire Potion"},{"floor":41.0,"key":"SteroidPotion"},{"floor":46.0,"key":"Fire Potion"},{"floor":47,"key":"Strength Potion"}],"is_trial":false,"path_per_floor":["M","?","M","M","?","R","$","E","T","E","R","M","M","E","R","B",null,"M","?","$","M","M","R","E","R","T","?","M","R","E","?","R","B",null,"M","?","?","$","M","R","E","R","T","M","R","M","E","?","R","B"],"character_chosen":"WATCHER","items_purchased":["Study","Medical Kit","Bag of Preparation"],"campfire_rested":6,"item_purchase_floors":[7,20,20],"current_hp_per_floor":[53,39,39,37,37,58,58,28,28,21,42,42,34,31,31,8,56,56,40,40,35,26,47,28,49,49,49,31,52,51,51,51,27,61,52,70,70,70,65,65,46,46,46,32,68,50,31,31,31,0,0],"gold":224,"neow_bonus":"BOSS_RELIC","is_daily":false,"chose_seed":false,"campfire_upgraded":4,"win_rate":0.0,"timestamp":1614014315,"path_taken":["M","?","M","M","?","R","?","E","T","E","R","M","M","E","R","BOSS","M","?","$","M","M","R","E","R","T","?","?","R","E","?","R","BOSS","M","?","?","$","M","R","E","R","T","?","R","M","E","?","R","BOSS"],"items_purchased_type":["Card","Relic","Relic"],"build_version":"2020-12-22","purchased_purges":1,"victory":false,"max_hp_per_floor":[72,72,72,72,72,72,72,72,72,72,72,72,72,72,72,72,72,72,72,72,72,72,72,72,72,72,72,72,72,72,72,72,72,72,72,72,72,72,72,72,72,72,72,72,72,72,72,72,72,72,72],"relic_stats":{"Regal Pillow":15,"Busted Crown":14,"counters":[23,97],"Mummified Hand":[45],"Sundial":[2],"MealTicket":0,"VioletLotus":[35],"Bag of Preparation":[26],"Whetstone":["CarveReality","Conclude"],"Medical Kit":[2],"Boot":[1],"obtain_stats":[{"Regal Pillow":30,"Damaru":8,"Oddly Smooth Stone":10,"Enchiridion":19,"Bag of Preparation":20,"Whetstone":47,"Frozen Egg 2":14,"Medical Kit":20,"Boot":41,"Runic Dome":17,"Busted Crown":34,"Mummified Hand":9,"Sundial":24,"MealTicket":43,"VioletLotus":0,"PureWater":0},{"Regal Pillow":15,"Damaru":4,"Oddly Smooth Stone":5,"Enchiridion":10,"Bag of Preparation":10,"Whetstone":22,"Frozen Egg 2":8,"Medical Kit":10,"Boot":19,"Runic Dome":9,"Busted Crown":16,"Mummified Hand":4,"Sundial":13,"MealTicket":19,"VioletLotus":0,"PureWater":0},{"Regal Pillow":61,"Damaru":16,"Oddly Smooth Stone":19,"Enchiridion":45,"Bag of Preparation":45,"Whetstone":94,"Frozen Egg 2":30,"Medical Kit":45,"Boot":77,"Runic Dome":40,"Busted Crown":66,"Mummified Hand":16,"Sundial":55,"MealTicket":77,"VioletLotus":0,"PureWater":0}]},"card_choices":[{"not_picked":["FollowUp","Consecrate"],"picked":"Meditate","floor":1.0},{"not_picked":["Fasting2","FollowUp"],"picked":"Wallop","floor":3.0},{"not_picked":["Weave","Pray"],"picked":"CarveReality","floor":4.0},{"not_picked":["InnerPeace","EmptyFist"],"picked":"Sanctity","floor":8.0},{"not_picked":["Consecrate","JustLucky"],"picked":"Meditate","floor":10.0},{"not_picked":["MentalFortress","Crescendo"],"picked":"Indignation","floor":12.0},{"not_picked":["JustLucky","Halt","Nirvana"],"picked":"SKIP","floor":13.0},{"not_picked":["CutThroughFate","EmptyBody"],"picked":"ConjureBlade","floor":14.0},{"not_picked":["Omniscience","Wish"],"picked":"Vault","floor":16.0},{"not_picked":["WindmillStrike","Evaluate"],"picked":"SashWhip","floor":18.0},{"not_picked":["Protect+1","JustLucky"],"picked":"Crescendo+1","floor":21.0},{"not_picked":["Consecrate","Evaluate+1"],"picked":"Conclude","floor":22.0},{"not_picked":["Wireheading+1","Conclude+1"],"picked":"Pray+1","floor":24.0},{"not_picked":["JustLucky+1","ClearTheMind","Consecrate+1"],"picked":"SKIP","floor":28.0},{"not_picked":["PathToVictory","WreathOfFlame+1"],"picked":"BattleHymn+1","floor":30.0},{"not_picked":["Vault","Judgement"],"picked":"DevaForm+1","floor":33.0},{"not_picked":["Evaluate+1"],"picked":"SKIP","floor":35.0},{"not_picked":["BattleHymn+1"],"picked":"SKIP","floor":39.0},{"not_picked":[],"picked":"FearNoEvil+1","floor":41.0},{"not_picked":["ForeignInfluence+1"],"picked":"SKIP","floor":44.0},{"not_picked":["Evaluate"],"picked":"SKIP","floor":46.0},{"not_picked":["BowlingBash"],"picked":"SKIP","floor":47}],"player_experience":788671,"relics_obtained":[{"floor":8.0,"key":"Damaru"},{"floor":9.0,"key":"Mummified Hand"},{"floor":10.0,"key":"Oddly Smooth Stone"},{"floor":14.0,"key":"Frozen Egg 2"},{"floor":19.0,"key":"Enchiridion"},{"floor":24.0,"key":"Sundial"},{"floor":30.0,"key":"Regal Pillow"},{"floor":41.0,"key":"Boot"},{"floor":43.0,"key":"MealTicket"},{"floor":47,"key":"Whetstone"}],"event_choices":[{"damage_healed":0.0,"max_hp_gain":0.0,"max_hp_loss":0.0,"gold_gain":0.0,"event_name":"Shining Light","player_choice":"Entered Light","floor":2.0,"gold_loss":0.0,"damage_taken":14.0,"cards_upgraded":["Eruption","Strike_P"]},{"damage_healed":0.0,"max_hp_gain":0.0,"max_hp_loss":0.0,"gold_gain":0.0,"event_name":"Living Wall","player_choice":"Grow","floor":5.0,"gold_loss":0.0,"damage_taken":0.0,"cards_upgraded":["Wallop"]},{"damage_healed":0.0,"max_hp_gain":0.0,"max_hp_loss":0.0,"gold_gain":0.0,"event_name":"Cursed Tome","player_choice":"Obtained Book","floor":19.0,"gold_loss":0.0,"damage_taken":16.0},{"cards_removed":["Strike_P"],"damage_healed":0.0,"max_hp_gain":0.0,"max_hp_loss":0.0,"gold_gain":0.0,"event_name":"Purifier","player_choice":"Purged","floor":27.0,"gold_loss":0.0,"damage_taken":0.0},{"cards_removed":["Strike_P"],"damage_healed":0.0,"max_hp_gain":0.0,"max_hp_loss":0.0,"gold_gain":0.0,"event_name":"Designer","player_choice":"Upgrade and Remove","floor":31.0,"gold_loss":90.0,"damage_taken":0.0,"cards_upgraded":["Defend_P"]},{"damage_healed":18.0,"max_hp_gain":0.0,"max_hp_loss":0.0,"gold_gain":0.0,"event_name":"Winding Halls","player_choice":"Writhe","floor":36.0,"gold_loss":0.0,"damage_taken":0.0,"cards_obtained":["Writhe"]},{"damage_healed":0.0,"max_hp_gain":0.0,"max_hp_loss":0.0,"gold_gain":0.0,"event_name":"SecretPortal","player_choice":"Ignored","floor":37.0,"gold_loss":0.0,"damage_taken":0.0},{"damage_healed":0,"gold_gain":0,"player_choice":"Memory 1","damage_taken":0,"max_hp_gain":0,"max_hp_loss":0,"event_name":"SensoryStone","floor":48,"gold_loss":0}],"is_beta":false,"boss_relics":[{"not_picked":["Tiny House","Black Star"],"picked":"Runic Dome"},{"not_picked":["Empty Cage","Astrolabe"],"picked":"Busted Crown"}],"items_purged_floors":[38],"is_endless":false,"potions_floor_spawned":[1,12,13,16,21,22,24,41,46,47],"killed_by":"Awakened One","ascension_level":7}}