{"host":"kvh5342rl0c7vxi5","time":1614037618,"event":{"mods":["Act Like it!","BaseMod","Bestiary","Better Third Choice","Challenge The Spire","Downfall","Duelist Mod","GifTheSpireLib","Gremlin Mod","Hermit","Hubris","Ironclad Rager","Jorbs\u0027s Wanderer Trilogy","Melee Mod","Minty Spire (QoL Compilation)","Potionbrewer","Quick Restart","Relic Stats","Spicy Shops","Spire Arcade","StSLib","SuperFastMode","The Forsaken","The Judge","The Mystic","The Poker Player","The Sage","slay the spire mod where everything is the same but ironclad has a cowboy hat"],"gold_per_floor":[364,4,30,59,86,86,86,86,119,119,119],"floor_reached":10,"language":"ENG","playtime":561,"items_purged":[],"score":230,"play_id":"2c1c46ff-e28b-4531-90c7-5f014352c133","local_time":"20210222184658","daily_mods":["challengethespire:Platinum Difficulty","challengethespire:Modded Elite Rush","Uncertain Future"],"is_ascension_mode":true,"campfire_choices":[{"data":"hubris:DuctTapeCard","floor":7,"key":"SMITH"},{"data":"Footwork","floor":8,"key":"SMITH"}],"circlet_count":0,"master_deck":["AscendersBane","Strike_G","Strike_G","Strike_G","Strike_G","Strike_G","Defend_G","Defend_G","Defend_G","Defend_G","Defend_G","Survivor","Neutralize","Footwork+1","Deflect+1","Predator","PiercingWail+1","Dagger Throw+1","hubris:DuctTapeCard+2","PiercingWail+1"],"relics":["Ring of the Snake","Black Star","Sling","PreservedInsect","theForsaken:HumbleEgg","Oddly Smooth Stone","Eternal Feather","hubris:CrystalStatue","hubris:FunFungus","Slimebound:StickyStick","potionbrewer:RamsHorn","hubris:DuctTape","hubris:Backtick","Kunai","Girya","Art of War"],"acts_visited":["Exordium"],"potions_floor_usage":[10],"damage_taken":[{"damage":0,"enemies":"Lagavulin","floor":3,"turns":7},{"damage":2,"enemies":"3 Sentries","floor":4,"turns":6},{"damage":9,"enemies":"Gremlin Nob","floor":5,"turns":4},{"damage":12,"enemies":"Book of Stabbing","floor":9,"turns":6},{"damage":59,"enemies":"Gremlin Leader","floor":10,"turns":13}],"seed_played":"-4705315949456506272","potions_obtained":[{"floor":9,"key":"SpeedPotion"}],"is_trial":true,"path_per_floor":["$","$","E","E","E","T","R","R","E","E"],"character_chosen":"THE_SILENT","items_purchased":["Footwork","theForsaken:HumbleEgg","Deflect+1","Oddly Smooth Stone","Predator","Infinite Blades"],"campfire_rested":0,"item_purchase_floors":[1,1,1,2,2,2],"current_hp_per_floor":[59,59,59,57,48,48,57,66,55,0,0],"gold":119,"neow_bonus":"","is_daily":false,"chose_seed":false,"campfire_upgraded":2,"win_rate":0.0,"timestamp":1614037618,"path_taken":["$","$","E","E","E","T","R","R","E","E"],"items_purchased_type":["Card","Relic","Card","Relic","Card","Card"],"build_version":"2020-12-22","purchased_purges":0,"victory":false,"max_hp_per_floor":[66,66,66,66,66,66,66,66,66,66,66],"relic_stats":{"counters":[5,36],"Eternal Feather":18,"PreservedInsect":184,"Black Star":4,"Art of War":[1],"Kunai":[11],"obtain_stats":[{"Girya":9,"hubris:CrystalStatue":3,"hubris:DuctTape":5,"Oddly Smooth Stone":2,"Eternal Feather":3,"PreservedInsect":0,"Sling":0,"theForsaken:HumbleEgg":1,"potionbrewer:RamsHorn":5,"hubris:Backtick":6,"Slimebound:StickyStick":4,"hubris:FunFungus":4,"Black Star":0,"Art of War":9,"Kunai":6,"Ring of the Snake":0},{"Girya":4,"hubris:CrystalStatue":1,"hubris:DuctTape":3,"Oddly Smooth Stone":0,"Eternal Feather":1,"PreservedInsect":0,"Sling":0,"theForsaken:HumbleEgg":0,"potionbrewer:RamsHorn":3,"hubris:Backtick":3,"Slimebound:StickyStick":2,"hubris:FunFungus":2,"Black Star":0,"Art of War":4,"Kunai":3,"Ring of the Snake":0},{"Girya":23,"hubris:CrystalStatue":7,"hubris:DuctTape":17,"Oddly Smooth Stone":0,"Eternal Feather":7,"PreservedInsect":0,"Sling":0,"theForsaken:HumbleEgg":0,"potionbrewer:RamsHorn":17,"hubris:Backtick":17,"Slimebound:StickyStick":13,"hubris:FunFungus":13,"Black Star":0,"Art of War":23,"Kunai":17,"Ring of the Snake":0}],"Ring of the Snake":[10]},"card_choices":[],"player_experience":597497,"relics_obtained":[{"floor":3,"key":"Eternal Feather"},{"floor":3,"key":"hubris:CrystalStatue"},{"floor":4,"key":"hubris:FunFungus"},{"floor":4,"key":"Slimebound:StickyStick"},{"floor":5,"key":"potionbrewer:RamsHorn"},{"floor":5,"key":"hubris:DuctTape"},{"floor":9,"key":"Girya"},{"floor":9,"key":"Art of War"}],"event_choices":[],"is_beta":false,"boss_relics":[{"not_picked":["hubris:RunicObelisk","Velvet Choker"],"picked":"hubris:Backtick"}],"items_purged_floors":[],"is_endless":false,"potions_floor_spawned":[9],"killed_by":"Gremlin Leader","ascension_level":20}}