{"host":"vm8b3ptwl81uq21f","time":1614013404,"event":{"mods":["Act Like it!","Aspiration","BaseMod","BetterRewards","Colored Map","Colored Powertips","Conspire","Gensokyo","GifTheSpireLib","Googly Eyes","GungeonMod","Halation","Hubris","Infinite Spire","Minty Spire (QoL Compilation)","MostiFishMod","Quick Restart","Rare Cards Sparkle","Reliquary","Replay The Spire","Shop Mod","Spicy Shops","Spire Arcade","StSLib","Stuff the Spire","The IronCluck","The Jungle","[IsaacMod]????","??????REMEMod"],"gold_per_floor":[113,113,113,131,160,190,190,218,244,268,268,318,294,3,3,106,106,120,137,151,167,32,64,80,112,112,127,160,178,16,29,29,125,125,145,145,200,200,220,220,233,233,233,245,256,285,285,317,317,317,317,317,117,150,150],"floor_reached":56,"language":"ENG","playtime":2314,"items_purged":["Strike_B","Strike_B","Strike_B","Defend_B","Strike_B+1","Defend_B","Defend_B+1","MostiFishMod:TheEndOfMoonlight+1","Defend_B+3"],"score":3081,"play_id":"74fe2c42-3dea-43ee-95d6-c75d87cb1a09","local_time":"20210222120324","is_ascension_mode":true,"campfire_choices":[{"data":"Strike_B","floor":7,"key":"PURGE"},{"data":"Deep Breath","floor":11,"key":"SMITH"},{"data":"Impatience","floor":11,"key":"SMITH"},{"data":"Gash","floor":15,"key":"SMITH"},{"data":"Purity","floor":15,"key":"SMITH"},{"data":"MostiFishMod:Overload","floor":32,"key":"SMITH"},{"data":"Defend_B+1","floor":32,"key":"SMITH"},{"data":"MostiFishMod:NightSea","floor":40,"key":"SMITH"},{"data":"MostiFishMod:SparklingWater","floor":40,"key":"SMITH"},{"data":"MostiFishMod:FantasySummer","floor":42,"key":"SMITH"},{"data":"Defend_B+2","floor":42,"key":"SMITH"},{"floor":49,"key":"RECALL"},{"data":"MostiFishMod:Neptune+1","floor":52,"key":"PURGE"}],"circlet_count":0,"master_deck":["AscendersBane","Zap+1","Dualcast+1","Scrape+1","All For One+1","REME_ProfessionalPlagiarism+1","Go for the Eyes+1","Impatience+1","Gash+1","Gash+1","Purity+1","Deep Breath+1","Beam Cell+1","All For One+1","Gash+1","Beam Cell+1","REME_DataAnalysis+1","All For One+1","MostiFishMod:Overload+1","REME_ForAll+1","MostiFishMod:SparklingWater+1","MostiFishMod:FantasySummer+1","MostiFishMod:NightSea+1","Gash+1"],"relics":["Cracked Core","HushsDoor","DaveBox","REME_ComplimentaryCards","Leech","HollowDreamFlower","conspire:TreasureMap","Medical Kit","MerchantsRug","aspiration:HummingbirdHeart","Simple Rune","Replay:Wax Seal","reliquary:Aerogel","Mercury Hourglass","Replay:Multitool","Replay:Arrowhead","StuffTheSpire:DarkSteelAnvil","DemoMod:Armor","Molten Egg 2","reliquary:FingerTrap","SynthV:TestCard","hubris:Icosahedron","DemoMod:GlassGuonStoneRelic","StuffTheSpire:ForceGauntlet","reliquary:RoseTintedGlasses","hubris:TenFootPole","ReplayFunnel","hubris:CrystalStatue","PreservedInsect","Potion Belt","RhineSuit","theJungle:Flamango","DemoMod:BlueGuonStone","DemoMod:ClearGuonStone","Boot","REME_PuzzleBoxRelic","BrkXgEgg","MoonlightInvasionPlan","BionicSphere","reliquary:SilkGlove","hubris:Towel","CombinedTypeHook","Art of War"],"acts_visited":["Exordium","Exordium","TheBeyond","TheEnding"],"potions_floor_usage":[24,55,55,55,55],"damage_taken":[{"damage":0,"enemies":"Small Slimes","floor":1,"turns":1},{"damage":0,"enemies":"Jaw Worm","floor":4,"turns":1},{"damage":0,"enemies":"conspire:MimicChest","floor":5,"turns":2},{"damage":0,"enemies":"3 Sentries","floor":6,"turns":2},{"damage":0,"enemies":"Replay:BlueRogue","floor":8,"turns":2},{"damage":0,"enemies":"Hiden Room Battle","floor":12,"turns":1},{"damage":0,"enemies":"Lagavulin","floor":13,"turns":2},{"damage":0,"enemies":"The Guardian","floor":16,"turns":2},{"damage":0,"enemies":"theJungle:Flameango_and_Byrd","floor":18,"turns":2},{"damage":0,"enemies":"theJungle:5_Spyders","floor":19,"turns":2},{"damage":0,"enemies":"theJungle:Lyon","floor":20,"turns":1},{"damage":0,"enemies":"theJungle:SlimyTreeVines","floor":21,"turns":1},{"damage":0,"enemies":"theJungle:Cassacara","floor":23,"turns":1},{"damage":0,"enemies":"theJungle:2_Flameangoes","floor":24,"turns":1},{"damage":0,"enemies":"theJungle:2_Phrogs","floor":25,"turns":1},{"damage":0,"enemies":"Snake Plant","floor":27,"turns":1},{"damage":0,"enemies":"theJungle:Cassacara","floor":28,"turns":1},{"damage":0,"enemies":"theJungle:2_Snecko_Cultists","floor":29,"turns":1},{"damage":0,"enemies":"theJungle:Lyon","floor":31,"turns":1},{"damage":0,"enemies":"theJungle:TotemBoss","floor":33,"turns":1},{"damage":0,"enemies":"3 Shapes","floor":35,"turns":1},{"damage":0,"enemies":"2 Orb Walkers","floor":37,"turns":1},{"damage":0,"enemies":"Orb Walker","floor":39,"turns":1},{"damage":0,"enemies":"Sphere and 2 Shapes","floor":41,"turns":1},{"damage":0,"enemies":"Jaw Worm Horde","floor":44,"turns":1},{"damage":0,"enemies":"Spire Growth","floor":45,"turns":1},{"damage":0,"enemies":"R_Hoarder","floor":46,"turns":3},{"damage":0,"enemies":"Reptomancer","floor":48,"turns":1},{"damage":0,"enemies":"Time Eater","floor":50,"turns":2},{"damage":0,"enemies":"Shield and Spear","floor":54,"turns":1},{"damage":0,"enemies":"The Heart","floor":55,"turns":3}],"seed_played":"-456464752785499199","potions_obtained":[{"floor":6,"key":"Fire Potion"},{"floor":13,"key":"REME_GoldPotion"},{"floor":16,"key":"BlessingOfTheForge"},{"floor":19,"key":"SkillPotion"},{"floor":24,"key":"REME_GoldPotion"},{"floor":25,"key":"Weak Potion"},{"floor":27,"key":"Languid Potion"},{"floor":31,"key":"Fire Potion"},{"floor":37,"key":"DistilledChaos"},{"floor":39,"key":"EssenceOfSteel"},{"floor":41,"key":"DemoMod:LeadSkinPotion"}],"is_trial":false,"path_per_floor":["M","?","?","M","?","E","R","E","T","T","R","?","E","$","R","B",null,"M","M","M","M","?","E","M","E","T","M","E","M","$","M","R","B",null,"M","?","?","AVR","M","R","M","R","T","M","M","E","?","E","R","B",null,"R","$","E","B",null],"character_chosen":"DEFECT","items_purchased":["conspire:TreasureMap","Medical Kit","MerchantsRug","Tiny Chest","Scrape","War Paint","Technique","aspiration:HummingbirdHeart","reliquary:Buckler","DiscerningMonocle","Simple Rune","Replay:Wax Seal","reliquary:Aerogel","All For One","Mercury Hourglass","REME_ProfessionalPlagiarism","EssenceOfDarkness","Swift Potion","FearPotion","Elixir","PrismaticShard","Go for the Eyes","Impatience","Guide Book","Gash","Gash","Purity","Deep Breath","StuffTheSpire:DarkSteelAnvil","Replay:Baseball","Molten Egg 2","Beam Cell+1","reliquary:FingerTrap","DollysMirror","REME_DataAnalysis+1","REME_PuzzleBoxRelic","BrkXgEgg"],"campfire_rested":0,"item_purchase_floors":[0,0,0,0,0,0,0,0,0,0,0,0,0,0,0,0,0,0,0,0,0,0,0,0,0,0,0,0,0,0,0,0,0,0,14,30,30],"current_hp_per_floor":[41,41,41,45,50,55,55,60,60,60,60,64,69,69,69,74,84,87,87,87,87,87,87,87,87,87,87,87,87,87,87,87,87,80,80,80,80,80,80,80,80,80,80,80,80,80,80,80,80,80,80,80,80,80,80],"gold":150,"neow_bonus":"","is_daily":false,"chose_seed":false,"campfire_upgraded":10,"win_rate":0.0,"timestamp":1614013404,"path_taken":["M","?","?","?","?","E","R","E","T","?","R","?","E","?","R","BOSS","M","M","M","?","?","E","M","E","T","?","E","M","$","M","R","BOSS","M","?","?","AVR","?","R","M","R","T","M","M","E","?","E","R","BOSS","R","$","E","BOSS"],"items_purchased_type":["Relic","Relic","Relic","Relic","Card","Relic","Relic","Relic","Relic","Relic","Relic","Relic","Relic","Card","Relic","Card","Potion","Potion","Potion","Potion","Relic","Card","Card","Relic","Card","Card","Card","Card","Relic","Relic","Relic","Card","Relic","Relic","Card","Relic","Relic"],"build_version":"2020-12-22","purchased_purges":9,"victory":true,"max_hp_per_floor":[92,92,92,92,92,92,92,92,92,92,92,92,92,92,92,92,87,87,87,87,87,87,87,87,87,87,87,87,87,87,87,87,87,80,80,80,80,80,80,80,80,80,80,80,80,80,80,80,80,80,80,80,80,80,80],"card_choices":[{"not_picked":["Cold Snap+1","ReplayTheSpireMod:Calculation Training"],"picked":"Gash+1","floor":1},{"not_picked":["Storm","Compile Driver+1","Consume","MostiFishMod:Nova+1"],"picked":"Gash+1","floor":4},{"not_picked":["Conserve Battery","Turbo","Panic Button","Gash+1"],"picked":"Beam Cell+1","floor":5},{"not_picked":["Bomb","Rebound+1","BasicCrystalCard","BootSequence","Fan"],"picked":"SKIP","floor":6},{"not_picked":["Rebound+1","BasicCrystalCard","BootSequence","Fan"],"picked":"Bomb","floor":6},{"not_picked":["Barrage+1","Hologram","Rip and Tear+1","hubris:Prefetch","Panic Button"],"picked":"SKIP","floor":8},{"not_picked":["Rebound+1","Compile Driver+1","Gash+1","Hologram"],"picked":"Bomb","floor":13},{"not_picked":["MostiFishMod:TalkingToTheRain","MostiFishMod:ActiveDefenseSystem","Meteor Strike+1","Electrodynamics"],"picked":"All For One+1","floor":16},{"not_picked":["Compile Driver+1","Redo","Cold Snap+1","Sweeping Beam+1"],"picked":"MostiFishMod:Overload","floor":18},{"not_picked":["Compile Driver+1","Coolheaded","MostiFishMod:PushDownKick+1","Sunder+1","BasicCrystalCard"],"picked":"SKIP","floor":19},{"not_picked":["Hologram","MostiFishMod:LinkProtocol+1","hubris:PowerSurge","Time Bomb","Blizzard+1"],"picked":"SKIP","floor":20},{"not_picked":["Sweeping Beam+1","StuffTheSpire:Plugnplay","ReplaySolidLightProjector","Stack","Double Energy"],"picked":"SKIP","floor":21},{"not_picked":["StuffTheSpire:LoadUp","Stack","Cold Snap+1","Streamline+1"],"picked":"REME_ForAll+1","floor":23},{"not_picked":["Streamline+1","Fan","Leap+1","Redo","Gash+1"],"picked":"SKIP","floor":24},{"not_picked":["Rebound+1","StuffTheSpire:EventHorizon","MostiFishMod:ReprogramOld","Cold Snap+1","Leap"],"picked":"SKIP","floor":25},{"not_picked":["hubris:Ukulele+1","Reprogram","BasicCrystalCard+1","Barrage+1","Streamline+1"],"picked":"SKIP","floor":27},{"not_picked":["ReplayTheSpireMod:Reroute Power","FIFO Queue","Leap","ReplayTheSpireMod:Omega Cannon+1","Coolheaded"],"picked":"SKIP","floor":28},{"not_picked":["Hologram","Cold Snap+1","StuffTheSpire:Purify","Force Field","Fan"],"picked":"SKIP","floor":29},{"not_picked":["Compile Driver+1","Panic Button+1","Go for the Eyes+1","Ball Lightning+1","Defragment"],"picked":"SKIP","floor":31},{"not_picked":["Cold Snap+1","Cancel+1","BasicCrystalCard+1","Defragment","Sweeping Beam+1"],"picked":"SKIP","floor":35},{"not_picked":["StuffTheSpire:GlassShard+1","StuffTheSpire:Coldhearted","Stack+1","Ball Lightning+1","Conserve Battery"],"picked":"SKIP","floor":39},{"not_picked":["Undo","Redo","conspire:Rain+1","Aggregate","ReplaySort"],"picked":"SKIP","floor":41},{"not_picked":["MostiFishMod:DeathFromBelow+1","Sweeping Beam+1","FIFO Queue+1","Defragment","MostiFishMod:IceShield+1"],"picked":"SKIP","floor":44},{"not_picked":["Coolheaded+1","BasicCrystalCard+1","Loop+1","Streamline+1"],"picked":"Gash+1","floor":45},{"not_picked":["Fan","StuffTheSpire:ShieldGenerator","Crystallizer+1","StuffTheSpire:LoadUp","Lockon+1"],"picked":"SKIP","floor":46},{"not_picked":["Leap","Streamline+1","MostiFishMod:DawningShadow+1","Rebound+1","Blizzard+1"],"picked":"SKIP","floor":48},{"not_picked":["Gash+1","Panic Button","StuffTheSpire:Plugnplay+1","Electrodynamics+1","Static Discharge"],"picked":"SKIP","floor":54}],"player_experience":437077,"relics_obtained":[{"floor":1,"key":"SynthV:TestCard"},{"floor":5,"key":"halation:Trompette"},{"floor":6,"key":"StuffTheSpire:ForceGauntlet"},{"floor":8,"key":"reliquary:RoseTintedGlasses"},{"floor":9,"key":"hubris:TenFootPole"},{"floor":10,"key":"ReplayFunnel"},{"floor":12,"key":"hubris:CrystalStatue"},{"floor":12,"key":"PreservedInsect"},{"floor":13,"key":"Potion Belt"},{"floor":23,"key":"DemoMod:BlueGuonStone"},{"floor":25,"key":"DemoMod:ClearGuonStone"},{"floor":26,"key":"Boot"},{"floor":28,"key":"TuHaoJin"},{"floor":37,"key":"BionicSphere"},{"floor":46,"key":"reliquary:SilkGlove"},{"floor":48,"key":"CombinedTypeHook"},{"floor":54,"key":"Art of War"}],"event_choices":[{"damage_healed":0,"gold_gain":0,"player_choice":"Fight","damage_taken":0,"max_hp_gain":0,"max_hp_loss":0,"event_name":"HidenRoomEvent","floor":12,"gold_loss":0},{"cards_removed":["Gash"],"damage_healed":0,"gold_gain":0,"player_choice":"Removed Attack","damage_taken":0,"max_hp_gain":0,"max_hp_loss":0,"event_name":"Falling","floor":36,"gold_loss":0},{"damage_healed":0,"gold_gain":0,"player_choice":"Fight","damage_taken":0,"max_hp_gain":0,"max_hp_loss":0,"event_name":"Mysterious Sphere","floor":37,"gold_loss":0}],"is_beta":false,"boss_relics":[{"not_picked":["StuffTheSpire:RunicConfusion","conspire:RoyalGoblet"],"picked":"RhineSuit"},{"not_picked":[]},{"not_picked":["halation:Risk","reliquary:RedCape"],"picked":"MoonlightInvasionPlan"},{"not_picked":[]}],"items_purged_floors":[0,0,0,14,14,17,34,38,53],"is_endless":false,"potions_floor_spawned":[6,13,16,19,24,25,27,28,31,37,39,41,45],"ascension_level":12}}