{"host":"7wi4qgm5yw4j7oz0","time":1614003650,"event":{"mods":["AchievementEnabler","BaseMod","Block Reminder","Colored Map","Colored Powertips","Highlight Path","Minty Spire (QoL Compilation)","Permanent Neow","Random Character Button","StSLib","SuperFastMode","everything is the same but u backflip on backflip"],"gold_per_floor":[118,133,113,132,144,144,173,187,187,187,199,18,18,43,43,43,43],"floor_reached":16,"language":"KOR","playtime":518,"items_purged":["Strike_R"],"score":196,"play_id":"ef1795db-8d5f-4a91-880c-e6236a0a900b","local_time":"20210222232050","is_ascension_mode":true,"campfire_choices":[{"data":"Armaments","floor":6,"key":"SMITH"},{"floor":10,"key":"REST"},{"floor":13,"key":"REST"},{"data":"Anger","floor":15,"key":"SMITH"}],"circlet_count":0,"master_deck":["AscendersBane","Strike_R","Strike_R","Strike_R","Strike_R","Defend_R","Defend_R","Defend_R","Defend_R","Bash","Wild Strike","Pommel Strike","Armaments+1","Iron Wave","Cleave","Body Slam","Anger+1"],"relics":["Burning Blood","PreservedInsect","InkBottle","Membership Card","Incense Burner"],"acts_visited":["Exordium"],"potions_floor_usage":[],"damage_taken":[{"damage":18,"enemies":"Jaw Worm","floor":1,"turns":4},{"damage":6,"enemies":"Cultist","floor":2,"turns":4},{"damage":11,"enemies":"2 Louse","floor":4,"turns":3},{"damage":6,"enemies":"Looter","floor":5,"turns":3},{"damage":35,"enemies":"3 Sentries","floor":7,"turns":9},{"damage":16,"enemies":"3 Louse","floor":8,"turns":4},{"damage":20,"enemies":"Large Slime","floor":11,"turns":7},{"damage":16,"enemies":"Gremlin Nob","floor":14,"turns":3},{"damage":36,"enemies":"Hexaghost","floor":16,"turns":8}],"seed_played":"324509326630983950","potions_obtained":[{"floor":3,"key":"Ancient Potion"},{"floor":5,"key":"BloodPotion"},{"floor":11,"key":"Weak Potion"}],"is_trial":false,"path_per_floor":["M","M","?","M","M","R","E","M","T","R","M","$","R","E","R","B"],"character_chosen":"IRONCLAD","items_purchased":["Membership Card"],"campfire_rested":2,"item_purchase_floors":[12],"current_hp_per_floor":[56,56,56,51,51,51,22,12,12,34,20,20,42,32,32,0,0],"gold":43,"neow_bonus":"THREE_CARDS","is_daily":false,"chose_seed":false,"campfire_upgraded":2,"win_rate":0.0,"timestamp":1614003650,"path_taken":["M","M","?","M","M","R","E","M","T","R","M","$","R","E","R","BOSS"],"items_purchased_type":["Relic"],"build_version":"2020-12-22","purchased_purges":1,"victory":false,"max_hp_per_floor":[75,75,75,75,75,75,75,75,75,75,75,75,75,75,75,75,75],"card_choices":[{"not_picked":["Body Slam","Iron Wave"],"picked":"Wild Strike","floor":0},{"not_picked":["Heavy Blade","Whirlwind"],"picked":"Pommel Strike","floor":1},{"not_picked":["Wild Strike","Clothesline"],"picked":"Armaments","floor":2},{"not_picked":["Exhume","Combust"],"picked":"Iron Wave","floor":4},{"not_picked":["Seeing Red","Blood for Blood"],"picked":"Cleave","floor":5},{"not_picked":["Bloodletting","Blood for Blood"],"picked":"Body Slam","floor":7},{"not_picked":["Sever Soul","Thunderclap"],"picked":"Anger","floor":8},{"not_picked":["Clothesline","Rupture","Heavy Blade"],"picked":"SKIP","floor":11},{"not_picked":["Clash","Anger","Wild Strike"],"picked":"SKIP","floor":14}],"player_experience":347185,"relics_obtained":[{"floor":7,"key":"PreservedInsect"},{"floor":9,"key":"InkBottle"},{"floor":14,"key":"Incense Burner"}],"event_choices":[{"damage_healed":0,"gold_gain":0,"player_choice":"Bought 1 Potion","damage_taken":0,"max_hp_gain":0,"max_hp_loss":0,"event_name":"The Woman in Blue","floor":3,"gold_loss":0}],"is_beta":false,"boss_relics":[],"items_purged_floors":[12],"is_endless":false,"potions_floor_spawned":[5,7,11],"killed_by":"Hexaghost","ascension_level":15}}