{"host":"t1puqh5lxz8sp6fn","time":1614031831,"event":{"mods":["AchievementEnabler","BaseMod","Colored Powertips","Minty Spire (QoL Compilation)","Rare Cards Sparkle","Relic Stats","StSLib"],"gold_per_floor":[117,130,130,149,16,47,63,63,117,117,137,8,8,28,28,121,121,141,141,160,203,221,66,116,116,116],"floor_reached":25,"playtime":887,"items_purged":[],"score":352,"play_id":"9946e962-995f-408b-97fe-e21d23091ab0","local_time":"20210222191031","is_ascension_mode":true,"campfire_choices":[{"data":"Reprogram","floor":8,"key":"SMITH"},{"data":"Reprogram","floor":10,"key":"SMITH"},{"floor":15,"key":"REST"}],"circlet_count":0,"master_deck":["AscendersBane","Strike_B","Strike_B","Strike_B","Defend_B","Defend_B","Defend_B","Defend_B","Blind","Reprogram+1","Sunder","Skim","Rebound","Reprogram+1","Reinforced Body","Sweeping Beam","BootSequence","Streamline","Hyperbeam","Steam","Reboot","Turbo","Reinforced Body","Undo"],"relics":["Cracked Core","Symbiotic Virus","Happy Flower","Odd Mushroom","Golden Idol","Black Star","Red Mask","Chemical X"],"acts_visited":["Exordium","TheCity"],"potions_floor_usage":[11,16,16,21,21],"damage_taken":[{"damage":0,"enemies":"Small Slimes","floor":1,"turns":2},{"damage":2,"enemies":"Jaw Worm","floor":2,"turns":3},{"damage":0,"enemies":"2 Louse","floor":4,"turns":2},{"damage":40,"enemies":"Lagavulin","floor":6,"turns":10},{"damage":1,"enemies":"2 Fungi Beasts","floor":7,"turns":3},{"damage":1,"enemies":"The Mushroom Lair","floor":11,"turns":3},{"damage":10,"enemies":"3 Louse","floor":14,"turns":4},{"damage":12,"enemies":"The Guardian","floor":16,"turns":12},{"damage":23,"enemies":"Spheric Guardian","floor":18,"turns":5},{"damage":0,"enemies":"Chosen","floor":20,"turns":5},{"damage":0,"enemies":"Masked Bandits","floor":21,"turns":2},{"damage":28,"enemies":"Snake Plant","floor":22,"turns":8},{"damage":1,"enemies":"Slavers","floor":25,"turns":1}],"seed_played":"-8288472840119676272","potions_obtained":[{"floor":1,"key":"Swift Potion"},{"floor":11,"key":"SteroidPotion"},{"floor":16,"key":"Strength Potion"},{"floor":20,"key":"FearPotion"}],"is_trial":false,"path_per_floor":["M","M","?","M","$","E","M","R","T","R","?","$","?","M","R","B",null,"M","?","M","?","M","$","?","E"],"character_chosen":"DEFECT","items_purchased":["Reprogram","Explosive Potion","BootSequence","Strength Potion","Chemical X"],"campfire_rested":1,"item_purchase_floors":[5,5,12,12,23],"current_hp_per_floor":[64,62,62,62,62,22,21,21,21,21,20,20,20,10,29,17,52,29,29,29,29,1,1,1,0,0],"gold":116,"neow_bonus":"RANDOM_COLORLESS","is_daily":false,"chose_seed":false,"campfire_upgraded":2,"win_rate":0.0,"timestamp":1614031831,"path_taken":["M","M","?","M","$","E","M","R","T","R","?","?","?","?","R","BOSS","M","?","M","?","M","$","?","E"],"items_purchased_type":["Card","Potion","Card","Potion","Relic"],"build_version":"2020-12-13","purchased_purges":0,"victory":false,"max_hp_per_floor":[71,71,71,71,71,71,71,71,71,71,71,71,64,64,64,64,64,64,64,64,64,64,64,64,64,64],"relic_stats":{"Happy Flower":[13],"counters":[13,60],"Golden Idol":44,"Black Star":0,"Chemical X":[1],"obtain_stats":[{"Happy Flower":9,"Golden Idol":13,"Black Star":17,"Red Mask":21,"Chemical X":23,"Odd Mushroom":11,"Cracked Core":0,"Symbiotic Virus":6},{"Happy Flower":5,"Golden Idol":6,"Black Star":8,"Red Mask":11,"Chemical X":12,"Odd Mushroom":6,"Cracked Core":0,"Symbiotic Virus":4},{"Happy Flower":20,"Golden Idol":23,"Black Star":39,"Red Mask":51,"Chemical X":59,"Odd Mushroom":23,"Cracked Core":0,"Symbiotic Virus":17}]},"card_choices":[{"not_picked":["Dark Shackles","Flash of Steel"],"picked":"Blind","floor":0},{"not_picked":["Turbo","Redo"],"picked":"Reprogram","floor":1},{"not_picked":["Loop","Go for the Eyes"],"picked":"Sunder","floor":2},{"not_picked":["Melter","Scrape"],"picked":"Rebound","floor":4},{"not_picked":["Creative AI","Go for the Eyes"],"picked":"Reinforced Body","floor":6},{"not_picked":["Turbo","Barrage","Rebound"],"picked":"SKIP","floor":7},{"not_picked":["Rip and Tear","Capacitor"],"picked":"Sweeping Beam","floor":11},{"not_picked":["Streamline","Rebound","Coolheaded"],"picked":"SKIP","floor":14},{"not_picked":["Streamline","Rebound","Coolheaded"],"picked":"SKIP","floor":14},{"not_picked":["Rebound","Coolheaded"],"picked":"Streamline","floor":14},{"not_picked":["Echo Form","Thunder Strike"],"picked":"Hyperbeam","floor":16},{"not_picked":["Streamline","Barrage"],"picked":"Steam","floor":18},{"not_picked":["Barrage+1","Coolheaded"],"picked":"Reinforced Body","floor":20},{"not_picked":["Streamline+1","Beam Cell"],"picked":"Undo","floor":21},{"not_picked":["Hello World","Stack","Rebound"],"picked":"SKIP","floor":22}],"player_experience":549426,"relics_obtained":[{"floor":6,"key":"Symbiotic Virus"},{"floor":9,"key":"Happy Flower"},{"floor":11,"key":"Odd Mushroom"},{"floor":21,"key":"Red Mask"}],"event_choices":[{"damage_healed":0,"gold_gain":0,"cards_transformed":["Strike_B"],"player_choice":"Change","damage_taken":0,"max_hp_gain":0,"max_hp_loss":0,"event_name":"Living Wall","floor":3,"gold_loss":0,"cards_obtained":["Skim"]},{"damage_healed":0,"gold_gain":0,"player_choice":"Fought Mushrooms","damage_taken":0,"max_hp_gain":0,"max_hp_loss":0,"event_name":"Mushrooms","floor":11,"gold_loss":0},{"damage_healed":0,"gold_gain":0,"player_choice":"Lose Max HP","damage_taken":0,"relics_obtained":["Golden Idol"],"max_hp_gain":0,"max_hp_loss":7,"event_name":"Golden Idol","floor":13,"gold_loss":0},{"damage_healed":0,"gold_gain":0,"cards_transformed":["Zap","Dualcast"],"player_choice":"Became Test Subject","damage_taken":0,"max_hp_gain":0,"max_hp_loss":0,"event_name":"Drug Dealer","floor":19,"gold_loss":0,"cards_obtained":["Reboot","Turbo"]},{"damage_healed":0,"gold_gain":0,"player_choice":"Fought Bandits","damage_taken":0,"max_hp_gain":0,"max_hp_loss":0,"event_name":"Masked Bandits","floor":21,"gold_loss":0},{"damage_healed":0,"gold_gain":50,"player_choice":"Stole From Cult","damage_taken":0,"max_hp_gain":0,"max_hp_loss":0,"event_name":"Nest","floor":24,"gold_loss":0}],"is_beta":false,"boss_relics":[{"not_picked":["Runic Dome","Velvet Choker"],"picked":"Black Star"}],"items_purged_floors":[],"is_endless":false,"potions_floor_spawned":[1,11,14,16,20],"killed_by":"Slavers","ascension_level":15}}