{"host":"a3gu5zu37ht99mpa","time":1614015767,"event":{"mods":["100% Spire Juice","Act Like it!","BaseMod","Better Silent Start","Better Third Choice","BetterRewards","Conspire","Downfall","Energized Spire","Friendly Minions","GifTheSpireLib","Gold Saver","Gremlin Mod","Halation","Hallownest","Hermit","HololiveMod","JesterMod","Koishi","Lobotomy","LobotomyExtend","Luminous","Minty Spire (QoL Compilation)","Reliquary","Shade Mod","Shapeshifter Mod","StSLib","Stuff the Spire","The Administrix","The Animator","The Bug Knight","The Cursed","The Hayseed","The Poker Player","The Saiyan","The Senshi","The Showman","The Wild Card","TheFirefly","Virulent Crown","Wandering Minibosses","WarShipGirlsR/????R mod","Yohane!","Yuyuko","yUi","??????REMEMod"],"gold_per_floor":[114,114,114,114,114,146,146,94,118,138,138,163,177,194,194,292,292,307,323,404,404,83,83,10,40,65,65,99,115,133,146,146,246,246,261,261,261,272,272,272,284,184,184,184,201,101,101,116,116,116,116],"floor_reached":50,"language":"ENG","playtime":3312,"items_purged":["Hallownest:curseDreamersLament","StSShapeShifter:VileMushroom+1"],"score":538,"play_id":"103fcf5f-e0d3-41c4-9488-55b7685d6256","local_time":"20210222124247","is_ascension_mode":false,"campfire_choices":[{"data":"StSShapeShifter:StormGryphonForm","floor":7,"key":"SMITH"},{"data":"StSShapeShifter:BarkSkin","floor":11,"key":"SMITH"},{"data":"StSShapeShifter:BurstingSpore","floor":15,"key":"SMITH"},{"floor":23,"key":"RECALL"},{"data":"StSShapeShifter:Ensconce","floor":27,"key":"SMITH"},{"data":"StSShapeShifter:TopazSkin","floor":32,"key":"SMITH"},{"data":"StSShapeShifter:Spring","floor":40,"key":"SMITH"},{"data":"StSShapeShifter:RockSlide","floor":47,"key":"SMITH"},{"data":"StSShapeShifter:SkullBash","floor":49,"key":"SMITH"}],"circlet_count":0,"master_deck":["StSShapeShifter:ShapeShifter_Strike","StSShapeShifter:ShapeShifter_Strike","StSShapeShifter:ShapeShifter_Strike+1","StSShapeShifter:ShapeShifter_Strike+1","StSShapeShifter:ShapeShifter_Defend","StSShapeShifter:ShapeShifter_Defend","StSShapeShifter:ShapeShifter_Defend","StSShapeShifter:ShapeShifter_Defend","StSShapeShifter:ShapeShifter_Defend","StSShapeShifter:PoisonIvy+1","StSShapeShifter:StormGryphonForm+1","StSShapeShifter:BarkSkin+1","StSShapeShifter:VineHandcuffs","StSShapeShifter:ShiftingStrike","StSShapeShifter:Forgiveness","StSShapeShifter:BurstingSpore+1","StSShapeShifter:SkullBash+1","StSShapeShifter:RockSlide+1","StSShapeShifter:Roar+1","StSShapeShifter:Ensconce+1","StSShapeShifter:Efflorescence+1","StSShapeShifter:TopazSkin+1","StSShapeShifter:BladeOfGrass+1","StSShapeShifter:Spring+1","StSShapeShifter:BurstingSpore+1","StSShapeShifter:BurstingSpore+1","StSShapeShifter:BurstingSpore+1","StSShapeShifter:AdaptiveStrikes+1","StSShapeShifter:RockSlide+1"],"relics":["StSShapeShifter:AnimalHeart","StSShapeShifter:TheShapeShiftersMagnolia","REME_ComplimentaryCards","CogitoBucket","StuffTheSpire:Rhapsscallions","LetterFromLob","HollowMod:PaleOreRelic","reliquary:Spinner","Coffee Dripper","Hallownest:WatcherSealRelic","Matryoshka","Ancient Tea Set","reliquary:Knoch","Centennial Puzzle","TungstenRod","Theresia","conspire:RoyalGoblet","AtMidnight","Hallownest:KingsIdolRelic","Hallownest:SoulVesselRelic","StuffTheSpire:Gunfinga","Eternal Feather"],"acts_visited":["Hallownest:Greenpath","Hallownest:CityofTears","Hallownest:KingdomsEdge"],"potions_floor_usage":[30,30,31,41,45,45],"damage_taken":[{"damage":5,"enemies":"Hallownest:monsterHuskWarrior","floor":1,"turns":3},{"damage":15,"enemies":"Hallownest:eliteMossKnight","floor":6,"turns":7},{"damage":0,"enemies":"Hallownest:2_Baldur","floor":10,"turns":3},{"damage":0,"enemies":"Hallownest:eliteVengeflyKing","floor":12,"turns":5},{"damage":0,"enemies":"2_ Uuma","floor":13,"turns":4},{"damage":3,"enemies":"Hallownest:monsterMossCharger","floor":14,"turns":2},{"damage":35,"enemies":"Hallownest:BossHornet","floor":16,"turns":10},{"damage":4,"enemies":"Hallownest:Guard_and_Sentry","floor":18,"turns":4},{"damage":4,"enemies":"Hallownest:2_Mistakes","floor":19,"turns":4},{"damage":14,"enemies":"Hallownest:eliteSoulWarrior","floor":25,"turns":6},{"damage":25,"enemies":"Hallownest:eliteWatcherKnight","floor":28,"turns":10},{"damage":37,"enemies":"Hallownest:Master_and_Novice","floor":29,"turns":6},{"damage":13,"enemies":"Hallownest:3_Mistakes","floor":30,"turns":5},{"damage":0,"enemies":"Hallownest:Warrior_and_Youth","floor":31,"turns":3},{"damage":4,"enemies":"Hallownest:BossSoulMaster","floor":33,"turns":10},{"damage":14,"enemies":"Hallownest:Shield_Heavy","floor":35,"turns":5},{"damage":7,"enemies":"Hallownest:2_Littles","floor":38,"turns":5},{"damage":0,"enemies":"Hallownest:2_Wandering_and_1_Horned","floor":41,"turns":5},{"damage":9,"enemies":"Hallownest:2_Soldiers_and_1_Guardian","floor":45,"turns":4},{"damage":0,"enemies":"Hallownest:2_Great","floor":48,"turns":5},{"damage":100,"enemies":"Hallownest:BossHollowKnight","floor":50,"turns":8}],"seed_played":"7599467154010850439","potions_obtained":[{"floor":1,"key":"BlessingOfTheForge"},{"floor":10,"key":"Energy Potion"},{"floor":13,"key":"SpeedPotion"},{"floor":19,"key":"PowerPotion"},{"floor":30,"key":"Dexterity Potion"},{"floor":33,"key":"Dexterity Potion"},{"floor":38,"key":"Block Potion"},{"floor":48,"key":"LiquidMemories"}],"is_trial":false,"path_per_floor":["M","?","?","?","?","E","R","$","T","M","R","E","M","M","R","B",null,"M","M","T","?","$","R","$","E","T","R","E","M","M","M","R","B",null,"M","?","$","M","?","R","M","?","T","?","M","$","R","M","R","B"],"character_chosen":"SHAPESHIFTER","items_purchased":["StSShapeShifter:BarkSkin","Matryoshka","StSShapeShifter:Ensconce"],"campfire_rested":0,"item_purchase_floors":[8,22,24],"current_hp_per_floor":[73,73,64,64,57,47,47,47,47,47,47,47,47,48,48,19,83,79,75,75,75,75,75,75,65,65,65,48,24,17,17,17,17,83,69,69,69,66,66,66,70,70,70,70,61,61,76,80,83,0,0],"gold":116,"neow_bonus":"","is_daily":false,"chose_seed":false,"campfire_upgraded":8,"win_rate":0.0,"timestamp":1614015767,"path_taken":["M","?","?","?","?","E","R","$","T","M","R","E","?","M","R","BOSS","M","M","?","?","$","R","$","E","T","R","E","M","M","M","R","BOSS","M","?","$","M","?","R","M","?","T","?","M","$","R","M","R","BOSS"],"items_purchased_type":["Card","Relic","Card"],"build_version":"2020-12-22","purchased_purges":2,"victory":false,"max_hp_per_floor":[78,78,78,78,78,83,83,83,83,83,83,83,83,83,83,83,83,83,83,83,83,83,83,83,83,83,83,83,83,83,83,83,83,83,83,83,83,83,83,83,83,83,83,83,83,83,83,83,83,83,83],"card_choices":[{"not_picked":["StSShapeShifter:BladeOfGrass","StSShapeShifter:CosmicShifter"],"picked":"StSShapeShifter:PoisonIvy","floor":1},{"not_picked":["StSShapeShifter:DiverseSpirit","StSShapeShifter:Sapling","StSShapeShifter:OpportuneSwoop"],"picked":"SKIP","floor":6},{"not_picked":["StSShapeShifter:Efflorescence","StSShapeShifter:RaptorForm"],"picked":"StSShapeShifter:VineHandcuffs","floor":10},{"not_picked":["StSShapeShifter:MammothForm","StSShapeShifter:CosmicShifter"],"picked":"StSShapeShifter:ShiftingStrike","floor":12},{"not_picked":["StSShapeShifter:MonkeyForm","StSShapeShifter:OakBlade","StSShapeShifter:LeapingSlash"],"picked":"SKIP","floor":13},{"not_picked":["StSShapeShifter:MonkeyForm","StSShapeShifter:OakBlade","StSShapeShifter:LeapingSlash"],"picked":"SKIP","floor":13},{"not_picked":["StSShapeShifter:LeapingSlash","StSShapeShifter:RockSlide"],"picked":"StSShapeShifter:BurstingSpore","floor":14},{"not_picked":["StSShapeShifter:BurstOfLifeEscapeDeath","StSShapeShifter:Vengeance"],"picked":"StSShapeShifter:SkullBash","floor":16},{"not_picked":["StSShapeShifter:BarkSkin","StSShapeShifter:Sapling"],"picked":"StSShapeShifter:RockSlide","floor":18},{"not_picked":["StSShapeShifter:SunflowerShuriken","StSShapeShifter:BloomingSlash"],"picked":"StSShapeShifter:Roar+1","floor":19},{"not_picked":["StSShapeShifter:ThrashAbout+1","StSShapeShifter:VineHandcuffs"],"picked":"StSShapeShifter:Efflorescence+1","floor":25},{"not_picked":["StSShapeShifter:CosmicShifter+1","StSShapeShifter:MagicMushrooms"],"picked":"StSShapeShifter:TopazSkin","floor":28},{"not_picked":["StSShapeShifter:PorcupineForm","StSShapeShifter:BulwarkOfDiscovery","StSShapeShifter:MammothForm"],"picked":"SKIP","floor":29},{"not_picked":["StSShapeShifter:Sapling","StSShapeShifter:SunflowerShuriken"],"picked":"StSShapeShifter:Efflorescence+1","floor":30},{"not_picked":["StSShapeShifter:Guard","StSShapeShifter:Rest+1"],"picked":"StSShapeShifter:BladeOfGrass+1","floor":31},{"not_picked":["StSShapeShifter:RhinoCalfForm","StSShapeShifter:DragonForm"],"picked":"StSShapeShifter:Spring","floor":33},{"not_picked":["StSShapeShifter:TopazSkin","StSShapeShifter:BarkSkin"],"picked":"StSShapeShifter:BurstingSpore","floor":35},{"not_picked":["StSShapeShifter:Roar+1","StSShapeShifter:ReplenishingNectar+1"],"picked":"StSShapeShifter:BurstingSpore+1","floor":38},{"not_picked":["StSShapeShifter:RockSlide+1","StSShapeShifter:MonkeyForm"],"picked":"StSShapeShifter:AdaptiveStrikes+1","floor":41},{"not_picked":["StSShapeShifter:OakBlade+1","StSShapeShifter:Vengeance"],"picked":"StSShapeShifter:VileMushroom+1","floor":45},{"not_picked":["StSShapeShifter:RaptorForm","StSShapeShifter:BarkSkin+1"],"picked":"StSShapeShifter:RockSlide+1","floor":48}],"player_experience":126055,"relics_obtained":[{"floor":6,"key":"StuffTheSpire:Rhapsscallions"},{"floor":6,"key":"LetterFromLob"},{"floor":9,"key":"HollowMod:PaleOreRelic"},{"floor":12,"key":"reliquary:Spinner"},{"floor":25,"key":"Ancient Tea Set"},{"floor":26,"key":"reliquary:Knoch"},{"floor":26,"key":"Centennial Puzzle"},{"floor":28,"key":"TungstenRod"},{"floor":38,"key":"AtMidnight"},{"floor":43,"key":"StuffTheSpire:Gunfinga"},{"floor":43,"key":"Eternal Feather"}],"event_choices":[{"damage_healed":0,"gold_gain":0,"player_choice":"Leave","damage_taken":0,"max_hp_gain":0,"max_hp_loss":0,"event_name":"conspire:Investor","floor":44,"gold_loss":0}],"is_beta":false,"boss_relics":[{"not_picked":["halation:Risk","halation:PinkAlligatorPlush"],"picked":"Coffee Dripper"},{"not_picked":["reliquary:Ember","energizedSpire:RedRose"],"picked":"conspire:RoyalGoblet"}],"items_purged_floors":[22,46],"is_endless":false,"potions_floor_spawned":[1,10,13,19,28,30,33,38,48],"killed_by":"Hallownest:BossHollowKnight","ascension_level":0}}