{"host":"pptp7dign1ra93gk","time":1614010284,"event":{"mods":["Act Like it!","Aspiration","BaseMod","Conspire","Downfall","Gensokyo","Marisa£®ÏF”Í°°ƒß¿Ì…≥£©","Minty Spire (QoL Compilation)","Remilia£®¿Ÿ√◊¿Ú—«£©","Replay The Spire","StSLib","The Construct","The Cursed","The Servant 0.9.4","Youmu£®ªÍ∆«—˝√Œ£©","Yuyuko","≤–¡Ù÷ÆŒÔ"],"gold_per_floor":[99,111,111,96,106,119,195,195,195,230,250,264,264,282,299,396,396,396,416,428,378,407,419,489,489,589,589,615,615,615,635,648,751,751,751,769,769,217,271,291,314,314,314,314,325,336,336,91,91],"floor_reached":50,"language":"ZHS","playtime":3549,"items_purged":["DC","6A"],"score":737,"play_id":"5ea043fc-e24d-4533-8e8c-5e060b2ed4d8","local_time":"20210223001124","daily_mods":["SealedDeck"],"is_ascension_mode":false,"campfire_choices":[{"data":"MeteoricShower","floor":1,"key":"SMITH"},{"data":"FinalSpark","floor":18,"key":"SMITH"},{"data":"Orbital","floor":25,"key":"SMITH"},{"data":"BlazeAway","floor":27,"key":"SMITH"},{"floor":30,"key":"REST"},{"data":"SuperPerseids","floor":35,"key":"SMITH"},{"data":"SuperPerseids","floor":42,"key":"SMITH"},{"data":"expansioncontent:StudyTheSpire","floor":42,"key":"SMITH"},{"data":"FinalSpark","floor":44,"key":"SMITH"},{"data":"BlazeAway","floor":44,"key":"SMITH"},{"data":"Orbital","floor":47,"key":"SMITH"},{"data":"UltimateShortwave","floor":47,"key":"SMITH"}],"circlet_count":0,"master_deck":["SporeBomb","DoubleSpark","IllusionStar","IllusionStar+1","DoubleSpark","ShootingEcho","ShootingEcho","MeteoricShower+1","MysteriousBeam","SuperPerseids+1","ChargeUpSpray+1","Parasite","Parasite","BlazeAway+1","SuperPerseids+1","GasGiant","MagicAbsorber","FinalSpark+1","Orbital+1","Acceleration","Orbital+1","UltimateShortwave+1","expansioncontent:AwakenDeath","expansioncontent:InvincibleStrength","Replay:SS_fish_1","WitchLeyline","Replay:SS_forest_2","expansioncontent:StudyTheSpire+1","FinalSpark+1","BlazeAway+1","GasGiant+1"],"relics":["BewitchedHakkero","Gremlin Horn","ShroomBag","ReplayTheSpireMod:Ring of Exchange","ReplayTheSpireMod:Ring of Addiction","Potion Belt","SacredBark","ScarletDevilRocket","Replay:Accelerometer","aspiration:HatOfInfinitePower","aspiration:HummingbirdHeart","HornCleat","PlaceholderMod:LiveLive","Replay:Arrowhead","Calipers","PreservedInsect","Pen Nib"],"acts_visited":["Exordium","TheCity","TheBeyond"],"potions_floor_usage":[10,15,20,26,33,45,49,49,49,49],"damage_taken":[{"damage":5,"enemies":"2 Louse","floor":2,"turns":2},{"damage":10,"enemies":"downfall:FleeingMerchant","floor":4,"turns":4},{"damage":0,"enemies":"Cultist","floor":5,"turns":2},{"damage":0,"enemies":"Jaw Worm","floor":6,"turns":1},{"damage":0,"enemies":"Gremlin Nob","floor":10,"turns":2},{"damage":0,"enemies":"Large Slime","floor":11,"turns":2},{"damage":13,"enemies":"Red Slaver","floor":12,"turns":2},{"damage":0,"enemies":"Looter","floor":14,"turns":1},{"damage":6,"enemies":"3 Louse","floor":15,"turns":2},{"damage":6,"enemies":"SI_SHIV_ARCHETYPE","floor":16,"turns":5},{"damage":0,"enemies":"downfall:LooterAlt2","floor":19,"turns":1},{"damage":28,"enemies":"conspire:FuzzyDice","floor":20,"turns":2},{"damage":9,"enemies":"conspire:MimicChest","floor":22,"turns":4},{"damage":15,"enemies":"Snecko","floor":23,"turns":4},{"damage":14,"enemies":"WA_ARCHETYPE_RETAIN","floor":26,"turns":4},{"damage":27,"enemies":"Book of Stabbing","floor":28,"turns":4},{"damage":0,"enemies":"Shelled Parasite and Fungi","floor":31,"turns":3},{"damage":0,"enemies":"Centurion and Healer","floor":32,"turns":4},{"damage":11,"enemies":"IC_MUSHROOM_ARCHETYPE","floor":33,"turns":2},{"damage":0,"enemies":"3 Shapes","floor":36,"turns":1},{"damage":0,"enemies":"downfall:FleeingMerchant","floor":38,"turns":4},{"damage":6,"enemies":"2 Orb Walkers","floor":39,"turns":2},{"damage":0,"enemies":"Orb Walker","floor":40,"turns":4},{"damage":5,"enemies":"Jaw Worm Horde","floor":45,"turns":2},{"damage":8,"enemies":"Spire Growth","floor":46,"turns":4},{"damage":68,"enemies":"WA_ARCHETYPE_DIVINITY","floor":49,"turns":7}],"seed_played":"-330461884249543264","potions_obtained":[{"floor":5,"key":"PowerPotion"},{"floor":9,"key":"ShroomBrew"},{"floor":9,"key":"Reflective Coating"},{"floor":12,"key":"Doom Potion"},{"floor":13,"key":"champ:CounterPotion"},{"floor":13,"key":"Block Potion"},{"floor":20,"key":"PowerPotion"},{"floor":28,"key":"Explosive Potion"},{"floor":31,"key":"LiquidMemories"},{"floor":36,"key":"Dexterity Potion"},{"floor":40,"key":"champ:CounterPotion"}],"is_trial":true,"path_per_floor":["R","M","?","$","M","M","T","?","?","E","M","M","?","M","M","B",null,"R","M","M","?","?","M","T","R","?","R","E","?","R","M","M","B",null,"R","M","?","$","?","M","T","R","?","R","M","M","R","$","B",null],"character_chosen":"MARISA","items_purchased":["Replay:Arrowhead","Replay:SS_forest_2","expansioncontent:StudyTheSpire","FinalSpark","BlazeAway","Pen Nib"],"campfire_rested":1,"item_purchase_floors":[38,38,38,38,38,48],"current_hp_per_floor":[75,70,70,60,60,60,60,60,60,60,64,55,55,59,57,55,75,75,73,45,73,66,55,55,55,45,45,22,22,42,46,52,43,67,67,67,55,57,55,59,59,59,61,61,56,52,52,52,15],"gold":91,"neow_bonus":"","is_daily":false,"chose_seed":false,"campfire_upgraded":11,"win_rate":0.0,"timestamp":1614010284,"path_taken":["R","M","?","?","M","M","T","?","?","E","M","?","?","M","M","BOSS","R","M","M","?","?","?","T","R","?","R","E","?","R","M","M","BOSS","R","M","?","$","?","M","T","R","?","R","M","?","R","?","BOSS"],"items_purchased_type":["Relic","Card","Card","Card","Card","Relic"],"build_version":"2020-12-22","purchased_purges":2,"victory":true,"max_hp_per_floor":[75,75,75,75,75,75,75,75,75,75,75,75,75,75,75,75,75,75,73,73,73,73,73,71,71,71,71,71,71,69,69,69,67,67,67,67,65,65,65,63,63,63,61,61,61,61,61,61,59],"card_choices":[{"not_picked":["PowerUp","SporeBomb","LuminesStrike"],"picked":"SKIP","floor":2},{"not_picked":["EnergyRecoil","EventHorizon"],"picked":"MysteriousBeam","floor":4},{"not_picked":["EarthLightRay","MilkyWay"],"picked":"SuperPerseids","floor":5},{"not_picked":["SprinkleStarSeal","NonDirectionalLaser"],"picked":"ChargeUpSpray","floor":6},{"not_picked":["AlicesGift","UnstableBomb"],"picked":"BlazeAway","floor":10},{"not_picked":["Robbery","PowerUp"],"picked":"SuperPerseids","floor":11},{"not_picked":["NonDirectionalLaser","MagicAbsorber"],"picked":"GasGiant","floor":12},{"not_picked":["ChargingUp","UnstableBomb","GravityBeat"],"picked":"SKIP","floor":14},{"not_picked":["NonDirectionalLaser","MilkyWay"],"picked":"MagicAbsorber","floor":15},{"not_picked":["BigCrunch","ManaRampage"],"picked":"FinalSpark","floor":16},{"not_picked":["PowerUp","SporeBomb"],"picked":"DC","floor":19},{"not_picked":["DC","AsteroidBelt","LuminesStrike+1"],"picked":"SKIP","floor":20},{"not_picked":["AlicesGift","ChargeUpSpray"],"picked":"Orbital","floor":22},{"not_picked":["ShootingEcho+1","PulseMagic","MilkyWay"],"picked":"SKIP","floor":23},{"not_picked":["MysteriousBeam","DC"],"picked":"Acceleration","floor":28},{"not_picked":["SporeBomb+1","GrandCross+1","Robbery"],"picked":"SKIP","floor":31},{"not_picked":["PowerUp+1","PropBag+1"],"picked":"Orbital","floor":32},{"not_picked":["MaximisePower","SuperNova"],"picked":"UltimateShortwave","floor":33},{"not_picked":["MilkyWay+1","LuminesStrike+1","AsteroidBelt+1"],"picked":"SKIP","floor":36},{"not_picked":["expansioncontent:Hexaburn","expansioncontent:LastStand"],"picked":"expansioncontent:AwakenDeath","floor":37},{"not_picked":["expansioncontent:Hexaburn","expansioncontent:PolyBeam"],"picked":"expansioncontent:InvincibleStrength","floor":37},{"not_picked":["Replay:SS_hec_1","expansioncontent:PrepareCrush"],"picked":"Replay:SS_fish_1","floor":37},{"not_picked":["IllusionStar","EarthLightRay+1"],"picked":"WitchLeyline","floor":38},{"not_picked":["SprinkleStarSeal+1","PowerUp+1"],"picked":"GasGiant+1","floor":39},{"not_picked":["Acceleration","GalacticHalo+1","MysteriousBeam"],"picked":"SKIP","floor":40},{"not_picked":["PowerUp+1","WitchOfGreed","LuminesStrike+1"],"picked":"SKIP","floor":45},{"not_picked":["StarBarrage","GravityBeat+1","Singularity+1"],"picked":"SKIP","floor":46}],"player_experience":138856,"relics_obtained":[{"floor":7,"key":"Gremlin Horn"},{"floor":10,"key":"ShroomBag"},{"floor":13,"key":"ReplayTheSpireMod:Ring of Exchange"},{"floor":13,"key":"ReplayTheSpireMod:Ring of Addiction"},{"floor":13,"key":"Potion Belt"},{"floor":13,"key":"SacredBark"},{"floor":22,"key":"ScarletDevilRocket"},{"floor":24,"key":"Replay:Accelerometer"},{"floor":26,"key":"aspiration:HatOfInfinitePower"},{"floor":26,"key":"aspiration:HummingbirdHeart"},{"floor":28,"key":"HornCleat"},{"floor":39,"key":"Calipers"},{"floor":41,"key":"PreservedInsect"}],"event_choices":[{"damage_healed":0,"gold_gain":0,"player_choice":"Upgraded","damage_taken":0,"max_hp_gain":0,"max_hp_loss":0,"event_name":"Upgrade Shrine","floor":3,"gold_loss":0,"cards_upgraded":["IllusionStar"]},{"damage_healed":0,"gold_gain":0,"player_choice":"Got Potions","damage_taken":0,"max_hp_gain":0,"max_hp_loss":0,"event_name":"Lab","floor":9,"gold_loss":0},{"damage_healed":0,"gold_gain":0,"player_choice":"Fight","damage_taken":0,"max_hp_gain":0,"max_hp_loss":0,"event_name":"Mysterious Sphere","floor":39,"gold_loss":0},{"cards_removed":["ManaConvection"],"damage_healed":2,"gold_gain":0,"player_choice":"Offered Uncommon","damage_taken":0,"max_hp_gain":0,"max_hp_loss":0,"event_name":"Bonfire Elementals","floor":43,"gold_loss":0}],"is_beta":false,"boss_relics":[{"not_picked":["construct:ClawGrip","PrismaticShard"],"picked":"BewitchedHakkero"},{"not_picked":["TheAbacus","Runic Dome"],"picked":"PlaceholderMod:LiveLive"}],"items_purged_floors":[38,48],"is_endless":false,"potions_floor_spawned":[5,11,12,20,28,31,36,40],"ascension_level":0}}