{"host":"lxihx0b6awoz2w1j","time":1614014563,"event":{"mods":["BaseMod","Better Third Choice","BetterRewards","CapriCore","Colored Powertips","Conspire","Downfall","Fox Events","Infinite Spire","Melee Mod","Minty Spire (QoL Compilation)","Permanent Neow","Quick Restart","Relic Stats","Reliquary","Replay The Spire","Spicy Shops","StSLib","The Alterego","The Blue Laboratory","The Death Knight","The Forsaken","The Jungle","Waifu the Spire"],"gold_per_floor":[113,129,141,141,165,209,209,249,249,47,47,123,166,187,187,318,318,337,337,337,350,97,140,140,160,214,64,147,167,185,210,210,336,336,360,360,360,360,380,380,415,415,438,438,451,451,492,507,507,507,507],"floor_reached":50,"language":"ENG","playtime":4105,"items_purged":["Voices","Normality"],"score":617,"play_id":"d822f7c8-2f02-4d30-8a2a-869399841ed1","local_time":"20210222182243","is_ascension_mode":true,"campfire_choices":[{"data":"DeathKnight:DeathStrike","floor":7.0,"key":"SMITH"},{"floor":11.0,"key":"REST"},{"data":"DeathKnight:Runesurge","floor":15.0,"key":"SMITH"},{"floor":24.0,"key":"REST"},{"data":"DeathKnight:DarkSuccor","floor":32.0,"key":"SMITH"},{"data":"DeathKnight:GargoyleSkin","floor":40.0,"key":"SMITH"},{"data":"DeathKnight:RuneStrike","floor":42.0,"key":"SMITH"},{"data":"DeathKnight:DarkSuccor","floor":46.0,"key":"SMITH"},{"floor":49.0,"key":"REST"}],"circlet_count":0,"master_deck":["DeathKnight:Strike_DeathKnight","DeathKnight:Strike_DeathKnight","DeathKnight:Strike_DeathKnight","DeathKnight:Strike_DeathKnight","DeathKnight:Strike_DeathKnight","DeathKnight:Defend_DeathKnight+1","DeathKnight:Defend_DeathKnight+1","DeathKnight:Defend_DeathKnight+1","DeathKnight:Defend_DeathKnight+1","DeathKnight:Defend_DeathKnight+1","DeathKnight:RuneTap","DeathKnight:RuneStrike+1","DeathKnight:DeathStrike+1","DeathKnight:FrosPresence+1","DeathKnight:GargoyleSkin","DeathKnight:DeathCoil","DeathKnight:HowlingBlast","DeathKnight:Runesurge+1","DeathKnight:SindragosasBreath","DeathKnight:UnholyFrenzy","DeathKnight:GargoyleSkin+1","DeathKnight:BoneShield","DeathKnight:Razorice","DeathKnight:BoneSpear+1","infinitespire:Collect","infinitespire:Punishment+1","DeathKnight:BludPresence+1","DeathKnight:BludPresence+1","DeathKnight:HornOfWinter","DeathKnight:RuneShock+1","DeathKnight:IcyTouch+1","DeathKnight:DarkSuccor+1","DeathKnight:HornOfWinter","DeathKnight:DeathStrike+1","DeathKnight:RaiseAlly","DeathKnight:IceboundArmor","DeathKnight:DancingRuneblade+1","DeathKnight:ReapingStrike+1","DeathKnight:MindFreeze+1","ReplayTheSpireMod:Private Reserves","DeathKnight:DarkSuccor+1","infinitespire:SevenWalls+1","DeathKnight:BloodStrike+1","DeathKnight:IcyTouch+1"],"relics":["DeathKnight:BrokenRuneblade","ReplayTheSpireMod:CursedCoin","StrikeDummy","Frozen Egg 2","Golden Idol","conspire:DeflatedDodgeball","conspire:BottledYoYo","Molten Egg 2","reliquary:Aerogel","reliquary:RedPaperclip","Lizard Tail","Orrery","infinitespire:Beetle Shell","Regal Pillow","ReplayTheSpireMod:TigerMarble","DeathKnight:SylvanasMusicBox","SlaversCollar","Replay:Bottled Eggs","reliquary:Stiletto","Replay:Mystery Machine","reliquary:RosewoodLute","conspire:DecoderRing"],"acts_visited":["Exordium","TheCity","TheBeyond"],"potions_floor_usage":[],"damage_taken":[{"damage":0.0,"enemies":"Cultist","floor":1.0,"turns":3.0},{"damage":0.0,"enemies":"2 Louse","floor":2.0,"turns":3.0},{"damage":1.0,"enemies":"Jaw Worm","floor":3.0,"turns":4.0},{"damage":6.0,"enemies":"3 Louse","floor":5.0,"turns":3.0},{"damage":1.0,"enemies":"Replay:BlueRogue","floor":6.0,"turns":7.0},{"damage":16.0,"enemies":"Gremlin Nob","floor":8.0,"turns":4.0},{"damage":3.0,"enemies":"3 Sentries","floor":12.0,"turns":4.0},{"damage":3.0,"enemies":"Lagavulin","floor":13.0,"turns":8.0},{"damage":0.0,"enemies":"Looter","floor":14.0,"turns":3.0},{"damage":13.0,"enemies":"Fading Forest","floor":16.0,"turns":11.0},{"damage":3.0,"enemies":"3 Byrds","floor":18.0,"turns":3.0},{"damage":0.0,"enemies":"Spheric Guardian","floor":21.0,"turns":1.0},{"damage":27.0,"enemies":"Nightmare","floor":23.0,"turns":7.0},{"damage":3.0,"enemies":"Snake Plant","floor":25.0,"turns":2.0},{"damage":7.0,"enemies":"Sentry and Sphere","floor":29.0,"turns":4.0},{"damage":7.0,"enemies":"Centurion and Healer","floor":30.0,"turns":6.0},{"damage":3.0,"enemies":"conspire:HollyBat","floor":31.0,"turns":8.0},{"damage":22.0,"enemies":"Collector","floor":33.0,"turns":8.0},{"damage":14.0,"enemies":"3 Darklings","floor":35.0,"turns":6.0},{"damage":0.0,"enemies":"Orb Walker","floor":39.0,"turns":1.0},{"damage":23.0,"enemies":"R_Hoarder","floor":41.0,"turns":6.0},{"damage":11.0,"enemies":"Transient","floor":45.0,"turns":5.0},{"damage":38.0,"enemies":"Nightmare","floor":47.0,"turns":8.0},{"damage":19.0,"enemies":"3 Darklings","floor":48.0,"turns":4.0},{"damage":0,"enemies":"infinitespire:MassOfShapes","floor":50,"turns":1}],"seed_played":"-8799111118403405894","potions_obtained":[{"floor":1.0,"key":"Dexterity Potion"},{"floor":5.0,"key":"blueLaboratory:BubblePotion"},{"floor":8.0,"key":"DistilledChaos"},{"floor":25.0,"key":"DeathKnight:RunicPotion"},{"floor":28.0,"key":"Block Potion"},{"floor":35.0,"key":"blueLaboratory:FruitPunch"},{"floor":45.0,"key":"blueLaboratory:Moonshine"}],"is_trial":false,"path_per_floor":["M","M","M","?","M","E","R","E","T","$","R","?","E","M","R","B",null,"M","AVR","?","M","$","NM","R","M","T","$","?","M","M","M","R","B",null,"M","?","?","T","M","R","E","R","T","AVR","M","R","NM","M","R","B"],"character_chosen":"DEATH_KNIGHT","items_purchased":["ReplayTheSpireMod:CursedCoin","DeathKnight:DeathStrike","StrikeDummy","Frozen Egg 2","Vajra","DeathKnight:UnholyFrenzy","DeathKnight:BludPresence+1","DeathKnight:HornOfWinter","Orrery","ReplayTheSpireMod:TigerMarble"],"campfire_rested":3,"item_purchase_floors":[0,0,0,0,10,10,22,22,22,27],"current_hp_per_floor":[67,74,75,57,58,64,64,48,48,48,70,67,64,75,75,64,75,72,72,54,54,54,38,60,57,57,57,39,43,58,75,75,64,75,72,72,82,82,82,82,62,62,62,62,77,77,64,58,87,87,87],"gold":507,"neow_bonus":"","is_daily":false,"chose_seed":false,"campfire_upgraded":6,"win_rate":0.0,"timestamp":1614014563,"path_taken":["M","M","?","?","M","E","R","E","T","$","R","?","E","M","R","BOSS","M","AVR","?","M","$","NM","R","M","T","$","?","M","?","M","R","BOSS","M","?","?","?","M","R","E","R","T","AVR","?","R","NM","M","R","BOSS"],"items_purchased_type":["Relic","Card","Relic","Relic","Relic","Card","Card","Card","Relic","Relic"],"build_version":"2020-12-22","purchased_purges":2,"victory":false,"max_hp_per_floor":[75,75,75,75,75,75,75,75,75,75,75,75,75,75,75,75,75,75,75,75,75,75,75,75,75,75,75,75,75,75,75,75,75,75,75,75,85,85,85,85,85,85,85,85,87,87,87,87,87,87,87],"relic_stats":{"Lizard Tail":0,"Regal Pillow":3,"counters":[25,120],"Golden Idol":189,"obtain_stats":[{"Regal Pillow":26,"ReplayTheSpireMod:CursedCoin":0,"Golden Idol":4,"reliquary:PrincelyHelmet":6,"reliquary:Aerogel":13,"DeathKnight:SylvanasMusicBox":28,"Vajra":10,"infinitespire:Beetle Shell":23,"Frozen Egg 2":0,"Replay:Mystery Machine":43,"reliquary:RosewoodLute":44,"SlaversCollar":34,"Lizard Tail":19,"reliquary:RedPaperclip":17,"conspire:DecoderRing":47,"Orrery":22,"Molten Egg 2":12,"reliquary:Stiletto":41,"conspire:BottledYoYo":9,"ReplayTheSpireMod:TigerMarble":27,"conspire:DeflatedDodgeball":8,"Replay:Bottled Eggs":38,"StrikeDummy":0,"DeathKnight:BrokenRuneblade":0},{"Regal Pillow":14,"ReplayTheSpireMod:CursedCoin":0,"Golden Idol":3,"reliquary:PrincelyHelmet":5,"reliquary:Aerogel":8,"DeathKnight:SylvanasMusicBox":14,"Vajra":6,"infinitespire:Beetle Shell":13,"Frozen Egg 2":0,"Replay:Mystery Machine":21,"reliquary:RosewoodLute":21,"SlaversCollar":18,"Lizard Tail":11,"reliquary:RedPaperclip":10,"conspire:DecoderRing":23,"Orrery":12,"Molten Egg 2":7,"reliquary:Stiletto":21,"conspire:BottledYoYo":6,"ReplayTheSpireMod:TigerMarble":14,"conspire:DeflatedDodgeball":6,"Replay:Bottled Eggs":19,"StrikeDummy":0,"DeathKnight:BrokenRuneblade":0},{"Regal Pillow":63,"ReplayTheSpireMod:CursedCoin":0,"Golden Idol":10,"reliquary:PrincelyHelmet":20,"reliquary:Aerogel":36,"DeathKnight:SylvanasMusicBox":63,"Vajra":24,"infinitespire:Beetle Shell":61,"Frozen Egg 2":0,"Replay:Mystery Machine":102,"reliquary:RosewoodLute":102,"SlaversCollar":89,"Lizard Tail":53,"reliquary:RedPaperclip":50,"conspire:DecoderRing":115,"Orrery":54,"Molten Egg 2":28,"reliquary:Stiletto":102,"conspire:BottledYoYo":24,"ReplayTheSpireMod:TigerMarble":63,"conspire:DeflatedDodgeball":24,"Replay:Bottled Eggs":95,"StrikeDummy":0,"DeathKnight:BrokenRuneblade":0}]},"card_choices":[{"not_picked":["DeathKnight:IceboundArmor","DeathKnight:MutagenicPlague"],"picked":"DeathKnight:FrosPresence+1","floor":1.0},{"not_picked":["DeathKnight:FrosPresence+1","DeathKnight:Lichborne"],"picked":"DeathKnight:GargoyleSkin","floor":2.0},{"not_picked":["DeathKnight:WraithWalk","DeathKnight:FoulBulwark"],"picked":"DeathKnight:DeathCoil","floor":3.0},{"not_picked":["DeathKnight:BloodEchoes+1","DeathKnight:PathOfFrost"],"picked":"DeathKnight:HowlingBlast","floor":5.0},{"not_picked":["DeathKnight:Parry","DeathKnight:FoulBulwark"],"picked":"DeathKnight:Runesurge","floor":6.0},{"not_picked":["DeathKnight:ScourgeStrike","DeathKnight:Rot"],"picked":"DeathKnight:SindragosasBreath","floor":8.0},{"not_picked":["DeathKnight:MutagenicPlague","DeathKnight:Runeguard"],"picked":"DeathKnight:GargoyleSkin","floor":12.0},{"not_picked":["DeathKnight:ShatteringStrikes+1","DeathKnight:Obliterate+1","DeathKnight:MutagenicPlague"],"picked":"SKIP","floor":13.0},{"not_picked":["DeathKnight:Parry","DeathKnight:Marrowrend+1"],"picked":"DeathKnight:BoneShield","floor":14.0},{"not_picked":["DeathKnight:Defile+1","DeathKnight:RunicDetonation+1"],"picked":"DeathKnight:Razorice","floor":16.0},{"not_picked":["DeathKnight:BloodTap+1","DeathKnight:Hemostasis+1"],"picked":"DeathKnight:BoneSpear+1","floor":18.0},{"not_picked":["ReplayTheSpireMod:Echoes of Time","infinitespire:Execution"],"picked":"infinitespire:Punishment","floor":20.0},{"not_picked":["DeathKnight:MindFreeze","DeathKnight:Pestilence+1"],"picked":"DeathKnight:BludPresence+1","floor":21.0},{"not_picked":["DeathKnight:DeathGrip+1","DeathKnight:ScourgeStrike+1"],"picked":"DeathKnight:RuneShock+1","floor":22.0},{"not_picked":["DeathKnight:ShatteringStrikes+1","DeathKnight:MindFreeze"],"picked":"DeathKnight:IcyTouch+1","floor":22.0},{"not_picked":["DeathKnight:Hemostasis","DeathKnight:RuneShock+1"],"picked":"DeathKnight:DarkSuccor","floor":22.0},{"not_picked":["DeathKnight:Parry","DeathKnight:RunicDetonation+1"],"picked":"DeathKnight:HornOfWinter","floor":22.0},{"not_picked":["DeathKnight:ScourgeStrike+1","DeathKnight:DeathGrip"],"picked":"DeathKnight:DeathStrike+1","floor":22.0},{"not_picked":["DeathKnight:Obliterate+1","DeathKnight:Pestilence"],"picked":"DeathKnight:RaiseAlly","floor":23.0},{"not_picked":["DeathKnight:MutagenicPlague","DeathKnight:VampiricBlood+1","DeathKnight:RunicCorruption"],"picked":"SKIP","floor":25.0},{"not_picked":["DeathKnight:DeathAndDecay+1","DeathKnight:Rot+1"],"picked":"DeathKnight:IceboundArmor","floor":29.0},{"not_picked":["DeathKnight:ChainsOfIce+1","DeathKnight:AntiMagicShell","DeathKnight:ShatteringStrikes+1"],"picked":"SKIP","floor":30.0},{"not_picked":["DeathKnight:FrosPresence+1","DeathKnight:Obliterate+1"],"picked":"DeathKnight:DancingRuneblade+1","floor":31.0},{"not_picked":["DeathKnight:UnholyExperiment","DeathKnight:Simulacrum"],"picked":"DeathKnight:ReapingStrike+1","floor":33.0},{"not_picked":["DeathKnight:HornOfWinter","DeathKnight:BoneShield+1"],"picked":"DeathKnight:MindFreeze+1","floor":35.0},{"not_picked":["Jack Of All Trades","Deep Breath"],"picked":"ReplayTheSpireMod:Private Reserves","floor":36.0},{"not_picked":["DeathKnight:DeathsAdvance+1","DeathKnight:Obliterate+1","DeathKnight:Ossuary+1"],"picked":"SKIP","floor":39.0},{"not_picked":["DeathKnight:DeathCoil+1","DeathKnight:DeathAndDecay+1"],"picked":"DeathKnight:DarkSuccor","floor":41.0},{"not_picked":["DeathKnight:ChainsOfIce","DeathKnight:Contagion+1","DeathKnight:Outbreak"],"picked":"SKIP","floor":45.0},{"not_picked":["infinitespire:Oblivion","infinitespire:Menacing"],"picked":"infinitespire:SevenWalls","floor":47.0},{"not_picked":["DeathKnight:DeathCoil+1","DeathKnight:Ossuary"],"picked":"DeathKnight:BloodStrike+1","floor":47.0},{"not_picked":["DeathKnight:UnholyFrenzy+1","DeathKnight:Obliterate+1"],"picked":"DeathKnight:IcyTouch+1","floor":48.0}],"player_experience":633762,"relics_obtained":[{"floor":6.0,"key":"reliquary:PrincelyHelmet"},{"floor":8.0,"key":"conspire:DeflatedDodgeball"},{"floor":9.0,"key":"conspire:BottledYoYo"},{"floor":12.0,"key":"Molten Egg 2"},{"floor":13.0,"key":"reliquary:Aerogel"},{"floor":23.0,"key":"infinitespire:Beetle Shell"},{"floor":26.0,"key":"Regal Pillow"},{"floor":28.0,"key":"DeathKnight:SylvanasMusicBox"},{"floor":38.0,"key":"Replay:Bottled Eggs"},{"floor":41.0,"key":"reliquary:Stiletto"},{"floor":43.0,"key":"Replay:Mystery Machine"},{"floor":47.0,"key":"conspire:DecoderRing"}],"event_choices":[{"damage_healed":0.0,"max_hp_gain":0.0,"max_hp_loss":0.0,"gold_gain":0.0,"event_name":"Golden Idol","player_choice":"Take Damage","floor":4.0,"gold_loss":0.0,"damage_taken":18.0,"relics_obtained":["Golden Idol"]},{"damage_healed":0.0,"max_hp_gain":0.0,"max_hp_loss":0.0,"gold_gain":0.0,"event_name":"Dead Adventurer","player_choice":"Searched \u00272\u0027 times","floor":12.0,"gold_loss":0.0,"damage_taken":0.0},{"damage_healed":0.0,"max_hp_gain":0.0,"max_hp_loss":0.0,"gold_gain":0.0,"event_name":"SensoryStone","player_choice":"Memory 1","floor":36.0,"gold_loss":0.0,"damage_taken":0.0}],"is_beta":false,"boss_relics":[{"not_picked":["Astrolabe","Runic Dome"],"picked":"reliquary:RedPaperclip"},{"not_picked":["Pandora\u0027s Box","Replay:Bronze Core"],"picked":"SlaversCollar"}],"items_purged_floors":[0,10],"is_endless":true,"potions_floor_spawned":[1,5,8,13,25,29,31,35,39,45,48],"killed_by":"infinitespire:MassOfShapes","ascension_level":1}}