{"host":"5bsc0nab6whpyrbj","time":1614033275,"event":{"mods":["BaseMod","Highlight Path","Minty Spire (QoL Compilation)"],"gold_per_floor":[110,124,139,139,139,139,139,156,210,223,234,234,199,219,219,219,219],"floor_reached":16,"language":"ENG","playtime":318,"items_purged":[],"score":94,"play_id":"5cf83987-127f-4a7b-ba98-6dabe6a8838e","local_time":"20210222173435","is_ascension_mode":false,"campfire_choices":[{"floor":6,"key":"REST"},{"floor":15,"key":"REST"}],"circlet_count":0,"master_deck":["Strike_B","Strike_B","Strike_B+1","Strike_B+1","Defend_B","Defend_B","Defend_B","Defend_B","Zap","Dualcast","Jack Of All Trades+1","Ball Lightning+1","Barrage","Regret","Doom and Gloom","Defragment","Injury","Barrage","Storm"],"relics":["Cracked Core","Dream Catcher","Whetstone","Golden Idol"],"acts_visited":["Exordium"],"potions_floor_usage":[14],"damage_taken":[{"damage":1,"enemies":"Cultist","floor":1,"turns":3},{"damage":0,"enemies":"Small Slimes","floor":2,"turns":2},{"damage":7,"enemies":"2 Louse","floor":3,"turns":2},{"damage":34,"enemies":"Large Slime","floor":8,"turns":5},{"damage":3,"enemies":"2 Fungi Beasts","floor":10,"turns":3},{"damage":0,"enemies":"3 Louse","floor":11,"turns":2},{"damage":21,"enemies":"Exordium Wildlife","floor":14,"turns":2},{"damage":58,"enemies":"Slime Boss","floor":16,"turns":5}],"seed_played":"4424756732420979682","potions_obtained":[{"floor":3,"key":"SteroidPotion"},{"floor":10,"key":"DistilledChaos"},{"floor":11,"key":"SteroidPotion"}],"is_trial":false,"path_per_floor":["M","M","M","$","?","R","?","M","T","M","M","?","?","M","R","B"],"character_chosen":"DEFECT","items_purchased":[],"campfire_rested":2,"item_purchase_floors":[],"current_hp_per_floor":[74,74,67,67,52,74,74,40,40,37,37,37,55,34,56,0,0],"gold":219,"neow_bonus":"RANDOM_COLORLESS","is_daily":false,"chose_seed":false,"campfire_upgraded":0,"win_rate":0.0,"timestamp":1614033275,"path_taken":["M","M","?","$","?","R","?","M","T","M","M","?","?","M","R","BOSS"],"items_purchased_type":[],"build_version":"2020-12-22","purchased_purges":0,"victory":false,"max_hp_per_floor":[75,75,75,75,75,75,75,75,75,75,75,75,75,75,75,75,75],"card_choices":[{"not_picked":["Madness","Mind Blast"],"picked":"Jack Of All Trades","floor":0},{"not_picked":["Streamline","Conserve Battery"],"picked":"Ball Lightning","floor":1},{"not_picked":["Coolheaded","Sweeping Beam","Conserve Battery"],"picked":"SKIP","floor":2},{"not_picked":["FTL","Hologram"],"picked":"Barrage","floor":3},{"not_picked":["Reinforced Body","Cold Snap"],"picked":"Doom and Gloom","floor":8},{"not_picked":["Recycle","Lockon"],"picked":"Defragment","floor":10},{"not_picked":["Heatsinks","Hologram","Seek"],"picked":"SKIP","floor":11},{"not_picked":["Gash","Streamline"],"picked":"Barrage","floor":14},{"not_picked":["Gash","Redo"],"picked":"Storm","floor":15}],"player_experience":102733,"relics_obtained":[{"floor":9,"key":"Whetstone"}],"event_choices":[{"damage_healed":0,"gold_gain":0,"player_choice":"Entered Light","damage_taken":15,"max_hp_gain":0,"max_hp_loss":0,"event_name":"Shining Light","floor":5,"gold_loss":0,"cards_upgraded":["Jack Of All Trades","Ball Lightning"]},{"damage_healed":0,"gold_gain":0,"player_choice":"Box","damage_taken":0,"relics_obtained":["Dream Catcher"],"max_hp_gain":0,"max_hp_loss":0,"event_name":"Big Fish","floor":7,"gold_loss":0,"cards_obtained":["Regret"]},{"damage_healed":0,"gold_gain":0,"player_choice":"Take Wound","damage_taken":0,"relics_obtained":["Golden Idol"],"max_hp_gain":0,"max_hp_loss":0,"event_name":"Golden Idol","floor":12,"gold_loss":0,"cards_obtained":["Injury"]},{"damage_healed":18,"gold_gain":0,"player_choice":"Healed","damage_taken":0,"max_hp_gain":0,"max_hp_loss":0,"event_name":"The Cleric","floor":13,"gold_loss":35}],"is_beta":false,"boss_relics":[],"items_purged_floors":[],"is_endless":false,"potions_floor_spawned":[3,10,11],"killed_by":"Slime Boss","ascension_level":0}}