{"host":"ad59wuc8ynh8u2z6","time":1614011678,"event":{"mods":["AchievementEnabler","BaseMod","Colored Powertips","DeckTracker","Highlight Path","Minty Spire (QoL Compilation)","Permanent Neow"],"gold_per_floor":[116,116,2,13,13,13,13,13,13,13,41,61,80,110,110,110,110],"floor_reached":16,"language":"ENG","playtime":621,"items_purged":["Turbo"],"score":146,"play_id":"56a394e9-005a-4953-b46b-a1cc0f2b0dfb","local_time":"20210222173438","is_ascension_mode":true,"campfire_choices":[{"data":"Loop","floor":6.0,"key":"SMITH"},{"data":"Blizzard","floor":8.0,"key":"SMITH"},{"data":"Chill","floor":10.0,"key":"SMITH"},{"data":"Capacitor","floor":15.0,"key":"SMITH"}],"circlet_count":0,"master_deck":["Zap","Dualcast","Blizzard+1","Loop+1","Tempest","Capacitor+1","Storm","Chill+1","Self Repair"],"relics":["Pandora\u0027s Box","White Beast Statue","Bird Faced Urn","Letter Opener"],"acts_visited":["Exordium"],"potions_floor_usage":[16,16,16],"damage_taken":[{"damage":14.0,"enemies":"Small Slimes","floor":1.0,"turns":2.0},{"damage":2.0,"enemies":"Cultist","floor":4.0,"turns":3.0},{"damage":40.0,"enemies":"Lagavulin","floor":11.0,"turns":6.0},{"damage":0.0,"enemies":"2 Louse","floor":12.0,"turns":3.0},{"damage":10.0,"enemies":"Looter","floor":13.0,"turns":3.0},{"damage":18.0,"enemies":"3 Sentries","floor":14.0,"turns":4.0},{"damage":44,"enemies":"Hexaghost","floor":16,"turns":8}],"seed_played":"6812281318267346783","potions_obtained":[{"floor":11.0,"key":"SneckoOil"},{"floor":12.0,"key":"ColorlessPotion"},{"floor":13.0,"key":"CultistPotion"},{"floor":14.0,"key":"Strength Potion"}],"is_trial":false,"path_per_floor":["M","?","$","M","?","R","$","R","T","R","E","M","M","E","R","B"],"character_chosen":"DEFECT","items_purchased":["Chill"],"campfire_rested":0,"item_purchase_floors":[3],"current_hp_per_floor":[54,85,85,83,83,83,83,83,83,83,43,49,45,42,42,6,6],"gold":110,"neow_bonus":"BOSS_RELIC","is_daily":false,"chose_seed":false,"campfire_upgraded":4,"win_rate":0.0,"timestamp":1614011678,"path_taken":["M","?","$","?","?","R","$","R","T","R","E","M","M","E","R","BOSS"],"items_purchased_type":["Card"],"build_version":"2020-12-22","purchased_purges":1,"victory":false,"max_hp_per_floor":[75,85,85,85,85,85,85,85,85,85,85,85,85,85,85,85,85],"card_choices":[{"not_picked":["Cold Snap","Steam Power","Consume"],"picked":"SKIP","floor":1.0},{"not_picked":["Barrage","Scrape","Sweeping Beam"],"picked":"SKIP","floor":4.0},{"not_picked":["Steam","Ball Lightning","Chaos"],"picked":"SKIP","floor":11.0},{"not_picked":["Sweeping Beam","Rebound","Aggregate"],"picked":"SKIP","floor":12.0},{"not_picked":["Heatsinks","Multi-Cast"],"picked":"Self Repair","floor":13.0},{"not_picked":["Beam Cell","Double Energy","Streamline"],"picked":"SKIP","floor":14.0}],"player_experience":120873,"relics_obtained":[{"floor":9.0,"key":"White Beast Statue"},{"floor":11.0,"key":"Bird Faced Urn"},{"floor":14.0,"key":"Letter Opener"}],"event_choices":[{"cards_removed":["Buffer"],"damage_healed":21.0,"max_hp_gain":10.0,"max_hp_loss":0.0,"gold_gain":0.0,"event_name":"Bonfire Elementals","player_choice":"Offered Rare","floor":2.0,"gold_loss":0.0,"damage_taken":0.0},{"cards_removed":["Stack"],"damage_healed":0.0,"max_hp_gain":0.0,"max_hp_loss":0.0,"gold_gain":0.0,"event_name":"Living Wall","player_choice":"Forget","floor":5.0,"gold_loss":0.0,"damage_taken":0.0}],"is_beta":false,"boss_relics":[],"items_purged_floors":[3],"is_endless":false,"potions_floor_spawned":[11,12,13,14],"killed_by":"Hexaghost","ascension_level":7}}