{"host":"etdvqcaukayomjhd","time":1614017007,"event":{"mods":["AchievementEnabler","Act Like it!","BaseMod","BetterRewards","Colored Powertips","Hermit","Infinite Spire","Minty Spire (QoL Compilation)","Quick Restart","Replay The Spire","Spicy Shops","StSLib","The Animator","Waifu the Spire"],"gold_per_floor":[110,110,38,56,131,162,177,177,248,283,295,329,404,7,7,102,102,118,167,167,167,16,16,50,63,63,63,97,372,54,71,71,175,275,313,345,345,378,402,402,462,462,462,659,714,714,714,777,777,777,777,777,306,352,352],"floor_reached":56,"language":"ENG","playtime":3021,"items_purged":["Regret","Decay"],"score":1813,"play_id":"b6f5cf3c-d8ba-4aa2-931a-505fb7f92b21","local_time":"20210222190327","is_ascension_mode":true,"campfire_choices":[{"floor":8.0,"key":"REST"},{"floor":15.0,"key":"REST"},{"data":"WindmillStrike","floor":23.0,"key":"SMITH"},{"data":"Eruption","floor":32.0,"key":"SMITH"},{"floor":40.0,"key":"RECALL"},{"data":"Perseverance","floor":42.0,"key":"SMITH"},{"data":"Vault","floor":46,"key":"SMITH"},{"floor":49,"key":"REST"},{"data":"CutThroughFate","floor":52,"key":"SMITH"}],"circlet_count":0,"master_deck":["Strike_P","Strike_P","Strike_P","Defend_P","Defend_P","Defend_P+1","Eruption+1","Vigilance+1","CutThroughFate+1","EmptyFist","Establishment+1","Tantrum","Protect","FlurryOfBlows","DevaForm+1","WindmillStrike+1","Ghostly","Ghostly","Ghostly","Ghostly","Ghostly","BattleHymn+1","SandsOfTime","Clumsy","Perseverance+1","Blasphemy+1","Vault+1","Weave","Study+1","ClearTheMind+1","Study+1","CutThroughFate"],"relics":["HolyWater","Strange Spoon","Ice Cream","Frozen Egg 2","Cauldron","Lantern","infinitespire:CheckeredPen","Tiny Chest","Art of War","Replay:Baseball","HornCleat","Happy Flower","Blue Doll","War Paint","infinitespire:Bottled Soul","ReplayTheSpireMod:TigerMarble","ReplayTheSpireMod:CursedCoin","Bottled Tornado","Anchor","infinitespire:EvilPickle","Replay:Grab Bag","infinitespire:Cupcake","Replay:Wanted Poster","SlaversCollar","Juzu Bracelet","Gambling Chip","Mirror","Torii","Chameleon Ring"],"acts_visited":["Exordium","TheCity","TheBeyond","TheEnding"],"potions_floor_usage":[50,55,55,55],"damage_taken":[{"damage":0.0,"enemies":"2 Louse","floor":1.0,"turns":3.0},{"damage":1.0,"enemies":"infinitespire:Voidling","floor":4.0,"turns":2.0},{"damage":56.0,"enemies":"3 Sentries","floor":6.0,"turns":8.0},{"damage":4.0,"enemies":"Jaw Worm","floor":7.0,"turns":2.0},{"damage":9.0,"enemies":"Replay:BlueRogue","floor":10.0,"turns":3.0},{"damage":2.0,"enemies":"Gremlin Gang","floor":11.0,"turns":4.0},{"damage":7.0,"enemies":"3 Sentries","floor":12.0,"turns":6.0},{"damage":17.0,"enemies":"The Guardian","floor":16.0,"turns":11.0},{"damage":13.0,"enemies":"3 Byrds","floor":18.0,"turns":4.0},{"damage":4.0,"enemies":"Replay:Snechameleon","floor":24.0,"turns":5.0},{"damage":1.0,"enemies":"Shell Parasite","floor":25.0,"turns":3.0},{"damage":3.0,"enemies":"Book of Stabbing","floor":28.0,"turns":5.0},{"damage":0.0,"enemies":"Shelled Parasite and Fungi","floor":31.0,"turns":3.0},{"damage":7.0,"enemies":"Pondfish","floor":33.0,"turns":7.0},{"damage":0.0,"enemies":"3 Shapes","floor":35.0,"turns":3.0},{"damage":2.0,"enemies":"Orb Walker","floor":36.0,"turns":3.0},{"damage":1.0,"enemies":"Writhing Mass","floor":38.0,"turns":4.0},{"damage":0.0,"enemies":"Nemesis","floor":41.0,"turns":6.0},{"damage":4,"enemies":"3 Darklings","floor":45,"turns":4},{"damage":0,"enemies":"Sphere and 2 Shapes","floor":48,"turns":2},{"damage":4,"enemies":"Replay:Hell Engine","floor":50,"turns":7},{"damage":0,"enemies":"Shield and Spear","floor":54,"turns":5},{"damage":35,"enemies":"The Heart","floor":55,"turns":10}],"seed_played":"8782221959060876345","potions_obtained":[{"floor":1.0,"key":"FairyPotion"},{"floor":3.0,"key":"Adrenaline Potion"},{"floor":3.0,"key":"Flashbang"},{"floor":11.0,"key":"Strength Potion"},{"floor":18.0,"key":"BlessingOfTheForge"},{"floor":25.0,"key":"SpeedPotion"},{"floor":28.0,"key":"Energy Potion"}],"is_trial":false,"path_per_floor":["M","?","$","M","?","E","M","R","T","E","M","E","?","$","R","B",null,"M","T","?","?","$","R","E","M","T","T","E","?","$","M","R","B",null,"M","M","?","M","T","R","E","R","T","?","M","R","?","M","R","B",null,"R","$","E","B",null],"character_chosen":"WATCHER","items_purchased":["Strange Spoon","CutThroughFate","Ice Cream","Frozen Egg 2","Cauldron","Replay:Baseball","HornCleat","Blue Doll","ReplayTheSpireMod:CursedCoin","Bottled Tornado","Anchor","Torii","LiquidMemories","Study+1"],"campfire_rested":3,"item_purchase_floors":[0,0,0,0,3,14,14,22,30,30,30,53,53,53],"current_hp_per_floor":[46,46,46,45,38,21,17,38,38,29,27,20,9,9,30,13,72,59,59,36,36,36,36,32,31,31,31,28,28,28,28,28,21,36,36,34,34,33,33,33,33,33,33,24,20,20,20,20,30,26,36,36,36,36,1],"gold":352,"neow_bonus":"","is_daily":false,"chose_seed":false,"campfire_upgraded":5,"win_rate":0.0,"timestamp":1614017007,"path_taken":["M","?","$","?","?","E","M","R","T","E","?","E","?","?","R","BOSS","M","?","?","?","$","R","E","?","T","?","E","?","$","M","R","BOSS","M","?","?","M","?","R","E","R","T","?","M","R","?","M","R","BOSS","R","$","E","BOSS"],"items_purchased_type":["Relic","Card","Relic","Relic","Relic","Relic","Relic","Relic","Relic","Relic","Relic","Relic","Potion","Card"],"build_version":"2020-12-22","purchased_purges":2,"victory":true,"max_hp_per_floor":[72,72,72,72,72,72,72,72,72,72,72,72,72,72,72,72,72,72,72,36,36,36,36,36,36,36,36,36,36,36,36,36,36,36,36,36,36,36,36,36,36,36,36,36,36,36,36,36,36,36,36,36,36,36,36],"card_choices":[{"not_picked":["PathToVictory","BowlingBash"],"picked":"EmptyFist","floor":1.0},{"not_picked":["FlyingSleeves","FearNoEvil","WaveOfTheHand"],"picked":"SKIP","floor":4.0},{"not_picked":["FlurryOfBlows","CrushJoints"],"picked":"Establishment+1","floor":6.0},{"not_picked":["ClearTheMind","CarveReality"],"picked":"Tantrum","floor":7.0},{"not_picked":["Indignation","Replay:AtTheReady"],"picked":"Protect","floor":10.0},{"not_picked":["Replay:Hum","Pray","DeceiveReality"],"picked":"SKIP","floor":11.0},{"not_picked":["Conclude","Worship"],"picked":"FlurryOfBlows","floor":12.0},{"not_picked":["Scrawl","LessonLearned"],"picked":"DevaForm+1","floor":16.0},{"not_picked":["Indignation","JustLucky"],"picked":"WindmillStrike","floor":18.0},{"not_picked":["Fasting2+1","Nirvana+1"],"picked":"BattleHymn+1","floor":24.0},{"not_picked":["ReachHeaven","CarveReality","Pray"],"picked":"SKIP","floor":25.0},{"not_picked":["FollowUp+1","JustLucky+1"],"picked":"SandsOfTime","floor":28.0},{"not_picked":["Halt","Tantrum"],"picked":"Perseverance","floor":31.0},{"not_picked":["DeusExMachina","Replay:AllIn"],"picked":"Blasphemy","floor":33.0},{"not_picked":["Replay:Battleflow+1","Halt+1","ThirdEye"],"picked":"SKIP","floor":35.0},{"not_picked":["LikeWater+1","Prostrate+1","FlyingSleeves"],"picked":"SKIP","floor":36.0},{"not_picked":["Consecrate+1","Conclude+1"],"picked":"Vault","floor":38.0},{"not_picked":["Evaluate+1","Replay:Anticipation"],"picked":"Weave","floor":41.0},{"not_picked":["Consecrate+1","EmptyFist+1"],"picked":"Study+1","floor":45},{"not_picked":["Nirvana+1","Replay:AtTheReady"],"picked":"ClearTheMind+1","floor":48},{"not_picked":["Replay:ManipulateFuture+1","FollowUp"],"picked":"CutThroughFate","floor":54}],"player_experience":398800,"relics_obtained":[{"floor":6.0,"key":"Lantern"},{"floor":9.0,"key":"infinitespire:CheckeredPen"},{"floor":10.0,"key":"Tiny Chest"},{"floor":12.0,"key":"Art of War"},{"floor":19.0,"key":"Happy Flower"},{"floor":24.0,"key":"War Paint"},{"floor":26.0,"key":"infinitespire:Bottled Soul"},{"floor":28.0,"key":"ReplayTheSpireMod:TigerMarble"},{"floor":39.0,"key":"Juzu Bracelet"},{"floor":41.0,"key":"Gambling Chip"},{"floor":43.0,"key":"Mirror"},{"floor":54,"key":"Chameleon Ring"}],"event_choices":[{"cards_removed":["Defend_P"],"damage_healed":0.0,"max_hp_gain":0.0,"max_hp_loss":0.0,"gold_gain":0.0,"event_name":"Bonfire Elementals","player_choice":"Offered Basic","floor":2.0,"gold_loss":0.0,"damage_taken":0.0},{"damage_healed":0.0,"max_hp_gain":0.0,"max_hp_loss":0.0,"gold_gain":75.0,"event_name":"FaceTrader","player_choice":"Touch","floor":5.0,"gold_loss":0.0,"damage_taken":7.0},{"damage_healed":0.0,"max_hp_gain":0.0,"max_hp_loss":0.0,"gold_gain":75.0,"event_name":"World of Goop","player_choice":"Gather Gold","floor":13.0,"gold_loss":0.0,"damage_taken":11.0},{"damage_healed":0.0,"max_hp_gain":0.0,"max_hp_loss":36.0,"gold_gain":0.0,"event_name":"Ghosts","player_choice":"Became a Ghost","floor":20.0,"gold_loss":0.0,"damage_taken":0.0,"cards_obtained":["Ghostly","Ghostly","Ghostly","Ghostly","Ghostly"]},{"damage_healed":0.0,"max_hp_gain":0.0,"max_hp_loss":0.0,"gold_gain":275.0,"event_name":"Golden Shrine","player_choice":"Desecrate","floor":29.0,"gold_loss":0.0,"damage_taken":0.0,"cards_obtained":["Regret"]},{"damage_healed":0.0,"max_hp_gain":0.0,"max_hp_loss":0.0,"gold_gain":0.0,"event_name":"Upgrade Shrine","player_choice":"Upgraded","floor":37.0,"gold_loss":0.0,"damage_taken":0.0,"cards_upgraded":["Blasphemy"]},{"cards_removed":["Strike_P"],"damage_healed":0,"gold_gain":0,"player_choice":"Removed Attack","damage_taken":0,"max_hp_gain":0,"max_hp_loss":0,"event_name":"Falling","floor":47,"gold_loss":0}],"is_beta":false,"boss_relics":[{"not_picked":["Tiny House","Snecko Eye"],"picked":"HolyWater"},{"not_picked":["Runic Pyramid","Busted Crown"],"picked":"Replay:Grab Bag"},{"not_picked":["Velvet Choker","Abe\u0027s Treasure"],"picked":"infinitespire:Cupcake"},{"not_picked":["ReplayTheSpireMod:Onyx Gauntlets","Fusion Hammer"],"picked":"Replay:Wanted Poster"},{"not_picked":["Kintsugi","Pandora\u0027s Box"],"picked":"SlaversCollar"}],"items_purged_floors":[30,53],"is_endless":false,"potions_floor_spawned":[1,4,11,18,25,28,35,41,48],"ascension_level":3}}