{"host":"a6m4v7p1efmaozv7","time":1614016521,"event":{"mods":["BaseMod","Colored Map","Colored Powertips","DeckTracker","Keyboard Shortcuts","Minty Spire (QoL Compilation)","Permanent Neow","Relic Stats","StSLib","SuperFastMode"],"gold_per_floor":[367,367,367,386,58,58,91,91,159,159,79,79,79,96,96,172,172,183,183,245,260,310,310,78,88,115,80,30,48,112,145,145,223,223,243,293,167,184,200,200,214,214,214,214,224,274,303,353,353,353,353,353,353,22,51,51],"floor_reached":57,"language":"ENG","playtime":1605,"items_purged":["Strike_G","Strike_G","Defend_G","Defend_G","Defend_G"],"score":3246,"play_id":"a626eaf9-9d8d-48ec-8623-5b698bf25936","local_time":"20210223025521","is_ascension_mode":true,"campfire_choices":[{"data":"Dash","floor":6.0,"key":"SMITH"},{"data":"Neutralize","floor":8.0,"key":"SMITH"},{"floor":12.0,"key":"REST"},{"data":"Corpse Explosion","floor":15.0,"key":"SMITH"},{"data":"Acrobatics","floor":23,"key":"SMITH"},{"data":"Reflex","floor":32,"key":"SMITH"},{"data":"Concentrate","floor":40,"key":"SMITH"},{"floor":42,"key":"RECALL"},{"data":"Grand Finale","floor":44,"key":"SMITH"},{"data":"Survivor","floor":49,"key":"SMITH"},{"floor":53,"key":"REST"}],"circlet_count":0,"master_deck":["AscendersBane","Survivor+1","Acrobatics+1","Dash+1","Corpse Explosion+1","Grand Finale+1","Reflex+1","Infinite Blades","Heel Hook","Acrobatics+1","Concentrate+1","Purity"],"relics":["Ring of the Snake","The Courier","Paper Crane","Nunchaku","WarpedTongs","Empty Cage","SsserpentHead","DollysMirror","Smiling Mask","Akabeko","Pen Nib","HoveringKite","Anchor","MealTicket","Tough Bandages","White Beast Statue"],"acts_visited":["Exordium","TheCity","TheBeyond","TheEnding"],"potions_floor_usage":[20,25,31,56,56],"damage_taken":[{"damage":1.0,"enemies":"Small Slimes","floor":1.0,"turns":4.0},{"damage":13.0,"enemies":"Jaw Worm","floor":4.0,"turns":8.0},{"damage":31.0,"enemies":"Lagavulin","floor":7.0,"turns":7.0},{"damage":1.0,"enemies":"2 Louse","floor":14.0,"turns":2.0},{"damage":3.0,"enemies":"Hexaghost","floor":16.0,"turns":9.0},{"damage":14,"enemies":"2 Thieves","floor":18,"turns":4},{"damage":9,"enemies":"3 Byrds","floor":20,"turns":4},{"damage":4,"enemies":"Centurion and Healer","floor":21,"turns":5},{"damage":0,"enemies":"Snecko","floor":25,"turns":4},{"damage":0,"enemies":"Snake Plant","floor":29,"turns":3},{"damage":0,"enemies":"3 Cultists","floor":30,"turns":2},{"damage":0,"enemies":"Slavers","floor":31,"turns":1},{"damage":12,"enemies":"Automaton","floor":33,"turns":5},{"damage":0,"enemies":"Orb Walker","floor":35,"turns":1},{"damage":0,"enemies":"3 Darklings","floor":38,"turns":1},{"damage":0,"enemies":"Sphere and 2 Shapes","floor":39,"turns":1},{"damage":0,"enemies":"4 Shapes","floor":41,"turns":1},{"damage":0,"enemies":"Writhing Mass","floor":45,"turns":2},{"damage":0,"enemies":"Giant Head","floor":47,"turns":1},{"damage":0,"enemies":"Awakened One","floor":50,"turns":3},{"damage":0,"enemies":"Time Eater","floor":51,"turns":2},{"damage":0,"enemies":"Shield and Spear","floor":55,"turns":1},{"damage":0,"enemies":"The Heart","floor":56,"turns":4}],"seed_played":"5472545630071694107","potions_obtained":[{"floor":14.0,"key":"LiquidMemories"},{"floor":16.0,"key":"Poison Potion"},{"floor":18,"key":"PowerPotion"},{"floor":21,"key":"Poison Potion"},{"floor":30,"key":"SkillPotion"},{"floor":31,"key":"Block Potion"},{"floor":39,"key":"PowerPotion"},{"floor":47,"key":"LiquidMemories"}],"is_trial":false,"path_per_floor":["M","?","?","M","$","R","E","R","T","?","$","R","?","M","R","B",null,"M","?","M","M","?","R","$","M","T","?","$","M","M","E","R","B",null,"M","?","$","M","M","R","M","R","T","R","M","?","E","?","R","B","B",null,"R","$","E","B",null],"character_chosen":"THE_SILENT","items_purchased":["Corpse Explosion","CunningPotion","DollysMirror","Anchor","Tough Bandages","Purity"],"campfire_rested":2,"item_purchase_floors":[5,5,24,37,54,54],"current_hp_per_floor":[58,63,56,43,43,43,12,12,12,12,12,31,31,30,30,27,56,42,42,33,29,29,29,29,29,29,29,29,29,29,29,29,17,53,53,53,53,53,53,53,53,53,53,53,53,53,53,53,53,53,53,62,65,65,65,65],"gold":51,"neow_bonus":"TWO_FIFTY_GOLD","is_daily":false,"chose_seed":false,"campfire_upgraded":8,"win_rate":0.0,"timestamp":1614016521,"path_taken":["M","?","?","M","?","R","E","R","T","?","$","R","?","?","R","BOSS","M","?","?","M","?","R","$","M","T","?","$","M","?","E","R","BOSS","M","?","?","M","M","R","M","R","T","R","M","?","E","?","R","BOSS","BOSS","R","$","E","BOSS"],"items_purchased_type":["Card","Potion","Relic","Relic","Relic","Card"],"build_version":"2020-12-22","purchased_purges":5,"victory":true,"max_hp_per_floor":[60,65,65,65,65,65,65,65,65,65,65,65,65,65,65,65,65,65,65,65,65,65,65,65,65,65,65,65,65,65,65,65,65,65,65,65,65,65,65,65,65,65,65,65,65,65,65,65,65,65,65,65,65,65,65,65],"relic_stats":{"SsserpentHead":400,"Nunchaku":[14],"Tough Bandages":[351],"counters":[23,75],"HoveringKite":[16],"MealTicket":0,"Pen Nib":[9],"Smiling Mask":160,"obtain_stats":[{"HoveringKite":34,"The Courier":7,"Pen Nib":31,"Paper Crane":9,"Empty Cage":17,"Smiling Mask":26,"Akabeko":27,"White Beast Statue":55,"WarpedTongs":13,"SsserpentHead":19,"Nunchaku":10,"Anchor":37,"Tough Bandages":54,"DollysMirror":24,"MealTicket":47,"Ring of the Snake":0},{"HoveringKite":13,"The Courier":3,"Pen Nib":12,"Paper Crane":3,"Empty Cage":5,"Smiling Mask":9,"Akabeko":9,"White Beast Statue":22,"WarpedTongs":3,"SsserpentHead":6,"Nunchaku":3,"Anchor":14,"Tough Bandages":21,"DollysMirror":8,"MealTicket":19,"Ring of the Snake":0},{"HoveringKite":58,"The Courier":19,"Pen Nib":53,"Paper Crane":19,"Empty Cage":30,"Smiling Mask":47,"Akabeko":47,"White Beast Statue":71,"WarpedTongs":19,"SsserpentHead":34,"Nunchaku":19,"Anchor":59,"Tough Bandages":70,"DollysMirror":43,"MealTicket":65,"Ring of the Snake":0}],"Ring of the Snake":[46],"WarpedTongs":[51]},"card_choices":[{"not_picked":["Underhanded Strike","Expertise"],"picked":"Acrobatics","floor":1.0},{"not_picked":["Heel Hook","Backflip"],"picked":"Dash","floor":4.0},{"not_picked":["Crippling Poison","Poisoned Stab","Predator"],"picked":"SKIP","floor":7.0},{"not_picked":["Predator","Poisoned Stab","Blade Dance"],"picked":"SKIP","floor":14.0},{"not_picked":["Glass Knife","Doppelganger"],"picked":"Grand Finale","floor":16.0},{"not_picked":["Dagger Spray","Finisher","Bane"],"picked":"SKIP","floor":18},{"not_picked":["Outmaneuver","Dagger Throw"],"picked":"Reflex","floor":20},{"not_picked":["Dodge and Roll","Prepared","Cloak And Dagger"],"picked":"SKIP","floor":21},{"not_picked":["Poisoned Stab","Outmaneuver","PiercingWail+1"],"picked":"SKIP","floor":25},{"not_picked":["Dodge and Roll","Backflip+1","Dagger Throw"],"picked":"SKIP","floor":29},{"not_picked":["Slice","Escape Plan","Reflex"],"picked":"SKIP","floor":30},{"not_picked":["Footwork","Bullet Time","Unload"],"picked":"SKIP","floor":31},{"not_picked":["Footwork","Bullet Time","Unload"],"picked":"SKIP","floor":31},{"not_picked":["Deflect","Escape Plan"],"picked":"Concentrate","floor":35},{"not_picked":["Slice","Backflip","Terror"],"picked":"SKIP","floor":38},{"not_picked":["Accuracy","Expertise+1","Blade Dance+1"],"picked":"SKIP","floor":39},{"not_picked":["Backstab","Crippling Poison","Dagger Spray+1"],"picked":"SKIP","floor":41},{"not_picked":["Flying Knee","Underhanded Strike","Accuracy+1"],"picked":"SKIP","floor":45},{"not_picked":["Flying Knee+1","Infinite Blades+1","Dodge and Roll"],"picked":"SKIP","floor":47},{"not_picked":["Outmaneuver","Deflect","Dash"],"picked":"SKIP","floor":55}],"player_experience":2022568,"relics_obtained":[{"floor":7.0,"key":"The Courier"},{"floor":9.0,"key":"Paper Crane"},{"floor":26,"key":"Smiling Mask"},{"floor":31,"key":"Pen Nib"},{"floor":47,"key":"MealTicket"},{"floor":55,"key":"White Beast Statue"}],"event_choices":[{"damage_healed":0.0,"max_hp_gain":5.0,"max_hp_loss":0.0,"gold_gain":0.0,"event_name":"Big Fish","player_choice":"Donut","floor":2.0,"gold_loss":0.0,"damage_taken":0.0},{"cards_removed":["Strike_G"],"damage_healed":0.0,"max_hp_gain":0.0,"max_hp_loss":0.0,"gold_gain":0.0,"event_name":"Golden Wing","player_choice":"Card Removal","floor":3.0,"gold_loss":0.0,"damage_taken":7.0},{"damage_healed":0.0,"max_hp_gain":0.0,"max_hp_loss":0.0,"gold_gain":0.0,"event_name":"Dead Adventurer","player_choice":"Searched \u00271\u0027 times","floor":10.0,"gold_loss":0.0,"damage_taken":0.0,"relics_obtained":["Nunchaku"]},{"damage_healed":0.0,"max_hp_gain":0.0,"max_hp_loss":0.0,"gold_gain":0.0,"event_name":"Accursed Blacksmith","player_choice":"Rummage","floor":13.0,"gold_loss":0.0,"damage_taken":0.0,"relics_obtained":["WarpedTongs"],"cards_obtained":["Pain"]},{"damage_healed":0,"gold_gain":0,"player_choice":"Trade","damage_taken":0,"relics_obtained":["SsserpentHead"],"max_hp_gain":0,"max_hp_loss":0,"event_name":"FaceTrader","floor":19,"gold_loss":0},{"damage_healed":0,"gold_gain":0,"cards_transformed":["Strike_G","Defend_G"],"player_choice":"Became Test Subject","damage_taken":0,"max_hp_gain":0,"max_hp_loss":0,"event_name":"Drug Dealer","floor":22,"gold_loss":0,"cards_obtained":["Infinite Blades","Heel Hook"]},{"damage_healed":0,"gold_gain":0,"player_choice":"Obtained Relic","damage_taken":0,"relics_obtained":["Akabeko"],"max_hp_gain":0,"max_hp_loss":0,"event_name":"Addict","floor":27,"gold_loss":85},{"cards_removed":["Defend_G"],"damage_healed":0,"gold_gain":0,"player_choice":"Purged","damage_taken":0,"max_hp_gain":0,"max_hp_loss":0,"event_name":"Purifier","floor":36,"gold_loss":0},{"damage_healed":0,"gold_gain":0,"player_choice":"Ignored","damage_taken":0,"max_hp_gain":0,"max_hp_loss":0,"event_name":"Tomb of Lord Red Mask","floor":46,"gold_loss":0},{"cards_removed":["Neutralize"],"damage_healed":0,"gold_gain":0,"player_choice":"Removed Attack","damage_taken":0,"max_hp_gain":0,"max_hp_loss":0,"event_name":"Falling","floor":48,"gold_loss":0}],"is_beta":false,"boss_relics":[{"not_picked":["Pandora\u0027s Box","Ectoplasm"],"picked":"Empty Cage"},{"not_picked":["WristBlade","Calling Bell"],"picked":"HoveringKite"}],"items_purged_floors":[5,11,24,28,37],"is_endless":false,"potions_floor_spawned":[14,16,18,21,30,31,39,47],"ascension_level":20}}