{"host":"928gv66myv2vlnsd","time":1614012067,"event":{"mods":["BaseMod","Highlight Path","Minty Spire (QoL Compilation)","Relic Stats","StSLib"],"gold_per_floor":[119,194,29,29,56,68,110,147,182,194,234,261,69,85,85,85,85],"floor_reached":16,"language":"ENG","playtime":670,"items_purged":["Strike_G"],"score":266,"play_id":"8824c4bd-40e4-4b70-a550-d3e5189b39f4","local_time":"20210222114107","is_ascension_mode":true,"campfire_choices":[{"data":"Footwork","floor":6,"key":"SMITH"},{"floor":10,"key":"REST"},{"floor":15,"key":"REST"}],"circlet_count":0,"master_deck":["AscendersBane","Strike_G","Strike_G","Strike_G","Strike_G","Defend_G","Defend_G","Defend_G","Defend_G","Defend_G","Survivor","Neutralize","All Out Attack","Deadly Poison","Riddle With Holes","Die Die Die","PiercingWail","PiercingWail","Footwork+1","Blur","Dash"],"relics":["Ring of the Snake","NeowsBlessing","Orrery","MawBank","Du-Vu Doll","Odd Mushroom","MealTicket","Ancient Tea Set","Membership Card"],"acts_visited":["Exordium"],"potions_floor_usage":[11,16],"damage_taken":[{"damage":0,"enemies":"Jaw Worm","floor":1,"turns":1},{"damage":0,"enemies":"Small Slimes","floor":5,"turns":1},{"damage":0,"enemies":"3 Sentries","floor":7,"turns":1},{"damage":8,"enemies":"The Mushroom Lair","floor":8,"turns":2},{"damage":48,"enemies":"Gremlin Nob","floor":11,"turns":6},{"damage":0,"enemies":"2 Louse","floor":12,"turns":2},{"damage":8,"enemies":"Large Slime","floor":14,"turns":5},{"damage":39,"enemies":"Slime Boss","floor":16,"turns":10}],"seed_played":"-4554466457887329759","potions_obtained":[{"floor":1,"key":"SteroidPotion"},{"floor":7,"key":"LiquidBronze"},{"floor":8,"key":"Regen Potion"},{"floor":11,"key":"SkillPotion"}],"is_trial":false,"path_per_floor":["M","?","$","?","M","R","E","?","T","R","E","M","$","M","R","B"],"character_chosen":"THE_SILENT","items_purchased":["Orrery","Membership Card"],"campfire_rested":2,"item_purchase_floors":[3,13],"current_hp_per_floor":[59,48,48,30,30,30,30,22,22,41,2,2,17,9,28,0,0],"gold":85,"neow_bonus":"THREE_ENEMY_KILL","is_daily":false,"chose_seed":false,"campfire_upgraded":1,"win_rate":0.0,"timestamp":1614012067,"path_taken":["M","?","$","?","M","R","E","?","T","R","E","M","$","M","R","BOSS"],"items_purchased_type":["Relic","Relic"],"build_version":"2020-12-22","purchased_purges":1,"victory":false,"max_hp_per_floor":[66,66,66,66,66,66,66,66,66,66,66,66,66,66,66,66,66],"relic_stats":{"counters":[8,28],"MealTicket":15,"MawBank":108,"obtain_stats":[{"Du-Vu Doll":7,"NeowsBlessing":0,"Orrery":3,"MealTicket":9,"Membership Card":13,"Odd Mushroom":8,"MawBank":4,"Ancient Tea Set":11,"Ring of the Snake":0},{"Du-Vu Doll":3,"NeowsBlessing":0,"Orrery":1,"MealTicket":4,"Membership Card":6,"Odd Mushroom":4,"MawBank":1,"Ancient Tea Set":5,"Ring of the Snake":0},{"Du-Vu Doll":3,"NeowsBlessing":0,"Orrery":1,"MealTicket":5,"Membership Card":13,"Odd Mushroom":5,"MawBank":1,"Ancient Tea Set":11,"Ring of the Snake":0}],"Ring of the Snake":[16]},"card_choices":[{"not_picked":["Masterful Stab","Sucker Punch"],"picked":"All Out Attack","floor":1},{"not_picked":["Dodge and Roll","Quick Slash"],"picked":"Deadly Poison","floor":3},{"not_picked":["Deflect","Outmaneuver"],"picked":"Riddle With Holes","floor":3},{"not_picked":["Dodge and Roll","Masterful Stab"],"picked":"Die Die Die","floor":3},{"not_picked":["Escape Plan","Setup"],"picked":"PiercingWail","floor":3},{"not_picked":["Blade Dance","Underhanded Strike"],"picked":"PiercingWail","floor":3},{"not_picked":["Flechettes","Bane"],"picked":"Footwork","floor":5},{"not_picked":["Deflect","Acrobatics"],"picked":"Blur","floor":7},{"not_picked":["Blade Dance","Tactician"],"picked":"Dash","floor":11},{"not_picked":["Expertise","Quick Slash","Sucker Punch"],"picked":"SKIP","floor":12},{"not_picked":["Acrobatics","Slice","All Out Attack"],"picked":"SKIP","floor":14}],"player_experience":1477740,"relics_obtained":[{"floor":7,"key":"Du-Vu Doll"},{"floor":8,"key":"Odd Mushroom"},{"floor":9,"key":"MealTicket"},{"floor":11,"key":"Ancient Tea Set"}],"event_choices":[{"damage_healed":0,"gold_gain":75,"player_choice":"Gather Gold","damage_taken":11,"max_hp_gain":0,"max_hp_loss":0,"event_name":"World of Goop","floor":2,"gold_loss":0},{"damage_healed":0,"gold_gain":0,"player_choice":"Success","damage_taken":18,"relics_obtained":["MawBank"],"max_hp_gain":0,"max_hp_loss":0,"event_name":"Scrap Ooze","floor":4,"gold_loss":0},{"damage_healed":0,"gold_gain":0,"player_choice":"Fought Mushrooms","damage_taken":0,"max_hp_gain":0,"max_hp_loss":0,"event_name":"Mushrooms","floor":8,"gold_loss":0}],"is_beta":false,"boss_relics":[],"items_purged_floors":[13],"is_endless":false,"potions_floor_spawned":[1,7,8,11],"killed_by":"Slime Boss","ascension_level":20}}