{"host":"jt67skv49snb75sm","time":1614012379,"event":{"mods":["BaseMod","Bestiary","Minty Spire (QoL Compilation)","Relic Stats"],"gold_per_floor":[116,133,133,107,118,118,137,172,172,172,172,189,208,208,208,297,297,317,330,330,330,330],"floor_reached":21,"language":"ENG","playtime":882,"items_purged":[],"score":362,"play_id":"fc1fa99e-948f-4a39-88e0-65107f796c76","local_time":"20210222174619","is_ascension_mode":true,"campfire_choices":[{"data":"Armaments","floor":6.0,"key":"SMITH"},{"data":"Body Slam","floor":10.0,"key":"SMITH"},{"floor":15.0,"key":"REST"}],"circlet_count":0,"master_deck":["AscendersBane","Strike_R+1","Strike_R","Strike_R","Strike_R","Strike_R","Defend_R","Defend_R","Defend_R+1","Defend_R","Bash+1","Power Through","Clothesline","Armaments+1","True Grit","Fire Breathing","Body Slam+1","Inflame","Sword Boomerang","Barricade","Battle Trance","Body Slam"],"relics":["Burning Blood","Anchor","Oddly Smooth Stone","Golden Idol","Mark of Pain","SsserpentHead"],"acts_visited":["Exordium","TheCity"],"potions_floor_usage":[16,18,21],"damage_taken":[{"damage":15.0,"enemies":"Small Slimes","floor":1.0,"turns":6.0},{"damage":1.0,"enemies":"Cultist","floor":2.0,"turns":4.0},{"damage":13.0,"enemies":"Jaw Worm","floor":5.0,"turns":6.0},{"damage":11.0,"enemies":"Exordium Thugs","floor":7.0,"turns":6.0},{"damage":12.0,"enemies":"Gremlin Nob","floor":8.0,"turns":4.0},{"damage":0.0,"enemies":"Looter","floor":12.0,"turns":3.0},{"damage":0.0,"enemies":"Blue Slaver","floor":13.0,"turns":4.0},{"damage":27,"enemies":"The Guardian","floor":16,"turns":13},{"damage":36,"enemies":"3 Byrds","floor":18,"turns":6},{"damage":25,"enemies":"Spheric Guardian","floor":19,"turns":6},{"damage":16,"enemies":"Shelled Parasite and Fungi","floor":21,"turns":4}],"seed_played":"3118220729076560502","potions_obtained":[{"floor":1.0,"key":"AttackPotion"},{"floor":7.0,"key":"Energy Potion"},{"floor":13.0,"key":"Strength Potion"},{"floor":16,"key":"PowerPotion"},{"floor":18,"key":"Weak Potion"}],"is_trial":false,"path_per_floor":["M","M","?","$","M","R","M","E","T","R","?","M","M","?","R","B",null,"M","M","?","M"],"character_chosen":"IRONCLAD","items_purchased":["Armaments"],"campfire_rested":1,"item_purchase_floors":[4],"current_hp_per_floor":[66,71,71,71,64,64,59,53,53,53,28,34,40,12,36,15,65,35,16,16,0,0],"gold":330,"neow_bonus":"TEN_PERCENT_HP_BONUS","is_daily":false,"chose_seed":false,"campfire_upgraded":2,"win_rate":0.0,"timestamp":1614012379,"path_taken":["M","M","?","?","M","R","M","E","T","R","?","M","?","?","R","BOSS","M","M","?","M"],"items_purchased_type":["Card"],"build_version":"2020-12-22","purchased_purges":0,"victory":false,"max_hp_per_floor":[82,82,82,82,82,82,82,82,82,82,82,82,82,82,82,82,82,82,82,82,82,82],"relic_stats":{"SsserpentHead":0,"counters":[11,62],"Golden Idol":25,"obtain_stats":[{"SsserpentHead":20,"Anchor":8,"Golden Idol":14,"Oddly Smooth Stone":9,"Mark of Pain":17,"Burning Blood":0},{"SsserpentHead":10,"Anchor":5,"Golden Idol":7,"Oddly Smooth Stone":5,"Mark of Pain":8,"Burning Blood":0},{"SsserpentHead":58,"Anchor":26,"Golden Idol":33,"Oddly Smooth Stone":26,"Mark of Pain":46,"Burning Blood":0}],"Burning Blood":60},"card_choices":[{"not_picked":["Dual Wield","Flex"],"picked":"Power Through","floor":1.0},{"not_picked":["Flex","Dual Wield"],"picked":"Clothesline","floor":2.0},{"not_picked":["Iron Wave","Intimidate"],"picked":"True Grit","floor":5.0},{"not_picked":["Havoc","Power Through"],"picked":"Fire Breathing","floor":7.0},{"not_picked":["Thunderclap","Double Tap"],"picked":"Body Slam","floor":8.0},{"not_picked":["Havoc","Fire Breathing"],"picked":"Inflame","floor":12.0},{"not_picked":["Flex","Warcry"],"picked":"Sword Boomerang","floor":13.0},{"not_picked":["Reaper","Demon Form"],"picked":"Barricade","floor":16},{"not_picked":["Twin Strike","Fire Breathing"],"picked":"Battle Trance","floor":18},{"not_picked":["Dark Embrace","Combust"],"picked":"Body Slam","floor":19}],"player_experience":872290,"relics_obtained":[{"floor":8.0,"key":"Anchor"},{"floor":9.0,"key":"Oddly Smooth Stone"}],"event_choices":[{"damage_healed":0.0,"max_hp_gain":0.0,"max_hp_loss":0.0,"gold_gain":0.0,"event_name":"Accursed Blacksmith","player_choice":"Forge","floor":3.0,"gold_loss":0.0,"damage_taken":0.0,"cards_upgraded":["Bash"]},{"damage_healed":0.0,"max_hp_gain":0.0,"max_hp_loss":0.0,"gold_gain":0.0,"event_name":"Shining Light","player_choice":"Entered Light","floor":11.0,"gold_loss":0.0,"damage_taken":25.0,"cards_upgraded":["Defend_R","Strike_R"]},{"damage_healed":0.0,"max_hp_gain":0.0,"max_hp_loss":0.0,"gold_gain":0.0,"event_name":"Golden Idol","player_choice":"Take Damage","floor":14.0,"gold_loss":0.0,"damage_taken":28.0,"relics_obtained":["Golden Idol"]},{"damage_healed":0,"gold_gain":0,"player_choice":"Trade","damage_taken":0,"relics_obtained":["SsserpentHead"],"max_hp_gain":0,"max_hp_loss":0,"event_name":"FaceTrader","floor":20,"gold_loss":0}],"is_beta":false,"boss_relics":[{"not_picked":["Coffee Dripper","Ectoplasm"],"picked":"Mark of Pain"}],"items_purged_floors":[],"is_endless":false,"potions_floor_spawned":[1,7,13,16,18],"killed_by":"Shelled Parasite and Fungi","ascension_level":20}}