{"host":"i45hfqkcke4zequp","time":1614012334,"event":{"mods":["AchievementEnabler","BaseMod","BetterRewards","Minty Spire (QoL Compilation)","Permanent Neow","Shop Mod","SuperFastMode"],"gold_per_floor":[114,289,268,268,283,283,612,628,628,647,597,613,629,658,658,763,763,782,792,842,860,337,337,264,264,264,296,314,395,414,414,414,510,510,521,532,97,97,143,143,143,163,163,213,0,0,0,13,13,13],"floor_reached":51,"language":"KOR","playtime":3716,"items_purged":["Normality"],"score":903,"play_id":"cabd4a5c-b324-4705-8641-161e8efe94d0","local_time":"20210223014534","is_ascension_mode":true,"campfire_choices":[{"floor":6.0,"key":"REST"},{"floor":15.0,"key":"REST"},{"floor":23.0,"key":"REST"},{"data":"Eruption","floor":25.0,"key":"SMITH"},{"floor":32.0,"key":"REST"},{"floor":41,"key":"REST"},{"floor":47,"key":"DIG"},{"floor":49,"key":"DIG"}],"circlet_count":0,"master_deck":["Strike_P","Strike_P","Strike_P","Strike_P","Defend_P","Defend_P","Defend_P","Defend_P","Eruption+1","Vigilance","Swivel","FlurryOfBlows","FlurryOfBlows","CutThroughFate","SandsOfTime","ForeignInfluence+1","EmptyBody+1","JustLucky+1","WaveOfTheHand+1","DevaForm+1","CrushJoints","DeceiveReality+1","Fasting2+1","Vault+1","Halt+1","BattleHymn+1","Pray+1","LikeWater+1","ClearTheMind+1","Omniscience+1","EmptyBody+1","BowlingBash+1","Worship+1","Omniscience+1","Prostrate+1","Parasite","CrushJoints+1"],"relics":["PureWater","Ice Cream","CloakClasp","Frozen Egg 2","Old Coin","Toxic Egg 2","Kunai","Busted Crown","Unceasing Top","Potion Belt","Matryoshka","Cursed Key","Eternal Feather","DollysMirror","Turnip","Bronze Scales","White Beast Statue","Shovel","Red Mask","Bag of Preparation","Shuriken"],"acts_visited":["Exordium","TheCity","TheBeyond"],"potions_floor_usage":[39,39,40,48,50],"damage_taken":[{"damage":2.0,"enemies":"Jaw Worm","floor":1.0,"turns":2.0},{"damage":0.0,"enemies":"2 Louse","floor":5.0,"turns":3.0},{"damage":7.0,"enemies":"3 Sentries","floor":7.0,"turns":3.0},{"damage":0.0,"enemies":"Cultist","floor":8.0,"turns":2.0},{"damage":4.0,"enemies":"Exordium Thugs","floor":10.0,"turns":4.0},{"damage":8.0,"enemies":"Red Slaver","floor":12.0,"turns":2.0},{"damage":1.0,"enemies":"Large Slime","floor":13.0,"turns":2.0},{"damage":5.0,"enemies":"Lagavulin","floor":14.0,"turns":3.0},{"damage":6.0,"enemies":"The Guardian","floor":16.0,"turns":13.0},{"damage":18.0,"enemies":"2 Thieves","floor":18.0,"turns":4.0},{"damage":4.0,"enemies":"3 Byrds","floor":19.0,"turns":5.0},{"damage":22.0,"enemies":"Snake Plant","floor":21.0,"turns":5.0},{"damage":5.0,"enemies":"Centurion and Healer","floor":27.0,"turns":5.0},{"damage":4.0,"enemies":"Snecko","floor":28.0,"turns":4.0},{"damage":7.0,"enemies":"Chosen and Byrds","floor":30.0,"turns":4.0},{"damage":6.0,"enemies":"Champ","floor":33.0,"turns":10.0},{"damage":20.0,"enemies":"3 Darklings","floor":35.0,"turns":8.0},{"damage":14.0,"enemies":"Orb Walker","floor":36.0,"turns":4.0},{"damage":20,"enemies":"2 Orb Walkers","floor":39,"turns":4},{"damage":0,"enemies":"Nemesis","floor":40,"turns":1},{"damage":17,"enemies":"Maw","floor":42,"turns":8},{"damage":0,"enemies":"Mind Bloom Boss Battle","floor":44,"turns":7},{"damage":36,"enemies":"3 Darklings","floor":48,"turns":5},{"damage":13,"enemies":"Donu and Deca","floor":50,"turns":6}],"seed_played":"263962420318006434","potions_obtained":[{"floor":5.0,"key":"AttackPotion"},{"floor":7.0,"key":"Explosive Potion"},{"floor":13.0,"key":"Regen Potion"},{"floor":21.0,"key":"LiquidBronze"},{"floor":30.0,"key":"SpeedPotion"},{"floor":39,"key":"SmokeBomb"},{"floor":42,"key":"SteroidPotion"},{"floor":44,"key":"Regen Potion"},{"floor":48,"key":"Fire Potion"}],"is_trial":false,"path_per_floor":["M","?","?","T","M","R","E","M","T","M","?","M","M","E","R","B",null,"M","M","?","M","$","R","$","R","T","M","M","T","M","?","R","B",null,"M","M","$","?","?","E","R","M","T","?","?","?","R","M","R","B",null],"character_chosen":"WATCHER","items_purchased":["EmptyFist","Vault+1","Unceasing Top","Halt+1","BattleHymn+1","Eternal Feather","Worship+1","DollysMirror"],"campfire_rested":5,"item_purchase_floors":[0,22,22,22,24,37,37,37],"current_hp_per_floor":[31,31,31,31,31,52,45,45,45,41,41,33,32,27,48,42,65,47,43,43,21,21,42,42,42,42,37,33,33,26,26,47,41,64,44,30,30,30,22,22,64,47,47,47,47,47,68,44,65,52],"gold":13,"neow_bonus":"","is_daily":false,"chose_seed":false,"campfire_upgraded":1,"win_rate":0.0,"timestamp":1614012334,"path_taken":["M","?","?","?","M","R","E","M","T","M","?","?","?","E","R","BOSS","M","M","?","M","$","R","$","R","T","?","M","?","M","?","R","BOSS","M","?","$","?","?","E","R","M","T","?","?","?","R","?","R","BOSS"],"items_purchased_type":["Card","Card","Relic","Card","Card","Relic","Card","Relic"],"build_version":"2020-12-22","purchased_purges":1,"victory":true,"max_hp_per_floor":[72,72,72,72,72,72,72,72,72,72,72,72,72,72,72,72,72,72,72,72,72,72,72,72,72,72,72,72,72,72,72,72,72,72,72,72,72,72,72,72,72,72,72,72,72,72,72,72,72,72],"card_choices":[{"not_picked":["FollowUp","CarveReality"],"picked":"FlurryOfBlows","floor":1.0},{"not_picked":["EmptyFist","Consecrate"],"picked":"FlurryOfBlows","floor":5.0},{"not_picked":["JustLucky","ClearTheMind"],"picked":"CutThroughFate","floor":7.0},{"not_picked":["Worship","BowlingBash"],"picked":"SandsOfTime","floor":8.0},{"not_picked":["LikeWater+1","EmptyFist"],"picked":"ForeignInfluence+1","floor":10.0},{"not_picked":["Sanctity+1","Ragnarok"],"picked":"EmptyBody+1","floor":12.0},{"not_picked":["LikeWater+1","EmptyFist"],"picked":"JustLucky","floor":13.0},{"not_picked":["MentalFortress+1","JustLucky"],"picked":"WaveOfTheHand+1","floor":14.0},{"not_picked":["Omniscience+1","Alpha+1"],"picked":"DevaForm+1","floor":16.0},{"not_picked":[],"picked":"CrushJoints","floor":18.0},{"not_picked":[],"picked":"DeceiveReality+1","floor":19.0},{"not_picked":[],"picked":"Fasting2+1","floor":21.0},{"not_picked":[],"picked":"Pray+1","floor":27.0},{"not_picked":[],"picked":"LikeWater+1","floor":28.0},{"not_picked":[],"picked":"ClearTheMind+1","floor":30.0},{"not_picked":[],"picked":"Omniscience+1","floor":33.0},{"not_picked":[],"picked":"EmptyBody+1","floor":35.0},{"not_picked":[],"picked":"BowlingBash+1","floor":36.0},{"not_picked":[],"picked":"Prostrate+1","floor":42},{"not_picked":[],"picked":"CrushJoints+1","floor":48}],"player_experience":591545,"relics_obtained":[{"floor":4.0,"key":"Frozen Egg 2"},{"floor":7.0,"key":"Old Coin"},{"floor":9.0,"key":"Toxic Egg 2"},{"floor":14.0,"key":"Kunai"},{"floor":26.0,"key":"Potion Belt"},{"floor":29.0,"key":"Matryoshka"},{"floor":39,"key":"Turnip"},{"floor":43,"key":"Bronze Scales"},{"floor":43,"key":"White Beast Statue"},{"floor":44,"key":"Shovel"},{"floor":47,"key":"Bag of Preparation"},{"floor":49,"key":"Shuriken"}],"event_choices":[{"damage_healed":0.0,"max_hp_gain":0.0,"max_hp_loss":0.0,"gold_gain":175.0,"event_name":"Liars Game","player_choice":"AGREE","floor":2.0,"gold_loss":0.0,"damage_taken":0.0,"cards_obtained":["Doubt"]},{"damage_healed":0.0,"max_hp_gain":0.0,"max_hp_loss":0.0,"gold_gain":0.0,"event_name":"World of Goop","player_choice":"Left Gold","floor":3.0,"gold_loss":21.0,"damage_taken":0.0},{"cards_removed":["Doubt"],"damage_healed":0.0,"max_hp_gain":0.0,"max_hp_loss":0.0,"gold_gain":0.0,"event_name":"The Cleric","player_choice":"Card Removal","floor":11.0,"gold_loss":50.0,"damage_taken":0.0},{"damage_healed":0.0,"max_hp_gain":0.0,"max_hp_loss":0.0,"gold_gain":100.0,"event_name":"The Joust","player_choice":"Bet on Murderer","floor":20.0,"gold_loss":50.0,"damage_taken":0.0},{"damage_healed":0.0,"max_hp_gain":0.0,"max_hp_loss":0.0,"gold_gain":0.0,"event_name":"Upgrade Shrine","player_choice":"Upgraded","floor":31.0,"gold_loss":0.0,"damage_taken":0.0,"cards_upgraded":["JustLucky"]},{"damage_healed":0,"gold_gain":0,"player_choice":"Ignored","damage_taken":0,"max_hp_gain":0,"max_hp_loss":0,"event_name":"The Moai Head","floor":38,"gold_loss":0},{"damage_healed":0,"gold_gain":0,"player_choice":"Fight","damage_taken":0,"max_hp_gain":0,"max_hp_loss":0,"event_name":"Mysterious Sphere","floor":39,"gold_loss":0},{"damage_healed":0,"gold_gain":0,"player_choice":"Fight","damage_taken":0,"max_hp_gain":0,"max_hp_loss":0,"event_name":"MindBloom","floor":44,"gold_loss":0},{"damage_healed":0,"gold_gain":0,"player_choice":"Paid","damage_taken":0,"relics_obtained":["Red Mask"],"max_hp_gain":0,"max_hp_loss":0,"event_name":"Tomb of Lord Red Mask","floor":45,"gold_loss":213},{"cards_removed":["EmptyFist"],"damage_healed":0,"gold_gain":0,"player_choice":"Removed Attack","damage_taken":0,"max_hp_gain":0,"max_hp_loss":0,"event_name":"Falling","floor":46,"gold_loss":0}],"is_beta":false,"boss_relics":[{"not_picked":["Empty Cage","Tiny House"],"picked":"Busted Crown"},{"not_picked":["Runic Dome","Coffee Dripper"],"picked":"Cursed Key"}],"items_purged_floors":[0],"is_endless":false,"potions_floor_spawned":[5,7,13,21,30,39,42,44,48],"ascension_level":6}}