{"host":"gzz35fplm60aw28t","time":1614004429,"event":{"mods":["AchievementEnabler","BaseMod","Colored Powertips","DeckTracker","Minty Spire (QoL Compilation)","SuperFastMode"],"gold_per_floor":[119,131,145,164,164,164,198,198,198,225,238,263,263,275,275,275,275],"floor_reached":16,"language":"ENG","playtime":2127,"items_purged":[],"score":128,"play_id":"6014399d-66c0-455e-887c-524a13fbcbac","local_time":"20210222153349","is_ascension_mode":true,"campfire_choices":[{"data":"Bash","floor":6,"key":"SMITH"},{"data":"Burning Pact","floor":8,"key":"SMITH"},{"data":"Shrug It Off","floor":13,"key":"SMITH"},{"floor":15,"key":"REST"}],"circlet_count":0,"master_deck":["Strike_R","Strike_R","Strike_R","Strike_R","Defend_R","Defend_R","Defend_R","Defend_R","Bash+1","Pummel","Cleave+1","Burning Pact+1","Immolate","Shrug It Off+1"],"relics":["Burning Blood","Centennial Puzzle","Self Forming Clay","Charon\u0027s Ashes","Bag of Preparation"],"acts_visited":["Exordium"],"potions_floor_usage":[7,16,16],"damage_taken":[{"damage":2,"enemies":"2 Louse","floor":1,"turns":3},{"damage":0,"enemies":"Small Slimes","floor":2,"turns":3},{"damage":5,"enemies":"Jaw Worm","floor":3,"turns":4},{"damage":5,"enemies":"Lots of Slimes","floor":4,"turns":2},{"damage":27,"enemies":"Gremlin Nob","floor":7,"turns":4},{"damage":41,"enemies":"Lagavulin","floor":10,"turns":6},{"damage":2,"enemies":"2 Fungi Beasts","floor":11,"turns":2},{"damage":11,"enemies":"Gremlin Nob","floor":12,"turns":3},{"damage":0,"enemies":"Exordium Wildlife","floor":14,"turns":1},{"damage":97,"enemies":"The Guardian","floor":16,"turns":17}],"seed_played":"3991660394501073117","potions_obtained":[{"floor":2,"key":"SmokeBomb"},{"floor":4,"key":"DistilledChaos"},{"floor":10,"key":"BloodPotion"},{"floor":12,"key":"LiquidBronze"}],"is_trial":false,"path_per_floor":["M","M","M","M","?","R","E","R","T","E","M","E","R","M","R","B"],"character_chosen":"IRONCLAD","items_purchased":[],"campfire_rested":1,"item_purchase_floors":[],"current_hp_per_floor":[80,80,80,80,80,80,59,59,59,24,28,23,23,29,53,0,0],"gold":275,"neow_bonus":"TRANSFORM_CARD","is_daily":false,"chose_seed":false,"campfire_upgraded":3,"win_rate":0.0,"timestamp":1614004429,"path_taken":["M","M","M","M","?","R","E","R","T","E","M","E","R","M","R","BOSS"],"items_purchased_type":[],"build_version":"2020-12-22","purchased_purges":0,"victory":false,"max_hp_per_floor":[80,80,80,80,80,80,80,80,80,80,80,80,80,80,80,80,80],"card_choices":[{"not_picked":["Sword Boomerang","Flex"],"picked":"Cleave","floor":1},{"not_picked":["Clash","Second Wind","Wild Strike"],"picked":"SKIP","floor":2},{"not_picked":["Wild Strike","Metallicize","Heavy Blade"],"picked":"SKIP","floor":3},{"not_picked":["Dual Wield","Clothesline"],"picked":"Burning Pact","floor":4},{"not_picked":["Fiend Fire","Anger","Wild Strike"],"picked":"SKIP","floor":7},{"not_picked":["Pommel Strike","Armaments"],"picked":"Immolate","floor":10},{"not_picked":["Blood for Blood","Reckless Charge","Twin Strike"],"picked":"SKIP","floor":11},{"not_picked":["Headbutt","Clash"],"picked":"Shrug It Off","floor":12},{"not_picked":["Combust","Carnage","Anger"],"picked":"SKIP","floor":14}],"player_experience":39371,"relics_obtained":[{"floor":7,"key":"Centennial Puzzle"},{"floor":9,"key":"Self Forming Clay"},{"floor":10,"key":"Charon\u0027s Ashes"},{"floor":12,"key":"Bag of Preparation"}],"event_choices":[{"damage_healed":0,"gold_gain":0,"player_choice":"Grow","damage_taken":0,"max_hp_gain":0,"max_hp_loss":0,"event_name":"Living Wall","floor":5,"gold_loss":0,"cards_upgraded":["Cleave"]}],"is_beta":false,"boss_relics":[],"items_purged_floors":[],"is_endless":false,"potions_floor_spawned":[2,4,10,12],"killed_by":"The Guardian","ascension_level":1}}