{"host":"zefmhu9ryehjj4p1","time":1614021615,"event":{"mods":["100% Spire Juice","2.2 Compatiblity","Act Like it!","Aspiration","BaseMod","Beaked The Cultist","Better Note","CapriCore","Colored Powertips","Conspire","DeckTracker","Downfall","Ekko","Elementarium","Friendly Minions","Gensokyo","Hallownest","Hermit","Highlight Path","Hubris","Infinite Spire","Koishi","Luminous","Marisa????????","Minty Spire (QoL Compilation)","Random Character Button","Reimu??????","Reliquary","Replay The Spire","Ruina","Shade Mod","Shapeshifter Mod","StSLib","The Administrix","The Blue Laboratory","The Bug Knight","The Construct","The Cursed","The Gatherer","The Hierophant","The Immortal","The Judge","The Jungle","The Marked","The Mystic","The Runesmith","The Senshi","The Servant 0.9.4","The Vixen","The Wild Card","TheBandit","TheVacant","Wandering Minibosses"],"gold_per_floor":[117,117,7,7,24,24,55,55,107,120,120,138,18,18,18,118,118,86,99,99,165,181,61,61,61,61,78,108,108,128,128,128],"floor_reached":31,"language":"ENG","playtime":1297,"items_purged":[],"score":282,"play_id":"a00c0a87-98bf-43d3-86f0-c4e08cf3d926","local_time":"20210222202015","is_ascension_mode":false,"campfire_choices":[{"data":"Moonworks:Encore","floor":6,"key":"SMITH"},{"data":"Moonworks:DeployBits","floor":8,"key":"SMITH"},{"data":"Moonworks:EvilSpyWorkPreparation","floor":11,"key":"SMITH"},{"floor":15,"key":"REST"},{"data":"Moonworks:Accelerator","floor":23,"key":"SMITH"},{"data":"Moonworks:x16BigRocket+1","floor":25,"key":"SMITH"},{"data":"Moonworks:Wanted","floor":29,"key":"SMITH"}],"circlet_count":0,"master_deck":["Moonworks:Strike","Moonworks:Strike","Moonworks:Strike","Moonworks:Strike","Moonworks:Defend","Moonworks:Defend","Moonworks:Defend","Moonworks:Defend","Moonworks:Ambush","Moonworks:DeployBits+1","Moonworks:EvilSpyWorkPreparation+1","Moonworks:Encore+1","Moonworks:SakisCookie","Moonworks:Wanted+1","Moonworks:x16BigRocket+2","Moonworks:Accelerator+1","Moonworks:SakisCookie+1","Moonworks:CompletionReward"],"relics":["Moonworks:Homemark","Runesmith:AutoHammer","Centennial Puzzle","infinitespire:Satchel","reliquary:SharkskinSheath","Philosopher\u0027s Stone","wanderingMiniBosses:ThiefScarf","Moonworks:BrokenBomb","Prayer Wheel","Bag of Marbles","hubris:AstralHammer","reliquary:TridentHead"],"acts_visited":["Exordium","TheCity"],"potions_floor_usage":[],"damage_taken":[{"damage":0,"enemies":"2 Louse","floor":1,"turns":3},{"damage":6,"enemies":"Cultist","floor":3,"turns":3},{"damage":0,"enemies":"Small Slimes","floor":5,"turns":3},{"damage":20,"enemies":"Gremlin Nob","floor":7,"turns":4},{"damage":7,"enemies":"Exordium Thugs","floor":10,"turns":5},{"damage":8,"enemies":"Large Slime","floor":12,"turns":5},{"damage":20,"enemies":"Hexaghost","floor":16,"turns":10},{"damage":10,"enemies":"Spheric Guardian","floor":18,"turns":6},{"damage":4,"enemies":"3 Byrds","floor":19,"turns":5},{"damage":45,"enemies":"Snake Plant","floor":21,"turns":8},{"damage":34,"enemies":"Shelled Parasite and Fungi","floor":22,"turns":4},{"damage":26,"enemies":"Snecko","floor":27,"turns":5},{"damage":0,"enemies":"Gremlin Leader","floor":28,"turns":4},{"damage":26,"enemies":"Chosen and Byrds","floor":30,"turns":4},{"damage":10,"enemies":"Snake Plant","floor":31,"turns":1}],"seed_played":"3728819644428785730","potions_obtained":[{"floor":12,"key":"ZuzhouPotion:ReiMu"},{"floor":19,"key":"BlessingOfTheForge"},{"floor":28,"key":"blueLaboratory:EnragingPotion"}],"is_trial":false,"path_per_floor":["M","?","M","$","M","R","E","R","T","M","R","M","T","$","R","B",null,"M","M","?","M","M","R","?","R","T","M","E","R","M","M"],"character_chosen":"THE_STARBREAKER","items_purchased":[],"campfire_rested":1,"item_purchase_floors":[],"current_hp_per_floor":[60,60,54,54,54,54,34,34,34,27,27,21,21,21,39,21,60,52,52,52,9,54,54,54,54,54,28,28,28,4,0,0],"gold":128,"neow_bonus":"RANDOM_COMMON_RELIC","is_daily":false,"chose_seed":false,"campfire_upgraded":6,"win_rate":0.0,"timestamp":1614021615,"path_taken":["M","?","M","?","M","R","E","R","T","?","R","M","?","?","R","BOSS","M","M","?","?","?","R","?","R","T","M","E","R","M","M"],"items_purchased_type":[],"build_version":"2020-12-22","purchased_purges":0,"victory":false,"max_hp_per_floor":[60,60,60,60,60,60,60,60,60,60,60,60,60,60,60,60,60,60,60,60,60,60,60,60,60,60,60,60,60,60,60,60],"card_choices":[{"not_picked":["Moonworks:SakisCookie","Moonworks:LulusLuckyEgg"],"picked":"Moonworks:DeployBits","floor":1},{"not_picked":["Moonworks:BigMagnum","Moonworks:Assault"],"picked":"Moonworks:EvilSpyWorkPreparation","floor":3},{"not_picked":["Moonworks:EvilSpyWorkPreparation","Moonworks:IndiscriminateFireSupport"],"picked":"Moonworks:Encore","floor":5},{"not_picked":["Moonworks:CloudOfSeagulls","Moonworks:Dinner"],"picked":"Moonworks:SakisCookie","floor":7},{"not_picked":["Moonworks:BigMagnum","Moonworks:NicePresent","Moonworks:ImOnFire"],"picked":"SKIP","floor":10},{"not_picked":["Moonworks:ReproductionOfRecords","Moonworks:ImOnFire","Moonworks:CloudOfSeagulls"],"picked":"SKIP","floor":12},{"not_picked":["Moonworks:Blazing","Moonworks:ReflectiveShell"],"picked":"Moonworks:Wanted","floor":16},{"not_picked":["Moonworks:SealedMemories","Moonworks:CloudOfSeagulls","Moonworks:Assault"],"picked":"SKIP","floor":18},{"not_picked":["Moonworks:SealedMemories","Moonworks:CloudOfSeagulls","Moonworks:Assault"],"picked":"SKIP","floor":18},{"not_picked":["Moonworks:IntelligenceOfficer","Moonworks:NicePresent","Moonworks:JonathanRush"],"picked":"SKIP","floor":19},{"not_picked":["Moonworks:BigMagnum","Moonworks:JonathanRush+1"],"picked":"Moonworks:x16BigRocket","floor":21},{"not_picked":["Moonworks:BigMagnum","Moonworks:DeployBits"],"picked":"Moonworks:Accelerator","floor":22},{"not_picked":["Moonworks:LulusLuckyEgg","Moonworks:BindingChains+1","Moonworks:MiracleWalker"],"picked":"SKIP","floor":27},{"not_picked":["Moonworks:JonathanRush","Moonworks:BigMagnum","Moonworks:SakisCookie"],"picked":"SKIP","floor":27},{"not_picked":["Moonworks:SelfDestruct","Moonworks:BigMagnum","Moonworks:SakisCookie"],"picked":"SKIP","floor":28},{"not_picked":["Moonworks:CloudOfSeagulls","Moonworks:EvilSpyWorkPreparation"],"picked":"Moonworks:SakisCookie+1","floor":30},{"not_picked":["Moonworks:CloudOfSeagulls","Moonworks:JonathanRush"],"picked":"Moonworks:CompletionReward","floor":30}],"player_experience":201242,"relics_obtained":[{"floor":7,"key":"Centennial Puzzle"},{"floor":9,"key":"infinitespire:Satchel"},{"floor":13,"key":"reliquary:SharkskinSheath"},{"floor":21,"key":"wanderingMiniBosses:ThiefScarf"},{"floor":21,"key":"Moonworks:BrokenBomb"},{"floor":26,"key":"Prayer Wheel"},{"floor":28,"key":"Bag of Marbles"}],"event_choices":[{"cards_removed":["Moonworks:LongDistanceShot"],"damage_healed":0,"gold_gain":0,"player_choice":"Offered Basic","damage_taken":0,"max_hp_gain":0,"max_hp_loss":0,"event_name":"Bonfire Elementals","floor":2,"gold_loss":0},{"damage_healed":0,"gold_gain":0,"player_choice":"Ignored","damage_taken":0,"max_hp_gain":0,"max_hp_loss":0,"event_name":"betterNote:BetterNote","floor":20,"gold_loss":0,"cards_obtained":["hexamod:BurningTouch"]},{"damage_healed":0,"gold_gain":0,"player_choice":"Forge","damage_taken":0,"max_hp_gain":0,"max_hp_loss":0,"event_name":"Accursed Blacksmith","floor":24,"gold_loss":0,"cards_upgraded":["Moonworks:x16BigRocket"]}],"is_beta":false,"boss_relics":[{"not_picked":["conspire:RoyalGoblet","Empty Cage"],"picked":"Philosopher\u0027s Stone"}],"items_purged_floors":[],"is_endless":false,"potions_floor_spawned":[7,12,19,28],"killed_by":"Snake Plant","ascension_level":0}}