{"host":"h7dgy2mp13cbhzus","time":1614011048,"event":{"mods":["Act Like it!","BaseMod","GifTheSpireLib","Minty Spire (QoL Compilation)","Relic Stats","StSLib"],"gold_per_floor":[116,116,191,191,205,243,253,9,33,51,71,105,132,168,168,251,251,279,329,48,48,20,59,73,98,179,218,229,229,154,182,182,265,265,292,292,341,296,306,345,345,373,420,467,479,512,198,237,237,237,237,237,116,144,144],"floor_reached":56,"language":"ENG","playtime":3215,"items_purged":["Pain"],"score":2365,"play_id":"fb0c3f28-ce4a-42ae-9292-98454815d42d","local_time":"20210222102408","is_ascension_mode":true,"campfire_choices":[{"data":"Bloodletting","floor":15.0,"key":"SMITH"},{"data":"1","floor":29.0,"key":"LIFT"},{"data":"2","floor":32.0,"key":"LIFT"},{"data":"3","floor":41.0,"key":"LIFT"},{"floor":49.0,"key":"RECALL"},{"data":"True Grit","floor":52.0,"key":"SMITH"}],"circlet_count":0,"master_deck":["AscendersBane","Strike_R","Strike_R","Strike_R","Defend_R","Defend_R","Defend_R","Bash","Bloodletting+1","Sword Boomerang","Spot Weakness","Impervious","Blood for Blood","Cleave","Reaper","Flame Barrier+1","Feel No Pain","Shrug It Off","Feel No Pain+1","Flame Barrier","Corruption","Twin Strike+1","True Grit+1","Disarm","Battle Trance+1","Body Slam+1","Reaper","Flame Barrier+1","Headbutt+1","Burning Pact+1","Pommel Strike+1","Clothesline"],"relics":["Burning Blood","NeowsBlessing","WarpedTongs","CeramicFish","Pen Nib","Vajra","Ice Cream","Sundial","Runic Pyramid","White Beast Statue","Akabeko","Girya","Bag of Marbles","Coffee Dripper","Unceasing Top","Meat on the Bone","Pantograph","MawBank","Prayer Wheel","Strange Spoon","Boot","Orrery","Centennial Puzzle"],"acts_visited":["Exordium","TheCity","TheBeyond","TheEnding"],"potions_floor_usage":[55,55],"damage_taken":[{"damage":0.0,"enemies":"Cultist","floor":1.0,"turns":1.0},{"damage":0.0,"enemies":"Jaw Worm","floor":5.0,"turns":1.0},{"damage":1.0,"enemies":"3 Sentries","floor":6.0,"turns":2.0},{"damage":10.0,"enemies":"Small Slimes","floor":7.0,"turns":3.0},{"damage":7.0,"enemies":"Red Slaver","floor":10.0,"turns":2.0},{"damage":4.0,"enemies":"2 Fungi Beasts","floor":11.0,"turns":4.0},{"damage":3.0,"enemies":"Gremlin Nob","floor":12.0,"turns":2.0},{"damage":3.0,"enemies":"Blue Slaver","floor":13.0,"turns":3.0},{"damage":23.0,"enemies":"3 Sentries","floor":14.0,"turns":7.0},{"damage":18.0,"enemies":"The Guardian","floor":16.0,"turns":9.0},{"damage":9.0,"enemies":"3 Byrds","floor":18.0,"turns":3.0},{"damage":44.0,"enemies":"Slavers","floor":23.0,"turns":6.0},{"damage":6.0,"enemies":"Chosen","floor":24.0,"turns":4.0},{"damage":5.0,"enemies":"Gremlin Leader","floor":25.0,"turns":7.0},{"damage":22.0,"enemies":"Slavers","floor":27.0,"turns":5.0},{"damage":9.0,"enemies":"Sentry and Sphere","floor":28.0,"turns":5.0},{"damage":9.0,"enemies":"3 Cultists","floor":31.0,"turns":5.0},{"damage":29.0,"enemies":"Champ","floor":33.0,"turns":10.0},{"damage":23.0,"enemies":"3 Shapes","floor":35.0,"turns":9.0},{"damage":23.0,"enemies":"2 Orb Walkers","floor":37.0,"turns":4.0},{"damage":9.0,"enemies":"3 Darklings","floor":39.0,"turns":5.0},{"damage":22.0,"enemies":"Giant Head","floor":40.0,"turns":7.0},{"damage":16.0,"enemies":"Nemesis","floor":42.0,"turns":5.0},{"damage":3.0,"enemies":"Reptomancer","floor":44.0,"turns":5.0},{"damage":3.0,"enemies":"Maw","floor":46.0,"turns":7.0},{"damage":11.0,"enemies":"Giant Head","floor":48.0,"turns":6.0},{"damage":49.0,"enemies":"Donu and Deca","floor":50.0,"turns":10.0},{"damage":48.0,"enemies":"Shield and Spear","floor":54.0,"turns":6.0},{"damage":43,"enemies":"The Heart","floor":55,"turns":7}],"seed_played":"1948448646389082206","potions_obtained":[{"floor":5.0,"key":"BloodPotion"},{"floor":6.0,"key":"FearPotion"},{"floor":10.0,"key":"Energy Potion"},{"floor":14.0,"key":"DistilledChaos"},{"floor":18.0,"key":"EssenceOfSteel"},{"floor":23.0,"key":"LiquidBronze"},{"floor":27.0,"key":"Ancient Potion"},{"floor":31.0,"key":"DistilledChaos"},{"floor":33.0,"key":"Weak Potion"},{"floor":35.0,"key":"BlessingOfTheForge"},{"floor":37.0,"key":"Regen Potion"},{"floor":39.0,"key":"AttackPotion"},{"floor":40.0,"key":"Weak Potion"},{"floor":42.0,"key":"EssenceOfSteel"},{"floor":44.0,"key":"Swift Potion"},{"floor":48.0,"key":"Dexterity Potion"},{"floor":54.0,"key":"Strength Potion"}],"is_trial":false,"path_per_floor":["M","?","?","?","M","E","M","$","T","M","M","E","M","E","R","B",null,"M","?","$","?","$","E","M","E","T","E","M","R","?","M","R","B",null,"M","?","?","$","M","E","R","E","T","E","?","M","$","E","R","B",null,"R","$","E","B",null],"character_chosen":"IRONCLAD","items_purchased":["Pen Nib","White Beast Statue","Feel No Pain","True Grit","Strange Spoon","Reaper","Orrery"],"campfire_rested":0,"item_purchase_floors":[8,20,22,38,47,47,53],"current_hp_per_floor":[74,74,63,63,69,74,70,70,70,75,75,75,75,58,58,46,68,75,75,75,75,75,57,67,75,75,69,75,75,75,72,72,64,72,75,75,75,75,75,75,75,75,75,75,71,71,71,71,71,71,71,71,71,71,71],"gold":144,"neow_bonus":"THREE_ENEMY_KILL","is_daily":false,"chose_seed":false,"campfire_upgraded":2,"win_rate":0.0,"timestamp":1614011048,"path_taken":["M","?","?","?","M","E","M","$","T","?","M","E","M","E","R","BOSS","M","?","$","?","$","E","?","E","T","E","M","R","?","M","R","BOSS","M","?","?","$","M","E","R","E","T","E","?","M","?","E","R","BOSS","R","$","E","BOSS"],"items_purchased_type":["Relic","Relic","Card","Card","Relic","Card","Relic"],"build_version":"2020-12-22","purchased_purges":1,"victory":true,"max_hp_per_floor":[75,75,75,75,75,75,75,75,75,75,75,75,75,75,75,75,75,75,75,75,75,75,75,75,75,75,75,75,75,75,75,75,75,75,75,75,75,75,75,75,75,75,75,75,71,71,71,71,71,71,71,71,71,71,71],"relic_stats":{"counters":[29,150],"CeramicFish":198,"Pen Nib":[24],"MawBank":48,"Boot":[3],"Burning Blood":94,"WarpedTongs":[149],"Strange Spoon":[24],"Centennial Puzzle":[3],"Sundial":[14],"Pantograph":0,"Prayer Wheel":1,"obtain_stats":[{"Ice Cream":12,"Girya":25,"NeowsBlessing":0,"CeramicFish":6,"Vajra":9,"Pen Nib":8,"MawBank":43,"Boot":48,"Burning Blood":0,"White Beast Statue":20,"Akabeko":23,"WarpedTongs":4,"Strange Spoon":47,"Centennial Puzzle":54,"Sundial":14,"Pantograph":42,"Orrery":53,"Prayer Wheel":44,"Bag of Marbles":27,"Coffee Dripper":34,"Unceasing Top":37,"Runic Pyramid":17,"Meat on the Bone":40},{"Ice Cream":7,"Girya":14,"NeowsBlessing":0,"CeramicFish":3,"Vajra":4,"Pen Nib":4,"MawBank":23,"Boot":26,"Burning Blood":0,"White Beast Statue":11,"Akabeko":12,"WarpedTongs":1,"Strange Spoon":25,"Centennial Puzzle":28,"Sundial":9,"Pantograph":23,"Orrery":27,"Prayer Wheel":24,"Bag of Marbles":15,"Coffee Dripper":18,"Unceasing Top":20,"Runic Pyramid":10,"Meat on the Bone":22},{"Ice Cream":15,"Girya":54,"NeowsBlessing":0,"CeramicFish":4,"Vajra":7,"Pen Nib":7,"MawBank":109,"Boot":127,"Burning Blood":0,"White Beast Statue":37,"Akabeko":43,"WarpedTongs":1,"Strange Spoon":121,"Centennial Puzzle":143,"Sundial":25,"Pantograph":109,"Orrery":137,"Prayer Wheel":114,"Bag of Marbles":59,"Coffee Dripper":79,"Unceasing Top":92,"Runic Pyramid":34,"Meat on the Bone":104}],"Unceasing Top":[0],"Meat on the Bone":0},"card_choices":[{"not_picked":["Body Slam","Clothesline"],"picked":"Bloodletting","floor":1.0},{"not_picked":["Clash","Warcry"],"picked":"Sword Boomerang","floor":5.0},{"not_picked":["Power Through","Heavy Blade"],"picked":"Spot Weakness","floor":6.0},{"not_picked":["Body Slam","Perfected Strike","Uppercut"],"picked":"SKIP","floor":7.0},{"not_picked":["Clash","Combust","Rage"],"picked":"SKIP","floor":10.0},{"not_picked":["Power Through","Iron Wave","Clothesline"],"picked":"SKIP","floor":11.0},{"not_picked":["Pommel Strike","Sever Soul"],"picked":"Impervious","floor":12.0},{"not_picked":["Wild Strike","Pummel"],"picked":"Blood for Blood","floor":13.0},{"not_picked":["Rampage","Thunderclap"],"picked":"Cleave","floor":14.0},{"not_picked":["Brutality","Immolate"],"picked":"Reaper","floor":16.0},{"not_picked":["True Grit","Rage"],"picked":"Flame Barrier+1","floor":18.0},{"not_picked":["True Grit","Reckless Charge+1"],"picked":"Shrug It Off","floor":23.0},{"not_picked":["Warcry","Cleave","Dual Wield"],"picked":"SKIP","floor":24.0},{"not_picked":["Sentinel","Intimidate","Perfected Strike"],"picked":"SKIP","floor":25.0},{"not_picked":["Body Slam","Sword Boomerang"],"picked":"Feel No Pain+1","floor":27.0},{"not_picked":["Metallicize+1","Clothesline","Shrug It Off"],"picked":"SKIP","floor":28.0},{"not_picked":["Twin Strike","Body Slam"],"picked":"Flame Barrier","floor":31.0},{"not_picked":["Brutality","Immolate"],"picked":"Corruption","floor":33.0},{"not_picked":["Havoc","Bloodletting"],"picked":"Twin Strike+1","floor":35.0},{"not_picked":["Iron Wave","Searing Blow","Seeing Red"],"picked":"SKIP","floor":39.0},{"not_picked":["Shockwave","Immolate"],"picked":"Disarm","floor":40.0},{"not_picked":["Sever Soul","Pummel","True Grit"],"picked":"SKIP","floor":42.0},{"not_picked":["Evolve+1","Warcry"],"picked":"Battle Trance+1","floor":44.0},{"not_picked":["Thunderclap","True Grit"],"picked":"Body Slam+1","floor":46.0},{"not_picked":["Sword Boomerang","Cleave+1","Iron Wave"],"picked":"SKIP","floor":46.0},{"not_picked":["Intimidate","Shrug It Off"],"picked":"Flame Barrier+1","floor":48.0},{"not_picked":["Twin Strike","Clash"],"picked":"Headbutt+1","floor":53.0},{"not_picked":["Metallicize+1","Shrug It Off+1"],"picked":"Burning Pact+1","floor":53.0},{"not_picked":["Disarm","Battle Trance"],"picked":"Pommel Strike+1","floor":53.0},{"not_picked":["Clash+1","Thunderclap"],"picked":"Clothesline","floor":53.0},{"not_picked":["Headbutt","Armaments","Reckless Charge"],"picked":"SKIP","floor":54.0}],"player_experience":615626,"relics_obtained":[{"floor":6.0,"key":"CeramicFish"},{"floor":9.0,"key":"Vajra"},{"floor":12.0,"key":"Ice Cream"},{"floor":14.0,"key":"Sundial"},{"floor":23.0,"key":"Akabeko"},{"floor":25.0,"key":"Girya"},{"floor":27.0,"key":"Bag of Marbles"},{"floor":37.0,"key":"Unceasing Top"},{"floor":40.0,"key":"Meat on the Bone"},{"floor":42.0,"key":"Pantograph"},{"floor":43.0,"key":"MawBank"},{"floor":44.0,"key":"Prayer Wheel"},{"floor":48.0,"key":"Boot"},{"floor":54.0,"key":"Centennial Puzzle"}],"event_choices":[{"cards_removed":["Strike_R"],"damage_healed":0.0,"max_hp_gain":0.0,"max_hp_loss":0.0,"gold_gain":0.0,"event_name":"Living Wall","player_choice":"Forget","floor":2.0,"gold_loss":0.0,"damage_taken":0.0},{"damage_healed":0.0,"max_hp_gain":0.0,"max_hp_loss":0.0,"gold_gain":75.0,"event_name":"World of Goop","player_choice":"Gather Gold","floor":3.0,"gold_loss":0.0,"damage_taken":11.0},{"damage_healed":0.0,"max_hp_gain":0.0,"max_hp_loss":0.0,"gold_gain":0.0,"event_name":"Accursed Blacksmith","player_choice":"Rummage","floor":4.0,"gold_loss":0.0,"damage_taken":0.0,"relics_obtained":["WarpedTongs"],"cards_obtained":["Pain"]},{"damage_healed":0.0,"max_hp_gain":0.0,"max_hp_loss":0.0,"gold_gain":50.0,"event_name":"Nest","player_choice":"Stole From Cult","floor":19.0,"gold_loss":0.0,"damage_taken":0.0},{"damage_healed":0.0,"max_hp_gain":0.0,"max_hp_loss":0.0,"gold_gain":0.0,"event_name":"Transmorgrifier","player_choice":"Ignored","floor":21.0,"gold_loss":0.0,"damage_taken":0.0},{"cards_removed":["Strike_R"],"damage_healed":0.0,"max_hp_gain":0.0,"max_hp_loss":0.0,"gold_gain":0.0,"event_name":"Beggar","player_choice":"Gave Gold","floor":30.0,"gold_loss":75.0,"damage_taken":0.0},{"cards_removed":["Defend_R"],"damage_healed":0.0,"max_hp_gain":0.0,"max_hp_loss":0.0,"gold_gain":0.0,"event_name":"Falling","player_choice":"Removed Skill","floor":36.0,"gold_loss":0.0,"damage_taken":0.0},{"damage_healed":0.0,"max_hp_gain":0.0,"max_hp_loss":0.0,"gold_gain":0.0,"event_name":"Mysterious Sphere","player_choice":"Fight","floor":37.0,"gold_loss":0.0,"damage_taken":0.0},{"damage_healed":0.0,"max_hp_gain":0.0,"max_hp_loss":4.0,"gold_gain":0.0,"event_name":"Winding Halls","player_choice":"Max HP","floor":45.0,"gold_loss":0.0,"damage_taken":0.0}],"is_beta":false,"boss_relics":[{"not_picked":["Mark of Pain","SacredBark"],"picked":"Runic Pyramid"},{"not_picked":["Empty Cage","Black Star"],"picked":"Coffee Dripper"}],"items_purged_floors":[8],"is_endless":false,"potions_floor_spawned":[5,6,10,14,18,23,24,25,27,28,31,33,35,37,39,40,42,44,46,48,54],"ascension_level":17}}