{"host":"11728qvdvolffudn","time":1614024074,"event":{"mods":["BaseMod","Block Reminder","Colored Powertips","Curses Come First","Custom Start","Displayed Cursed Tome","Highlight Path","Minty Spire (QoL Compilation)","Permanent Neow","Quick Restart","Rare Cards Sparkle","Relic Stats","StSLib","Weighted Paths"],"gold_per_floor":[115,115,133,148,323,323,334,334,413,109,109,144,157,170,170,266,266,285,314,324,70,70,70],"floor_reached":22,"language":"ENG","playtime":848,"items_purged":["Doubt","Bash"],"score":242,"play_id":"be4486ac-3ecd-4cc3-ab12-233f6fa8f299","local_time":"20210222200114","is_ascension_mode":true,"campfire_choices":[{"data":"Infernal Blade","floor":6,"key":"SMITH"},{"data":"Flex","floor":8,"key":"SMITH"},{"data":"Demon Form","floor":15,"key":"SMITH"}],"circlet_count":0,"master_deck":["Strike_R","Strike_R","Strike_R","Strike_R","Defend_R+1","Defend_R","Defend_R","Defend_R+1","Flex+1","Infernal Blade+1","Demon Form+1","Flex","Flex"],"relics":["Burning Blood","Self Forming Clay","Blood Vial","War Paint","Runic Pyramid","Red Mask","Brimstone"],"acts_visited":["Exordium","TheCity"],"potions_floor_usage":[12,12,12,19],"damage_taken":[{"damage":0,"enemies":"Small Slimes","floor":1,"turns":3},{"damage":10,"enemies":"Jaw Worm","floor":3,"turns":5},{"damage":0,"enemies":"Cultist","floor":4,"turns":2},{"damage":20,"enemies":"2 Fungi Beasts","floor":7,"turns":4},{"damage":47,"enemies":"3 Sentries","floor":12,"turns":8},{"damage":6,"enemies":"Looter","floor":13,"turns":2},{"damage":9,"enemies":"3 Louse","floor":14,"turns":3},{"damage":47,"enemies":"Slime Boss","floor":16,"turns":8},{"damage":24,"enemies":"Spheric Guardian","floor":18,"turns":4},{"damage":45,"enemies":"Masked Bandits","floor":19,"turns":5},{"damage":11,"enemies":"3 Byrds","floor":20,"turns":5}],"seed_played":"7797375995912821326","potions_obtained":[{"floor":3,"key":"AttackPotion"},{"floor":7,"key":"PowerPotion"},{"floor":11,"key":"BloodPotion"},{"floor":13,"key":"FairyPotion"},{"floor":18,"key":"SkillPotion"}],"is_trial":false,"path_per_floor":["M","?","M","M","?","R","M","R","T","$","?","E","M","M","R","B",null,"M","?","M","$","?"],"character_chosen":"IRONCLAD","items_purchased":["Demon Form","Blood Vial","Brimstone"],"campfire_rested":0,"item_purchase_floors":[10,10,21],"current_hp_per_floor":[78,71,67,73,73,73,59,59,59,59,59,36,38,37,37,30,68,52,15,12,12,0,0],"gold":70,"neow_bonus":"THREE_CARDS","is_daily":false,"chose_seed":false,"campfire_upgraded":3,"win_rate":0.0,"timestamp":1614024074,"path_taken":["M","?","M","M","?","R","M","R","T","$","?","E","?","M","R","BOSS","M","?","M","$","?"],"items_purchased_type":["Card","Relic","Relic"],"build_version":"2020-12-22","purchased_purges":2,"victory":false,"max_hp_per_floor":[80,80,80,80,80,80,80,80,80,80,80,80,80,80,80,80,80,80,80,80,80,85,85],"relic_stats":{"Blood Vial":14,"counters":[11,49],"Self Forming Clay":[72],"War Paint":["Defend_R","Defend_R"],"obtain_stats":[{"Blood Vial":10,"Self Forming Clay":9,"Brimstone":21,"Red Mask":19,"War Paint":12,"Burning Blood":0,"Runic Pyramid":17},{"Blood Vial":4,"Self Forming Clay":4,"Brimstone":11,"Red Mask":10,"War Paint":5,"Burning Blood":0,"Runic Pyramid":8},{"Blood Vial":14,"Self Forming Clay":14,"Brimstone":49,"Red Mask":44,"War Paint":22,"Burning Blood":0,"Runic Pyramid":35}],"Burning Blood":66},"card_choices":[{"not_picked":["Headbutt","Infernal Blade"],"picked":"Flex","floor":0},{"not_picked":["Shrug It Off","Metallicize","Pommel Strike"],"picked":"SKIP","floor":1},{"not_picked":["Battle Trance","Perfected Strike"],"picked":"Infernal Blade","floor":3},{"not_picked":["Iron Wave","Metallicize","Havoc"],"picked":"SKIP","floor":4},{"not_picked":["Thunderclap","True Grit","Wild Strike"],"picked":"SKIP","floor":7},{"not_picked":["Demon Form","Power Through","Wild Strike"],"picked":"SKIP","floor":12},{"not_picked":["Cleave","Iron Wave"],"picked":"Flex","floor":13},{"not_picked":["Dual Wield","Sever Soul","Havoc"],"picked":"SKIP","floor":14},{"not_picked":["Thunderclap","Dual Wield+1"],"picked":"Flex","floor":18},{"not_picked":["Pommel Strike","Evolve","Dark Embrace+1"],"picked":"SKIP","floor":20}],"player_experience":233514,"relics_obtained":[{"floor":9,"key":"Self Forming Clay"},{"floor":12,"key":"War Paint"},{"floor":19,"key":"Red Mask"}],"event_choices":[{"cards_removed":["Strike_R"],"damage_healed":0,"gold_gain":0,"player_choice":"Card Removal","damage_taken":7,"max_hp_gain":0,"max_hp_loss":0,"event_name":"Golden Wing","floor":2,"gold_loss":0},{"damage_healed":0,"gold_gain":175,"player_choice":"AGREE","damage_taken":0,"max_hp_gain":0,"max_hp_loss":0,"event_name":"Liars Game","floor":5,"gold_loss":0,"cards_obtained":["Doubt"]},{"damage_healed":0,"gold_gain":0,"player_choice":"Got Potions","damage_taken":0,"max_hp_gain":0,"max_hp_loss":0,"event_name":"Lab","floor":11,"gold_loss":0},{"damage_healed":0,"gold_gain":0,"player_choice":"Fought Bandits","damage_taken":0,"max_hp_gain":0,"max_hp_loss":0,"event_name":"Masked Bandits","floor":19,"gold_loss":0}],"is_beta":false,"boss_relics":[{"not_picked":["Pandora\u0027s Box","Calling Bell"],"picked":"Runic Pyramid"}],"items_purged_floors":[10,21],"is_endless":false,"potions_floor_spawned":[3,7,13,18],"ascension_level":6}}