{"host":"fuacepq88b66f4v3","time":1614006384,"event":{"mods":["AchievementEnabler","BaseMod","Colored Map","DeckTracker","Minty Spire (QoL Compilation)","SuperFastMode"],"gold_per_floor":[211,311,321,336,346,346,357,357,410,410,429,281,281,299,299,403,403,387,402,402,402,454,454,32,51,51,51,51],"floor_reached":27,"language":"KOR","playtime":624,"items_purged":["Defend_R","Defend_R+1"],"score":205,"play_id":"104cc06b-02d5-46da-a206-96dfb2966991","local_time":"20210223000624","is_ascension_mode":false,"campfire_choices":[{"data":"Sword Boomerang","floor":6,"key":"SMITH"},{"data":"Bash","floor":8,"key":"SMITH"},{"data":"Spot Weakness","floor":10,"key":"SMITH"},{"floor":15,"key":"REST"},{"floor":23,"key":"REST"}],"circlet_count":0,"master_deck":["Strike_R+1","Strike_R+1","Strike_R+1","Strike_R+1","Strike_R+1","Defend_R+1","Defend_R+1","Bash+1","Spot Weakness+1","Sword Boomerang+1","Flex","Inflame","Double Tap","Cleave","Demon Form","Spot Weakness","Spot Weakness"],"relics":["Burning Blood","Bag of Preparation","Regal Pillow","Frozen Egg 2","MealTicket"],"acts_visited":["Exordium","TheCity"],"potions_floor_usage":[5],"damage_taken":[{"damage":10,"enemies":"Jaw Worm","floor":1,"turns":4},{"damage":1,"enemies":"Cultist","floor":3,"turns":3},{"damage":5,"enemies":"2 Louse","floor":4,"turns":3},{"damage":48,"enemies":"Gremlin Gang","floor":5,"turns":4},{"damage":7,"enemies":"Blue Slaver","floor":7,"turns":2},{"damage":6,"enemies":"2 Fungi Beasts","floor":11,"turns":2},{"damage":11,"enemies":"3 Louse","floor":14,"turns":2},{"damage":11,"enemies":"Slime Boss","floor":16,"turns":7},{"damage":40,"enemies":"2 Thieves","floor":18,"turns":4},{"damage":10,"enemies":"Chosen","floor":19,"turns":4},{"damage":49,"enemies":"Sentry and Sphere","floor":25,"turns":5},{"damage":33,"enemies":"Shelled Parasite and Fungi","floor":27,"turns":2}],"seed_played":"-8453560706373561111","potions_obtained":[{"floor":3,"key":"CultistPotion"},{"floor":4,"key":"Swift Potion"},{"floor":7,"key":"Swift Potion"},{"floor":14,"key":"Strength Potion"}],"is_trial":false,"path_per_floor":["M","?","M","M","M","R","M","R","T","R","M","$","?","M","R","B",null,"M","M","?","?","T","R","$","M","T","M"],"character_chosen":"IRONCLAD","items_purchased":["Inflame","Spot Weakness","Frozen Egg 2"],"campfire_rested":2,"item_purchase_floors":[12,24,24],"current_hp_per_floor":[76,76,80,80,38,38,37,37,37,37,37,37,37,32,56,51,80,46,42,42,27,27,67,67,24,24,0,0],"gold":51,"neow_bonus":"HUNDRED_GOLD","is_daily":false,"chose_seed":false,"campfire_upgraded":3,"win_rate":0.0,"timestamp":1614006384,"path_taken":["M","?","M","?","M","R","M","R","T","R","M","$","?","?","R","BOSS","M","M","?","?","?","R","$","M","T","M"],"items_purchased_type":["Card","Card","Relic"],"build_version":"2020-12-22","purchased_purges":2,"victory":false,"max_hp_per_floor":[80,80,80,80,80,80,80,80,80,80,80,80,80,80,80,80,80,80,80,80,85,85,85,85,85,85,85,85],"card_choices":[{"not_picked":["Iron Wave","Shrug It Off"],"picked":"Spot Weakness","floor":1},{"not_picked":["Flex","Sever Soul"],"picked":"Sword Boomerang","floor":3},{"not_picked":["Clash","Clothesline","Carnage"],"picked":"SKIP","floor":4},{"not_picked":["Dark Embrace","Armaments","Iron Wave"],"picked":"SKIP","floor":5},{"not_picked":["Clothesline","Sever Soul","Warcry"],"picked":"SKIP","floor":7},{"not_picked":["Warcry","Reckless Charge"],"picked":"Flex","floor":11},{"not_picked":["Perfected Strike","Intimidate"],"picked":"Cleave","floor":14},{"not_picked":["Bludgeon","Brutality"],"picked":"Demon Form","floor":16},{"not_picked":["Iron Wave","Cleave","Shrug It Off+1"],"picked":"SKIP","floor":18},{"not_picked":["Twin Strike","Wild Strike","Armaments+1"],"picked":"SKIP","floor":19},{"not_picked":["Clothesline","Dual Wield"],"picked":"Spot Weakness","floor":25}],"player_experience":62987,"relics_obtained":[{"floor":9,"key":"Bag of Preparation"},{"floor":22,"key":"Regal Pillow"},{"floor":26,"key":"MealTicket"}],"event_choices":[{"damage_healed":0,"gold_gain":100,"player_choice":"Pray","damage_taken":0,"max_hp_gain":0,"max_hp_loss":0,"event_name":"Golden Shrine","floor":2,"gold_loss":0},{"damage_healed":0,"gold_gain":0,"player_choice":"1 cards matched","damage_taken":0,"max_hp_gain":0,"max_hp_loss":0,"event_name":"Match and Keep!","floor":13,"gold_loss":0,"cards_obtained":["Double Tap"]},{"damage_healed":0,"gold_gain":0,"player_choice":"Simplicity","damage_taken":0,"max_hp_gain":0,"max_hp_loss":0,"event_name":"Back to Basics","floor":20,"gold_loss":0,"cards_upgraded":["Strike_R","Strike_R","Strike_R","Strike_R","Strike_R","Defend_R","Defend_R","Defend_R"]},{"damage_healed":0,"gold_gain":0,"player_choice":"Shed Blood","damage_taken":20,"max_hp_gain":5,"max_hp_loss":0,"event_name":"Forgotten Altar","floor":21,"gold_loss":0}],"is_beta":false,"boss_relics":[{"not_picked":["Velvet Choker","Astrolabe","Mark of Pain"]}],"items_purged_floors":[12,24],"is_endless":false,"potions_floor_spawned":[3,4,7,14,16,25],"killed_by":"Shelled Parasite and Fungi","ascension_level":0}}