{"host":"w01zow3jg16g8jdh","time":1614005308,"event":{"mods":["2.2 Compatiblity","AchievementEnabler","BaseMod","DeckTracker","Hermit","Keyboard Shortcuts","Marisa£¨Ùöéë¡¡Øª×âÞÞ£©","Minty Spire (QoL Compilation)","Permanent Neow","StSLib","SuperFastMode"],"gold_per_floor":[113,38,38,88,104,137,137,168,191,216,232,232,21,38,38,112,112,132,167,177,196,246,290,290,331,356,356,356,271,8,36,36,112,112,137,157,177,197,210,227,257,132,180,180,210,265,278,500,500,500,500,500,500,12,43,43],"floor_reached":57,"language":"KOR","playtime":1496,"items_purged":["Defend_MRS","Strike_MRS","Strike_MRS"],"score":3101,"play_id":"8201d8a5-8d9d-47bc-8563-5165875241a3","local_time":"20210222234828","is_ascension_mode":true,"campfire_choices":[{"floor":7,"key":"REST"},{"data":"MysteriousBeam","floor":12,"key":"SMITH"},{"data":"OortCloud","floor":15,"key":"SMITH"},{"floor":24,"key":"REST"},{"data":"MasterSpark","floor":27,"key":"SMITH"},{"floor":32,"key":"REST"},{"floor":49,"key":"RECALL"},{"data":"SporeBomb","floor":53,"key":"SMITH"}],"circlet_count":0,"master_deck":["AscendersBane","Strike_MRS+1","Defend_MRS+1","Defend_MRS+1","Defend_MRS","MasterSpark+1","UpSweep+1","TreasureHunter","MysteriousBeam+1","Parasite","Parasite","OortCloud+1","GrandCross","Acceleration","SporeBomb+1","AsteroidBelt+1","EarthLightRay","GrandCross+1"],"relics":["MiniHakkero","ShroomBag","Dream Catcher","Singing Bowl","CeramicFish","Pen Nib","Juzu Bracelet","Sundial","Bag of Marbles","Incense Burner","SlaversCollar","Red Mask","Potion Belt","Omamori","Boot","Art of War","Lantern","Mummified Hand","Oddly Smooth Stone","ClockworkSouvenir","PreservedInsect","Bag of Preparation","Busted Crown","Whetstone","War Paint","Du-Vu Doll","Strawberry","Gremlin Horn","CatCart","SimpleLauncher","Eternal Feather","Gambling Chip"],"acts_visited":["Exordium","TheCity","TheBeyond","TheEnding"],"potions_floor_usage":[8,10,16,19,21,23,33,46,46,46,56,56,56],"damage_taken":[{"damage":1,"enemies":"Cultist","floor":1,"turns":3},{"damage":3,"enemies":"2 Louse","floor":5,"turns":2},{"damage":40,"enemies":"3 Sentries","floor":6,"turns":8},{"damage":7,"enemies":"Lagavulin","floor":8,"turns":7},{"damage":5,"enemies":"3 Sentries","floor":10,"turns":6},{"damage":0,"enemies":"Small Slimes","floor":11,"turns":2},{"damage":0,"enemies":"Looter","floor":14,"turns":3},{"damage":0,"enemies":"The Guardian","floor":16,"turns":10},{"damage":4,"enemies":"Chosen","floor":18,"turns":3},{"damage":0,"enemies":"Masked Bandits","floor":19,"turns":1},{"damage":14,"enemies":"Spheric Guardian","floor":20,"turns":4},{"damage":6,"enemies":"Centurion and Healer","floor":21,"turns":4},{"damage":41,"enemies":"Slavers","floor":23,"turns":6},{"damage":4,"enemies":"Gremlin Leader","floor":25,"turns":6},{"damage":50,"enemies":"Book of Stabbing","floor":31,"turns":6},{"damage":39,"enemies":"Champ","floor":33,"turns":9},{"damage":0,"enemies":"Orb Walker","floor":35,"turns":1},{"damage":0,"enemies":"3 Shapes","floor":36,"turns":2},{"damage":0,"enemies":"3 Darklings","floor":37,"turns":4},{"damage":1,"enemies":"Sphere and 2 Shapes","floor":38,"turns":4},{"damage":0,"enemies":"4 Shapes","floor":39,"turns":4},{"damage":0,"enemies":"Maw","floor":40,"turns":4},{"damage":0,"enemies":"Giant Head","floor":41,"turns":4},{"damage":1,"enemies":"Nemesis","floor":45,"turns":4},{"damage":1,"enemies":"Orin","floor":46,"turns":9},{"damage":0,"enemies":"Writhing Mass","floor":47,"turns":2},{"damage":46,"enemies":"Donu and Deca","floor":50,"turns":5},{"damage":28,"enemies":"Awakened One","floor":51,"turns":6},{"damage":0,"enemies":"Shield and Spear","floor":55,"turns":2},{"damage":133,"enemies":"The Heart","floor":56,"turns":8}],"seed_played":"-157659221914709325","potions_obtained":[{"floor":6,"key":"SkillPotion"},{"floor":8,"key":"BlessingOfTheForge"},{"floor":10,"key":"AttackPotion"},{"floor":11,"key":"DuplicationPotion"},{"floor":18,"key":"FearPotion"},{"floor":20,"key":"Energy Potion"},{"floor":23,"key":"AttackPotion"},{"floor":31,"key":"SkillPotion"},{"floor":36,"key":"Explosive Potion"},{"floor":39,"key":"Strength Potion"},{"floor":40,"key":"DistilledChaos"}],"is_trial":false,"path_per_floor":["M","$","?","?","M","E","R","E","T","E","M","R","$","M","R","B",null,"M","?","M","M","?","E","R","E","T","R","T","?","$","E","R","B",null,"M","M","M","M","M","M","E","$","T","?","E","?","M","?","R","B","B",null,"R","$","E","B",null],"character_chosen":"MARISA","items_purchased":["Bag of Marbles","GrandCross","ClockworkSouvenir","SimpleLauncher","CultistPotion","BlessingOfTheForge"],"campfire_rested":3,"item_purchase_floors":[13,13,30,54,54,54],"current_hp_per_floor":[62,62,55,48,45,5,26,25,25,26,28,28,28,32,32,38,70,70,74,66,66,66,29,56,56,56,56,56,56,56,16,44,15,73,75,81,91,98,100,102,104,104,104,104,112,114,117,117,117,75,55,102,102,102,110,50],"gold":43,"neow_bonus":"ONE_RANDOM_RARE_CARD","is_daily":false,"chose_seed":false,"campfire_upgraded":4,"win_rate":0.0,"timestamp":1614005308,"path_taken":["M","?","?","?","?","E","R","E","T","E","M","R","?","M","R","BOSS","M","?","M","M","?","E","R","E","T","R","?","?","$","E","R","BOSS","M","M","M","M","M","M","E","$","T","?","E","?","M","?","R","BOSS","BOSS","R","$","E","BOSS"],"items_purchased_type":["Relic","Card","Relic","Relic","Potion","Potion"],"build_version":"2020-12-22","purchased_purges":3,"victory":true,"max_hp_per_floor":[70,70,70,70,70,70,70,72,72,74,76,76,76,78,78,80,80,80,80,82,84,84,84,86,86,86,86,86,86,86,88,90,92,92,92,94,96,98,100,102,104,104,104,104,113,115,117,117,117,117,117,117,117,117,119,119],"card_choices":[{"not_picked":["GravityBeat","UnstableBomb"],"picked":"MysteriousBeam","floor":1},{"not_picked":["DC","IllusionStar","ManaRampage"],"picked":"SKIP","floor":5},{"not_picked":["EnergyFlow","SprinkleStarSeal"],"picked":"OortCloud","floor":6},{"not_picked":["EnergyRecoil","6A","DoubleSpark"],"picked":"Singing Bowl","floor":8},{"not_picked":["ChargingUp","GravityBeat","AsteroidBelt"],"picked":"Singing Bowl","floor":10},{"not_picked":["FairyDestructionRay","DoubleSpark","DC"],"picked":"Singing Bowl","floor":11},{"not_picked":["ShootingEcho","WitchLeyline","WitchOfGreed"],"picked":"Singing Bowl","floor":14},{"not_picked":["BinaryStars","StarDustReverie","MaximisePower"],"picked":"Singing Bowl","floor":16},{"not_picked":["DoubleSpark","GalacticHalo"],"picked":"Acceleration","floor":18},{"not_picked":["PowerUp+1","MagicAbsorber"],"picked":"SporeBomb","floor":19},{"not_picked":["GalacticHalo","DC","NonDirectionalLaser+1"],"picked":"Singing Bowl","floor":20},{"not_picked":["GravityBeat","BigCrunch","SporeBomb"],"picked":"Singing Bowl","floor":21},{"not_picked":["PowerUp","StarBarrage"],"picked":"AsteroidBelt+1","floor":23},{"not_picked":["OneTimeOff","MachineGunSpark","GravityBeat"],"picked":"Singing Bowl","floor":24},{"not_picked":["PulseMagic+1","MagicChant"],"picked":"EarthLightRay","floor":25},{"not_picked":["NonDirectionalLaser","MeteoricShower","ShootingEcho"],"picked":"Singing Bowl","floor":31},{"not_picked":["NonDirectionalLaser","StarBarrage","ShootingEcho"],"picked":"Singing Bowl","floor":32},{"not_picked":["JA","SatelliteIllusion","UltimateShortwave"],"picked":"Singing Bowl","floor":33},{"not_picked":[],"picked":"GrandCross+1","floor":35},{"not_picked":["GravityBeat"],"picked":"Singing Bowl","floor":36},{"not_picked":["GalacticHalo"],"picked":"Singing Bowl","floor":37},{"not_picked":["MilkyWay"],"picked":"Singing Bowl","floor":38},{"not_picked":["SuperPerseids"],"picked":"Singing Bowl","floor":39},{"not_picked":["WitchLeyline"],"picked":"Singing Bowl","floor":40},{"not_picked":["Orbital"],"picked":"Singing Bowl","floor":41},{"not_picked":["WitchLeyline+1"],"picked":"Singing Bowl","floor":45},{"not_picked":["ChargeUpSpray+1"],"picked":"Singing Bowl","floor":46},{"not_picked":["AlicesGift"],"picked":"Singing Bowl","floor":47},{"not_picked":["WitchLeyline"],"picked":"Singing Bowl","floor":55}],"player_experience":402574,"relics_obtained":[{"floor":6,"key":"ShroomBag"},{"floor":6,"key":"Dream Catcher"},{"floor":8,"key":"Singing Bowl"},{"floor":8,"key":"CeramicFish"},{"floor":9,"key":"Pen Nib"},{"floor":10,"key":"Juzu Bracelet"},{"floor":10,"key":"Sundial"},{"floor":16,"key":"Incense Burner"},{"floor":19,"key":"Red Mask"},{"floor":23,"key":"Potion Belt"},{"floor":23,"key":"Omamori"},{"floor":25,"key":"Boot"},{"floor":25,"key":"Art of War"},{"floor":26,"key":"Lantern"},{"floor":28,"key":"Mummified Hand"},{"floor":31,"key":"PreservedInsect"},{"floor":31,"key":"Bag of Preparation"},{"floor":41,"key":"Whetstone"},{"floor":41,"key":"War Paint"},{"floor":44,"key":"Du-Vu Doll"},{"floor":45,"key":"Strawberry"},{"floor":45,"key":"Gremlin Horn"},{"floor":46,"key":"CatCart"},{"floor":55,"key":"Eternal Feather"},{"floor":55,"key":"Gambling Chip"}],"event_choices":[{"cards_removed":["Strike_MRS"],"damage_healed":0,"gold_gain":0,"player_choice":"Card Removal","damage_taken":7,"max_hp_gain":0,"max_hp_loss":0,"event_name":"Golden Wing","floor":3,"gold_loss":0},{"damage_healed":0,"gold_gain":50,"player_choice":"Touch","damage_taken":7,"max_hp_gain":0,"max_hp_loss":0,"event_name":"FaceTrader","floor":4,"gold_loss":0},{"damage_healed":0,"gold_gain":0,"player_choice":"Fought Bandits","damage_taken":0,"max_hp_gain":0,"max_hp_loss":0,"event_name":"Masked Bandits","floor":19,"gold_loss":0},{"damage_healed":0,"gold_gain":50,"player_choice":"Stole From Cult","damage_taken":0,"max_hp_gain":0,"max_hp_loss":0,"event_name":"Nest","floor":22,"gold_loss":0},{"damage_healed":0,"gold_gain":0,"player_choice":"Obtained Relic","damage_taken":0,"relics_obtained":["Oddly Smooth Stone"],"max_hp_gain":0,"max_hp_loss":0,"event_name":"Addict","floor":29,"gold_loss":85},{"damage_healed":0,"gold_gain":0,"player_choice":"Relic","damage_taken":0,"max_hp_gain":0,"max_hp_loss":0,"event_name":"Wheel of Change","floor":44,"gold_loss":0},{"damage_healed":0,"gold_gain":0,"player_choice":"Fight","damage_taken":0,"max_hp_gain":0,"max_hp_loss":0,"event_name":"OrinTheCat","floor":46,"gold_loss":0},{"damage_healed":0,"gold_gain":222,"player_choice":"Wore Mask","damage_taken":0,"max_hp_gain":0,"max_hp_loss":0,"event_name":"Tomb of Lord Red Mask","floor":48,"gold_loss":0}],"is_beta":false,"boss_relics":[{"not_picked":["Pandora\u0027s Box","Astrolabe"],"picked":"SlaversCollar"},{"not_picked":["Empty Cage","Runic Pyramid"],"picked":"Busted Crown"}],"items_purged_floors":[2,30,42],"is_endless":false,"potions_floor_spawned":[6,8,10,11,18,20,23,31,36,39,40],"ascension_level":20}}