{"host":"1a8lb11wemezctea","time":1614031288,"event":{"mods":["BaseMod","Colored Powertips","Highlight Path","Minty Spire (QoL Compilation)"],"gold_per_floor":[368,243,243,256,274,299,313,343,343,161,161,187,187,198,198,300,300,317,26,40,40,40],"floor_reached":21,"language":"ENG","playtime":1070,"items_purged":["Regret","Strike_R"],"score":274,"play_id":"ac01a604-1f3f-4808-b7ee-068f7171903e","local_time":"20210222170128","is_ascension_mode":true,"campfire_choices":[{"data":"Spot Weakness","floor":11.0,"key":"SMITH"},{"data":"True Grit","floor":15.0,"key":"SMITH"}],"circlet_count":0,"master_deck":["Strike_R+1","Strike_R","Strike_R","Defend_R","Defend_R","Defend_R","Defend_R","Bash+1","True Grit+1","Spot Weakness+1","Ghostly Armor","Bloodletting","Brutality","Sword Boomerang","Rampage","Barricade","Twin Strike+1","Finesse","Shrug It Off","Hemokinesis"],"relics":["Burning Blood","Whetstone","Bronze Scales","Potion Belt","Bag of Preparation","Darkstone Periapt","Velvet Choker"],"acts_visited":["Exordium","TheCity"],"potions_floor_usage":[20],"damage_taken":[{"damage":5.0,"enemies":"2 Louse","floor":1.0,"turns":2.0},{"damage":13.0,"enemies":"Cultist","floor":4.0,"turns":5.0},{"damage":4.0,"enemies":"Jaw Worm","floor":5.0,"turns":4.0},{"damage":42.0,"enemies":"Gremlin Nob","floor":6.0,"turns":6.0},{"damage":10.0,"enemies":"3 Louse","floor":7.0,"turns":5.0},{"damage":29.0,"enemies":"3 Sentries","floor":8.0,"turns":9.0},{"damage":3.0,"enemies":"Gremlin Gang","floor":14.0,"turns":3.0},{"damage":18.0,"enemies":"The Guardian","floor":16.0,"turns":5.0},{"damage":40,"enemies":"2 Thieves","floor":18,"turns":4},{"damage":23,"enemies":"Spheric Guardian","floor":20,"turns":4},{"damage":31,"enemies":"3 Cultists","floor":21,"turns":4}],"seed_played":"6846410272536523434","potions_obtained":[{"floor":4.0,"key":"BloodPotion"},{"floor":8.0,"key":"Strength Potion"},{"floor":14.0,"key":"AttackPotion"},{"floor":16.0,"key":"FearPotion"},{"floor":18,"key":"Dexterity Potion"},{"floor":20,"key":"HeartOfIron"}],"is_trial":false,"path_per_floor":["M","$","?","M","M","E","M","E","T","$","R","T","?","M","R","B",null,"M","$","M","M"],"character_chosen":"IRONCLAD","items_purchased":["Strength Potion","FearPotion","BlessingOfTheForge","Rampage","Finesse","Shrug It Off","BloodPotion"],"campfire_rested":0,"item_purchase_floors":[2,10,10,10,19,19,19],"current_hp_per_floor":[73,73,73,66,68,48,44,21,21,21,21,21,21,24,24,12,63,29,29,28,0,0],"gold":40,"neow_bonus":"TWO_FIFTY_GOLD","is_daily":false,"chose_seed":false,"campfire_upgraded":2,"win_rate":0.0,"timestamp":1614031288,"path_taken":["M","$","?","M","?","E","M","E","T","?","R","?","?","M","R","BOSS","M","$","?","M"],"items_purchased_type":["Potion","Potion","Potion","Card","Card","Card","Potion"],"build_version":"2020-12-22","purchased_purges":2,"victory":false,"max_hp_per_floor":[80,80,80,80,80,80,80,80,80,80,80,80,80,80,80,80,80,80,80,80,80,80],"card_choices":[{"not_picked":["Pommel Strike","Clash"],"picked":"True Grit","floor":1.0},{"not_picked":["Reckless Charge","Shrug It Off"],"picked":"Ghostly Armor","floor":4.0},{"not_picked":["Entrench","Evolve"],"picked":"Bloodletting","floor":5.0},{"not_picked":["Wild Strike","Sever Soul"],"picked":"Brutality","floor":6.0},{"not_picked":["True Grit","Clothesline"],"picked":"Sword Boomerang","floor":7.0},{"not_picked":["Flex","Warcry","Infernal Blade"],"picked":"SKIP","floor":8.0},{"not_picked":["Dropkick","Body Slam","Clash"],"picked":"SKIP","floor":14.0},{"not_picked":["Demon Form","Corruption"],"picked":"Barricade","floor":16.0},{"not_picked":["Havoc","Iron Wave"],"picked":"Twin Strike+1","floor":18},{"not_picked":["Headbutt","Pommel Strike"],"picked":"Hemokinesis","floor":20}],"player_experience":299455,"relics_obtained":[{"floor":6.0,"key":"Whetstone"},{"floor":8.0,"key":"Bronze Scales"},{"floor":9.0,"key":"Potion Belt"},{"floor":12.0,"key":"Bag of Preparation"},{"floor":13.0,"key":"Darkstone Periapt"}],"event_choices":[{"damage_healed":0.0,"max_hp_gain":0.0,"max_hp_loss":0.0,"gold_gain":0.0,"cards_transformed":["Strike_R"],"event_name":"Transmorgrifier","player_choice":"Transformed","floor":3.0,"gold_loss":0.0,"damage_taken":0.0,"cards_obtained":["Spot Weakness"]},{"damage_healed":0.0,"max_hp_gain":0.0,"max_hp_loss":0.0,"gold_gain":0.0,"event_name":"Wheel of Change","player_choice":"Relic","floor":13.0,"gold_loss":0.0,"damage_taken":0.0}],"is_beta":false,"boss_relics":[{"not_picked":["Fusion Hammer","Coffee Dripper"],"picked":"Velvet Choker"}],"items_purged_floors":[2,19],"is_endless":false,"potions_floor_spawned":[4,8,14,16,18,20],"killed_by":"3 Cultists","ascension_level":9}}