{"host":"jegehu1t82aiec5j","time":1614020340,"event":{"mods":["BaseMod","Colored Map","Minty Spire (QoL Compilation)","Relic Stats","StSLib"],"gold_per_floor":[115,40,40,58,72,101,101,126,202,202,237,237,255,272,272,345,345,359,359,359,371,390,390,415,415,415,415,425,425,478,509,509,583,583,596,1595,1595,613,627,627,657,667,667,667,667,667,54,65,65,65],"floor_reached":51,"language":"ENG","playtime":2624,"items_purged":["Normality","Parasite"],"score":1448,"play_id":"bcea1b82-0a96-485f-9e19-f1dd7339064a","local_time":"20210222135900","is_ascension_mode":true,"campfire_choices":[{"data":"Dagger Throw","floor":7.0,"key":"SMITH"},{"data":"All Out Attack","floor":10.0,"key":"SMITH"},{"data":"Well Laid Plans","floor":15.0,"key":"SMITH"},{"data":"Noxious Fumes","floor":23.0,"key":"SMITH"},{"floor":25.0,"key":"REST"},{"data":"Wraith Form v2","floor":27.0,"key":"SMITH"},{"floor":29.0,"key":"REST"},{"data":"Discovery","floor":32.0,"key":"SMITH"},{"data":"Normality","floor":40,"key":"PURGE"},{"data":"Pain","floor":46,"key":"PURGE"},{"data":"Strike_G","floor":49,"key":"PURGE"}],"circlet_count":0,"master_deck":["AscendersBane","Strike_G+1","Strike_G+1","Strike_G","Defend_G","Defend_G","Defend_G","Defend_G","Defend_G","Survivor","Neutralize+1","Discovery+1","Dagger Throw+1","PiercingWail","After Image","All Out Attack+1","Noxious Fumes+1","Well Laid Plans+1","Doppelganger","CurseOfTheBell","Backflip","Wraith Form v2+1","Blade Dance+1","Corpse Explosion","Backflip+1","Crippling Poison+1","Noxious Fumes","Good Instincts+1","Terror+1","Blur+1","Backflip+1","Dark Shackles+1","Purity+1","Bouncing Flask+1","Caltrops","Backflip+1"],"relics":["Ring of the Snake","WarpedTongs","Peace Pipe","Happy Flower","Mercury Hourglass","Whetstone","Calling Bell","Bronze Scales","Shuriken","Mango","Nilry\u0027s Codex","Gremlin Horn","Eternal Feather","Toy Ornithopter","Question Card","Cursed Key","Potion Belt","Toxic Egg 2","Strange Spoon","Ancient Tea Set","Calipers","FossilizedHelix"],"acts_visited":["Exordium","TheCity","TheBeyond"],"potions_floor_usage":[50],"damage_taken":[{"damage":0.0,"enemies":"2 Louse","floor":1.0,"turns":5.0},{"damage":0.0,"enemies":"Small Slimes","floor":4.0,"turns":2.0},{"damage":0.0,"enemies":"Jaw Worm","floor":5.0,"turns":4.0},{"damage":8.0,"enemies":"3 Sentries","floor":6.0,"turns":9.0},{"damage":2.0,"enemies":"Gremlin Nob","floor":8.0,"turns":6.0},{"damage":8.0,"enemies":"Lagavulin","floor":11.0,"turns":6.0},{"damage":1.0,"enemies":"Looter","floor":13.0,"turns":3.0},{"damage":6.0,"enemies":"Blue Slaver","floor":14.0,"turns":3.0},{"damage":0.0,"enemies":"The Guardian","floor":16.0,"turns":10.0},{"damage":2.0,"enemies":"Chosen","floor":18.0,"turns":6.0},{"damage":0.0,"enemies":"Shell Parasite","floor":21.0,"turns":7.0},{"damage":0.0,"enemies":"Snecko","floor":22.0,"turns":6.0},{"damage":34.0,"enemies":"Slavers","floor":24.0,"turns":5.0},{"damage":19.0,"enemies":"Centurion and Healer","floor":28.0,"turns":7.0},{"damage":11.0,"enemies":"Book of Stabbing","floor":31.0,"turns":7.0},{"damage":9.0,"enemies":"Champ","floor":33.0,"turns":11.0},{"damage":0.0,"enemies":"3 Darklings","floor":35.0,"turns":3.0},{"damage":2,"enemies":"Orb Walker","floor":39,"turns":4},{"damage":14,"enemies":"Reptomancer","floor":41,"turns":6},{"damage":14,"enemies":"Jaw Worm Horde","floor":42,"turns":3},{"damage":0,"enemies":"Transient","floor":48,"turns":5},{"damage":49,"enemies":"Time Eater","floor":50,"turns":11}],"seed_played":"5360906836604982713","potions_obtained":[{"floor":6.0,"key":"BlessingOfTheForge"},{"floor":8.0,"key":"Weak Potion"},{"floor":16.0,"key":"Swift Potion"},{"floor":18.0,"key":"Explosive Potion"},{"floor":22.0,"key":"Poison Potion"},{"floor":33.0,"key":"Fire Potion"},{"floor":35.0,"key":"FearPotion"},{"floor":41,"key":"FairyPotion"},{"floor":42,"key":"Poison Potion"}],"is_trial":false,"path_per_floor":["M","?","?","M","M","E","R","E","T","R","E","?","M","M","R","B",null,"M","?","?","M","M","R","E","R","T","R","M","R","T","E","R","B",null,"M","?","?","$","M","R","E","M","T","?","?","R","$","M","R","B",null],"character_chosen":"THE_SILENT","items_purchased":["Potion Belt","Toxic Egg 2","GamblersBrew","Backflip+1","Strange Spoon","Crippling Poison+1","Noxious Fumes","Good Instincts+1","Bouncing Flask+1","Dexterity Potion","FossilizedHelix","Caltrops"],"campfire_rested":2,"item_purchase_floors":[38,38,38,38,38,38,38,38,47,47,47,47],"current_hp_per_floor":[59,59,39,39,39,31,31,29,29,29,21,37,36,30,30,30,71,69,48,48,48,48,48,14,38,38,53,34,73,73,62,77,68,77,80,80,80,80,78,80,66,52,52,42,42,63,63,63,77,28],"gold":65,"neow_bonus":"RANDOM_COLORLESS","is_daily":false,"chose_seed":false,"campfire_upgraded":6,"win_rate":0.0,"timestamp":1614020340,"path_taken":["M","?","?","M","M","E","R","E","T","R","E","?","M","M","R","BOSS","M","?","?","M","M","R","E","R","T","R","M","R","?","E","R","BOSS","M","?","?","$","?","R","E","M","T","?","?","R","?","M","R","BOSS"],"items_purchased_type":["Relic","Relic","Potion","Card","Relic","Card","Card","Card","Card","Potion","Relic","Card"],"build_version":"2020-12-22","purchased_purges":2,"victory":true,"max_hp_per_floor":[66,66,66,66,66,66,66,66,66,66,66,66,66,66,66,66,80,80,80,80,80,80,80,80,80,80,80,80,80,80,80,80,80,80,80,80,80,80,80,80,80,80,80,80,80,80,77,77,77,77],"relic_stats":{"Happy Flower":[34],"Gremlin Horn":[6,6],"counters":[22,129],"Eternal Feather":82,"Whetstone":["Strike_G","Strike_G"],"Question Card":9,"Cursed Key":1,"WarpedTongs":[124],"Mercury Hourglass":[324],"Peace Pipe":3,"Strange Spoon":[18],"Shuriken":[23],"Bronze Scales":[286],"obtain_stats":[{"Potion Belt":38,"Calipers":43,"Happy Flower":8,"Gremlin Horn":24,"Nilry\u0027s Codex":19,"Mango":17,"Eternal Feather":26,"Whetstone":11,"Question Card":31,"Cursed Key":34,"Ancient Tea Set":41,"WarpedTongs":0,"Mercury Hourglass":9,"Peace Pipe":6,"Calling Bell":17,"Strange Spoon":38,"Shuriken":17,"Bronze Scales":17,"Toxic Egg 2":38,"Toy Ornithopter":30,"FossilizedHelix":47,"Ring of the Snake":0},{"Potion Belt":17,"Calipers":20,"Happy Flower":5,"Gremlin Horn":13,"Nilry\u0027s Codex":10,"Mango":9,"Eternal Feather":13,"Whetstone":6,"Question Card":15,"Cursed Key":16,"Ancient Tea Set":19,"WarpedTongs":0,"Mercury Hourglass":5,"Peace Pipe":4,"Calling Bell":9,"Strange Spoon":17,"Shuriken":9,"Bronze Scales":9,"Toxic Egg 2":17,"Toy Ornithopter":14,"FossilizedHelix":20,"Ring of the Snake":0},{"Potion Belt":100,"Calipers":113,"Happy Flower":26,"Gremlin Horn":72,"Nilry\u0027s Codex":54,"Mango":48,"Eternal Feather":72,"Whetstone":32,"Question Card":86,"Cursed Key":97,"Ancient Tea Set":110,"WarpedTongs":0,"Mercury Hourglass":26,"Peace Pipe":20,"Calling Bell":48,"Strange Spoon":100,"Shuriken":48,"Bronze Scales":48,"Toxic Egg 2":100,"Toy Ornithopter":79,"FossilizedHelix":113,"Ring of the Snake":0}],"Toy Ornithopter":3,"Ring of the Snake":[44]},"card_choices":[{"not_picked":["Deep Breath","Mind Blast"],"picked":"Discovery","floor":0.0},{"not_picked":["Slice","Riddle With Holes"],"picked":"Dash","floor":1.0},{"not_picked":["Bane","Skewer"],"picked":"Dagger Throw","floor":4.0},{"not_picked":["Outmaneuver","Choke"],"picked":"PiercingWail","floor":5.0},{"not_picked":["Distraction","Flying Knee"],"picked":"After Image","floor":6.0},{"not_picked":["Bane","Poisoned Stab"],"picked":"All Out Attack","floor":8.0},{"not_picked":["Deadly Poison","Bullet Time"],"picked":"Noxious Fumes","floor":11.0},{"not_picked":["Underhanded Strike","Deflect","Heel Hook"],"picked":"SKIP","floor":13.0},{"not_picked":["Accuracy","Backflip"],"picked":"Well Laid Plans","floor":14.0},{"not_picked":["A Thousand Cuts","Phantasmal Killer"],"picked":"Doppelganger","floor":16.0},{"not_picked":["Dagger Spray","Distraction+1"],"picked":"Backflip","floor":18.0},{"not_picked":["Poisoned Stab","Quick Slash+1","All Out Attack"],"picked":"SKIP","floor":21.0},{"not_picked":["Infinite Blades","Blade Dance","Dagger Spray"],"picked":"SKIP","floor":22.0},{"not_picked":["Deadly Poison","Infinite Blades+1"],"picked":"Wraith Form v2","floor":24.0},{"not_picked":["Backflip+1","Outmaneuver"],"picked":"Blade Dance+1","floor":28.0},{"not_picked":["Slice","Flying Knee","Caltrops"],"picked":"SKIP","floor":31.0},{"not_picked":["Envenom","Storm of Steel","Tools of the Trade"],"picked":"Corpse Explosion","floor":33.0},{"not_picked":["Quick Slash","Deadly Poison","Sucker Punch","Masterful Stab"],"picked":"SKIP","floor":35.0},{"not_picked":["Outmaneuver+1","Poisoned Stab","Deadly Poison+1"],"picked":"Terror+1","floor":39},{"not_picked":["Expertise+1","Tactician+1","Riddle With Holes"],"picked":"Blur+1","floor":41},{"not_picked":["Cloak And Dagger+1","Blade Dance+1","Flying Knee+1"],"picked":"Backflip+1","floor":42},{"not_picked":["Finesse+1","Panache","Metamorphosis+1"],"picked":"Dark Shackles+1","floor":44},{"not_picked":["Dramatic Entrance","Impatience+1","The Bomb+1"],"picked":"Purity+1","floor":44},{"not_picked":["Reflex+1","Flying Knee","Concentrate+1"],"picked":"Backflip+1","floor":48}],"player_experience":2629591,"relics_obtained":[{"floor":6.0,"key":"Peace Pipe"},{"floor":8.0,"key":"Happy Flower"},{"floor":9.0,"key":"Mercury Hourglass"},{"floor":11.0,"key":"Whetstone"},{"floor":17.0,"key":"Bronze Scales"},{"floor":17.0,"key":"Shuriken"},{"floor":17.0,"key":"Mango"},{"floor":19.0,"key":"Nilry\u0027s Codex"},{"floor":24.0,"key":"Gremlin Horn"},{"floor":26.0,"key":"Eternal Feather"},{"floor":30.0,"key":"Toy Ornithopter"},{"floor":31.0,"key":"Question Card"},{"floor":41,"key":"Ancient Tea Set"},{"floor":43,"key":"Calipers"}],"event_choices":[{"cards_removed":["Strike_G"],"damage_healed":0.0,"max_hp_gain":0.0,"max_hp_loss":0.0,"gold_gain":0.0,"event_name":"The Cleric","player_choice":"Card Removal","floor":2.0,"gold_loss":75.0,"damage_taken":0.0},{"damage_healed":0.0,"max_hp_gain":0.0,"max_hp_loss":0.0,"gold_gain":0.0,"event_name":"Shining Light","player_choice":"Entered Light","floor":3.0,"gold_loss":0.0,"damage_taken":20.0,"cards_upgraded":["Dash","Neutralize"]},{"damage_healed":16.0,"max_hp_gain":0.0,"max_hp_loss":0.0,"gold_gain":0.0,"event_name":"Mushrooms","player_choice":"Healed and dodged fight","floor":12.0,"gold_loss":0.0,"damage_taken":0.0,"cards_obtained":["Parasite"]},{"damage_healed":0.0,"max_hp_gain":0.0,"max_hp_loss":0.0,"gold_gain":0.0,"event_name":"Cursed Tome","player_choice":"Obtained Book","floor":19.0,"gold_loss":0.0,"damage_taken":21.0},{"damage_healed":0.0,"max_hp_gain":0.0,"max_hp_loss":0.0,"gold_gain":0.0,"event_name":"The Mausoleum","player_choice":"Ignored","floor":20.0,"gold_loss":0.0,"damage_taken":0.0},{"damage_healed":0,"gold_gain":999,"player_choice":"Gold","damage_taken":0,"max_hp_gain":0,"max_hp_loss":0,"event_name":"MindBloom","floor":36,"gold_loss":0,"cards_obtained":["Normality","Normality"]},{"damage_healed":0,"gold_gain":0,"player_choice":"Ignored","damage_taken":0,"max_hp_gain":0,"max_hp_loss":0,"event_name":"Mysterious Sphere","floor":37,"gold_loss":0},{"damage_healed":0,"gold_gain":0,"player_choice":"Memory 3","damage_taken":10,"max_hp_gain":0,"max_hp_loss":0,"event_name":"SensoryStone","floor":44,"gold_loss":0},{"cards_removed":["Dash"],"damage_healed":0,"gold_gain":0,"player_choice":"Removed Attack","damage_taken":0,"max_hp_gain":0,"max_hp_loss":0,"event_name":"Falling","floor":45,"gold_loss":0}],"is_beta":false,"boss_relics":[{"not_picked":["WristBlade","Black Star"],"picked":"Calling Bell"},{"not_picked":["Sozu","SlaversCollar"],"picked":"Cursed Key"}],"items_purged_floors":[38,47],"is_endless":false,"potions_floor_spawned":[6,8,13,16,18,22,33,35,41,42],"ascension_level":15}}