{"host":"s2r1rxbkdpbi8qfh","time":1614028024,"event":{"mods":["2.2 Compatiblity","Act Like it!","Astrologer","BaseMod","Better Altar","Better Note","Better Sensory Stone","Better Skull","Better Third Choice","Colored Map","Conspire","Hallownest","Hermit","Hubris","Minty Spire (QoL Compilation)","Reliquary","Shade Mod","Smile Girya","Spire Arcade","StSLib","The Bug Knight","The Cursed","The Disciple","The Mystic","TheFirefly","TheVacant","Wandering Minibosses","everything is the same but u backflip on backflip"],"gold_per_floor":[115,115,131,61,81,81,113,113,183,203,230,115,115,131,131,234,234,265,421,455,65,170,170,170,170],"floor_reached":24,"language":"ENG","playtime":14577,"items_purged":["hermit:Strike_Hermit"],"score":264,"play_id":"6d2370f0-82b3-4f72-a8b3-d22188ead063","local_time":"20210222160704","is_ascension_mode":true,"campfire_choices":[{"data":"hermit:Snapshot","floor":6.0,"key":"SMITH"},{"data":"hermit:Manifest","floor":8.0,"key":"SMITH"},{"data":"hermit:FatalDesire","floor":15.0,"key":"SMITH"},{"floor":23.0,"key":"REST"}],"circlet_count":0,"master_deck":["hermit:Strike_Hermit","hermit:Strike_Hermit","hermit:Strike_Hermit","hermit:Defend_Hermit","hermit:Defend_Hermit","hermit:Defend_Hermit","hermit:Defend_Hermit","hermit:Snapshot+1","hermit:Covet","hermit:FatalDesire+1","hermit:Midnight","hermit:Misfire","hermit:Manifest+1","hermit:ShadowCloak","hermit:FinalCanter","hermit:ShadowCloak","hermit:DeadOrAlive","hermit:Magnum","hermit:Spite"],"relics":["hermit:Momento","hubris:Towel","Hallownest:StagBellRelic1","Nunchaku","Ornamental Fan","Vajra","Odd Mushroom","Hallownest:DreamNailRelic","reliquary:Ember","Girya"],"acts_visited":["Exordium","Hallownest:Greenpath"],"potions_floor_usage":[],"damage_taken":[{"damage":3.0,"enemies":"Hallownest:2_MossCreeps","floor":1.0,"turns":6.0},{"damage":3.0,"enemies":"Hallownest:monsterHuskGuard","floor":3.0,"turns":4.0},{"damage":0.0,"enemies":"Hallownest:2_Baldur","floor":5.0,"turns":4.0},{"damage":23.0,"enemies":"Hallownest:eliteMossKnight","floor":7.0,"turns":6.0},{"damage":0.0,"enemies":"Hallownest:MossCreep_and_Mosskin","floor":10.0,"turns":7.0},{"damage":7.0,"enemies":"Hallownest:eliteVengeflyKing","floor":11.0,"turns":11.0},{"damage":0.0,"enemies":"Hallownest:monsterAspidMother","floor":14.0,"turns":3.0},{"damage":21.0,"enemies":"Hallownest:BossFalseKnight","floor":16.0,"turns":10.0},{"damage":13.0,"enemies":"Hallownest:2_Mistakes","floor":18.0,"turns":5.0},{"damage":18.0,"enemies":"Hallownest:3_Youths","floor":19.0,"turns":7.0},{"damage":2.0,"enemies":"Hallownest:monsterMisterMushroom","floor":20.0,"turns":6.0},{"damage":15.0,"enemies":"Hallownest:2_Husk_Sentries","floor":22.0,"turns":5.0},{"damage":29,"enemies":"Hallownest:3_Mistakes","floor":24,"turns":2}],"seed_played":"5450669538480975354","potions_obtained":[{"floor":1.0,"key":"EssenceOfSteel"},{"floor":3.0,"key":"PowerPotion"},{"floor":10.0,"key":"DistilledChaos"},{"floor":14.0,"key":"AttackPotion"},{"floor":18.0,"key":"CultistPotion"}],"is_trial":false,"path_per_floor":["M","?","M","?","M","R","E","R","T","M","E","?","?","M","R","B",null,"M","M","M","$","M","R","M"],"character_chosen":"HERMIT","items_purchased":["Girya"],"campfire_rested":1,"item_purchase_floors":[21],"current_hp_per_floor":[65,65,62,62,62,62,39,39,39,39,32,32,32,32,32,11,54,41,23,21,21,6,26,0,0],"gold":170,"neow_bonus":"THREE_RARE_CARDS","is_daily":false,"chose_seed":false,"campfire_upgraded":3,"win_rate":0.0,"timestamp":1614028024,"path_taken":["M","?","M","?","M","R","E","R","T","M","E","?","?","M","R","BOSS","M","M","?","$","M","R","M"],"items_purchased_type":["Relic"],"build_version":"2020-12-22","purchased_purges":1,"victory":false,"max_hp_per_floor":[68,68,68,68,68,68,68,68,68,68,68,68,68,68,68,68,68,68,68,68,68,68,68,68,68],"card_choices":[{"not_picked":["hermit:FromBeyond","hermit:Reprieve"],"picked":"hermit:FatalDesire","floor":0.0},{"not_picked":["hermit:Feint","hermit:BodyArmor"],"picked":"hermit:Midnight","floor":1.0},{"not_picked":["hermit:Ricochet","hermit:Feint","hermit:ItchyTrigger"],"picked":"SKIP","floor":3.0},{"not_picked":["hermit:Roulette","hermit:HighCaliber"],"picked":"hermit:Misfire","floor":5.0},{"not_picked":["hermit:CalledShot","hermit:Feint"],"picked":"hermit:Manifest","floor":7.0},{"not_picked":["hermit:RoundhouseKick","hermit:LuckOfTheDraw"],"picked":"hermit:ShadowCloak","floor":10.0},{"not_picked":["hermit:Deadeye","hermit:Ricochet"],"picked":"hermit:FinalCanter","floor":11.0},{"not_picked":["hermit:Brawl","hermit:BodyArmor"],"picked":"hermit:ShadowCloak","floor":14.0},{"not_picked":["hermit:Gambit","hermit:Magnum"],"picked":"hermit:DeadOrAlive","floor":16.0},{"not_picked":["hermit:Snipe+1","hermit:Coalescence","hermit:TrackingShot+1"],"picked":"SKIP","floor":18.0},{"not_picked":["hermit:ItchyTrigger","hermit:Feint+1"],"picked":"hermit:Magnum","floor":19.0},{"not_picked":["hermit:GhostlyPresence","hermit:LowProfile","hermit:LoneWolf"],"picked":"SKIP","floor":20.0},{"not_picked":["hermit:LoneWolf","hermit:LowProfile"],"picked":"hermit:Spite","floor":22.0}],"player_experience":752834,"relics_obtained":[{"floor":7.0,"key":"Nunchaku"},{"floor":9.0,"key":"Ornamental Fan"},{"floor":11.0,"key":"Vajra"}],"event_choices":[],"is_beta":false,"boss_relics":[{"not_picked":["Pandora\u0027s Box","reliquary:ThirdArm"],"picked":"reliquary:Ember"}],"items_purged_floors":[21],"is_endless":false,"potions_floor_spawned":[1,3,10,14,18],"killed_by":"Hallownest:3_Mistakes","ascension_level":6}}