{"host":"sav7uxregyirlf69","time":1614008739,"event":{"mods":["AchievementEnabler","BaseMod","Colored Map","DeckTracker","Keyboard Shortcuts","Minty Spire (QoL Compilation)","READ ME - Guardian Mod","StSLib","SuperFastMode"],"gold_per_floor":[116,116,129,79,79,79,89,89,89,89,89,106,5,22,22,99,99,115,115,126,126,145,173,173,207,257,274,284,300,300,313,313,313,313],"floor_reached":33,"language":"KOR","playtime":768,"items_purged":["Defend_G","Strike_G"],"score":558,"play_id":"fa29cd3b-cf7f-40fa-8ee2-ffdb7d6a1d10","local_time":"20210223004539","is_ascension_mode":true,"campfire_choices":[{"data":"Neutralize","floor":6.0,"key":"SMITH"},{"data":"Blade Dance","floor":8.0,"key":"SMITH"},{"floor":10.0,"key":"RECALL"},{"data":"Tactician","floor":15.0,"key":"SMITH"},{"data":"Prepared","floor":24.0,"key":"SMITH"},{"data":"Footwork","floor":32.0,"key":"SMITH"}],"circlet_count":0,"master_deck":["AscendersBane","Strike_G","Defend_G","Defend_G","Defend_G","Survivor","Neutralize+1","Dagger Spray","After Image","Blade Dance+1","Tactician+1","Acrobatics","Underhanded Strike","Backflip","Bullet Time","Blade Dance","Prepared+1","Well Laid Plans","Footwork+1"],"relics":["Ring of the Snake","Smiling Mask","Eternal Feather","Coffee Dripper","Letter Opener","Omamori","Ancient Tea Set","Ornamental Fan"],"acts_visited":["Exordium","TheCity"],"potions_floor_usage":[33,33],"damage_taken":[{"damage":1.0,"enemies":"Small Slimes","floor":1.0,"turns":4.0},{"damage":0.0,"enemies":"2 Louse","floor":3.0,"turns":3.0},{"damage":0.0,"enemies":"Cultist","floor":7.0,"turns":4.0},{"damage":0.0,"enemies":"3 Louse","floor":12.0,"turns":4.0},{"damage":1.0,"enemies":"Exordium Thugs","floor":14.0,"turns":5.0},{"damage":47.0,"enemies":"The Guardian","floor":16.0,"turns":20.0},{"damage":2.0,"enemies":"Chosen","floor":18.0,"turns":6.0},{"damage":0.0,"enemies":"Spheric Guardian","floor":20.0,"turns":5.0},{"damage":21.0,"enemies":"3 Cultists","floor":22.0,"turns":6.0},{"damage":18.0,"enemies":"Book of Stabbing","floor":23.0,"turns":7.0},{"damage":11.0,"enemies":"Slavers","floor":25.0,"turns":4.0},{"damage":4.0,"enemies":"Snake Plant","floor":27.0,"turns":5.0},{"damage":5.0,"enemies":"Snecko","floor":28.0,"turns":5.0},{"damage":0.0,"enemies":"3 Cultists","floor":29.0,"turns":4.0},{"damage":0.0,"enemies":"Snake Plant","floor":31.0,"turns":5.0},{"damage":28,"enemies":"Collector","floor":33,"turns":3}],"seed_played":"-7266730280654142033","potions_obtained":[{"floor":5.0,"key":"DuplicationPotion"},{"floor":5.0,"key":"GamblersBrew"},{"floor":7.0,"key":"Block Potion"},{"floor":25.0,"key":"Swift Potion"},{"floor":27.0,"key":"GamblersBrew"},{"floor":28.0,"key":"SkillPotion"},{"floor":31.0,"key":"FearPotion"}],"is_trial":false,"path_per_floor":["M","?","M","$","?","R","M","R","T","R","?","M","$","M","R","B",null,"M","?","M","?","M","E","R","E","T","M","M","M","T","M","R","B"],"character_chosen":"THE_SILENT","items_purchased":["Acrobatics"],"campfire_rested":0,"item_purchase_floors":[13],"current_hp_per_floor":[58,58,58,58,58,58,58,58,58,66,66,66,66,65,66,19,54,52,52,52,52,31,13,22,11,11,7,2,2,2,2,11,0,0],"gold":313,"neow_bonus":"RANDOM_COMMON_RELIC","is_daily":false,"chose_seed":false,"campfire_upgraded":5,"win_rate":0.0,"timestamp":1614008739,"path_taken":["M","?","M","$","?","R","?","R","T","R","?","M","?","M","R","BOSS","M","?","M","?","?","E","R","E","T","?","M","M","?","M","R","BOSS"],"items_purchased_type":["Card"],"build_version":"2020-12-22","purchased_purges":2,"victory":false,"max_hp_per_floor":[66,66,66,66,66,66,66,66,66,66,66,66,66,66,66,66,66,66,66,66,66,66,66,66,66,66,66,66,66,66,66,66,66,66],"card_choices":[{"not_picked":["Backflip","Prepared"],"picked":"Dagger Spray","floor":1.0},{"not_picked":["Acrobatics","Blade Dance"],"picked":"After Image","floor":3.0},{"not_picked":["PiercingWail","Footwork"],"picked":"Blade Dance","floor":7.0},{"not_picked":["Dagger Throw","Acrobatics"],"picked":"Tactician","floor":12.0},{"not_picked":["Terror","Masterful Stab","Dagger Throw"],"picked":"SKIP","floor":14.0},{"not_picked":["Bane","Prepared+1"],"picked":"Underhanded Strike","floor":18.0},{"not_picked":["Blade Dance","Dodge and Roll+1","Flying Knee+1"],"picked":"SKIP","floor":20.0},{"not_picked":["Acrobatics","Underhanded Strike","Deflect"],"picked":"SKIP","floor":22.0},{"not_picked":["Blade Dance+1","Doppelganger"],"picked":"Prepared","floor":23.0},{"not_picked":["Slice","Quick Slash"],"picked":"Well Laid Plans","floor":25.0},{"not_picked":["Masterful Stab+1","Underhanded Strike","Cloak And Dagger+1"],"picked":"SKIP","floor":27.0},{"not_picked":["Flying Knee","Dodge and Roll","Backflip"],"picked":"SKIP","floor":28.0},{"not_picked":["Dodge and Roll","Heel Hook","Flying Knee"],"picked":"SKIP","floor":29.0},{"not_picked":["Masterful Stab","Flechettes"],"picked":"Footwork","floor":31.0}],"player_experience":1652212,"relics_obtained":[{"floor":9.0,"key":"Eternal Feather"},{"floor":23.0,"key":"Letter Opener"},{"floor":25.0,"key":"Omamori"},{"floor":26.0,"key":"Ancient Tea Set"},{"floor":30.0,"key":"Ornamental Fan"}],"event_choices":[{"damage_healed":0.0,"max_hp_gain":0.0,"max_hp_loss":0.0,"gold_gain":0.0,"event_name":"Liars Game","player_choice":"Ignored","floor":2.0,"gold_loss":0.0,"damage_taken":0.0},{"damage_healed":0.0,"max_hp_gain":0.0,"max_hp_loss":0.0,"gold_gain":0.0,"event_name":"Lab","player_choice":"Got Potions","floor":5.0,"gold_loss":0.0,"damage_taken":0.0},{"cards_removed":["Strike_G"],"damage_healed":0.0,"max_hp_gain":0.0,"max_hp_loss":0.0,"gold_gain":0.0,"event_name":"Bonfire Elementals","player_choice":"Offered Basic","floor":11.0,"gold_loss":0.0,"damage_taken":0.0},{"damage_healed":0.0,"max_hp_gain":0.0,"max_hp_loss":0.0,"gold_gain":0.0,"cards_transformed":["Strike_G","Defend_G"],"event_name":"Drug Dealer","player_choice":"Became Test Subject","floor":19.0,"gold_loss":0.0,"damage_taken":0.0,"cards_obtained":["Backflip","Bullet Time"]},{"damage_healed":0.0,"max_hp_gain":0.0,"max_hp_loss":0.0,"gold_gain":0.0,"cards_transformed":["Strike_G"],"event_name":"Transmorgrifier","player_choice":"Transformed","floor":21.0,"gold_loss":0.0,"damage_taken":0.0,"cards_obtained":["Blade Dance"]}],"is_beta":false,"boss_relics":[{"not_picked":["HoveringKite","Calling Bell"],"picked":"Coffee Dripper"}],"items_purged_floors":[4,13],"is_endless":false,"potions_floor_spawned":[7,14,22,25,27,28,31],"killed_by":"Collector","ascension_level":20}}