{"host":"wqwfknj40rilnol1","time":1614008822,"event":{"mods":["BaseMod","BetterRewards","Block Reminder","Colored Map","Hubris","Minty Spire (QoL Compilation)","Permanent Neow","Relic Stats","StSLib","The Cursed"],"gold_per_floor":[116,135,135,147,79,105,124,124,124,142,142,156,156,231,231,333,333,314,314,314,314,334,346,346,5,55,55,81,81,94,94,94,94,94],"floor_reached":33,"language":"ENG","playtime":1255,"items_purged":[],"score":265,"play_id":"ab9a09df-4752-4a4c-a51b-f47487705904","local_time":"20210222164702","is_ascension_mode":false,"campfire_choices":[{"data":"TheCursedMod:CursedMace","floor":8,"key":"SMITH"},{"data":"TheCursedMod:CursedBlade","floor":11,"key":"SMITH"},{"floor":15,"key":"REST"},{"floor":24,"key":"REST"},{"data":"Apotheosis","floor":29,"key":"SMITH"},{"floor":32,"key":"REST"}],"circlet_count":0,"master_deck":["TheCursedMod:Strike_TheCursed","TheCursedMod:Strike_TheCursed","TheCursedMod:Strike_TheCursed+1","TheCursedMod:Strike_TheCursed","TheCursedMod:Defend_TheCursed","TheCursedMod:Defend_TheCursed","TheCursedMod:Defend_TheCursed+1","TheCursedMod:CursedWand","TheCursedMod:CleanUpWorkshop+1","TheCursedMod:Dregs","TheCursedMod:BlessingInDisguise+1","TheCursedMod:SpitefulPlan","TheCursedMod:SurpriseAttack","TheCursedMod:CursedBlade+1","TheCursedMod:CursedMace+1","TheCursedMod:SpitefulStrike","TheCursedMod:ForbiddenAlchemy","TheCursedMod:SpitefulStrike","TheCursedMod:SmokeScreen+1","TheCursedMod:CursedShiv","Apotheosis+1","TheCursedMod:Neurasthenia","TheCursedMod:DemonSword","TheCursedMod:CursedAmulet","TheCursedMod:WearCloak+1"],"relics":["TheCursedMod:BlackMagic101","War Paint","Potion Belt","SlaversCollar","Strawberry","Dream Catcher"],"acts_visited":["Exordium","TheCity"],"potions_floor_usage":[10,16,18,22,22,23,28,28,28,30,31,31,31,31,31,31,31,31,31],"damage_taken":[{"damage":4,"enemies":"Cultist","floor":1,"turns":4},{"damage":0,"enemies":"2 Louse","floor":2,"turns":3},{"damage":2,"enemies":"Small Slimes","floor":4,"turns":5},{"damage":35,"enemies":"Lagavulin","floor":6,"turns":9},{"damage":0,"enemies":"3 Louse","floor":7,"turns":2},{"damage":0,"enemies":"Looter","floor":10,"turns":1},{"damage":0,"enemies":"Lots of Slimes","floor":12,"turns":3},{"damage":13,"enemies":"Slime Boss","floor":16,"turns":8},{"damage":5,"enemies":"2 Thieves","floor":18,"turns":4},{"damage":10,"enemies":"Chosen","floor":22,"turns":4},{"damage":30,"enemies":"Sentry and Sphere","floor":23,"turns":7},{"damage":27,"enemies":"Slavers","floor":28,"turns":6},{"damage":19,"enemies":"Centurion and Healer","floor":30,"turns":5},{"damage":0,"enemies":"Colosseum Slavers","floor":31,"turns":2},{"damage":33,"enemies":"Champ","floor":33,"turns":5}],"seed_played":"-1533936922825310566","potions_obtained":[{"floor":1,"key":"Explosive Potion"},{"floor":4,"key":"TheCursedMod:DregsPotion"},{"floor":7,"key":"Fire Potion"},{"floor":10,"key":"Block Potion"},{"floor":18,"key":"Swift Potion"},{"floor":21,"key":"PowerPotion"},{"floor":21,"key":"SpeedPotion"},{"floor":21,"key":"Fire Potion"},{"floor":23,"key":"SneckoOil"},{"floor":28,"key":"DuplicationPotion"}],"is_trial":false,"path_per_floor":["M","M","?","M","$","E","M","R","T","M","R","M","?","?","R","B",null,"M","?","?","?","M","M","R","$","T","$","E","R","M","?","R","B"],"character_chosen":"THE_CURSED","items_purchased":["TheCursedMod:SurpriseAttack","TheCursedMod:CursedBlade","Apotheosis","TheCursedMod:Neurasthenia"],"campfire_rested":3,"item_purchase_floors":[5,5,25,25],"current_hp_per_floor":[71,71,71,69,69,34,34,34,34,34,34,34,19,8,30,17,75,70,70,56,56,46,16,40,40,47,47,20,20,1,1,27,0,0],"gold":94,"neow_bonus":"THREE_CARDS","is_daily":false,"chose_seed":false,"campfire_upgraded":3,"win_rate":0.0,"timestamp":1614008822,"path_taken":["M","M","?","?","$","E","M","R","T","M","R","M","?","?","R","BOSS","M","?","?","?","?","M","R","$","T","$","E","R","M","?","R","BOSS"],"items_purchased_type":["Card","Card","Card","Card"],"build_version":"2020-12-22","purchased_purges":0,"victory":false,"max_hp_per_floor":[75,75,75,75,75,75,75,75,75,75,75,75,75,75,75,75,75,75,75,80,80,80,80,80,80,87,87,87,87,87,87,87,87,87],"relic_stats":{"Dream Catcher":1,"counters":[15,68],"War Paint":["TheCursedMod:Defend_TheCursed","TheCursedMod:CleanUpWorkshop"],"obtain_stats":[{"Potion Belt":9,"TheCursedMod:BlackMagic101":0,"SlaversCollar":17,"Dream Catcher":28,"Strawberry":26,"War Paint":6},{"Potion Belt":5,"TheCursedMod:BlackMagic101":0,"SlaversCollar":8,"Dream Catcher":12,"Strawberry":11,"War Paint":4},{"Potion Belt":23,"TheCursedMod:BlackMagic101":0,"SlaversCollar":35,"Dream Catcher":56,"Strawberry":50,"War Paint":21}]},"card_choices":[{"not_picked":["TheCursedMod:Obscuration","TheCursedMod:Wield"],"picked":"TheCursedMod:BlessingInDisguise","floor":0},{"not_picked":["TheCursedMod:FuryStrike","TheCursedMod:Stretching"],"picked":"TheCursedMod:SpitefulPlan","floor":1},{"not_picked":["TheCursedMod:Wield","TheCursedMod:Mangle","TheCursedMod:DoubleShield"],"picked":"SKIP","floor":2},{"not_picked":["TheCursedMod:CircleOfFlame","TheCursedMod:Wield","TheCursedMod:AshesToAshes"],"picked":"SKIP","floor":4},{"not_picked":["TheCursedMod:SmokeScreen","TheCursedMod:Stretching","TheCursedMod:SoulCrush"],"picked":"SKIP","floor":6},{"not_picked":["TheCursedMod:SpitefulPlan","TheCursedMod:SoulCrush"],"picked":"TheCursedMod:CursedMace","floor":7},{"not_picked":["TheCursedMod:CircleOfCorruption","TheCursedMod:CircleOfAbyss","TheCursedMod:VitalStrike"],"picked":"SKIP","floor":10},{"not_picked":["TheCursedMod:TacticalStrike","TheCursedMod:CircleOfWindfury"],"picked":"TheCursedMod:SpitefulStrike","floor":12},{"not_picked":["TheCursedMod:CircleOfAbyss","TheCursedMod:UltimatePain"],"picked":"TheCursedMod:ForbiddenAlchemy","floor":16},{"not_picked":["TheCursedMod:Wield","TheCursedMod:Stigma"],"picked":"TheCursedMod:SpitefulStrike","floor":18},{"not_picked":["TheCursedMod:PrepareRite+1","TheCursedMod:CursedAmulet+1"],"picked":"TheCursedMod:SmokeScreen+1","floor":22},{"not_picked":["TheCursedMod:TroublousMinions","TheCursedMod:ManaCirculation"],"picked":"TheCursedMod:CursedShiv","floor":23},{"not_picked":["TheCursedMod:RavingStaff","TheCursedMod:SpitefulStrike+1"],"picked":"TheCursedMod:DemonSword","floor":28},{"not_picked":["TheCursedMod:CircleOfCorruption+1","TheCursedMod:Wield"],"picked":"TheCursedMod:CursedAmulet","floor":30},{"not_picked":["TheCursedMod:CursedMace","TheCursedMod:RapidMovement"],"picked":"TheCursedMod:WearCloak+1","floor":32}],"player_experience":289615,"relics_obtained":[{"floor":6,"key":"War Paint"},{"floor":9,"key":"Potion Belt"},{"floor":26,"key":"Strawberry"},{"floor":28,"key":"Dream Catcher"}],"event_choices":[{"cards_removed":["TheCursedMod:Defend_TheCursed"],"damage_healed":0,"gold_gain":0,"player_choice":"Card Removal","damage_taken":0,"max_hp_gain":0,"max_hp_loss":0,"event_name":"Wheel of Change","floor":3,"gold_loss":0},{"damage_healed":0,"gold_gain":0,"player_choice":"Entered Light","damage_taken":15,"max_hp_gain":0,"max_hp_loss":0,"event_name":"Shining Light","floor":13,"gold_loss":0,"cards_upgraded":["TheCursedMod:Strike_TheCursed","TheCursedMod:BlessingInDisguise"]},{"damage_healed":0,"gold_gain":75,"player_choice":"Gather Gold","damage_taken":11,"max_hp_gain":0,"max_hp_loss":0,"event_name":"World of Goop","floor":14,"gold_loss":0},{"damage_healed":0,"gold_gain":0,"player_choice":"Ignored","damage_taken":0,"max_hp_gain":0,"max_hp_loss":0,"event_name":"Ghosts","floor":19,"gold_loss":0},{"damage_healed":0,"gold_gain":0,"player_choice":"Shed Blood","damage_taken":19,"max_hp_gain":5,"max_hp_loss":0,"event_name":"Forgotten Altar","floor":20,"gold_loss":0},{"damage_healed":0,"gold_gain":0,"player_choice":"Got Potions","damage_taken":0,"max_hp_gain":0,"max_hp_loss":0,"event_name":"Lab","floor":21,"gold_loss":0},{"damage_healed":0,"gold_gain":0,"player_choice":"Fight","damage_taken":0,"max_hp_gain":0,"max_hp_loss":0,"event_name":"Colosseum","floor":31,"gold_loss":0},{"damage_healed":0,"gold_gain":0,"player_choice":"Fled From Nobs","damage_taken":0,"max_hp_gain":0,"max_hp_loss":0,"event_name":"Colosseum","floor":31,"gold_loss":0}],"is_beta":false,"boss_relics":[{"not_picked":["Coffee Dripper","TheCursedMod:BlackMagicAdvanced"],"picked":"SlaversCollar"}],"items_purged_floors":[],"is_endless":false,"potions_floor_spawned":[1,4,7,10,18,23,28],"killed_by":"Champ","ascension_level":0}}