{"host":"nwd160me4iqdtr8u","time":1614007661,"event":{"mods":["AchievementEnabler","Act Like it!","BaseMod","Colored Map","DeckTracker","Keyboard Shortcuts","Minty Spire (QoL Compilation)","Quick Restart","Rare Cards Sparkle","Smile Girya","StSLib","SuperFastMode","everything is the same but u backflip on backflip"],"gold_per_floor":[11,28,28,46,1,30,46,61,85,85,98,98,108,40,40,142,142,162,179,25,25,36,36,50,50,76,95,95,95,108,33,33,133,133,144,156,88,101,101,101,112,112,191,191,203,216,216,39,39,39],"floor_reached":51,"language":"KOR","playtime":1657,"items_purged":["Strike_B","Parasite"],"score":703,"play_id":"54aba809-51d4-4be2-b6f2-9f0f207b999b","local_time":"20210223002741","is_ascension_mode":false,"campfire_choices":[{"data":"White Noise","floor":10.0,"key":"SMITH"},{"data":"Streamline","floor":12.0,"key":"SMITH"},{"data":"Sunder","floor":15.0,"key":"SMITH"},{"data":"Ghostly","floor":23.0,"key":"SMITH"},{"data":"Echo Form","floor":25.0,"key":"SMITH"},{"floor":29.0,"key":"REST"},{"data":"Ghostly","floor":32.0,"key":"SMITH"},{"data":"Defragment","floor":40.0,"key":"SMITH"},{"data":"Ghostly","floor":42.0,"key":"SMITH"},{"data":"Ghostly","floor":47.0,"key":"SMITH"},{"data":"Defragment","floor":49.0,"key":"SMITH"}],"circlet_count":0,"master_deck":["Strike_B","Strike_B","Defend_B","Defend_B","Defend_B","Zap","Dualcast","Conserve Battery","Compile Driver","Ball Lightning","Streamline+1","White Noise+1","Multi-Cast","Electrodynamics","Sunder+1","Echo Form+1","CurseOfTheBell","Turbo","Loop+1","Ghostly","Ghostly+1","Ghostly+1","Ghostly+1","Ghostly+1","Lockon+1","Aggregate","Necronomicurse","Double Energy+1","Thunder Strike","Coolheaded","Cold Snap+1","Defragment+1","FTL+1","Go for the Eyes+1","BootSequence","Reboot","Defragment+1"],"relics":["Cracked Core","Regal Pillow","Lantern","Calling Bell","Centennial Puzzle","White Beast Statue","Bird Faced Urn","DataDisk","Blood Vial","Necronomicon","SacredBark","Kunai"],"acts_visited":["Exordium","TheCity","TheBeyond"],"potions_floor_usage":[50,50],"damage_taken":[{"damage":1.0,"enemies":"Jaw Worm","floor":1.0,"turns":3.0},{"damage":0.0,"enemies":"Cultist","floor":2.0,"turns":3.0},{"damage":5.0,"enemies":"2 Louse","floor":4.0,"turns":3.0},{"damage":22.0,"enemies":"Gremlin Nob","floor":6.0,"turns":4.0},{"damage":4.0,"enemies":"Exordium Wildlife","floor":7.0,"turns":3.0},{"damage":0.0,"enemies":"2 Fungi Beasts","floor":8.0,"turns":3.0},{"damage":0.0,"enemies":"Lots of Slimes","floor":11.0,"turns":4.0},{"damage":1.0,"enemies":"Exordium Wildlife","floor":13.0,"turns":3.0},{"damage":39.0,"enemies":"The Guardian","floor":16.0,"turns":12.0},{"damage":20.0,"enemies":"Chosen","floor":18.0,"turns":4.0},{"damage":17.0,"enemies":"Shell Parasite","floor":19.0,"turns":5.0},{"damage":6.0,"enemies":"Snake Plant","floor":22.0,"turns":4.0},{"damage":2.0,"enemies":"Centurion and Healer","floor":24.0,"turns":6.0},{"damage":8.0,"enemies":"Snecko","floor":27.0,"turns":3.0},{"damage":3.0,"enemies":"Snake Plant","floor":30.0,"turns":2.0},{"damage":28.0,"enemies":"Automaton","floor":33.0,"turns":7.0},{"damage":1.0,"enemies":"Orb Walker","floor":35.0,"turns":2.0},{"damage":1.0,"enemies":"3 Shapes","floor":36.0,"turns":4.0},{"damage":7.0,"enemies":"Maw","floor":38.0,"turns":6.0},{"damage":12.0,"enemies":"3 Darklings","floor":41.0,"turns":5.0},{"damage":0.0,"enemies":"Writhing Mass","floor":45.0,"turns":7.0},{"damage":14.0,"enemies":"Jaw Worm Horde","floor":46.0,"turns":3.0},{"damage":20,"enemies":"Awakened One","floor":50,"turns":12}],"seed_played":"-3596041242792368585","potions_obtained":[{"floor":4.0,"key":"SpeedPotion"},{"floor":8.0,"key":"SpeedPotion"},{"floor":11.0,"key":"Swift Potion"},{"floor":18.0,"key":"FearPotion"},{"floor":19.0,"key":"FocusPotion"},{"floor":22.0,"key":"FocusPotion"},{"floor":24.0,"key":"SpeedPotion"},{"floor":33.0,"key":"Strength Potion"},{"floor":35.0,"key":"CultistPotion"},{"floor":36.0,"key":"PotionOfCapacity"},{"floor":38.0,"key":"SpeedPotion"},{"floor":41.0,"key":"PowerPotion"},{"floor":45.0,"key":"SteroidPotion"},{"floor":46.0,"key":"SpeedPotion"}],"is_trial":false,"path_per_floor":["M","M","?","M","$","E","M","M","T","R","M","R","M","$","R","B",null,"M","M","$","?","M","R","M","R","T","M","?","R","M","$","R","B",null,"M","M","$","M","?","R","M","R","T","?","M","M","R","$","R","B",null],"character_chosen":"DEFECT","items_purchased":["Streamline","Sunder","DataDisk","Defragment","Defragment"],"campfire_rested":1,"item_purchase_floors":[5,14,20,37,48],"current_hp_per_floor":[74,74,75,70,70,48,44,44,44,44,44,44,43,43,43,4,75,59,44,44,37,36,36,37,37,37,33,17,37,34,34,34,15,37,36,37,37,35,35,35,29,29,29,29,37,23,23,23,23,15],"gold":39,"neow_bonus":"REMOVE_TWO","is_daily":false,"chose_seed":false,"campfire_upgraded":10,"win_rate":0.0,"timestamp":1614007661,"path_taken":["M","M","?","?","$","E","M","M","T","R","M","R","M","?","R","BOSS","M","M","$","?","M","R","M","R","T","M","?","R","M","?","R","BOSS","M","M","$","M","?","R","M","R","T","?","M","M","R","$","R","BOSS"],"items_purchased_type":["Card","Card","Relic","Card","Card"],"build_version":"2020-12-22","purchased_purges":2,"victory":true,"max_hp_per_floor":[75,75,75,75,75,75,75,75,75,75,75,75,75,75,75,75,75,75,75,75,37,37,37,37,37,37,37,37,37,37,37,37,37,37,37,37,37,37,37,37,37,37,37,37,37,37,37,34,34,34],"card_choices":[{"not_picked":["Turbo","Hologram"],"picked":"Conserve Battery","floor":1.0},{"not_picked":["Gash","Melter"],"picked":"Compile Driver","floor":2.0},{"not_picked":["Leap","Static Discharge"],"picked":"Ball Lightning","floor":4.0},{"not_picked":["Blizzard","Double Energy","Leap"],"picked":"SKIP","floor":6.0},{"not_picked":["Tempest","Fusion"],"picked":"White Noise","floor":7.0},{"not_picked":["Compile Driver","Gash"],"picked":"Multi-Cast","floor":8.0},{"not_picked":["Conserve Battery","Leap","Go for the Eyes"],"picked":"SKIP","floor":11.0},{"not_picked":["Beam Cell","Coolheaded"],"picked":"Electrodynamics","floor":13.0},{"not_picked":["Amplify","Fission"],"picked":"Echo Form","floor":16.0},{"not_picked":["Beam Cell","Rebound+1"],"picked":"Turbo","floor":18.0},{"not_picked":["Conserve Battery","FTL"],"picked":"Loop+1","floor":19.0},{"not_picked":["Double Energy","Leap+1","Streamline"],"picked":"SKIP","floor":22.0},{"not_picked":["BootSequence+1","Auto Shields+1"],"picked":"Lockon+1","floor":24.0},{"not_picked":["BootSequence+1","Go for the Eyes"],"picked":"Aggregate","floor":27.0},{"not_picked":["Go for the Eyes","Lockon"],"picked":"Double Energy+1","floor":30.0},{"not_picked":["All For One","Meteor Strike"],"picked":"Thunder Strike","floor":33.0},{"not_picked":["Rebound+1","Gash+1"],"picked":"Coolheaded","floor":35.0},{"not_picked":["Loop","Rebound"],"picked":"Cold Snap+1","floor":36.0},{"not_picked":["Leap+1","Go for the Eyes"],"picked":"FTL+1","floor":38.0},{"not_picked":["Double Energy+1","Turbo"],"picked":"Go for the Eyes+1","floor":41.0},{"not_picked":["FTL+1","White Noise"],"picked":"BootSequence","floor":45.0},{"not_picked":["Chaos","Redo"],"picked":"Reboot","floor":46.0}],"player_experience":441576,"relics_obtained":[{"floor":6.0,"key":"Regal Pillow"},{"floor":9.0,"key":"Lantern"},{"floor":17.0,"key":"Centennial Puzzle"},{"floor":17.0,"key":"White Beast Statue"},{"floor":17.0,"key":"Bird Faced Urn"},{"floor":26.0,"key":"Blood Vial"},{"floor":28.0,"key":"Necronomicon"},{"floor":43.0,"key":"Kunai"}],"event_choices":[{"damage_healed":1.0,"max_hp_gain":0.0,"max_hp_loss":0.0,"gold_gain":0.0,"event_name":"Wheel of Change","player_choice":"Full Heal","floor":3.0,"gold_loss":0.0,"damage_taken":0.0},{"damage_healed":0.0,"max_hp_gain":0.0,"max_hp_loss":38.0,"gold_gain":0.0,"event_name":"Ghosts","player_choice":"Became a Ghost","floor":21.0,"gold_loss":0.0,"damage_taken":0.0,"cards_obtained":["Ghostly","Ghostly","Ghostly","Ghostly","Ghostly"]},{"damage_healed":0.0,"max_hp_gain":0.0,"max_hp_loss":0.0,"gold_gain":0.0,"event_name":"Cursed Tome","player_choice":"Obtained Book","floor":28.0,"gold_loss":0.0,"damage_taken":16.0},{"damage_healed":0.0,"max_hp_gain":0.0,"max_hp_loss":0.0,"gold_gain":0.0,"event_name":"Mysterious Sphere","player_choice":"Ignored","floor":39.0,"gold_loss":0.0,"damage_taken":0.0},{"damage_healed":0.0,"max_hp_gain":0.0,"max_hp_loss":0.0,"gold_gain":0.0,"event_name":"Tomb of Lord Red Mask","player_choice":"Ignored","floor":44.0,"gold_loss":0.0,"damage_taken":0.0}],"is_beta":false,"boss_relics":[{"not_picked":["FrozenCore","Inserter"],"picked":"Calling Bell"},{"not_picked":["Runic Dome","Busted Crown"],"picked":"SacredBark"}],"items_purged_floors":[31,48],"is_endless":false,"potions_floor_spawned":[4,8,11,18,19,22,24,27,30,33,35,36,38,41,45,46],"ascension_level":0}}