{"host":"6azrrw3tf7wb0f4b","time":1614013174,"event":{"mods":["BaseMod","Custom Start","DeckTracker","Minty Spire (QoL Compilation)","SuperFastMode"],"gold_per_floor":[116,130,141,160,170,170,95,95,95,145,19,19,38,56,56,56,56],"floor_reached":16,"language":"KOR","playtime":282,"items_purged":["Strike_P"],"score":165,"play_id":"d8130887-abcc-43d6-9f1e-06f21de42223","local_time":"20210223015934","is_ascension_mode":true,"campfire_choices":[{"data":"Eruption","floor":6.0,"key":"SMITH"},{"data":"SashWhip","floor":12.0,"key":"SMITH"},{"data":"Blasphemy","floor":15.0,"key":"SMITH"}],"circlet_count":0,"master_deck":["AscendersBane","Strike_P","Strike_P","Defend_P","Defend_P","Defend_P","Eruption+1","Vigilance","Blasphemy+1","SashWhip+1","InnerPeace","MentalFortress","FlurryOfBlows","FearNoEvil"],"relics":["PureWater","Singing Bowl"],"acts_visited":["Exordium"],"potions_floor_usage":[16,16],"damage_taken":[{"damage":2.0,"enemies":"Jaw Worm","floor":1.0,"turns":3.0},{"damage":1.0,"enemies":"2 Louse","floor":2.0,"turns":3.0},{"damage":2.0,"enemies":"Cultist","floor":3.0,"turns":5.0},{"damage":23.0,"enemies":"Lots of Slimes","floor":4.0,"turns":4.0},{"damage":5.0,"enemies":"Exordium Thugs","floor":5.0,"turns":5.0},{"damage":4.0,"enemies":"Exordium Wildlife","floor":13.0,"turns":3.0},{"damage":8.0,"enemies":"Blue Slaver","floor":14.0,"turns":4.0},{"damage":100000,"enemies":"Slime Boss","floor":16,"turns":5}],"seed_played":"7474251181785936346","potions_obtained":[{"floor":5.0,"key":"Swift Potion"}],"is_trial":false,"path_per_floor":["M","M","M","M","M","R","?","?","T","?","$","R","M","M","R","B"],"character_chosen":"WATCHER","items_purchased":["Fire Potion"],"campfire_rested":0,"item_purchase_floors":[11],"current_hp_per_floor":[59,58,56,33,28,28,28,28,28,22,22,22,18,10,10,0,0],"gold":56,"neow_bonus":"TRANSFORM_CARD","is_daily":false,"chose_seed":false,"campfire_upgraded":3,"win_rate":0.0,"timestamp":1614013174,"path_taken":["M","M","M","M","M","R","?","?","T","?","$","R","M","?","R","BOSS"],"items_purchased_type":["Potion"],"build_version":"2020-12-22","purchased_purges":1,"victory":false,"max_hp_per_floor":[68,68,68,68,68,68,68,68,68,68,68,68,68,68,68,68,68],"card_choices":[{"not_picked":["Crescendo","Perseverance"],"picked":"SashWhip","floor":1.0},{"not_picked":["CrushJoints","Consecrate","ThirdEye"],"picked":"SKIP","floor":2.0},{"not_picked":["FlurryOfBlows","FollowUp"],"picked":"InnerPeace","floor":3.0},{"not_picked":["BattleHymn","ConjureBlade"],"picked":"MentalFortress","floor":4.0},{"not_picked":["Consecrate","Halt","Collect"],"picked":"SKIP","floor":5.0},{"not_picked":["BattleHymn","PathToVictory"],"picked":"FlurryOfBlows","floor":13.0},{"not_picked":["Collect","SandsOfTime"],"picked":"FearNoEvil","floor":14.0}],"player_experience":801122,"relics_obtained":[{"floor":9.0,"key":"Singing Bowl"}],"event_choices":[{"cards_removed":["Defend_P"],"damage_healed":0.0,"max_hp_gain":0.0,"max_hp_loss":0.0,"gold_gain":0.0,"event_name":"The Cleric","player_choice":"Card Removal","floor":7.0,"gold_loss":75.0,"damage_taken":0.0},{"damage_healed":0.0,"max_hp_gain":0.0,"max_hp_loss":0.0,"gold_gain":0.0,"event_name":"Liars Game","player_choice":"Ignored","floor":8.0,"gold_loss":0.0,"damage_taken":0.0},{"damage_healed":0.0,"max_hp_gain":0.0,"max_hp_loss":0.0,"gold_gain":50.0,"event_name":"FaceTrader","player_choice":"Touch","floor":10.0,"gold_loss":0.0,"damage_taken":6.0}],"is_beta":false,"boss_relics":[],"items_purged_floors":[11],"is_endless":false,"potions_floor_spawned":[5,13,14],"killed_by":"Slime Boss","ascension_level":15}}