{"host":"zxd2l8an9de7z7b9","time":1614016077,"event":{"mods":["100% Spire Juice","2.2 Compatiblity","AchievementEnabler","BaseMod","CapriCore","Colored Map","Colored Powertips","Marisa£¨Ùöéë¡¡Øª×âÞÞ£©","Minty Spire (QoL Compilation)","Rare Cards Sparkle","StSLib","SuperFastMode","Td1madao Mod","everything is the same but u backflip on backflip"],"gold_per_floor":[117,136,153,153,228,228,246,258,283,302,316,189,207,219,219,314,314,333,84,84,97,128,128,3,71,120,120,133,147,165,181,181,282,282,296,316,335,335,351,351,58,58,137,87,113,128,78,90,90,90],"floor_reached":51,"language":"KOR","playtime":1269,"items_purged":["Defend_R","Strike_R","Strike_R","Strike_R","Strike_R","Strike_R"],"score":822,"play_id":"350f038d-15f4-4436-acb2-beaa7d67a168","local_time":"20210223024757","is_ascension_mode":false,"campfire_choices":[{"data":"Dual Wield","floor":6.0,"key":"SMITH"},{"floor":15.0,"key":"REST"},{"data":"Clash","floor":23.0,"key":"SMITH"},{"data":"Dropkick","floor":32,"key":"SMITH"},{"floor":40,"key":"REST"},{"floor":42,"key":"REST"},{"floor":49,"key":"REST"}],"circlet_count":0,"master_deck":["Bash+1","Dual Wield+1","Clash+1","Searing Blow+1","Feed+1","Fiend Fire+1","Dropkick+1"],"relics":["Burning Blood","Centennial Puzzle","Astrolabe","Nunchaku","Red Mask","Mummified Hand","Smiling Mask","Fusion Hammer","Paper Frog","Molten Egg 2","Art of War"],"acts_visited":["Exordium","TheCity","TheBeyond"],"potions_floor_usage":[31,33,50,50,50],"damage_taken":[{"damage":8.0,"enemies":"Jaw Worm","floor":1.0,"turns":4.0},{"damage":5.0,"enemies":"Cultist","floor":2.0,"turns":4.0},{"damage":10.0,"enemies":"Small Slimes","floor":3.0,"turns":3.0},{"damage":11.0,"enemies":"Blue Slaver","floor":7.0,"turns":5.0},{"damage":16.0,"enemies":"Lots of Slimes","floor":8.0,"turns":8.0},{"damage":15.0,"enemies":"Exordium Thugs","floor":10.0,"turns":6.0},{"damage":1.0,"enemies":"Exordium Wildlife","floor":11.0,"turns":3.0},{"damage":11.0,"enemies":"Blue Slaver","floor":13.0,"turns":5.0},{"damage":11.0,"enemies":"3 Louse","floor":14.0,"turns":3.0},{"damage":22.0,"enemies":"Slime Boss","floor":16.0,"turns":8.0},{"damage":12.0,"enemies":"Shell Parasite","floor":18.0,"turns":2.0},{"damage":30.0,"enemies":"2 Thieves","floor":21.0,"turns":3.0},{"damage":10.0,"enemies":"Masked Bandits","floor":22.0,"turns":3.0},{"damage":23.0,"enemies":"Snecko","floor":28.0,"turns":4.0},{"damage":0.0,"enemies":"Snake Plant","floor":29.0,"turns":1.0},{"damage":6.0,"enemies":"Chosen and Byrds","floor":30.0,"turns":3.0},{"damage":0,"enemies":"Snecko","floor":31,"turns":2},{"damage":0,"enemies":"Champ","floor":33,"turns":5},{"damage":7,"enemies":"Orb Walker","floor":35,"turns":2},{"damage":35,"enemies":"3 Shapes","floor":36,"turns":4},{"damage":7,"enemies":"Jaw Worm Horde","floor":37,"turns":2},{"damage":26,"enemies":"Spire Growth","floor":39,"turns":3},{"damage":24,"enemies":"Writhing Mass","floor":46,"turns":2},{"damage":13,"enemies":"3 Darklings","floor":48,"turns":3},{"damage":107,"enemies":"Time Eater","floor":50,"turns":6}],"seed_played":"193192321138100325","potions_obtained":[{"floor":3.0,"key":"GamblersBrew"},{"floor":8.0,"key":"HeartOfIron"},{"floor":11.0,"key":"Ancient Potion"},{"floor":21.0,"key":"Strength Potion"},{"floor":28.0,"key":"Block Potion"},{"floor":33,"key":"SpeedPotion"},{"floor":36,"key":"LiquidBronze"},{"floor":48,"key":"BloodPotion"}],"is_trial":false,"path_per_floor":["M","M","M","?","?","R","M","M","T","M","M","$","M","M","R","B",null,"M","$","?","M","?","R","$","T","T","?","M","M","M","M","R","B",null,"M","M","M","?","M","R","$","R","T","$","T","M","$","M","R","B",null],"character_chosen":"IRONCLAD","items_purchased":["PowerPotion","Nunchaku","Paper Frog"],"campfire_rested":4,"item_purchase_floors":[12,19,41],"current_hp_per_floor":[78,79,75,75,64,64,59,49,49,40,45,45,40,35,59,43,80,74,74,74,54,54,54,54,54,54,83,70,76,76,82,82,88,92,91,66,69,69,49,79,79,100,100,100,100,82,82,75,100,19],"gold":90,"neow_bonus":"UPGRADE_CARD","is_daily":false,"chose_seed":false,"campfire_upgraded":3,"win_rate":0.0,"timestamp":1614016077,"path_taken":["M","M","M","?","?","R","M","M","T","M","?","$","M","M","R","BOSS","M","$","?","M","?","R","$","?","T","?","M","M","M","M","R","BOSS","M","M","M","?","?","R","$","R","T","?","?","M","?","M","R","BOSS"],"items_purchased_type":["Potion","Relic","Relic"],"build_version":"2020-12-22","purchased_purges":6,"victory":true,"max_hp_per_floor":[80,80,80,80,80,80,80,80,80,80,80,80,80,80,80,80,80,80,80,80,84,88,88,88,88,88,88,92,92,92,92,92,92,92,92,96,100,100,100,100,100,100,100,100,100,100,100,100,100,100],"card_choices":[{"not_picked":["Shrug It Off","Sword Boomerang"],"picked":"Dual Wield","floor":1.0},{"not_picked":["Body Slam","Burning Pact","Iron Wave"],"picked":"SKIP","floor":2.0},{"not_picked":["Battle Trance","Headbutt","Juggernaut"],"picked":"SKIP","floor":3.0},{"not_picked":["Entrench","Thunderclap","Flame Barrier"],"picked":"SKIP","floor":7.0},{"not_picked":["Battle Trance","Twin Strike","Disarm"],"picked":"SKIP","floor":8.0},{"not_picked":["Inflame","Cleave"],"picked":"Clash","floor":10.0},{"not_picked":["Twin Strike","Flex","Headbutt"],"picked":"SKIP","floor":11.0},{"not_picked":["Power Through","Pommel Strike","Sever Soul"],"picked":"SKIP","floor":13.0},{"not_picked":["Juggernaut","Cleave","Wild Strike"],"picked":"SKIP","floor":14.0},{"not_picked":["Searing Blow","Evolve","Flex"],"picked":"SKIP","floor":18.0},{"not_picked":["Cleave","Headbutt+1","Heavy Blade+1"],"picked":"SKIP","floor":21.0},{"not_picked":["Heavy Blade","Clothesline","Fire Breathing"],"picked":"SKIP","floor":28.0},{"not_picked":["Searing Blow","Dual Wield+1","Clash+1"],"picked":"SKIP","floor":29.0},{"not_picked":["Hemokinesis","Entrench","Havoc"],"picked":"SKIP","floor":30.0},{"not_picked":["Burning Pact","Sword Boomerang"],"picked":"Dropkick","floor":31},{"not_picked":["Sword Boomerang","Heavy Blade+1","Body Slam"],"picked":"SKIP","floor":35},{"not_picked":["Rampage","Body Slam","Warcry"],"picked":"SKIP","floor":36},{"not_picked":["Clothesline","Reckless Charge","Metallicize"],"picked":"SKIP","floor":37},{"not_picked":["Armaments","Inflame","Dual Wield+1"],"picked":"SKIP","floor":39},{"not_picked":["Shrug It Off+1","Thunderclap+1","Headbutt+1"],"picked":"SKIP","floor":46},{"not_picked":["Body Slam+1","Searing Blow+1","Whirlwind+1"],"picked":"SKIP","floor":48}],"player_experience":442036,"relics_obtained":[{"floor":9.0,"key":"Centennial Puzzle"},{"floor":22.0,"key":"Red Mask"},{"floor":25.0,"key":"Mummified Hand"},{"floor":26.0,"key":"Smiling Mask"},{"floor":43,"key":"Molten Egg 2"},{"floor":45,"key":"Art of War"}],"event_choices":[{"damage_healed":0.0,"max_hp_gain":0.0,"max_hp_loss":0.0,"gold_gain":0.0,"event_name":"Liars Game","player_choice":"Ignored","floor":4.0,"gold_loss":0.0,"damage_taken":0.0},{"damage_healed":0.0,"max_hp_gain":0.0,"max_hp_loss":0.0,"gold_gain":75.0,"event_name":"World of Goop","player_choice":"Gather Gold","floor":5.0,"gold_loss":0.0,"damage_taken":11.0},{"damage_healed":0.0,"max_hp_gain":0.0,"max_hp_loss":0.0,"gold_gain":0.0,"event_name":"Vampires","player_choice":"Ignored","floor":20.0,"gold_loss":0.0,"damage_taken":0.0},{"damage_healed":0.0,"max_hp_gain":0.0,"max_hp_loss":0.0,"gold_gain":0.0,"event_name":"Masked Bandits","player_choice":"Fought Bandits","floor":22.0,"gold_loss":0.0,"damage_taken":0.0},{"damage_healed":29.0,"max_hp_gain":0.0,"max_hp_loss":0.0,"gold_gain":0.0,"event_name":"The Library","player_choice":"Heal","floor":27.0,"gold_loss":0.0,"damage_taken":0.0},{"damage_healed":0,"gold_gain":0,"player_choice":"Ignored","damage_taken":0,"max_hp_gain":0,"max_hp_loss":0,"event_name":"SecretPortal","floor":38,"gold_loss":0}],"is_beta":false,"boss_relics":[{"not_picked":["Runic Cube","Calling Bell"],"picked":"Astrolabe"},{"not_picked":["Coffee Dripper","Snecko Eye"],"picked":"Fusion Hammer"}],"items_purged_floors":[12,19,24,41,44,47],"is_endless":false,"potions_floor_spawned":[3,8,11,14,21,28,29,33,36,48],"ascension_level":0}}