{"host":"qdazo2n9x18zu9dk","time":1614029086,"event":{"mods":["BaseMod","Hermit","Minty Spire (QoL Compilation)","Rare Cards Sparkle","StSLib"],"gold_per_floor":[119,129,145,145,157,187,163,163,188,188,219,219,234,234,234,331,331,341,357,28,40,53,53,53,81,81,107,107,169,84,109,109,209,209,242,260,113,113,113,142,142,173,173,173,190,205,220,254,254,254,254,254,24,93,93,93],"floor_reached":55,"language":"ENG","playtime":5459,"items_purged":["hermit:Strike_Hermit"],"score":991,"play_id":"70d6a496-27f6-405f-9532-ffbf048e90c2","local_time":"20210222222446","is_ascension_mode":true,"campfire_choices":[{"data":"hermit:CursedWeapon","floor":10,"key":"SMITH"},{"data":"hermit:Gestalt","floor":12,"key":"SMITH"},{"data":"hermit:Deadeye","floor":15,"key":"SMITH"},{"floor":28,"key":"REST"},{"floor":32,"key":"RECALL"},{"floor":41,"key":"REST"},{"floor":44,"key":"REST"},{"floor":49,"key":"REST"},{"floor":52,"key":"REST"}],"circlet_count":0,"master_deck":["hermit:Defend_Hermit","hermit:Defend_Hermit+1","hermit:Defend_Hermit","hermit:Defend_Hermit","hermit:Snapshot+1","hermit:Covet","hermit:Misfire","hermit:Deadeye+1","hermit:Roughhouse+1","hermit:Ricochet","hermit:CursedWeapon+1","hermit:Gestalt+1","hermit:HeroicBravado","hermit:GoldenBullet","hermit:Dive+1","Apotheosis+1","hermit:DeadMansHand","hermit:TrackingShot","hermit:EyeOfTheStorm","Ghostly","Ghostly","Ghostly","Ghostly","Ghostly","hermit:CalledShot+1","hermit:DeadOrAlive","hermit:LoneWolf+1","hermit:HeroicBravado","hermit:FullyLoaded+1","hermit:Desperado+1","hermit:DeadMansHand+1","hermit:Snipe+1","hermit:Determination+1","hermit:GhostlyPresence","hermit:Desperado+1","hermit:Desperado+1","hermit:WideOpen+1","hermit:HeroicBravado","hermit:Brawl"],"relics":["hermit:Momento","Vajra","Regal Pillow","Tiny Chest","Fusion Hammer","Art of War","War Paint","Eternal Feather","Mummified Hand","Oddly Smooth Stone","Bag of Marbles","Astrolabe","Molten Egg 2","StrikeDummy","Singing Bowl","Nunchaku","Kunai"],"acts_visited":["Exordium","TheCity","TheBeyond","TheEnding"],"potions_floor_usage":[16,19,23,29,42,50,55],"damage_taken":[{"damage":2,"enemies":"Small Slimes","floor":1,"turns":3},{"damage":1,"enemies":"Cultist","floor":2,"turns":3},{"damage":0,"enemies":"2 Louse","floor":3,"turns":1},{"damage":13,"enemies":"Exordium Wildlife","floor":5,"turns":5},{"damage":30,"enemies":"Lagavulin","floor":6,"turns":5},{"damage":17,"enemies":"3 Sentries","floor":11,"turns":5},{"damage":3,"enemies":"Looter","floor":13,"turns":2},{"damage":3,"enemies":"Slime Boss","floor":16,"turns":7},{"damage":5,"enemies":"2 Thieves","floor":18,"turns":3},{"damage":4,"enemies":"3 Byrds","floor":19,"turns":5},{"damage":6,"enemies":"Centurion and Healer","floor":21,"turns":5},{"damage":3,"enemies":"Snake Plant","floor":22,"turns":3},{"damage":15,"enemies":"Gremlin Leader","floor":23,"turns":5},{"damage":9,"enemies":"Book of Stabbing","floor":25,"turns":5},{"damage":14,"enemies":"Gremlin Leader","floor":27,"turns":7},{"damage":9,"enemies":"Book of Stabbing","floor":29,"turns":5},{"damage":18,"enemies":"Champ","floor":33,"turns":12},{"damage":2,"enemies":"3 Shapes","floor":35,"turns":3},{"damage":0,"enemies":"Orb Walker","floor":36,"turns":4},{"damage":6,"enemies":"Giant Head","floor":40,"turns":11},{"damage":21,"enemies":"Reptomancer","floor":42,"turns":7},{"damage":4,"enemies":"3 Darklings","floor":45,"turns":5},{"damage":1,"enemies":"Maw","floor":46,"turns":7},{"damage":1,"enemies":"Transient","floor":47,"turns":5},{"damage":3,"enemies":"Giant Head","floor":48,"turns":7},{"damage":11,"enemies":"Awakened One","floor":50,"turns":15},{"damage":3,"enemies":"Shield and Spear","floor":54,"turns":7},{"damage":34,"enemies":"The Heart","floor":55,"turns":5}],"seed_played":"2267083136290504292","potions_obtained":[{"floor":2,"key":"SmokeBomb"},{"floor":13,"key":"LiquidMemories"},{"floor":18,"key":"Swift Potion"},{"floor":25,"key":"SpeedPotion"},{"floor":27,"key":"SneckoOil"},{"floor":29,"key":"BlessingOfTheForge"},{"floor":35,"key":"DuplicationPotion"},{"floor":36,"key":"FearPotion"},{"floor":42,"key":"hermit:Tonic"}],"is_trial":false,"path_per_floor":["M","M","M","?","M","E","?","?","T","R","E","R","M","?","R","B",null,"M","M","$","M","M","E","?","E","T","E","R","E","?","T","R","B",null,"M","M","$","?","?","E","R","E","T","R","M","M","M","E","R","B",null,"R","$","E","B"],"character_chosen":"HERMIT","items_purchased":["Apotheosis","hermit:DeadMansHand","hermit:Determination","hermit:GhostlyPresence","hermit:Brawl","Nunchaku"],"campfire_rested":5,"item_purchase_floors":[20,20,37,37,53,53],"current_hp_per_floor":[73,72,72,72,59,29,29,54,54,54,37,37,34,34,34,31,75,70,66,66,60,57,42,37,28,28,14,37,28,28,28,37,19,37,35,35,35,35,35,29,35,14,14,35,31,30,29,26,35,24,35,35,35,34,0,0],"gold":93,"neow_bonus":"UPGRADE_CARD","is_daily":false,"chose_seed":false,"campfire_upgraded":3,"win_rate":0.0,"timestamp":1614029086,"path_taken":["M","M","M","?","?","E","?","?","T","R","E","R","M","?","R","BOSS","M","M","$","M","M","E","?","E","T","E","R","E","?","?","R","BOSS","M","M","$","?","?","E","R","E","T","R","M","?","M","E","R","BOSS","R","$","E","BOSS"],"items_purchased_type":["Card","Card","Card","Card","Card","Relic"],"build_version":"2020-12-22","purchased_purges":1,"victory":false,"max_hp_per_floor":[75,75,75,75,75,75,75,75,75,75,75,75,75,75,75,75,75,75,75,75,75,75,75,37,37,37,37,37,37,37,37,37,37,37,37,37,37,35,35,35,35,35,35,35,35,35,35,35,35,35,35,35,35,37,37,37],"card_choices":[{"not_picked":["hermit:Manifest","hermit:Vantage"],"picked":"hermit:Misfire","floor":1},{"not_picked":["hermit:Feint","hermit:WideOpen"],"picked":"hermit:Deadeye","floor":2},{"not_picked":["hermit:HighCaliber","hermit:Spite"],"picked":"hermit:Roughhouse","floor":3},{"not_picked":["hermit:Desperado","hermit:BodyArmor"],"picked":"hermit:Ricochet","floor":5},{"not_picked":["hermit:Coalescence","hermit:Misfire"],"picked":"hermit:CursedWeapon","floor":6},{"not_picked":["hermit:Roulette","hermit:Desperado"],"picked":"hermit:Gestalt","floor":11},{"not_picked":["hermit:PistolWhip","hermit:Shortfuse","hermit:Quickdraw"],"picked":"SKIP","floor":13},{"not_picked":["hermit:Dissolve","hermit:Roughhouse"],"picked":"hermit:HeroicBravado","floor":16},{"not_picked":["hermit:FlashPowder","hermit:Gestalt"],"picked":"hermit:GoldenBullet","floor":18},{"not_picked":["hermit:Misfire","hermit:Combo"],"picked":"hermit:Dive+1","floor":19},{"not_picked":["hermit:PistolWhip","hermit:Headshot"],"picked":"hermit:TrackingShot","floor":21},{"not_picked":["hermit:FlashPowder","hermit:HighCaliber"],"picked":"hermit:EyeOfTheStorm","floor":22},{"not_picked":["hermit:Misfire","hermit:LowProfile"],"picked":"hermit:CalledShot+1","floor":25},{"not_picked":["hermit:TrackingShot","hermit:Spite"],"picked":"hermit:DeadOrAlive","floor":27},{"not_picked":["hermit:EternalForm","hermit:Glare"],"picked":"hermit:LoneWolf+1","floor":29},{"not_picked":["hermit:Roughhouse","hermit:DeadOrAlive"],"picked":"hermit:HeroicBravado","floor":33},{"not_picked":["hermit:Spite","hermit:SprayPray","hermit:Misfire"],"picked":"SKIP","floor":35},{"not_picked":["hermit:Vantage+1","hermit:LowProfile"],"picked":"hermit:Snipe+1","floor":36},{"not_picked":["hermit:BodyArmor","hermit:Feint+1","hermit:EternalForm"],"picked":"SKIP","floor":40},{"not_picked":["hermit:Dive+1","hermit:CalledShot+1"],"picked":"hermit:Desperado+1","floor":42},{"not_picked":["hermit:Snipe","hermit:Showdown+1","hermit:Headshot+1"],"picked":"SKIP","floor":45},{"not_picked":["hermit:FullyLoaded+1","hermit:Showdown+1"],"picked":"hermit:Desperado+1","floor":46},{"not_picked":["hermit:Glare","hermit:TakeCover+1"],"picked":"hermit:WideOpen+1","floor":47},{"not_picked":["hermit:Virtue+1","hermit:Manifest"],"picked":"hermit:HeroicBravado","floor":48},{"not_picked":["hermit:LowProfile","hermit:EyeOfTheStorm","hermit:BodyArmor+1"],"picked":"Singing Bowl","floor":54}],"player_experience":1268113,"relics_obtained":[{"floor":6,"key":"Vajra"},{"floor":9,"key":"Regal Pillow"},{"floor":11,"key":"Tiny Chest"},{"floor":25,"key":"Art of War"},{"floor":26,"key":"War Paint"},{"floor":27,"key":"Eternal Feather"},{"floor":29,"key":"Mummified Hand"},{"floor":31,"key":"Bag of Marbles"},{"floor":40,"key":"Molten Egg 2"},{"floor":42,"key":"StrikeDummy"},{"floor":48,"key":"Singing Bowl"},{"floor":54,"key":"Kunai"}],"event_choices":[{"damage_healed":0,"gold_gain":0,"player_choice":"Upgraded","damage_taken":0,"max_hp_gain":0,"max_hp_loss":0,"event_name":"Upgrade Shrine","floor":4,"gold_loss":0,"cards_upgraded":["hermit:Roughhouse"]},{"damage_healed":0,"gold_gain":0,"player_choice":"Left Gold","damage_taken":0,"max_hp_gain":0,"max_hp_loss":0,"event_name":"World of Goop","floor":7,"gold_loss":24},{"damage_healed":25,"gold_gain":0,"player_choice":"Banana","damage_taken":0,"max_hp_gain":0,"max_hp_loss":0,"event_name":"Big Fish","floor":8,"gold_loss":0},{"damage_healed":0,"gold_gain":0,"player_choice":"Ignored","damage_taken":0,"max_hp_gain":0,"max_hp_loss":0,"event_name":"Liars Game","floor":14,"gold_loss":0},{"damage_healed":0,"gold_gain":0,"player_choice":"Became a Ghost","damage_taken":0,"max_hp_gain":0,"max_hp_loss":38,"event_name":"Ghosts","floor":24,"gold_loss":0,"cards_obtained":["Ghostly","Ghostly","Ghostly","Ghostly","Ghostly"]},{"damage_healed":0,"gold_gain":0,"player_choice":"Obtained Relic","damage_taken":0,"relics_obtained":["Oddly Smooth Stone"],"max_hp_gain":0,"max_hp_loss":0,"event_name":"Addict","floor":30,"gold_loss":85},{"damage_healed":0,"gold_gain":0,"player_choice":"Max HP","damage_taken":0,"max_hp_gain":0,"max_hp_loss":2,"event_name":"Winding Halls","floor":38,"gold_loss":0},{"damage_healed":0,"gold_gain":0,"player_choice":"Upgraded","damage_taken":0,"max_hp_gain":0,"max_hp_loss":0,"event_name":"Upgrade Shrine","floor":39,"gold_loss":0,"cards_upgraded":["hermit:Determination"]}],"is_beta":false,"boss_relics":[{"not_picked":["SlaversCollar","Black Star"],"picked":"Fusion Hammer"},{"not_picked":["Runic Dome","Pandora\u0027s Box"],"picked":"Astrolabe"}],"items_purged_floors":[20],"is_endless":false,"potions_floor_spawned":[2,13,18,23,25,27,29,35,36,42],"killed_by":"The Heart","ascension_level":3}}