{"host":"04hmnwiiducntwm3","time":1614021549,"event":{"mods":["Aspiration","BaseMod","Downfall","Energized Spire","GifTheSpireLib","Halation","Hubris","Infinite Spire","Minty Spire (QoL Compilation)","Relic Filter","Reliquary","Replay The Spire","Shop Mod","Spikes Relics","StSLib","The Jungle"],"gold_per_floor":[110,2,15,34,52,77,87,37,37,37,37,48,106,123,123,123,123],"floor_reached":16,"language":"ENG","playtime":437,"items_purged":[],"score":104,"play_id":"b597230b-9601-4878-a382-798234a27e9f","local_time":"20210222161909","is_ascension_mode":false,"campfire_choices":[{"floor":15.0,"key":"REST"}],"circlet_count":0,"master_deck":["Strike_R","Strike_R","Strike_R","Strike_R","Strike_R","Defend_R","Defend_R","Bash","Immolate","Flex","Perfected Strike"],"relics":["Burning Blood","halation:SelfBoilingWater","Replay:WaspNest","Replay:PocketPolymizer"],"acts_visited":["Exordium"],"potions_floor_usage":[16],"damage_taken":[{"damage":10.0,"enemies":"Small Slimes","floor":1.0,"turns":3.0},{"damage":10.0,"enemies":"Cultist","floor":3.0,"turns":4.0},{"damage":11.0,"enemies":"Jaw Worm","floor":4.0,"turns":3.0},{"damage":8.0,"enemies":"Large Slime","floor":5.0,"turns":5.0},{"damage":29.0,"enemies":"Lagavulin","floor":6.0,"turns":4.0},{"damage":8.0,"enemies":"Gremlin Gang","floor":7.0,"turns":3.0},{"damage":10.0,"enemies":"Looter","floor":12.0,"turns":3.0},{"damage":15.0,"enemies":"3 Sentries","floor":13.0,"turns":3.0},{"damage":20.0,"enemies":"Exordium Thugs","floor":14.0,"turns":3.0},{"damage":47,"enemies":"The Guardian","floor":16,"turns":6}],"seed_played":"5690578062744458769","potions_obtained":[{"floor":3.0,"key":"Cursed Concoction"},{"floor":5.0,"key":"DuplicationPotion"},{"floor":7.0,"key":"Reflective Coating"},{"floor":10.0,"key":"Fire Potion"},{"floor":10.0,"key":"Swift Potion"},{"floor":13.0,"key":"hexamod:SoulburnPotion"}],"is_trial":false,"path_per_floor":["M","?","M","M","M","E","M","?","T","?","$","M","?","M","R","B"],"character_chosen":"IRONCLAD","items_purchased":[],"campfire_rested":1,"item_purchase_floors":[],"current_hp_per_floor":[84,84,80,75,73,50,48,48,48,48,48,44,35,21,47,0,0],"gold":123,"neow_bonus":"TEN_PERCENT_HP_BONUS","is_daily":false,"chose_seed":false,"campfire_upgraded":0,"win_rate":0.0,"timestamp":1614021549,"path_taken":["M","?","?","M","M","E","M","?","T","?","$","?","?","M","R","BOSS"],"items_purchased_type":[],"build_version":"2020-12-22","purchased_purges":0,"victory":false,"max_hp_per_floor":[88,88,88,88,88,88,88,88,88,88,88,88,88,88,88,88,88],"card_choices":[{"not_picked":["Clash","Shrug It Off","Clothesline"],"picked":"SKIP","floor":1.0},{"not_picked":["Clash","Shrug It Off","Clothesline"],"picked":"SKIP","floor":1.0},{"not_picked":["Body Slam","Cleave","Clash"],"picked":"SKIP","floor":3.0},{"not_picked":["ReplayTheSpireMod:Strike From Hell","Armaments","Warcry"],"picked":"SKIP","floor":4.0},{"not_picked":["hubris:ReadiedAction","Run Through"],"picked":"Immolate","floor":5.0},{"not_picked":["Abandon","Sentinel","Wild Strike"],"picked":"SKIP","floor":6.0},{"not_picked":["Battle Trance","Rage","Wild Strike"],"picked":"SKIP","floor":7.0},{"not_picked":["Replay:Undeath\u0027s Touch","Warcry","Run Through"],"picked":"SKIP","floor":12.0},{"not_picked":["ReplayTheSpireMod:Strike From Hell","Battle Trance"],"picked":"Flex","floor":13.0},{"not_picked":["Anger","Dual Wield","Iron Wave"],"picked":"SKIP","floor":14.0}],"player_experience":390012,"relics_obtained":[{"floor":9.0,"key":"Replay:WaspNest"},{"floor":13.0,"key":"Replay:PocketPolymizer"}],"event_choices":[{"damage_healed":0.0,"max_hp_gain":0.0,"max_hp_loss":0.0,"gold_gain":0.0,"event_name":"WeMeetAgain","player_choice":"Paid Gold","floor":2.0,"gold_loss":108.0,"damage_taken":0.0,"relics_obtained":["halation:SelfBoilingWater"]},{"cards_removed":["Defend_R"],"damage_healed":0.0,"max_hp_gain":0.0,"max_hp_loss":0.0,"gold_gain":0.0,"event_name":"The Cleric","player_choice":"Card Removal","floor":8.0,"gold_loss":50.0,"damage_taken":0.0},{"damage_healed":0.0,"max_hp_gain":0.0,"max_hp_loss":0.0,"gold_gain":0.0,"event_name":"Lab","player_choice":"Got Potions","floor":10.0,"gold_loss":0.0,"damage_taken":0.0},{"damage_healed":0.0,"max_hp_gain":0.0,"max_hp_loss":0.0,"gold_gain":30.0,"event_name":"Dead Adventurer","player_choice":"Searched \u00272\u0027 times","floor":13.0,"gold_loss":0.0,"damage_taken":0.0}],"is_beta":false,"boss_relics":[],"items_purged_floors":[],"is_endless":false,"potions_floor_spawned":[3,5,7,13],"killed_by":"The Guardian","ascension_level":0}}