{"host":"wmojtwekh6s3tor5","time":1614010186,"event":{"mods":["BaseMod","Colored Map","Colored Powertips","DeckTracker","Highlight Path","Minty Spire (QoL Compilation)","Quick Restart","StSLib"],"gold_per_floor":[115,126,126,77,77,77,112,194,194,194,38,54,54,79,79,181,181,200,125,145,179,179,212,212,14,14,14,25,53,53,66,66,166,166,178,178,178],"floor_reached":36,"language":"ZHS","playtime":1999,"items_purged":["Parasite","Strike_P"],"score":625,"play_id":"609cb829-fbff-4bc2-9c94-9a110d5e4ca9","local_time":"20210223000946","is_ascension_mode":true,"campfire_choices":[{"data":"Eruption","floor":6.0,"key":"SMITH"},{"data":"TalkToTheHand","floor":13.0,"key":"SMITH"},{"data":"FlyingSleeves","floor":15.0,"key":"SMITH"},{"floor":24.0,"key":"REST"},{"data":"Strike_P","floor":30.0,"key":"PURGE"},{"data":"Strike_P+1","floor":32.0,"key":"PURGE"}],"circlet_count":0,"master_deck":["Defend_P","Defend_P","Defend_P","Defend_P","Eruption+1","TalkToTheHand+1","InnerPeace","Prostrate+1","FlyingSleeves+1","CarveReality+1","BowlingBash+1","EmptyFist+1","Establishment","TalkToTheHand+1","FearNoEvil+1","TalkToTheHand+1"],"relics":["PureWater","NeowsBlessing","Du-Vu Doll","Molten Egg 2","CloakClasp","The Courier","Velvet Choker","Red Mask","Peace Pipe","MealTicket","Ancient Tea Set","Bag of Preparation","Singing Bowl","SlaversCollar"],"acts_visited":["Exordium","TheCity","TheBeyond"],"potions_floor_usage":[],"damage_taken":[{"damage":0.0,"enemies":"Jaw Worm","floor":1.0,"turns":1.0},{"damage":0.0,"enemies":"Small Slimes","floor":2.0,"turns":1.0},{"damage":0.0,"enemies":"Gremlin Nob","floor":7.0,"turns":1.0},{"damage":0.0,"enemies":"2 Louse","floor":12.0,"turns":1.0},{"damage":19.0,"enemies":"3 Sentries","floor":14.0,"turns":8.0},{"damage":0.0,"enemies":"Slime Boss","floor":16.0,"turns":4.0},{"damage":1.0,"enemies":"3 Byrds","floor":18.0,"turns":5.0},{"damage":10.0,"enemies":"Spheric Guardian","floor":20.0,"turns":3.0},{"damage":13.0,"enemies":"Masked Bandits","floor":21.0,"turns":5.0},{"damage":23.0,"enemies":"Book of Stabbing","floor":23.0,"turns":6.0},{"damage":23.0,"enemies":"Snake Plant","floor":28.0,"turns":3.0},{"damage":7.0,"enemies":"Slavers","floor":29.0,"turns":6.0},{"damage":1.0,"enemies":"Centurion and Healer","floor":31.0,"turns":3.0},{"damage":10.0,"enemies":"Collector","floor":33.0,"turns":8.0},{"damage":24.0,"enemies":"3 Darklings","floor":35.0,"turns":8.0},{"damage":50,"enemies":"2 Orb Walkers","floor":36,"turns":6}],"seed_played":"7576133575635944625","potions_obtained":[{"floor":2.0,"key":"Energy Potion"},{"floor":7.0,"key":"EssenceOfSteel"},{"floor":14.0,"key":"Fruit Juice"},{"floor":16.0,"key":"Regen Potion"},{"floor":28.0,"key":"Dexterity Potion"},{"floor":29.0,"key":"Block Potion"}],"is_trial":false,"path_per_floor":["M","M","?","$","?","R","E","T","T","?","$","M","R","E","R","B",null,"M","?","M","?","?","E","R","$","T","?","M","E","R","M","R","B",null,"M","?"],"character_chosen":"WATCHER","items_purchased":["Prostrate","CarveReality+1","MealTicket"],"campfire_rested":1,"item_purchase_floors":[4,11,25],"current_hp_per_floor":[65,65,58,58,44,44,44,44,44,62,62,62,62,48,48,48,68,67,67,57,44,68,45,67,67,67,67,44,51,51,52,52,44,71,49,0,0],"gold":178,"neow_bonus":"THREE_ENEMY_KILL","is_daily":false,"chose_seed":false,"campfire_upgraded":3,"win_rate":0.0,"timestamp":1614010186,"path_taken":["M","M","?","$","?","R","E","?","T","?","$","M","R","E","R","BOSS","M","?","M","?","?","E","R","$","T","?","M","E","R","?","R","BOSS","M","?"],"items_purchased_type":["Card","Card","Relic"],"build_version":"2020-12-22","purchased_purges":2,"victory":false,"max_hp_per_floor":[72,72,72,72,72,72,72,72,72,72,69,69,69,74,74,74,74,74,74,74,74,74,74,74,74,74,74,74,76,76,78,78,80,80,82,82,82],"card_choices":[{"not_picked":["SashWhip","Protect"],"picked":"TalkToTheHand","floor":1.0},{"not_picked":["FlurryOfBlows","Pray"],"picked":"InnerPeace","floor":2.0},{"not_picked":["Establishment","MentalFortress"],"picked":"FlyingSleeves","floor":7.0},{"not_picked":["InnerPeace","FollowUp+1"],"picked":"BowlingBash+1","floor":12.0},{"not_picked":["Meditate","CarveReality+1"],"picked":"EmptyFist+1","floor":14.0},{"not_picked":["LessonLearned+1","DevaForm"],"picked":"Establishment","floor":16.0},{"not_picked":["Swivel","Prostrate","Protect"],"picked":"SKIP","floor":18.0},{"not_picked":["SignatureMove+1","ClearTheMind+1","EmptyFist+1"],"picked":"SKIP","floor":20.0},{"not_picked":["JustLucky+1","Worship"],"picked":"TalkToTheHand+1","floor":21.0},{"not_picked":["BattleHymn","Crescendo"],"picked":"FearNoEvil+1","floor":23.0},{"not_picked":["Consecrate+1","Protect+1"],"picked":"TalkToTheHand+1","floor":28.0},{"not_picked":["WaveOfTheHand","ForeignInfluence","FlurryOfBlows+1"],"picked":"Singing Bowl","floor":29.0},{"not_picked":["CrushJoints+1","Crescendo","Consecrate+1"],"picked":"Singing Bowl","floor":31.0},{"not_picked":["Ragnarok+1","Establishment","DevaForm"],"picked":"Singing Bowl","floor":33.0},{"not_picked":["Meditate+1","WreathOfFlame","JustLucky+1"],"picked":"Singing Bowl","floor":35.0}],"player_experience":692093,"relics_obtained":[{"floor":7.0,"key":"Du-Vu Doll"},{"floor":8.0,"key":"Molten Egg 2"},{"floor":9.0,"key":"CloakClasp"},{"floor":14.0,"key":"The Courier"},{"floor":21.0,"key":"Red Mask"},{"floor":23.0,"key":"Peace Pipe"},{"floor":26.0,"key":"Ancient Tea Set"},{"floor":29.0,"key":"Singing Bowl"}],"event_choices":[{"cards_removed":["Vigilance"],"damage_healed":0.0,"max_hp_gain":0.0,"max_hp_loss":0.0,"gold_gain":0.0,"event_name":"Golden Wing","player_choice":"Card Removal","floor":3.0,"gold_loss":0.0,"damage_taken":7.0},{"damage_healed":0.0,"max_hp_gain":0.0,"max_hp_loss":0.0,"gold_gain":0.0,"event_name":"Shining Light","player_choice":"Entered Light","floor":5.0,"gold_loss":0.0,"damage_taken":14.0,"cards_upgraded":["Prostrate","Strike_P"]},{"damage_healed":18.0,"max_hp_gain":0.0,"max_hp_loss":0.0,"gold_gain":0.0,"event_name":"Mushrooms","player_choice":"Healed and dodged fight","floor":10.0,"gold_loss":0.0,"damage_taken":0.0,"cards_obtained":["Parasite"]},{"cards_removed":["Strike_P"],"damage_healed":0.0,"max_hp_gain":0.0,"max_hp_loss":0.0,"gold_gain":0.0,"event_name":"Beggar","player_choice":"Gave Gold","floor":19.0,"gold_loss":75.0,"damage_taken":0.0},{"damage_healed":0.0,"max_hp_gain":0.0,"max_hp_loss":0.0,"gold_gain":0.0,"event_name":"Masked Bandits","player_choice":"Fought Bandits","floor":21.0,"gold_loss":0.0,"damage_taken":0.0},{"damage_healed":24.0,"max_hp_gain":0.0,"max_hp_loss":0.0,"gold_gain":0.0,"event_name":"The Library","player_choice":"Heal","floor":22.0,"gold_loss":0.0,"damage_taken":0.0},{"damage_healed":0.0,"max_hp_gain":0.0,"max_hp_loss":0.0,"gold_gain":0.0,"event_name":"The Mausoleum","player_choice":"Opened","floor":27.0,"gold_loss":0.0,"damage_taken":0.0,"relics_obtained":["Bag of Preparation"]},{"damage_healed":0,"gold_gain":0,"player_choice":"Fight","damage_taken":0,"max_hp_gain":0,"max_hp_loss":0,"event_name":"Mysterious Sphere","floor":36,"gold_loss":0}],"is_beta":false,"boss_relics":[{"not_picked":["Coffee Dripper","Cursed Key"],"picked":"Velvet Choker"},{"not_picked":["Runic Dome","Philosopher\u0027s Stone"],"picked":"SlaversCollar"}],"items_purged_floors":[11,25],"is_endless":false,"potions_floor_spawned":[2,7,14,16,18,28,29],"killed_by":"2 Orb Walkers","ascension_level":6}}