{"host":"r4aerl4ckfvw1dw3","time":1614012591,"event":{"mods":["BaseMod","BetterRewards","Minty Spire (QoL Compilation)","Quick Restart","StSLib"],"gold_per_floor":[116,132,144,144,17,51,51,65,65,65,82,114,44,97,97,195,195,211,228,228,228],"floor_reached":20,"language":"ENG","playtime":1101,"items_purged":["Strike_B"],"score":239,"play_id":"322e1ab6-e357-4d09-aa0f-4d5805d23802","local_time":"20210222084951","is_ascension_mode":true,"campfire_choices":[{"data":"Sweeping Beam","floor":7,"key":"SMITH"},{"floor":15,"key":"REST"}],"circlet_count":0,"master_deck":["Strike_B","Strike_B","Strike_B","Defend_B","Defend_B","Defend_B","Defend_B","Zap","Dualcast","Core Surge","Cold Snap","Machine Learning","Cold Snap","Sweeping Beam+1","Conserve Battery","Gash","Hologram","Doom and Gloom","Creative AI","Compile Driver","Ball Lightning"],"relics":["Cracked Core","Pantograph","Letter Opener","Eternal Feather","SlaversCollar"],"acts_visited":["Exordium","TheCity"],"potions_floor_usage":[6,8,12,19],"damage_taken":[{"damage":0,"enemies":"Small Slimes","floor":1,"turns":2},{"damage":1,"enemies":"Cultist","floor":2,"turns":4},{"damage":0,"enemies":"2 Louse","floor":3,"turns":3},{"damage":27,"enemies":"Lagavulin","floor":6,"turns":6},{"damage":13,"enemies":"Large Slime","floor":8,"turns":3},{"damage":8,"enemies":"Exordium Thugs","floor":11,"turns":4},{"damage":4,"enemies":"3 Sentries","floor":12,"turns":7},{"damage":73,"enemies":"Hexaghost","floor":16,"turns":12},{"damage":17,"enemies":"3 Byrds","floor":18,"turns":6},{"damage":32,"enemies":"Spheric Guardian","floor":19,"turns":6},{"damage":16,"enemies":"Chosen and Byrds","floor":20,"turns":4}],"seed_played":"-8015990269042244199","potions_obtained":[{"floor":4,"key":"SmokeBomb"},{"floor":4,"key":"LiquidMemories"},{"floor":4,"key":"FairyPotion"},{"floor":6,"key":"PowerPotion"},{"floor":11,"key":"SpeedPotion"},{"floor":12,"key":"SpeedPotion"},{"floor":16,"key":"AttackPotion"}],"is_trial":false,"path_per_floor":["M","M","M","?","$","E","R","M","T","$","M","E","$","?","R","B",null,"M","M","M"],"character_chosen":"DEFECT","items_purchased":["Cold Snap","Doom and Gloom"],"campfire_rested":1,"item_purchase_floors":[5,13],"current_hp_per_floor":[68,67,67,67,67,40,40,27,27,27,19,15,15,15,46,22,62,45,13,0,0],"gold":228,"neow_bonus":"ONE_RANDOM_RARE_CARD","is_daily":false,"chose_seed":false,"campfire_upgraded":1,"win_rate":0.0,"timestamp":1614012591,"path_taken":["M","M","M","?","$","E","R","M","T","?","M","E","$","?","R","BOSS","M","M","M"],"items_purchased_type":["Card","Card"],"build_version":"2020-12-22","purchased_purges":1,"victory":false,"max_hp_per_floor":[75,75,75,75,75,75,75,75,75,75,75,75,75,75,75,75,75,75,75,75,75],"card_choices":[{"not_picked":["Steam","Turbo","Leap"],"picked":"SKIP","floor":1},{"not_picked":["Glacier","Stack"],"picked":"Cold Snap","floor":2},{"not_picked":["Beam Cell","Redo"],"picked":"Machine Learning","floor":3},{"not_picked":["Storm","Scrape"],"picked":"Sweeping Beam","floor":6},{"not_picked":["Steam","Compile Driver"],"picked":"Conserve Battery","floor":8},{"not_picked":["Glacier","Lockon"],"picked":"Gash","floor":11},{"not_picked":["Streamline","Conserve Battery"],"picked":"Hologram","floor":12},{"not_picked":["Buffer","Machine Learning"],"picked":"Creative AI","floor":16},{"not_picked":["Gash","Streamline"],"picked":"Compile Driver","floor":18},{"not_picked":["Fusion+1","Steam"],"picked":"Ball Lightning","floor":19}],"player_experience":659800,"relics_obtained":[{"floor":6,"key":"Pantograph"},{"floor":9,"key":"Letter Opener"},{"floor":12,"key":"Eternal Feather"}],"event_choices":[{"damage_healed":0,"gold_gain":0,"player_choice":"Got Potions","damage_taken":0,"max_hp_gain":0,"max_hp_loss":0,"event_name":"Lab","floor":4,"gold_loss":0},{"damage_healed":0,"gold_gain":53,"player_choice":"Gained Gold","damage_taken":0,"max_hp_gain":0,"max_hp_loss":0,"event_name":"Golden Wing","floor":14,"gold_loss":0}],"is_beta":false,"boss_relics":[{"not_picked":["Calling Bell","Pandora\u0027s Box"],"picked":"SlaversCollar"}],"items_purged_floors":[5],"is_endless":false,"potions_floor_spawned":[6,11,12,16],"killed_by":"Chosen and Byrds","ascension_level":6}}