{"host":"k653q14gphaoox56","time":1614019987,"event":{"mods":["BaseMod","Colored Map","Conspire","DeckTracker","Hubris","Infinite Spire","Minty Spire (QoL Compilation)","Replay The Spire","StSLib"],"gold_per_floor":[118,134,134,151,76,76,96,51,51,51,70,70,16,35,35,137,137,150,164,175,175,3,3,3],"floor_reached":23,"language":"ENG","playtime":1186,"items_purged":["Defend_R","Defend_R"],"score":208,"play_id":"e739d2aa-1b39-48ef-bcea-eb9cfa6cfd01","local_time":"20210222135307","is_ascension_mode":false,"campfire_choices":[{"data":"Heavy Blade","floor":6,"key":"SMITH"},{"floor":15,"key":"DIG"}],"circlet_count":0,"master_deck":["Strike_R","Strike_R","Strike_R","Strike_R","Strike_R","Bash","Flex","Flex","Heavy Blade+1","Warcry","Flex","Inflame","Flex","Rampage","Warcry+1","Twin Strike","Rampage"],"relics":["Burning Blood","Garlic","Dream Catcher","hubris:TerracottaHorce"],"acts_visited":["Exordium","TheCity"],"potions_floor_usage":[14,14,16,20,23],"damage_taken":[{"damage":11,"enemies":"Jaw Worm","floor":1,"turns":2},{"damage":0,"enemies":"Cultist","floor":2,"turns":2},{"damage":7,"enemies":"conspire:RoseBush","floor":4,"turns":2},{"damage":16,"enemies":"Lots of Slimes","floor":7,"turns":6},{"damage":2,"enemies":"Looter","floor":11,"turns":2},{"damage":11,"enemies":"Exordium Thugs","floor":14,"turns":4},{"damage":19,"enemies":"Fading Forest","floor":16,"turns":11},{"damage":36,"enemies":"conspire:FuzzyDice","floor":18,"turns":5},{"damage":6,"enemies":"Chosen","floor":19,"turns":3},{"damage":33,"enemies":"3 Cultists","floor":20,"turns":5},{"damage":42,"enemies":"Gremlin Leader","floor":23,"turns":4}],"seed_played":"-6928866863637246127","potions_obtained":[{"floor":1,"key":"SpeedPotion"},{"floor":7,"key":"Weak Potion"},{"floor":12,"key":"SkillPotion"},{"floor":12,"key":"Reflective Coating"},{"floor":16,"key":"Dexterity Potion"},{"floor":20,"key":"FearPotion"}],"is_trial":false,"path_per_floor":["M","M","?","M","$","R","M","$","T","$","M","?","$","M","R_BF","B",null,"M","M","M","?","$","E"],"character_chosen":"IRONCLAD","items_purchased":["Flex","Flex","Rampage"],"campfire_rested":0,"item_purchase_floors":[8,13,22],"current_hp_per_floor":[51,57,49,48,48,48,38,38,38,38,42,42,42,37,37,46,72,42,42,15,41,41,0,0],"gold":3,"neow_bonus":"REMOVE_TWO","is_daily":false,"chose_seed":false,"campfire_upgraded":1,"win_rate":0.0,"timestamp":1614019987,"path_taken":["M","M","?","M","$","R","M","$","T","?","M","?","$","M","R_BF","BOSS","M","M","?","?","$","E"],"items_purchased_type":["Card","Card","Card"],"build_version":"2020-12-22","purchased_purges":2,"victory":false,"max_hp_per_floor":[80,80,80,80,80,80,80,80,80,80,80,80,80,80,80,80,80,80,80,80,80,80,80,80],"card_choices":[{"not_picked":["Run Through","True Grit"],"picked":"Flex","floor":1},{"not_picked":["Replay:Undeath\u0027s Touch","Armaments"],"picked":"Flex","floor":2},{"not_picked":["Combust","Clothesline"],"picked":"Heavy Blade","floor":4},{"not_picked":["Power Through","ReplayTheSpireMod:Strike From Hell"],"picked":"Warcry","floor":7},{"not_picked":["Carnage","Juggernaut"],"picked":"Inflame","floor":11},{"not_picked":["Entrench","Thunderclap"],"picked":"Rampage","floor":14},{"not_picked":["Clothesline","True Grit"],"picked":"Warcry+1","floor":18},{"not_picked":["Burning Pact","Clothesline"],"picked":"Twin Strike","floor":19},{"not_picked":["Havoc","Shrug It Off","Combust"],"picked":"SKIP","floor":20}],"player_experience":147569,"relics_obtained":[{"floor":9,"key":"Garlic"},{"floor":15,"key":"Dream Catcher"}],"event_choices":[{"damage_healed":0,"gold_gain":0,"player_choice":"Damaged","damage_taken":8,"max_hp_gain":0,"max_hp_loss":0,"event_name":"Wheel of Change","floor":3,"gold_loss":0},{"damage_healed":0,"gold_gain":0,"player_choice":"Got Potions","damage_taken":0,"max_hp_gain":0,"max_hp_loss":0,"event_name":"Lab","floor":12,"gold_loss":0},{"damage_healed":26,"gold_gain":0,"player_choice":"Heal","damage_taken":0,"max_hp_gain":0,"max_hp_loss":0,"event_name":"The Library","floor":21,"gold_loss":0}],"is_beta":false,"boss_relics":[{"not_picked":["Coffee Dripper","conspire:SeveredTorchhead"],"picked":"hubris:TerracottaHorce"}],"items_purged_floors":[5,22],"is_endless":false,"potions_floor_spawned":[1,7,16,20],"killed_by":"Gremlin Leader","ascension_level":0}}