{"host":"h7dgy2mp13cbhzus","time":1614007397,"event":{"mods":["Act Like it!","BaseMod","GifTheSpireLib","Minty Spire (QoL Compilation)","Relic Stats","StSLib"],"gold_per_floor":[114,114,127,138,156,187,187,187,187],"floor_reached":8,"language":"ENG","playtime":278,"items_purged":[],"score":107,"play_id":"ca7a6ab1-5e69-4bc9-b116-09c484f0268a","local_time":"20210222092317","is_ascension_mode":true,"campfire_choices":[],"circlet_count":0,"master_deck":["AscendersBane","Strike_R","Strike_R","Strike_R+1","Strike_R+1","Strike_R","Defend_R","Defend_R","Defend_R","Defend_R","Bash","Disarm","Shrug It Off","Evolve","Clothesline","Rage"],"relics":["Sozu","Whetstone"],"acts_visited":["Exordium"],"potions_floor_usage":[],"damage_taken":[{"damage":1,"enemies":"2 Louse","floor":1,"turns":2},{"damage":0,"enemies":"Cultist","floor":3,"turns":3},{"damage":5,"enemies":"Jaw Worm","floor":4,"turns":4},{"damage":6,"enemies":"Blue Slaver","floor":5,"turns":4},{"damage":20,"enemies":"Lagavulin","floor":6,"turns":9},{"damage":42,"enemies":"Gremlin Nob","floor":8,"turns":4}],"seed_played":"-4760100978842784559","potions_obtained":[],"is_trial":false,"path_per_floor":["M","?","M","M","M","E","?","E"],"character_chosen":"IRONCLAD","items_purchased":[],"campfire_rested":0,"item_purchase_floors":[],"current_hp_per_floor":[67,67,67,62,56,36,36,0,0],"gold":187,"neow_bonus":"BOSS_RELIC","is_daily":false,"chose_seed":false,"campfire_upgraded":0,"win_rate":0.0,"timestamp":1614007397,"path_taken":["M","?","M","?","M","E","?","E"],"items_purchased_type":[],"build_version":"2020-12-22","purchased_purges":0,"victory":false,"max_hp_per_floor":[75,75,75,75,75,75,75,75,75],"relic_stats":{"Sozu":4,"counters":[6,26],"Whetstone":["Strike_R","Strike_R"],"obtain_stats":[{"Sozu":0,"Whetstone":6,"Burning Blood":0},{"Sozu":0,"Whetstone":5,"Burning Blood":0},{"Sozu":0,"Whetstone":22,"Burning Blood":0}]},"card_choices":[{"not_picked":["Second Wind","Intimidate"],"picked":"Disarm","floor":1},{"not_picked":["Wild Strike","Armaments"],"picked":"Shrug It Off","floor":3},{"not_picked":["Armaments","Shrug It Off"],"picked":"Evolve","floor":4},{"not_picked":["Armaments","Evolve"],"picked":"Clothesline","floor":5},{"not_picked":["Armaments","Warcry"],"picked":"Rage","floor":6}],"player_experience":615348,"relics_obtained":[{"floor":6,"key":"Whetstone"}],"event_choices":[{"damage_healed":0,"gold_gain":0,"player_choice":"Got Potions","damage_taken":0,"max_hp_gain":0,"max_hp_loss":0,"event_name":"Lab","floor":2,"gold_loss":0},{"damage_healed":0,"gold_gain":0,"player_choice":"Ignored","damage_taken":0,"max_hp_gain":0,"max_hp_loss":0,"event_name":"Liars Game","floor":7,"gold_loss":0}],"is_beta":false,"boss_relics":[],"items_purged_floors":[],"is_endless":false,"potions_floor_spawned":[1,4],"killed_by":"Gremlin Nob","ascension_level":17}}