{"host":"21daswlctsv3qaxk","time":1614032792,"event":{"mods":["Act Like it!","BaseMod","Downfall","Hallownest","Hermit","Infinite Spire","Minty Spire (QoL Compilation)","Replay The Spire","StSLib","The Animator","The Bug Knight","The Cursed","The Jungle","The Servant 0.9.4"],"gold_per_floor":[13,13,13,13,13,42,42,73,73,73,104,120,130,142,142,244,244,261,261,106,106,106,134,134,134,203,58,73,73,73,91,91,91,91],"floor_reached":33,"language":"ENG","playtime":2141,"items_purged":["Regret"],"score":372,"play_id":"1a05f455-b7ff-44f3-b106-71d0f6ce3f3a","local_time":"20210222232632","is_ascension_mode":true,"campfire_choices":[{"floor":10,"key":"REST"},{"floor":15,"key":"REST"},{"floor":24,"key":"RECALL"},{"floor":32,"key":"REST"}],"circlet_count":0,"master_deck":["Strike_B","Strike_B","Strike_B","Defend_B","Defend_B","Defend_B","Defend_B","Zap","Dualcast","Streamline","ReplayTheSpireMod:??????????????????????+1","Conserve Battery","Rainbow","Loop","Reboot","ReplayTheSpireMod:Omega Cannon","Tempest","BasicCrystalCard+1","Self Repair","Biased Cognition","ReplayTheSpireMod:Calculation Training"],"relics":["Cracked Core","ReplayTheSpireMod:Lightbulb","Prayer Wheel","Centennial Puzzle","Geode","Question Card","BranchBurnRelic","Nuclear Battery","BargainBundle","Regal Pillow","Nunchaku","Replay:Bottled Flurry","Anchor","Replay:Bottled Snecko"],"acts_visited":["Exordium","Exordium"],"potions_floor_usage":[11,23,23,25,31,33],"damage_taken":[{"damage":1,"enemies":"Jaw Worm","floor":1,"turns":3},{"damage":19,"enemies":"HollowMod:MossKnight","floor":6,"turns":6},{"damage":20,"enemies":"Lagavulin","floor":8,"turns":6},{"damage":0,"enemies":"Gremlin Nob","floor":11,"turns":2},{"damage":1,"enemies":"Small Slimes","floor":12,"turns":2},{"damage":0,"enemies":"2 Louse","floor":13,"turns":2},{"damage":13,"enemies":"Looter","floor":14,"turns":2},{"damage":3,"enemies":"Slime Boss","floor":16,"turns":6},{"damage":0,"enemies":"Shell Parasite","floor":18,"turns":1},{"damage":22,"enemies":"theJungle:MamaSnecko","floor":23,"turns":7},{"damage":63,"enemies":"JungleHuntersEvent","floor":25,"turns":7},{"damage":5,"enemies":"theJungle:Flameango_and_Byrd","floor":28,"turns":3},{"damage":18,"enemies":"Snake Plant","floor":31,"turns":3},{"damage":65,"enemies":"theJungle:FunGuy","floor":33,"turns":10}],"seed_played":"893521186332180418","potions_obtained":[{"floor":1,"key":"Adrenaline Potion"},{"floor":12,"key":"Dexterity Potion"},{"floor":14,"key":"DistilledChaos"},{"floor":16,"key":"Block Potion"},{"floor":23,"key":"PotionOfCapacity"},{"floor":28,"key":"PowerPotion"}],"is_trial":false,"path_per_floor":["M","?","?","?","$","E","?","E","T","R","E","M","M","M","R","B",null,"M","?","$","AVR","?","E","R","?","T","$","M","T","$","M","R","B"],"character_chosen":"DEFECT","items_purchased":["Self Repair","Anchor"],"campfire_rested":3,"item_purchase_floors":[20,27],"current_hp_per_floor":[74,57,57,57,57,38,38,18,18,40,40,39,39,26,48,60,75,75,75,75,75,75,60,60,19,19,19,21,21,21,10,47,0,0],"gold":91,"neow_bonus":"ONE_RARE_RELIC","is_daily":false,"chose_seed":false,"campfire_upgraded":0,"win_rate":0.0,"timestamp":1614032792,"path_taken":["M","?","?","?","?","E","?","E","T","R","E","M","?","M","R","BOSS","M","?","?","AVR","?","E","R","?","T","$","?","?","?","M","R","BOSS"],"items_purchased_type":["Card","Relic"],"build_version":"2020-12-22","purchased_purges":1,"victory":false,"max_hp_per_floor":[75,75,75,75,75,75,75,75,75,75,75,75,75,75,75,75,75,75,75,75,75,75,75,75,75,75,75,75,75,75,75,75,75,75],"card_choices":[{"not_picked":["Go for the Eyes","Gash"],"picked":"Streamline","floor":1},{"not_picked":["ReplayTheSpireMod:Echoes of Time","infinitespire:UltimateForm"],"picked":"ReplayTheSpireMod:??????????????????????","floor":2},{"not_picked":["Coolheaded","Stack"],"picked":"Conserve Battery","floor":6},{"not_picked":["Hologram","Coolheaded"],"picked":"Rainbow","floor":8},{"not_picked":["Panic Button","Streamline"],"picked":"Loop","floor":11},{"not_picked":["Time Bomb","Coolheaded","Steam"],"picked":"Reboot","floor":12},{"not_picked":["Rip and Tear","BasicCrystalCard","Beam Cell","Blizzard"],"picked":"SKIP","floor":12},{"not_picked":["Streamline","Panic Button","Sweeping Beam","Chill"],"picked":"SKIP","floor":13},{"not_picked":["Auto Shields","Time Bomb","ReplayTheSpireMod:Reroute Power","Conserve Battery"],"picked":"SKIP","floor":13},{"not_picked":["ReplaySolidLightProjector","Beam Cell","BasicCrystalCard"],"picked":"ReplayTheSpireMod:Omega Cannon","floor":14},{"not_picked":["Aggregate","Coolheaded","White Noise"],"picked":"Tempest","floor":14},{"not_picked":["Redo","ReplaySort","Coolheaded"],"picked":"BasicCrystalCard+1","floor":18},{"not_picked":["Gash","Rebound+1","ReplayTheSpireMod:Repulse+1","Compile Driver"],"picked":"SKIP","floor":18},{"not_picked":["All For One","Leap","Rebound","Fusion+1"],"picked":"SKIP","floor":23},{"not_picked":["Steam Power+1","Heatsinks","Go for the Eyes"],"picked":"Biased Cognition","floor":28},{"not_picked":["Auto Shields","Barrage+1","Gash"],"picked":"ReplayTheSpireMod:Calculation Training","floor":28},{"not_picked":["Beam Cell","Ball Lightning","ReplayTheSpireMod:System Scan","Melter"],"picked":"SKIP","floor":31},{"not_picked":["White Noise","Gash","FTL","Force Field"],"picked":"SKIP","floor":31}],"player_experience":238506,"relics_obtained":[{"floor":6,"key":"Centennial Puzzle"},{"floor":8,"key":"Geode"},{"floor":11,"key":"Question Card"},{"floor":23,"key":"Regal Pillow"},{"floor":25,"key":"Nunchaku"},{"floor":26,"key":"Replay:Bottled Flurry"},{"floor":29,"key":"Replay:Bottled Snecko"}],"event_choices":[{"damage_healed":0,"gold_gain":0,"player_choice":"Box","damage_taken":0,"relics_obtained":["ReplayTheSpireMod:Lightbulb"],"max_hp_gain":0,"max_hp_loss":0,"event_name":"Big Fish","floor":3,"gold_loss":0,"cards_obtained":["Regret"]},{"damage_healed":0,"gold_gain":0,"player_choice":"Grow","damage_taken":0,"max_hp_gain":0,"max_hp_loss":0,"event_name":"Living Wall","floor":7,"gold_loss":0,"cards_upgraded":["ReplayTheSpireMod:??????????????????????"]}],"is_beta":false,"boss_relics":[{"not_picked":["Replay:Grab Bag","Replay:Fungal Core"],"picked":"Nuclear Battery"}],"items_purged_floors":[20],"is_endless":false,"potions_floor_spawned":[1,12,14,16,23,28],"killed_by":"theJungle:FunGuy","ascension_level":1}}