{"host":"yq9izw6r1wt570l5","time":1614034098,"event":{"mods":["AchievementEnabler","BaseMod","BetterRewards","Colored Powertips","Downfall","Hermit","Infinite Spire","Jorbs\u0027s Wanderer Trilogy","Minty Spire (QoL Compilation)","Replay The Spire","StSLib","The Bladedancer","The Cursed","The Runesmith"],"gold_per_floor":[118,118,118,137,137,166,166,191,191,191,208,208,243,309,309,409,409,419,419,430,448,467,493,493,506,506,548,610,686,698,745,757,865,877,906,1018,1080,1080],"floor_reached":37,"language":"ENG","playtime":3181,"items_purged":["Voices","Strike_G"],"score":469,"play_id":"4aaa700c-28e9-4740-a043-d2eb77eefced","local_time":"20210222194818","is_ascension_mode":true,"campfire_choices":[{"floor":7,"key":"REST"},{"floor":10,"key":"REST"},{"data":"Tools of the Trade","floor":12,"key":"SMITH"},{"data":"Terror","floor":15,"key":"SMITH"},{"floor":24,"key":"REST"},{"floor":30,"key":"REST"},{"floor":32,"key":"RECALL"}],"circlet_count":0,"master_deck":["Strike_G","Strike_G","Strike_G","Strike_G","Defend_G","Defend_G","Defend_G","Defend_G","Survivor","Neutralize","ReplayTheSpireMod:Scrap Shanks","Tools of the Trade+1","Terror+1","Deflect","Choke","After Image","Outmaneuver","infinitespire:UltimateForm","Finisher","Flying Knee","Fluid Movement","Fluid Movement","ReplayTheSpireMod:Speed Training","PiercingWail+1","Unload","Outmaneuver+1","infinitespire:NeuralNetwork","infinitespire:FutureSight"],"relics":["Pocketwatch","Sizzling Blood","Runesmith:Locket","SsserpentHead","Matryoshka","Toy Ornithopter","infinitespire:Eraser","Eternal Feather","Chameleon Ring","Painkiller Herb","infinitespire:Satchel","ChewingGum","infinitespire:PuzzleCube","MawBank","Bag of Marbles","Orichalcum","SacredBark","Bag of Preparation","Replay:Wanted Poster"],"acts_visited":["Exordium","TheCity","TheBeyond"],"potions_floor_usage":[16,31,33,37,37],"damage_taken":[{"damage":0,"enemies":"Small Slimes","floor":1,"turns":3},{"damage":0,"enemies":"Jaw Worm","floor":4,"turns":4},{"damage":43,"enemies":"Gremlin Nob","floor":6,"turns":6},{"damage":37,"enemies":"Lagavulin","floor":8,"turns":8},{"damage":4,"enemies":"2 Louse","floor":11,"turns":4},{"damage":22,"enemies":"Replay:BlueRogue","floor":13,"turns":7},{"damage":17,"enemies":"Exordium Thugs","floor":14,"turns":6},{"damage":37,"enemies":"The Guardian","floor":16,"turns":9},{"damage":11,"enemies":"Shell Parasite","floor":18,"turns":6},{"damage":15,"enemies":"Spheric Guardian","floor":20,"turns":5},{"damage":13,"enemies":"Centurion and Healer","floor":21,"turns":8},{"damage":37,"enemies":"Shelled Parasite and Fungi","floor":22,"turns":5},{"damage":12,"enemies":"Book of Stabbing","floor":23,"turns":6},{"damage":24,"enemies":"3 Cultists","floor":25,"turns":5},{"damage":13,"enemies":"Gremlin Leader","floor":27,"turns":5},{"damage":4,"enemies":"Snecko","floor":29,"turns":6},{"damage":13,"enemies":"Book of Stabbing","floor":31,"turns":5},{"damage":41,"enemies":"Collector","floor":33,"turns":11},{"damage":6,"enemies":"Orb Walker","floor":35,"turns":3},{"damage":38,"enemies":"infinitespire:Three Voidlings","floor":37,"turns":5},{"damage":126,"enemies":"Nightmare_Alpha","floor":37,"turns":7}],"seed_played":"4177175392085605623","potions_obtained":[{"floor":11,"key":"FairyPotion"},{"floor":14,"key":"FearPotion"},{"floor":16,"key":"hexamod:SoulburnPotion"},{"floor":23,"key":"Fire Potion"},{"floor":27,"key":"Reflective Coating"},{"floor":31,"key":"Strength Potion"},{"floor":35,"key":"Reflective Coating"}],"is_trial":false,"path_per_floor":["M","?","?","M","?","E","R","E","T","R","M","R","E","M","R","B",null,"?","AVR","?","?","?","E","T","?","T","E","?","?","T","E","T","B",null,"?","AVR","?"],"character_chosen":"THE_SILENT","items_purchased":[],"campfire_rested":4,"item_purchase_floors":[],"current_hp_per_floor":[70,74,62,66,66,27,49,16,16,47,47,56,38,25,34,6,74,67,67,56,47,14,6,40,20,20,11,11,11,45,41,56,24,74,72,72,0,0],"gold":1080,"neow_bonus":"ONE_RARE_RELIC","is_daily":false,"chose_seed":false,"campfire_upgraded":2,"win_rate":0.0,"timestamp":1614034098,"path_taken":["M","?","?","M","?","E","R","E","T","R","M","R","E","?","R","BOSS","?","AVR","?","?","?","E","T","?","T","E","?","?","T","E","T","BOSS","?","AVR","?"],"items_purchased_type":[],"build_version":"2020-12-22","purchased_purges":2,"victory":false,"max_hp_per_floor":[70,74,74,74,74,74,74,74,74,74,74,74,74,74,74,74,74,74,74,74,74,74,74,74,74,74,74,74,74,74,74,74,74,74,74,74,74,74],"card_choices":[{"not_picked":["Sucker Punch","Prepared","Deflect"],"picked":"SKIP","floor":1},{"not_picked":["Outmaneuver","Dagger Spray"],"picked":"ReplayTheSpireMod:Scrap Shanks","floor":4},{"not_picked":["Heel Hook","Calculated Gamble"],"picked":"Tools of the Trade","floor":6},{"not_picked":["Caltrops","Choke"],"picked":"Terror","floor":8},{"not_picked":["Bane","Dagger Throw"],"picked":"Deflect","floor":11},{"not_picked":["Backflip","Expertise","Quick Slash"],"picked":"SKIP","floor":13},{"not_picked":["Dagger Spray","PiercingWail"],"picked":"Choke","floor":14},{"not_picked":["A Thousand Cuts","Wraith Form v2"],"picked":"After Image","floor":16},{"not_picked":["Poisoned Stab","Dodge and Roll"],"picked":"Outmaneuver","floor":18},{"not_picked":["Bane+1","Dagger Spray"],"picked":"Finisher","floor":20},{"not_picked":["Bane","Slice"],"picked":"Flying Knee","floor":21},{"not_picked":["Catalyst+1","Poisoned Stab","Doppelganger"],"picked":"SKIP","floor":22},{"not_picked":["Sucker Punch","Flying Knee"],"picked":"Fluid Movement","floor":23},{"not_picked":["Skewer","Flying Knee"],"picked":"Fluid Movement","floor":25},{"not_picked":["Doppelganger","Hidden Blade+1"],"picked":"ReplayTheSpireMod:Speed Training","floor":27},{"not_picked":["Dagger Spray+1","All Out Attack","Backflip"],"picked":"SKIP","floor":29},{"not_picked":["Slice","Hidden Blade"],"picked":"PiercingWail+1","floor":31},{"not_picked":["infinitespire:Neurotoxin","Glass Knife"],"picked":"Unload","floor":33},{"not_picked":["Underhanded Strike","Blur"],"picked":"Outmaneuver+1","floor":35}],"player_experience":75858,"relics_obtained":[{"floor":6,"key":"Matryoshka"},{"floor":8,"key":"Toy Ornithopter"},{"floor":9,"key":"infinitespire:Eraser"},{"floor":9,"key":"Eternal Feather"},{"floor":13,"key":"Chameleon Ring"},{"floor":23,"key":"infinitespire:PuzzleCube"},{"floor":26,"key":"MawBank"},{"floor":27,"key":"Bag of Marbles"},{"floor":31,"key":"Orichalcum"}],"event_choices":[{"damage_healed":0,"gold_gain":0,"player_choice":"Success","damage_taken":12,"relics_obtained":["Runesmith:Locket"],"max_hp_gain":0,"max_hp_loss":0,"event_name":"Scrap Ooze","floor":3,"gold_loss":0},{"damage_healed":0,"gold_gain":0,"player_choice":"Trade","damage_taken":0,"relics_obtained":["SsserpentHead"],"max_hp_gain":0,"max_hp_loss":0,"event_name":"FaceTrader","floor":5,"gold_loss":0},{"cards_removed":["Defend_G"],"damage_healed":0,"gold_gain":0,"player_choice":"Purged","damage_taken":0,"max_hp_gain":0,"max_hp_loss":0,"event_name":"Purifier","floor":28,"gold_loss":0}],"is_beta":false,"boss_relics":[{"not_picked":["Coffee Dripper","Replay:Grab Bag"],"picked":"Painkiller Herb"},{"not_picked":["ReplayTheSpireMod:SealedPack","Cursed Key"],"picked":"SacredBark"}],"items_purged_floors":[19,36],"is_endless":false,"potions_floor_spawned":[11,14,16,23,27,31,35,37],"killed_by":"Nightmare_Alpha","ascension_level":1}}