{"host":"larixs0aq140idw7","time":1614019713,"event":{"mods":["BaseMod","Colored Powertips","Downfall","Infinite Spire","Minty Spire (QoL Compilation)","Reliquary","StSLib"],"gold_per_floor":[99,117,177,196,196,196,222,234,246,269,295,482,506,518,540,552,552,552],"floor_reached":16,"language":"ENG","playtime":605,"items_purged":[],"score":92,"play_id":"6a707881-c48d-4f79-b2c6-78d5a513df66","local_time":"20210222194833","is_ascension_mode":false,"campfire_choices":[{"data":"Slimebound:CorrosiveSpit","floor":1,"key":"SMITH"},{"floor":6,"key":"REST"},{"data":"Slimebound:SlimeSlap","floor":8,"key":"SMITH"}],"circlet_count":0,"master_deck":["Slimebound:Strike_Slimebound","Slimebound:Strike_Slimebound","Slimebound:Strike_Slimebound","Slimebound:Tackle","Slimebound:Defend_Slimebound","Slimebound:Defend_Slimebound","Slimebound:Split","Slimebound:CorrosiveSpit+1","Slimebound:SamplingLick","Slimebound:SlimeSlap+1","Slimebound:LivingWall","Slimebound:MegaLick","Doubt","Slimebound:LeechingTouch"],"relics":["Slimebound:AbsorbEndCombat","reliquary:RosewoodLute","MawBank","downfall:BrokenWingStatue"],"acts_visited":["Exordium"],"potions_floor_usage":[16,16,16],"damage_taken":[{"damage":7,"enemies":"Cultist","floor":2,"turns":3},{"damage":47,"enemies":"3 Sentries","floor":3,"turns":9},{"damage":2,"enemies":"Small Slimes","floor":4,"turns":4},{"damage":0,"enemies":"2 Louse","floor":10,"turns":2},{"damage":0,"enemies":"Exordium Wildlife","floor":11,"turns":3},{"damage":3,"enemies":"Large Slime","floor":13,"turns":6},{"damage":16,"enemies":"Exordium Thugs","floor":15,"turns":4},{"damage":65,"enemies":"IC_STATUS_ARCHETYPE","floor":16,"turns":10}],"seed_played":"3380514009974083836","potions_obtained":[{"floor":3,"key":"Explosive Potion"},{"floor":10,"key":"ColorlessPotion"},{"floor":15,"key":"PowerPotion"}],"is_trial":false,"path_per_floor":["R","M","?","M","?","R","T","R","?","M","M","?","M","?","M","B"],"character_chosen":"SLIMEBOUND","items_purchased":[],"campfire_rested":1,"item_purchase_floors":[],"current_hp_per_floor":[65,60,15,17,17,36,36,36,36,38,40,40,45,45,37,0,0,0],"gold":552,"neow_bonus":"REMOVE_CARD","is_daily":false,"chose_seed":false,"campfire_upgraded":2,"win_rate":0.0,"timestamp":1614019713,"path_taken":["R","M","?","M","?","R","T","R","?","M","?","?","M","?","M","BOSS"],"items_purchased_type":[],"build_version":"2020-12-22","purchased_purges":0,"victory":false,"max_hp_per_floor":[65,65,65,65,65,65,65,65,65,65,65,65,65,65,65,65,65,65],"card_choices":[{"not_picked":["Slimebound:LeechEnergy","Slimebound:ItLooksTasty"],"picked":"Slimebound:SamplingLick","floor":2},{"not_picked":["Slimebound:LivingWall","Slimebound:SplitMire"],"picked":"Slimebound:SlimeSlap","floor":3},{"not_picked":["Slimebound:RollThrough","Slimebound:ComboTackle","Slimebound:SpikyOuterGoop"],"picked":"SKIP","floor":4},{"not_picked":["Slimebound:Schlurp","Slimebound:RollThrough"],"picked":"Slimebound:LivingWall","floor":10},{"not_picked":["Slimebound:FlameTackle","Slimebound:ForwardTackle"],"picked":"Slimebound:MegaLick","floor":11},{"not_picked":["Slimebound:PressTheAttack","Slimebound:LivingWall"],"picked":"Slimebound:LeechingTouch","floor":13},{"not_picked":["Slimebound:GoopTackle","Slimebound:SplitAcid","Slimebound:TongueLash"],"picked":"SKIP","floor":15}],"player_experience":13953,"relics_obtained":[{"floor":3,"key":"reliquary:RosewoodLute"},{"floor":7,"key":"MawBank"}],"event_choices":[{"cards_removed":["Slimebound:Defend_Slimebound"],"damage_healed":0,"gold_gain":0,"player_choice":"Forget","damage_taken":0,"max_hp_gain":0,"max_hp_loss":0,"event_name":"Living Wall","floor":5,"gold_loss":0},{"damage_healed":0,"gold_gain":0,"player_choice":"Ignored","damage_taken":0,"max_hp_gain":0,"max_hp_loss":0,"event_name":"NoteForYourself","floor":14,"gold_loss":0}],"is_beta":false,"boss_relics":[],"items_purged_floors":[],"is_endless":false,"potions_floor_spawned":[3,10,15],"killed_by":"IC_STATUS_ARCHETYPE","ascension_level":0}}