{"host":"jngeqill3bw7azzz","time":1614029888,"event":{"mods":["BaseMod","Highlight Path","Minty Spire (QoL Compilation)","Permanent Neow","Relic Stats"],"gold_per_floor":[362,17,32,45,45,76,87,87,87,101,131,131,131,164,164,236,236,255,255,268,31,31,31,59,59,59,59,71,105,105,105,105,179,179,194,213,213,113,129,159,159,193,216,228,253,253,282,299,299,299,299,299,299,2,35,35],"floor_reached":57,"language":"ENG","playtime":4903,"items_purged":["Strike_R","Strike_R","Defend_R"],"score":3442,"play_id":"a7f503ac-d259-47db-b056-0ef31f03427e","local_time":"20210222163808","is_ascension_mode":true,"campfire_choices":[{"data":"Whirlwind","floor":8.0,"key":"SMITH"},{"data":"Bash","floor":15.0,"key":"SMITH"},{"data":"Impervious","floor":23.0,"key":"SMITH"},{"data":"Armaments","floor":25.0,"key":"SMITH"},{"floor":27.0,"key":"REST"},{"data":"Power Through","floor":30.0,"key":"SMITH"},{"floor":32.0,"key":"RECALL"},{"data":"Strike_R","floor":46.0,"key":"PURGE"},{"data":"Flex+1","floor":49,"key":"PURGE"},{"data":"Defend_R","floor":53,"key":"PURGE"}],"circlet_count":0,"master_deck":["AscendersBane","Strike_R","Defend_R","Defend_R+1","Bash+1","Whirlwind+1","Evolve","Power Through+1","Impervious+1","Barricade","Armaments+1","Feed","Body Slam","Entrench+1"],"relics":["Burning Blood","Chemical X","Anchor","Darkstone Periapt","Paper Frog","Regal Pillow","Orichalcum","Champion Belt","Snecko Eye","TheAbacus","War Paint","Pear","Strawberry","Nilry\u0027s Codex","Coffee Dripper","Blue Candle","Peace Pipe","Pocketwatch","Pantograph","Sling","Shuriken"],"acts_visited":["Exordium","TheCity","TheBeyond","TheEnding"],"potions_floor_usage":[56],"damage_taken":[{"damage":4.0,"enemies":"Small Slimes","floor":1.0,"turns":4.0},{"damage":2.0,"enemies":"Jaw Worm","floor":3.0,"turns":3.0},{"damage":0.0,"enemies":"2 Louse","floor":4.0,"turns":1.0},{"damage":8.0,"enemies":"Gremlin Nob","floor":6.0,"turns":3.0},{"damage":0.0,"enemies":"2 Fungi Beasts","floor":7.0,"turns":3.0},{"damage":0.0,"enemies":"Red Slaver","floor":10.0,"turns":1.0},{"damage":13.0,"enemies":"Lagavulin","floor":11.0,"turns":6.0},{"damage":32.0,"enemies":"Gremlin Nob","floor":14.0,"turns":5.0},{"damage":8.0,"enemies":"Slime Boss","floor":16.0,"turns":9.0},{"damage":0.0,"enemies":"Chosen","floor":18.0,"turns":4.0},{"damage":3.0,"enemies":"Shell Parasite","floor":20.0,"turns":6.0},{"damage":28.0,"enemies":"Book of Stabbing","floor":24.0,"turns":5.0},{"damage":9.0,"enemies":"Shelled Parasite and Fungi","floor":28.0,"turns":5.0},{"damage":0.0,"enemies":"Slavers","floor":29.0,"turns":3.0},{"damage":22.0,"enemies":"Collector","floor":33.0,"turns":11.0},{"damage":0.0,"enemies":"3 Darklings","floor":35.0,"turns":4.0},{"damage":0.0,"enemies":"3 Shapes","floor":36.0,"turns":5.0},{"damage":6.0,"enemies":"Transient","floor":39.0,"turns":6.0},{"damage":3.0,"enemies":"Reptomancer","floor":40.0,"turns":6.0},{"damage":8.0,"enemies":"Giant Head","floor":42.0,"turns":10.0},{"damage":0.0,"enemies":"3 Darklings","floor":44.0,"turns":5.0},{"damage":0.0,"enemies":"Mind Bloom Boss Battle","floor":45.0,"turns":20.0},{"damage":0.0,"enemies":"Reptomancer","floor":47.0,"turns":6.0},{"damage":0,"enemies":"Writhing Mass","floor":48,"turns":13},{"damage":0,"enemies":"Awakened One","floor":50,"turns":7},{"damage":0,"enemies":"Time Eater","floor":51,"turns":5},{"damage":0,"enemies":"Shield and Spear","floor":55,"turns":20},{"damage":0,"enemies":"The Heart","floor":56,"turns":7}],"seed_played":"-1325526226779069592","potions_obtained":[{"floor":3.0,"key":"Block Potion"},{"floor":10.0,"key":"CultistPotion"},{"floor":11.0,"key":"SkillPotion"},{"floor":16.0,"key":"Fruit Juice"},{"floor":28.0,"key":"BloodPotion"},{"floor":29.0,"key":"FearPotion"},{"floor":36.0,"key":"ElixirPotion"},{"floor":41.0,"key":"Energy Potion"},{"floor":48,"key":"LiquidMemories"}],"is_trial":false,"path_per_floor":["M","$","M","M","?","E","M","R","T","M","E","?","?","E","R","B",null,"M","?","M","$","?","R","E","R","T","R","M","E","R","?","R","B",null,"M","M","?","$","M","E","?","E","T","M","?","R","E","M","R","B","B",null,"R","$","E","B",null],"character_chosen":"IRONCLAD","items_purchased":["Chemical X","Anchor","TheAbacus","Sling"],"campfire_rested":1,"item_purchase_floors":[2,2,21,54],"current_hp_per_floor":[68,68,68,68,61,59,65,65,65,68,61,43,48,22,22,20,60,66,66,69,69,48,48,26,26,36,83,80,93,93,72,72,56,89,99,107,107,107,107,111,111,113,113,118,122,122,122,126,126,130,134,134,134,134,138,138],"gold":35,"neow_bonus":"TWO_FIFTY_GOLD","is_daily":false,"chose_seed":false,"campfire_upgraded":5,"win_rate":0.0,"timestamp":1614029888,"path_taken":["M","$","M","M","?","E","M","R","T","M","E","?","?","E","R","BOSS","M","?","M","$","?","R","E","R","T","R","M","E","R","?","R","BOSS","M","M","?","$","M","E","?","E","T","?","?","R","E","M","R","BOSS","BOSS","R","$","E","BOSS"],"items_purchased_type":["Relic","Relic","Relic","Relic"],"build_version":"2020-12-22","purchased_purges":3,"victory":true,"max_hp_per_floor":[68,68,68,68,68,68,68,68,68,68,68,68,73,73,73,73,73,73,73,73,73,78,78,78,78,88,93,93,100,100,100,100,100,100,104,107,107,107,107,111,111,115,115,118,122,122,122,126,126,130,134,134,134,134,138,138],"relic_stats":{"Darkstone Periapt":0,"Regal Pillow":15,"counters":[28,183],"Blue Candle":[0],"Orichalcum":[48],"War Paint":["Flex","Defend_R"],"Burning Blood":103,"Peace Pipe":3,"TheAbacus":[564],"Shuriken":[1],"Pantograph":0,"Snecko Eye":[226,236,235,245],"Chemical X":[58],"Champion Belt":[50],"obtain_stats":[{"Darkstone Periapt":6,"Regal Pillow":11,"Pear":26,"Nilry\u0027s Codex":31,"Blue Candle":40,"Orichalcum":12,"War Paint":24,"Sling":54,"Burning Blood":0,"Peace Pipe":42,"Anchor":2,"TheAbacus":21,"Shuriken":55,"Strawberry":29,"Pantograph":47,"Snecko Eye":17,"Coffee Dripper":34,"Chemical X":2,"Champion Belt":14,"Paper Frog":9,"Pocketwatch":45},{"Darkstone Periapt":4,"Regal Pillow":7,"Pear":12,"Nilry\u0027s Codex":14,"Blue Candle":19,"Orichalcum":7,"War Paint":12,"Sling":26,"Burning Blood":0,"Peace Pipe":20,"Anchor":1,"TheAbacus":11,"Shuriken":27,"Strawberry":14,"Pantograph":23,"Snecko Eye":9,"Coffee Dripper":15,"Chemical X":1,"Champion Belt":8,"Paper Frog":5,"Pocketwatch":22},{"Darkstone Periapt":11,"Regal Pillow":21,"Pear":50,"Nilry\u0027s Codex":58,"Blue Candle":90,"Orichalcum":21,"War Paint":50,"Sling":156,"Burning Blood":0,"Peace Pipe":100,"Anchor":4,"TheAbacus":45,"Shuriken":176,"Strawberry":58,"Pantograph":131,"Snecko Eye":35,"Coffee Dripper":69,"Chemical X":4,"Champion Belt":26,"Paper Frog":14,"Pocketwatch":125}],"Pocketwatch":[99]},"card_choices":[{"not_picked":["Thunderclap","Perfected Strike"],"picked":"Whirlwind","floor":1.0},{"not_picked":["True Grit","Iron Wave"],"picked":"Evolve","floor":3.0},{"not_picked":["Warcry","Iron Wave"],"picked":"Flex","floor":4.0},{"not_picked":["Sword Boomerang","Iron Wave","Thunderclap"],"picked":"SKIP","floor":6.0},{"not_picked":["Entrench","Sword Boomerang"],"picked":"Power Through","floor":7.0},{"not_picked":["Iron Wave","Sever Soul","Wild Strike"],"picked":"SKIP","floor":10.0},{"not_picked":["Dual Wield","Wild Strike","Seeing Red"],"picked":"SKIP","floor":11.0},{"not_picked":["Shrug It Off","Wild Strike"],"picked":"Impervious","floor":14.0},{"not_picked":["Corruption","Double Tap"],"picked":"Barricade","floor":16.0},{"not_picked":["Anger","Warcry","Sword Boomerang"],"picked":"SKIP","floor":18.0},{"not_picked":["Anger","Havoc","Iron Wave"],"picked":"SKIP","floor":20.0},{"not_picked":["Sever Soul","Thunderclap"],"picked":"Armaments","floor":24.0},{"not_picked":["Burning Pact","Cleave+1","Searing Blow"],"picked":"SKIP","floor":28.0},{"not_picked":["Searing Blow","Seeing Red","Twin Strike"],"picked":"SKIP","floor":29.0},{"not_picked":["Limit Break","Immolate"],"picked":"Feed","floor":33.0},{"not_picked":["Pummel","Rage","Clothesline"],"picked":"SKIP","floor":35.0},{"not_picked":["Headbutt","Intimidate","Wild Strike"],"picked":"SKIP","floor":36.0},{"not_picked":["Juggernaut","Inflame","Havoc"],"picked":"SKIP","floor":39.0},{"not_picked":["True Grit","Iron Wave","Dropkick"],"picked":"SKIP","floor":40.0},{"not_picked":["Armaments","Battle Trance"],"picked":"Body Slam","floor":42.0},{"not_picked":["Body Slam","Headbutt","Armaments"],"picked":"SKIP","floor":44.0},{"not_picked":["Shrug It Off+1","Sentinel"],"picked":"Entrench+1","floor":45.0},{"not_picked":["Twin Strike","Wild Strike","Shrug It Off"],"picked":"SKIP","floor":47.0},{"not_picked":["Second Wind","Perfected Strike","Carnage"],"picked":"SKIP","floor":48},{"not_picked":["Exhume","Dual Wield+1","True Grit"],"picked":"SKIP","floor":55}],"player_experience":2682281,"relics_obtained":[{"floor":6.0,"key":"Darkstone Periapt"},{"floor":9.0,"key":"Paper Frog"},{"floor":11.0,"key":"Regal Pillow"},{"floor":14.0,"key":"Champion Belt"},{"floor":24.0,"key":"War Paint"},{"floor":26.0,"key":"Pear"},{"floor":29.0,"key":"Strawberry"},{"floor":31.0,"key":"Nilry\u0027s Codex"},{"floor":40.0,"key":"Blue Candle"},{"floor":42.0,"key":"Peace Pipe"},{"floor":45.0,"key":"Pocketwatch"},{"floor":47.0,"key":"Pantograph"},{"floor":55,"key":"Shuriken"}],"event_choices":[{"cards_removed":["Strike_R"],"damage_healed":0.0,"max_hp_gain":0.0,"max_hp_loss":0.0,"gold_gain":0.0,"event_name":"Golden Wing","player_choice":"Card Removal","floor":5.0,"gold_loss":0.0,"damage_taken":7.0},{"damage_healed":0.0,"max_hp_gain":0.0,"max_hp_loss":0.0,"gold_gain":0.0,"event_name":"Scrap Ooze","player_choice":"Success","floor":12.0,"gold_loss":0.0,"damage_taken":18.0,"relics_obtained":["Orichalcum"]},{"damage_healed":0.0,"max_hp_gain":5.0,"max_hp_loss":0.0,"gold_gain":0.0,"event_name":"Big Fish","player_choice":"Donut","floor":13.0,"gold_loss":0.0,"damage_taken":0.0},{"damage_healed":0.0,"max_hp_gain":0.0,"max_hp_loss":0.0,"gold_gain":0.0,"event_name":"Ghosts","player_choice":"Ignored","floor":19.0,"gold_loss":0.0,"damage_taken":0.0},{"damage_healed":0.0,"max_hp_gain":5.0,"max_hp_loss":0.0,"gold_gain":0.0,"event_name":"Forgotten Altar","player_choice":"Shed Blood","floor":22.0,"gold_loss":0.0,"damage_taken":26.0},{"damage_healed":0.0,"max_hp_gain":0.0,"max_hp_loss":0.0,"gold_gain":0.0,"event_name":"Cursed Tome","player_choice":"Obtained Book","floor":31.0,"gold_loss":0.0,"damage_taken":21.0},{"damage_healed":0.0,"max_hp_gain":0.0,"max_hp_loss":0.0,"gold_gain":0.0,"event_name":"Tomb of Lord Red Mask","player_choice":"Ignored","floor":37.0,"gold_loss":0.0,"damage_taken":0.0},{"damage_healed":0.0,"max_hp_gain":0.0,"max_hp_loss":0.0,"gold_gain":0.0,"event_name":"Lab","player_choice":"Got Potions","floor":41.0,"gold_loss":0.0,"damage_taken":0.0},{"damage_healed":0.0,"max_hp_gain":0.0,"max_hp_loss":0.0,"gold_gain":0.0,"event_name":"MindBloom","player_choice":"Fight","floor":45.0,"gold_loss":0.0,"damage_taken":0.0}],"is_beta":false,"boss_relics":[{"not_picked":["SlaversCollar","Philosopher\u0027s Stone"],"picked":"Snecko Eye"},{"not_picked":["Runic Pyramid","Black Blood"],"picked":"Coffee Dripper"}],"items_purged_floors":[21,38,54],"is_endless":false,"potions_floor_spawned":[3,10,11,14,16,28,29,36,42,48],"ascension_level":20}}