{"host":"eglukmwb6rueyn6u","time":1614028617,"event":{"mods":["AchievementEnabler","BaseMod","Colored Powertips","Highlight Path","Minty Spire (QoL Compilation)"],"gold_per_floor":[112,124,124,135,145,145,159,192,215,215,215,215,228,78,78,181,181,198,210,210,221,241,93,125,145,190,289,289,289,289,239,239,335,335,353,353,372,372,391,391,63,63,63,78,78,78,78],"floor_reached":46,"language":"ENG","playtime":2551,"items_purged":[],"score":440,"play_id":"55cd059b-3d4d-44e5-a448-70f0d90b421e","local_time":"20210222231657","is_ascension_mode":false,"campfire_choices":[{"data":"Eruption","floor":6.0,"key":"SMITH"},{"data":"Eruption","floor":12.0,"key":"SMITH"},{"data":"LessonLearned","floor":15.0,"key":"SMITH"},{"floor":28.0,"key":"REST"},{"floor":30.0,"key":"REST"},{"floor":32.0,"key":"REST"},{"floor":40.0,"key":"REST"},{"data":"Devotion","floor":42.0,"key":"SMITH"}],"circlet_count":0,"master_deck":["Eruption+1","Vigilance","Protect+1","BowlingBash+1","Eruption+1","ClearTheMind+1","FollowUp","Prostrate+1","Consecrate","FlyingSleeves","Adaptation","Protect","LessonLearned+1","Devotion+1","Worship+1","CarveReality+1","CrushJoints+1","Evaluate+1","ClearTheMind","Consecrate","Halt","Ragnarok","Vengeance+1","MasterReality","Madness","Madness","Wallop","Wallop+1","Flash of Steel"],"relics":["PureWater","Bronze Scales","Juzu Bracelet","Omamori","Astrolabe","ClockworkSouvenir","Art of War","Vajra","SlaversCollar","Kunai","Bottled Tornado"],"acts_visited":["Exordium","TheCity","TheBeyond"],"potions_floor_usage":[],"damage_taken":[{"damage":1.0,"enemies":"2 Louse","floor":1.0,"turns":3.0},{"damage":0.0,"enemies":"Cultist","floor":2.0,"turns":3.0},{"damage":0.0,"enemies":"Jaw Worm","floor":4.0,"turns":3.0},{"damage":3.0,"enemies":"Lots of Slimes","floor":5.0,"turns":4.0},{"damage":2.0,"enemies":"Exordium Wildlife","floor":7.0,"turns":7.0},{"damage":16.0,"enemies":"Gremlin Nob","floor":8.0,"turns":3.0},{"damage":0.0,"enemies":"Blue Slaver","floor":13.0,"turns":3.0},{"damage":15.0,"enemies":"Hexaghost","floor":16.0,"turns":10.0},{"damage":0.0,"enemies":"Chosen","floor":18.0,"turns":4.0},{"damage":4.0,"enemies":"Spheric Guardian","floor":19.0,"turns":2.0},{"damage":22.0,"enemies":"Centurion and Healer","floor":21.0,"turns":6.0},{"damage":3.0,"enemies":"Snecko","floor":22.0,"turns":5.0},{"damage":24.0,"enemies":"Book of Stabbing","floor":24.0,"turns":6.0},{"damage":13.0,"enemies":"Snake Plant","floor":25.0,"turns":3.0},{"damage":8.0,"enemies":"Champ","floor":33.0,"turns":7.0},{"damage":0.0,"enemies":"3 Shapes","floor":35.0,"turns":7.0},{"damage":12.0,"enemies":"Orb Walker","floor":37.0,"turns":3.0},{"damage":27.0,"enemies":"Jaw Worm Horde","floor":39.0,"turns":4.0},{"damage":29,"enemies":"3 Darklings","floor":44,"turns":4},{"damage":19,"enemies":"Writhing Mass","floor":46,"turns":2}],"seed_played":"-5256289036631461241","potions_obtained":[{"floor":1.0,"key":"SneckoOil"},{"floor":4.0,"key":"Fire Potion"},{"floor":8.0,"key":"Swift Potion"},{"floor":13.0,"key":"Fire Potion"},{"floor":21.0,"key":"DuplicationPotion"},{"floor":25.0,"key":"AttackPotion"},{"floor":39.0,"key":"SteroidPotion"}],"is_trial":false,"path_per_floor":["M","M","?","M","M","R","M","E","T","?","?","R","M","$","R","B",null,"M","M","?","M","M","$","E","M","T","?","R","?","R","?","R","B",null,"M","$","M","?","M","R","$","R","T","M","?","M"],"character_chosen":"WATCHER","items_purchased":["LessonLearned","ClockworkSouvenir","Kunai","Wallop"],"campfire_rested":4,"item_purchase_floors":[14,23,41,41],"current_hp_per_floor":[71,71,71,71,68,68,66,50,50,43,43,43,43,43,43,28,72,72,68,68,46,43,43,19,6,6,6,27,27,48,48,69,61,72,72,72,60,51,24,45,45,45,45,16,16,0,0],"gold":78,"neow_bonus":"RANDOM_COMMON_RELIC","is_daily":false,"chose_seed":false,"campfire_upgraded":4,"win_rate":0.0,"timestamp":1614028617,"path_taken":["M","M","?","?","M","R","M","E","T","?","?","R","M","$","R","BOSS","M","M","?","M","M","$","E","M","T","?","R","?","R","?","R","BOSS","M","$","M","?","M","R","$","R","T","M","?","M"],"items_purchased_type":["Card","Relic","Relic","Card"],"build_version":"2020-12-22","purchased_purges":0,"victory":false,"max_hp_per_floor":[72,72,72,72,72,72,72,72,72,72,72,72,72,72,72,72,72,72,72,72,72,72,72,72,72,72,72,72,72,72,72,72,72,72,72,72,72,72,72,72,72,72,72,72,72,72,72],"card_choices":[{"not_picked":["Indignation","EmptyFist"],"picked":"Protect","floor":1.0},{"not_picked":["EmptyFist","CrushJoints"],"picked":"BowlingBash","floor":2.0},{"not_picked":["ClearTheMind","Pray"],"picked":"FollowUp","floor":4.0},{"not_picked":["Crescendo","SashWhip"],"picked":"Prostrate","floor":5.0},{"not_picked":["FlurryOfBlows","Wireheading"],"picked":"Consecrate","floor":7.0},{"not_picked":["ForeignInfluence","SignatureMove"],"picked":"FlyingSleeves","floor":8.0},{"not_picked":["ForeignInfluence","CrushJoints"],"picked":"Protect","floor":13.0},{"not_picked":["Brilliance","Vault"],"picked":"Devotion","floor":16.0},{"not_picked":["EmptyFist","PathToVictory"],"picked":"Evaluate+1","floor":18.0},{"not_picked":["JustLucky+1","EmptyBody"],"picked":"ClearTheMind","floor":19.0},{"not_picked":["WreathOfFlame+1","SashWhip"],"picked":"Consecrate","floor":21.0},{"not_picked":["EmptyBody","Evaluate"],"picked":"Halt","floor":22.0},{"not_picked":["CutThroughFate+1","InnerPeace","EmptyFist+1"],"picked":"SKIP","floor":24.0},{"not_picked":["CrushJoints","Protect","FlurryOfBlows"],"picked":"SKIP","floor":25.0},{"not_picked":["Devotion","Alpha"],"picked":"MasterReality","floor":33.0},{"not_picked":["Crescendo","FlurryOfBlows+1","Pray+1"],"picked":"SKIP","floor":35.0},{"not_picked":["PathToVictory","SignatureMove","SashWhip"],"picked":"SKIP","floor":37.0},{"not_picked":["EmptyBody","SashWhip+1","Collect"],"picked":"SKIP","floor":39.0},{"not_picked":["Indignation+1","Vault"],"picked":"Wallop+1","floor":44},{"not_picked":["Deep Breath","Finesse"],"picked":"Flash of Steel","floor":45}],"player_experience":155676,"relics_obtained":[{"floor":8.0,"key":"Juzu Bracelet"},{"floor":9.0,"key":"Omamori"},{"floor":24.0,"key":"Art of War"},{"floor":26.0,"key":"Vajra"},{"floor":43.0,"key":"Bottled Tornado"}],"event_choices":[{"damage_healed":0.0,"max_hp_gain":0.0,"max_hp_loss":0.0,"gold_gain":0.0,"event_name":"Match and Keep!","player_choice":"2 cards matched","floor":3.0,"gold_loss":0.0,"damage_taken":0.0,"cards_obtained":["Eruption","ClearTheMind"]},{"cards_removed":["Defend_P"],"damage_healed":0.0,"max_hp_gain":0.0,"max_hp_loss":0.0,"gold_gain":0.0,"event_name":"Golden Wing","player_choice":"Card Removal","floor":10.0,"gold_loss":0.0,"damage_taken":7.0},{"damage_healed":0.0,"max_hp_gain":0.0,"max_hp_loss":0.0,"gold_gain":0.0,"cards_transformed":["Strike_P"],"event_name":"Transmorgrifier","player_choice":"Transformed","floor":11.0,"gold_loss":0.0,"damage_taken":0.0,"cards_obtained":["Adaptation"]},{"cards_removed":["Strike_P"],"damage_healed":0.0,"max_hp_gain":0.0,"max_hp_loss":0.0,"gold_gain":0.0,"event_name":"Back to Basics","player_choice":"Elegance","floor":20.0,"gold_loss":0.0,"damage_taken":0.0},{"damage_healed":0.0,"max_hp_gain":0.0,"max_hp_loss":0.0,"gold_gain":99.0,"event_name":"Nest","player_choice":"Stole From Cult","floor":27.0,"gold_loss":0.0,"damage_taken":0.0},{"damage_healed":0.0,"max_hp_gain":0.0,"max_hp_loss":0.0,"gold_gain":0.0,"cards_transformed":["Defend_P","Strike_P"],"event_name":"Drug Dealer","player_choice":"Became Test Subject","floor":29.0,"gold_loss":0.0,"damage_taken":0.0,"cards_obtained":["Ragnarok","Vengeance"]},{"damage_healed":0.0,"max_hp_gain":0.0,"max_hp_loss":0.0,"gold_gain":0.0,"event_name":"The Joust","player_choice":"Bet on Murderer","floor":31.0,"gold_loss":50.0,"damage_taken":0.0},{"damage_healed":0.0,"max_hp_gain":0.0,"max_hp_loss":0.0,"gold_gain":0.0,"event_name":"Winding Halls","player_choice":"Embrace Madness","floor":38.0,"gold_loss":0.0,"damage_taken":9.0,"cards_obtained":["Madness","Madness"]},{"damage_healed":0,"gold_gain":0,"player_choice":"Memory 1","damage_taken":0,"max_hp_gain":0,"max_hp_loss":0,"event_name":"SensoryStone","floor":45,"gold_loss":0}],"is_beta":false,"boss_relics":[{"not_picked":["Busted Crown","Velvet Choker"],"picked":"Astrolabe"},{"not_picked":["Coffee Dripper","Cursed Key"],"picked":"SlaversCollar"}],"items_purged_floors":[],"is_endless":false,"potions_floor_spawned":[1,4,8,13,21,22,25,39],"killed_by":"Writhing Mass","ascension_level":0}}