{"host":"f8toxsj3bk02pkeu","time":1614007254,"event":{"mods":["BaseMod","Minty Spire (QoL Compilation)","Permanent Neow","Quick Restart","StSLib","SuperFastMode"],"gold_per_floor":[111,261,29,45,145,171,186,204,204,217,217,252,25,25,25,99,149,169,169,169,185,202,202,202,235,235,235,235,235],"floor_reached":28,"language":"ENG","playtime":736,"items_purged":["Doubt"],"score":492,"play_id":"37b878d0-246f-428f-8327-bc2b01b4e773","local_time":"20210222082054","is_ascension_mode":true,"campfire_choices":[{"floor":11,"key":"REST"},{"floor":15,"key":"REST"},{"data":"Noxious Fumes","floor":23,"key":"SMITH"},{"floor":27,"key":"REST"}],"circlet_count":0,"master_deck":["AscendersBane","Strike_G+1","Strike_G+1","Strike_G+1","Strike_G+1","Strike_G+1","Defend_G+1","Defend_G+1","Defend_G+1","Defend_G+1","Defend_G+1","Survivor","Neutralize","Caltrops","Sucker Punch","Noxious Fumes+1"],"relics":["Busted Crown","Strawberry","Dream Catcher","Paper Crane","Meat on the Bone","Orichalcum","Tiny House","Akabeko","Tingsha"],"acts_visited":["Exordium","TheCity"],"potions_floor_usage":[8,10,12,22,25,25,28],"damage_taken":[{"damage":4.0,"enemies":"Jaw Worm","floor":1.0,"turns":4.0},{"damage":0.0,"enemies":"2 Louse","floor":4.0,"turns":2.0},{"damage":51.0,"enemies":"Gremlin Nob","floor":6.0,"turns":5.0},{"damage":1.0,"enemies":"Cultist","floor":7.0,"turns":4.0},{"damage":5,"enemies":"Red Slaver","floor":8,"turns":3},{"damage":4,"enemies":"Large Slime","floor":10,"turns":5},{"damage":4,"enemies":"Lagavulin","floor":12,"turns":8},{"damage":18,"enemies":"The Guardian","floor":16,"turns":15},{"damage":10,"enemies":"Chosen","floor":18,"turns":7},{"damage":0,"enemies":"Spheric Guardian","floor":21,"turns":6},{"damage":14,"enemies":"Shelled Parasite and Fungi","floor":22,"turns":8},{"damage":35,"enemies":"Book of Stabbing","floor":25,"turns":6},{"damage":61,"enemies":"Gremlin Leader","floor":28,"turns":7}],"seed_played":"1925574257927937311","potions_obtained":[{"floor":1.0,"key":"Strength Potion"},{"floor":6.0,"key":"Poison Potion"},{"floor":8,"key":"AttackPotion"},{"floor":10,"key":"Dexterity Potion"},{"floor":17,"key":"LiquidMemories"},{"floor":22,"key":"AttackPotion"},{"floor":25,"key":"Block Potion"}],"is_trial":false,"path_per_floor":["M","?","$","M","?","E","M","M","T","M","R","E","$","?","R","B",null,"M","?","?","M","M","R","?","E","T","R","E"],"character_chosen":"THE_SILENT","items_purchased":["Strawberry","Orichalcum","Explosive Potion"],"campfire_rested":3,"item_purchase_floors":[3,13,13],"current_hp_per_floor":[55,55,62,62,62,11,10,5,5,1,22,18,18,18,39,33,68,58,58,58,58,44,44,44,21,21,44,0,0],"gold":235,"neow_bonus":"BOSS_RELIC","is_daily":false,"chose_seed":false,"campfire_upgraded":1,"win_rate":0.0,"timestamp":1614007254,"path_taken":["M","?","$","M","?","E","?","M","T","M","R","E","?","?","R","BOSS","M","?","?","M","M","R","?","E","T","R","E"],"items_purchased_type":["Relic","Relic","Potion"],"build_version":"2020-12-22","purchased_purges":1,"victory":false,"max_hp_per_floor":[66,66,73,73,73,73,73,73,73,73,73,73,73,73,73,73,78,78,78,78,78,78,78,78,78,78,78,78,78],"card_choices":[{"not_picked":[],"picked":"Caltrops","floor":1.0},{"not_picked":[],"picked":"Sucker Punch","floor":4.0},{"not_picked":["Prepared"],"picked":"SKIP","floor":6.0},{"not_picked":[],"picked":"Noxious Fumes","floor":7.0},{"not_picked":["Underhanded Strike"],"picked":"SKIP","floor":8},{"not_picked":["All Out Attack"],"picked":"SKIP","floor":10},{"not_picked":["Outmaneuver"],"picked":"SKIP","floor":12},{"not_picked":["Terror"],"picked":"SKIP","floor":18},{"not_picked":["Flying Knee"],"picked":"SKIP","floor":21},{"not_picked":["Sucker Punch"],"picked":"SKIP","floor":22},{"not_picked":["Dagger Throw"],"picked":"SKIP","floor":25}],"player_experience":694769,"relics_obtained":[{"floor":6.0,"key":"Dream Catcher"},{"floor":9,"key":"Paper Crane"},{"floor":12,"key":"Meat on the Bone"},{"floor":25,"key":"Akabeko"},{"floor":26,"key":"Tingsha"}],"event_choices":[{"damage_healed":0.0,"max_hp_gain":0.0,"max_hp_loss":0.0,"gold_gain":150.0,"event_name":"Liars Game","player_choice":"AGREE","floor":2.0,"gold_loss":0.0,"damage_taken":0.0,"cards_obtained":["Doubt"]},{"damage_healed":0.0,"max_hp_gain":0.0,"max_hp_loss":0.0,"gold_gain":100.0,"event_name":"Wheel of Change","player_choice":"Gold","floor":5.0,"gold_loss":0.0,"damage_taken":0.0},{"damage_healed":0,"gold_gain":0,"player_choice":"Ignored","damage_taken":0,"max_hp_gain":0,"max_hp_loss":0,"event_name":"Shining Light","floor":14,"gold_loss":0},{"damage_healed":0,"gold_gain":0,"player_choice":"Simplicity","damage_taken":0,"max_hp_gain":0,"max_hp_loss":0,"event_name":"Back to Basics","floor":19,"gold_loss":0,"cards_upgraded":["Strike_G","Strike_G","Strike_G","Strike_G","Strike_G","Defend_G","Defend_G","Defend_G","Defend_G"]},{"damage_healed":0,"gold_gain":0,"player_choice":"Ignored","damage_taken":0,"max_hp_gain":0,"max_hp_loss":0,"event_name":"Vampires","floor":20,"gold_loss":0},{"damage_healed":0,"gold_gain":0,"player_choice":"Ignored","damage_taken":0,"max_hp_gain":0,"max_hp_loss":0,"event_name":"Ghosts","floor":24,"gold_loss":0}],"is_beta":false,"boss_relics":[{"not_picked":["Calling Bell","Fusion Hammer"],"picked":"Tiny House"}],"items_purged_floors":[3],"is_endless":false,"potions_floor_spawned":[1,6,8,10,22,25],"killed_by":"Gremlin Leader","ascension_level":20}}