{"host":"eqoc4xtxwtie1mw2","time":1614019944,"event":{"mods":["2.2 Compatiblity","AchievementEnabler","Act Like it!","BaseMod","Bestiary","Better Altar","Better Match","Better Note","Better Sensory Stone","Better Skull","Better Third Choice","Better Vampires","BetterRewards","Block Reminder","Colored Map","Colored Powertips","Curses Come First","Downfall","Hallownest","Hermit","Hubris","Infinite Spire","Marked Mod","Minty Spire (QoL Compilation)","Permanent Neow","Rare Cards Sparkle","Relic Stats","Reliquary","Replay The Spire","Spicy Shops","StSLib","The Bug Knight"],"gold_per_floor":[99,112,112,131,306,321,321,335,60,160,37,70,70,81,92,92,92,92],"floor_reached":16,"language":"ENG","playtime":3369,"items_purged":[],"score":102,"play_id":"9142898d-d2a5-44d6-9647-8118223fcf56","local_time":"20210222125224","is_ascension_mode":false,"campfire_choices":[{"floor":1,"key":"RECALL"}],"circlet_count":0,"master_deck":["sneckomod:Strike","sneckomod:Strike","sneckomod:Strike","sneckomod:Defend","sneckomod:Defend","sneckomod:Defend","sneckomod:TailWhip+1","sneckomod:SnekBite","sneckomod:Unknown+1","sneckomod:Unknown","sneckomod:SerpentIdol","sneckomod:RainOfDice","Doubt","sneckomod:ImprovisedAttack","sneckomod:UnknownCommonAttack","sneckomod:Unknown1Cost","sneckomod:CheapStock","sneckomod:Unknown0Cost","sneckomod:SoulExchange","sneckomod:UnknownUncommonPower","sneckomod:UnknownCommonSkill","sneckomod:SoulRoll","sneckomod:UnknownWeak","sneckomod:SnakeSap","sneckomod:Unknown3Cost","sneckomod:RainOfDice","sneckomod:DiceCrush"],"relics":["sneckomod:SneckoSoul","Chameleon Ring","hubris:EmptyBottle","Juzu Bracelet","hubris:Towel"],"acts_visited":["Exordium"],"potions_floor_usage":[11,12,12,14,14,16,16],"damage_taken":[{"damage":0,"enemies":"Small Slimes","floor":2,"turns":3},{"damage":3,"enemies":"Jaw Worm","floor":4,"turns":2},{"damage":0,"enemies":"2 Louse","floor":6,"turns":2},{"damage":6,"enemies":"Exordium Wildlife","floor":8,"turns":3},{"damage":5,"enemies":"downfall:FleeingMerchant","floor":9,"turns":4},{"damage":5,"enemies":"downfall:FleeingMerchant","floor":11,"turns":4},{"damage":9,"enemies":"HollowMod:MossKnight","floor":12,"turns":7},{"damage":9,"enemies":"Large Slime","floor":14,"turns":4},{"damage":9,"enemies":"2 Fungi Beasts","floor":15,"turns":3},{"damage":48,"enemies":"WA_ARCHETYPE_RETAIN","floor":16,"turns":8}],"seed_played":"-4633672467668768684","potions_obtained":[{"floor":6,"key":"ColorlessPotion"},{"floor":8,"key":"LiquidBronze"},{"floor":12,"key":"SkillPotion"},{"floor":15,"key":"Block Potion"}],"is_trial":false,"path_per_floor":["R_BF","M","?","M","?","M","T","M","$","?","$","E","?","M","M","B"],"character_chosen":"THE_SNECKO","items_purchased":["sneckomod:CheapStock","sneckomod:Unknown0Cost","sneckomod:SoulExchange","hubris:EmptyBottle","sneckomod:SnakeSap"],"campfire_rested":0,"item_purchase_floors":[9,9,9,11,11],"current_hp_per_floor":[90,90,90,87,87,87,87,81,76,76,71,62,62,53,44,0,0,0],"gold":92,"neow_bonus":"UPGRADE_CARD","is_daily":false,"chose_seed":false,"campfire_upgraded":0,"win_rate":0.0,"timestamp":1614019944,"path_taken":["R_BF","M","?","M","?","M","T","M","$","?","?","E","?","M","M","BOSS"],"items_purchased_type":["Card","Card","Card","Relic","Card"],"build_version":"2020-12-22","purchased_purges":0,"victory":false,"max_hp_per_floor":[90,90,90,90,90,90,90,90,90,90,90,90,90,90,90,90,90,90],"relic_stats":{"counters":[10,40],"Juzu Bracelet":0,"obtain_stats":[{"Chameleon Ring":7,"Juzu Bracelet":12,"hubris:EmptyBottle":11,"hubris:Towel":13,"sneckomod:SneckoSoul":0},{"Chameleon Ring":3,"Juzu Bracelet":7,"hubris:EmptyBottle":6,"hubris:Towel":7,"sneckomod:SneckoSoul":0},{"Chameleon Ring":7,"Juzu Bracelet":25,"hubris:EmptyBottle":18,"hubris:Towel":25,"sneckomod:SneckoSoul":0}]},"card_choices":[{"not_picked":["sneckomod:UnknownCommonSkill","sneckomod:Unknown1Cost"],"picked":"sneckomod:SerpentIdol","floor":2},{"not_picked":["sneckomod:UnknownX","sneckomod:DiceCrush"],"picked":"sneckomod:RainOfDice","floor":4},{"not_picked":["sneckomod:Nope","sneckomod:Restock"],"picked":"sneckomod:ImprovisedAttack","floor":6},{"not_picked":["sneckomod:SoulRoll","sneckomod:RainOfDice"],"picked":"sneckomod:UnknownCommonAttack","floor":8},{"not_picked":["sneckomod:RainOfDice","sneckomod:SoulRoll"],"picked":"sneckomod:Unknown1Cost","floor":9},{"not_picked":["sneckomod:UnknownX","sneckomod:UnknownCommonAttack"],"picked":"sneckomod:UnknownUncommonPower","floor":10},{"not_picked":["sneckomod:Unknown1Cost","sneckomod:Nope"],"picked":"sneckomod:UnknownCommonSkill","floor":10},{"not_picked":["sneckomod:DiceCrush","sneckomod:UnknownX"],"picked":"sneckomod:SoulRoll","floor":10},{"not_picked":["sneckomod:Unknown1Cost","sneckomod:DiceBoulder"],"picked":"sneckomod:UnknownWeak","floor":11},{"not_picked":["sneckomod:UnknownDraw","sneckomod:IronFang"],"picked":"sneckomod:Unknown3Cost","floor":12},{"not_picked":["sneckomod:UnknownDraw","sneckomod:SoulRoll"],"picked":"sneckomod:RainOfDice","floor":14},{"not_picked":["sneckomod:SoulExchange","sneckomod:UnknownCommonAttack"],"picked":"sneckomod:DiceCrush","floor":15}],"player_experience":290561,"relics_obtained":[{"floor":7,"key":"Chameleon Ring"},{"floor":12,"key":"Juzu Bracelet"}],"event_choices":[],"is_beta":false,"boss_relics":[],"items_purged_floors":[],"is_endless":false,"potions_floor_spawned":[6,8,12,15],"killed_by":"WA_ARCHETYPE_RETAIN","ascension_level":0}}