{"host":"v4tuy5ykrbdcm9o9","time":1614018111,"event":{"mods":["BaseMod","Duelist Mod","Minty Spire (QoL Compilation)","Replay The Spire","StSLib"],"gold_per_floor":[114,114,137,137,312,351,17,17,40,63,106,125,166,181,181,305,305,321,344,26,45,45,45,45,45],"floor_reached":24,"language":"ENG","playtime":1775,"items_purged":["Doubt"],"score":437,"play_id":"56346aac-fe92-4aac-8d7a-cc0f456564a2","local_time":"20210222132151","is_ascension_mode":true,"campfire_choices":[{"floor":15,"key":"REST"},{"floor":23,"key":"REST"}],"circlet_count":0,"master_deck":["AscendersBane","Strike_P","Strike_P","Strike_P","Strike_P","Defend_P","Defend_P","Defend_P","Defend_P","Eruption","Vigilance","Strike_R","Defend_B","The Bomb","Protect","Injury","SandsOfTime","SashWhip+1","FlyingSleeves+1","Replay:ManipulateFuture","CutThroughFate","Blasphemy","CrushJoints","Consecrate","Judgement","CurseOfTheBell","LessonLearned","SashWhip+1","SignatureMove","ThirdEye","EmptyBody","Decay"],"relics":["PureWater","Golden Idol","Ring of Searing","Letter Opener","Lizard Tail","Peace Pipe","Akabeko","Calling Bell","Lantern","StrikeDummy","Bird Faced Urn","Toolbox"],"acts_visited":["Exordium","TheCity"],"potions_floor_usage":[11,13,24],"damage_taken":[{"damage":2,"enemies":"Cultist","floor":1,"turns":3},{"damage":0,"enemies":"2 Louse","floor":3,"turns":3},{"damage":17,"enemies":"Replay:BlueRogue","floor":6,"turns":4},{"damage":7,"enemies":"Small Slimes","floor":10,"turns":3},{"damage":12,"enemies":"3 Sentries","floor":11,"turns":6},{"damage":0,"enemies":"3 Louse","floor":12,"turns":3},{"damage":3,"enemies":"Lagavulin","floor":13,"turns":3},{"damage":0,"enemies":"Gremlin Gang","floor":14,"turns":4},{"damage":10,"enemies":"Fading Forest","floor":16,"turns":11},{"damage":17,"enemies":"Shell Parasite","floor":18,"turns":4},{"damage":31,"enemies":"2 Thieves","floor":19,"turns":3},{"damage":9,"enemies":"Snake Plant","floor":21,"turns":4},{"damage":6,"enemies":"Gremlin Leader","floor":24,"turns":4}],"seed_played":"2915647741237361464","potions_obtained":[{"floor":1,"key":"Milkshake"},{"floor":6,"key":"Venom Potion"},{"floor":10,"key":"Weak Potion"},{"floor":11,"key":"Elixir"},{"floor":19,"key":"Elixir"}],"is_trial":false,"path_per_floor":["M","?","M","?","?","E","$","?","T","M","E","M","E","M","R","B",null,"M","M","$","M","?","R","E"],"character_chosen":"WATCHER","items_purchased":["Lizard Tail","FlyingSleeves+1","SignatureMove","Toolbox","ThirdEye"],"campfire_rested":2,"item_purchase_floors":[7,7,20,20,20],"current_hp_per_floor":[63,63,63,63,63,46,46,46,46,39,27,27,24,24,45,55,68,51,20,20,11,11,32,26,26],"gold":45,"neow_bonus":"RANDOM_COLORLESS_2","is_daily":false,"chose_seed":false,"campfire_upgraded":0,"win_rate":0.0,"timestamp":1614018111,"path_taken":["M","?","M","?","?","E","$","?","T","M","E","M","E","M","R","BOSS","M","?","?","?","?","R","E"],"items_purchased_type":["Relic","Card","Card","Relic","Card"],"build_version":"2020-12-22","purchased_purges":1,"victory":false,"max_hp_per_floor":[72,72,72,72,72,72,72,72,72,72,72,72,72,72,72,72,72,72,72,72,72,72,72,72,72],"card_choices":[{"not_picked":["Master of Strategy","Transmutation"],"picked":"The Bomb","floor":0},{"not_picked":["Wireheading","Evaluate"],"picked":"Protect","floor":1},{"not_picked":["Conclude","BowlingBash"],"picked":"SandsOfTime","floor":3},{"not_picked":["MentalFortress","PathToVictory"],"picked":"SashWhip","floor":6},{"not_picked":["ForeignInfluence","Crescendo"],"picked":"Replay:ManipulateFuture","floor":10},{"not_picked":["Pray","Replay:Battleflow"],"picked":"CutThroughFate","floor":11},{"not_picked":["JustLucky","Collect"],"picked":"Blasphemy","floor":12},{"not_picked":["Replay:AtTheReady","Conclude"],"picked":"CrushJoints","floor":13},{"not_picked":["Prostrate","JustLucky"],"picked":"Consecrate","floor":14},{"not_picked":["Brilliance","Scrawl"],"picked":"Judgement","floor":16},{"not_picked":["Nirvana+1","Prostrate"],"picked":"LessonLearned","floor":18},{"not_picked":["Collect","ThirdEye"],"picked":"SashWhip+1","floor":19},{"not_picked":["Replay:Anticipation","Conclude+1"],"picked":"EmptyBody","floor":21}],"player_experience":964222,"relics_obtained":[{"floor":4,"key":"Ring of Searing"},{"floor":6,"key":"Letter Opener"},{"floor":11,"key":"Peace Pipe"},{"floor":13,"key":"Akabeko"},{"floor":17,"key":"Lantern"},{"floor":17,"key":"StrikeDummy"},{"floor":17,"key":"Bird Faced Urn"}],"event_choices":[{"damage_healed":0,"gold_gain":0,"player_choice":"Take Wound","damage_taken":0,"relics_obtained":["Golden Idol"],"max_hp_gain":0,"max_hp_loss":0,"event_name":"Golden Idol","floor":2,"gold_loss":0,"cards_obtained":["Injury"]},{"damage_healed":0,"gold_gain":175,"player_choice":"AGREE","damage_taken":0,"max_hp_gain":0,"max_hp_loss":0,"event_name":"Liars Game","floor":5,"gold_loss":0,"cards_obtained":["Doubt"]},{"damage_healed":0,"gold_gain":0,"player_choice":"Upgraded","damage_taken":0,"max_hp_gain":0,"max_hp_loss":0,"event_name":"Upgrade Shrine","floor":8,"gold_loss":0,"cards_upgraded":["SashWhip"]},{"damage_healed":0,"gold_gain":0,"player_choice":"Cursed","damage_taken":0,"max_hp_gain":0,"max_hp_loss":0,"event_name":"Wheel of Change","floor":22,"gold_loss":0,"cards_obtained":["Decay"]}],"is_beta":false,"boss_relics":[{"not_picked":["Tiny House","Sozu"],"picked":"Calling Bell"}],"items_purged_floors":[20],"is_endless":false,"potions_floor_spawned":[1,6,10,11,19],"killed_by":"Gremlin Leader","ascension_level":10}}