{"host":"i0avyit1s6jb1siw","time":1614029308,"event":{"mods":["BaseMod","DeckTracker","Dota2Spire","Minty Spire (QoL Compilation)","Quick Restart","StSLib","SuperFastMode"],"gold_per_floor":[17,30,80,91,103,103,118,66,66,89,89,2,30,30,68,84,84,84,156,156,176,226,226,240,240,240,270,79,106,31,50,50,50,50,83,83,83,83,83,83],"floor_reached":39,"language":"ENG","playtime":621,"items_purged":[],"score":630,"play_id":"35062ae3-474a-4ff6-a654-5fd09d6d707c","local_time":"20210222222828","is_ascension_mode":true,"campfire_choices":[{"data":"Magnetism","floor":6,"key":"SMITH"},{"floor":11,"key":"REST"},{"data":"Perfected Strike","floor":14,"key":"SMITH"},{"data":"Perfected Strike","floor":17,"key":"SMITH"},{"floor":18,"key":"REST"},{"data":"Corruption","floor":26,"key":"SMITH"},{"floor":32,"key":"REST"},{"floor":34,"key":"REST"},{"data":"Magnetism","floor":37,"key":"SMITH"},{"data":"Evolve","floor":38,"key":"SMITH"}],"circlet_count":0,"master_deck":["AscendersBane","Strike_R","Strike_R","Strike_R","Strike_R","Strike_R","Defend_R","Defend_R","Defend_R","Defend_R","Bash","Magnetism+1","Perfected Strike+1","Perfected Strike+1","Wild Strike","Shrug It Off","Wild Strike","Disarm","Power Through","Twin Strike","Corruption+1","True Grit","Perfected Strike+1","Pommel Strike+1","Magnetism+1","Disarm","True Grit","Evolve+1"],"relics":["Burning Blood","Potion Belt","Dream Catcher","Dota2Spire:ArmletOfMordiggian","Runic Dome","Molten Egg 2","Vajra","Ancient Tea Set","CultistMask"],"acts_visited":["Exordium","TheCity"],"potions_floor_usage":[7,19,27,27],"damage_taken":[{"damage":18,"enemies":"2 Louse","floor":1,"turns":4},{"damage":1,"enemies":"Cultist","floor":2,"turns":3},{"damage":18,"enemies":"Small Slimes","floor":4,"turns":4},{"damage":17,"enemies":"Exordium Wildlife","floor":5,"turns":4},{"damage":20,"enemies":"Red Slaver","floor":7,"turns":4},{"damage":26,"enemies":"Gremlin Nob","floor":13,"turns":4},{"damage":0,"enemies":"Large Slime","floor":15,"turns":4},{"damage":17,"enemies":"Blue Slaver","floor":16,"turns":3},{"damage":12,"enemies":"Slime Boss","floor":19,"turns":5},{"damage":8,"enemies":"2 Thieves","floor":21,"turns":3},{"damage":0,"enemies":"Chosen","floor":24,"turns":3},{"damage":45,"enemies":"Slavers","floor":27,"turns":7},{"damage":21,"enemies":"Centurion and Healer","floor":31,"turns":6},{"damage":29,"enemies":"Book of Stabbing","floor":35,"turns":5},{"damage":56,"enemies":"Champ","floor":39,"turns":10}],"seed_played":"-9194502034154232303","potions_obtained":[{"floor":2,"key":"BlessingOfTheForge"},{"floor":4,"key":"PowerPotion"},{"floor":16,"key":"DistilledChaos"},{"floor":19,"key":"Dota2Spire:HealingSalve"},{"floor":21,"key":"SpeedPotion"},{"floor":23,"key":"BloodPotion"},{"floor":23,"key":"Fire Potion"},{"floor":24,"key":"SteroidPotion"}],"is_trial":false,"path_per_floor":["M","M","?","M","M","R","M","$","T","T","R","$","E","R","M","M","R","R","B",null,"M","?","?","M","?","R","E","$","T","?","M","R","$","R","E","?","R","R","B"],"character_chosen":"IRONCLAD","items_purchased":["Perfected Strike","Shrug It Off","Wild Strike","Magnetism"],"campfire_rested":4,"item_purchase_floors":[8,12,12,28],"current_hp_per_floor":[56,61,61,49,38,38,24,24,24,24,46,46,26,26,32,21,21,43,37,66,64,64,64,70,49,49,26,26,26,26,11,35,35,59,36,36,36,36,0,0],"gold":83,"neow_bonus":"RANDOM_COLORLESS_2","is_daily":false,"chose_seed":false,"campfire_upgraded":6,"win_rate":0.0,"timestamp":1614029308,"path_taken":["M","M","?","M","M","R","M","$","T","T","R","?","E","R","M","M","R","R","BOSS","M","?","?","?","?","R","E","$","T","?","M","R","?","R","E","?","R","R","BOSS"],"items_purchased_type":["Card","Card","Card","Card"],"build_version":"2020-12-22","purchased_purges":0,"victory":false,"max_hp_per_floor":[75,75,75,75,75,75,75,75,75,75,75,75,75,75,75,75,75,75,75,75,75,75,75,75,80,80,80,80,80,80,80,80,80,80,80,80,80,80,80,80],"card_choices":[{"not_picked":["Transmutation","Thinking Ahead"],"picked":"Magnetism","floor":0},{"not_picked":["Entrench","Iron Wave"],"picked":"Perfected Strike","floor":1},{"not_picked":["Heavy Blade","Havoc","Entrench"],"picked":"SKIP","floor":2},{"not_picked":["Spot Weakness","Clash","Havoc"],"picked":"SKIP","floor":4},{"not_picked":["Clash","Searing Blow","Flex"],"picked":"SKIP","floor":5},{"not_picked":["Thunderclap","Brutality"],"picked":"Uppercut","floor":7},{"not_picked":["Anger","Perfected Strike"],"picked":"Wild Strike","floor":11},{"not_picked":["Armaments","Blood for Blood"],"picked":"Disarm","floor":13},{"not_picked":["Clothesline","Iron Wave"],"picked":"Power Through","floor":15},{"not_picked":["Flex","Armaments"],"picked":"Twin Strike","floor":16},{"not_picked":["Fiend Fire","Double Tap"],"picked":"Corruption","floor":19},{"not_picked":["Disarm","Whirlwind"],"picked":"True Grit","floor":21},{"not_picked":["Thunderclap","Inflame"],"picked":"Perfected Strike+1","floor":24},{"not_picked":["Thunderclap+1","Offering"],"picked":"Pommel Strike+1","floor":27},{"not_picked":["Wild Strike+1","Thunderclap+1"],"picked":"Disarm","floor":31},{"not_picked":["Cleave+1","Perfected Strike+1"],"picked":"True Grit","floor":32},{"not_picked":["Warcry","Havoc"],"picked":"Evolve","floor":34},{"not_picked":["Pummel+1","Sword Boomerang+1","Headbutt+1"],"picked":"SKIP","floor":35}],"player_experience":2486519,"relics_obtained":[{"floor":9,"key":"Potion Belt"},{"floor":10,"key":"Dream Catcher"},{"floor":13,"key":"Dota2Spire:ArmletOfMordiggian"},{"floor":27,"key":"Molten Egg 2"},{"floor":29,"key":"Vajra"},{"floor":35,"key":"Ancient Tea Set"}],"event_choices":[{"damage_healed":0,"gold_gain":50,"player_choice":"Pray","damage_taken":0,"max_hp_gain":0,"max_hp_loss":0,"event_name":"Golden Shrine","floor":3,"gold_loss":0},{"damage_healed":0,"gold_gain":50,"player_choice":"Stole From Cult","damage_taken":0,"max_hp_gain":0,"max_hp_loss":0,"event_name":"Nest","floor":22,"gold_loss":0},{"damage_healed":0,"gold_gain":0,"player_choice":"Got Potions","damage_taken":0,"max_hp_gain":0,"max_hp_loss":0,"event_name":"Lab","floor":23,"gold_loss":0},{"damage_healed":0,"gold_gain":0,"player_choice":"Shed Blood","damage_taken":26,"max_hp_gain":5,"max_hp_loss":0,"event_name":"Forgotten Altar","floor":25,"gold_loss":0},{"cards_removed":["Uppercut"],"damage_healed":0,"gold_gain":0,"player_choice":"Gave Gold","damage_taken":0,"max_hp_gain":0,"max_hp_loss":0,"event_name":"Beggar","floor":30,"gold_loss":75},{"damage_healed":0,"gold_gain":0,"player_choice":"Trade","damage_taken":0,"relics_obtained":["CultistMask"],"max_hp_gain":0,"max_hp_loss":0,"event_name":"FaceTrader","floor":36,"gold_loss":0}],"is_beta":false,"boss_relics":[{"not_picked":["Black Blood","Runic Pyramid"],"picked":"Runic Dome"}],"items_purged_floors":[],"is_endless":false,"potions_floor_spawned":[2,4,16,19,21,24],"killed_by":"Champ","ascension_level":20}}