{"host":"xo0glkmxta74xh34","time":1614030903,"event":{"mods":["BaseMod","Downfall","Minty Spire (QoL Compilation)","Reliquary","Replay The Spire","StSLib"],"gold_per_floor":[0,44,89,189,189,189,215,244,281,306,332,332,35,81,135,281,281,281,326,326,74,92,120,120,112,147,147,147],"floor_reached":26,"language":"ENG","playtime":1046,"items_purged":[],"score":302,"play_id":"70ddc94b-fab0-4407-bbf3-a4f2c7c21442","local_time":"20210222155503","is_ascension_mode":true,"campfire_choices":[{"data":"HandOfGreed","floor":1,"key":"SMITH"},{"floor":6,"key":"REST"},{"floor":12,"key":"REST"},{"data":"hexamod:ForkedFlame","floor":18,"key":"SMITH"}],"circlet_count":0,"master_deck":["hexamod:Strike","hexamod:Strike","hexamod:Strike","hexamod:Strike","hexamod:Defend","hexamod:Defend","hexamod:Defend","hexamod:Defend","hexamod:Sear","HandOfGreed+1","hexamod:RainOfEmbers","Survivor","hexamod:ThirdSeal","hexamod:FlamesFromBeyond","hexamod:EmpoweredFlame","hexamod:ForkedFlame+1","hexamod:FlamesFromBeyond","hexamod:Incineration","hexamod:GiftsFromTheDead","hexamod:FourthSeal","hexamod:FirstSeal","hexamod:SpectersWail+1","hexamod:FourthSeal","hexamod:SecondSeal"],"relics":["m_HexaRing","reliquary:RoseTintedGlasses","reliquary:OuijaBoard","Kunai","Replay:Bandana","Blood Vial","Lee\u0027s Waffle","reliquary:WeakTea","Black Star","reliquary:IridiumChain","reliquary:NewFriend"],"acts_visited":["Exordium","TheCity"],"potions_floor_usage":[16,22,23,23,26],"damage_taken":[{"damage":2,"enemies":"Jaw Worm","floor":2,"turns":3},{"damage":7,"enemies":"Small Slimes","floor":3,"turns":2},{"damage":16,"enemies":"Gremlin Nob","floor":8,"turns":3},{"damage":0,"enemies":"2 Louse","floor":9,"turns":2},{"damage":31,"enemies":"3 Sentries","floor":10,"turns":7},{"damage":0,"enemies":"downfall:FleeingMerchant","floor":13,"turns":4},{"damage":7,"enemies":"Lagavulin","floor":14,"turns":3},{"damage":0,"enemies":"Gremlin Gang","floor":15,"turns":4},{"damage":39,"enemies":"WA_ARCHETYPE_RETAIN","floor":16,"turns":5},{"damage":18,"enemies":"Spheric Guardian","floor":19,"turns":4},{"damage":9,"enemies":"downfall:FleeingMerchant","floor":21,"turns":4},{"damage":24,"enemies":"Shell Parasite","floor":22,"turns":5},{"damage":21,"enemies":"Centurion and Healer","floor":23,"turns":5},{"damage":35,"enemies":"Shelled Parasite and Fungi","floor":26,"turns":2}],"seed_played":"-4125149261298874615","potions_obtained":[{"floor":8,"key":"AttackPotion"},{"floor":10,"key":"Explosive Potion"},{"floor":19,"key":"hexamod:SoulburnPotion"},{"floor":22,"key":"bronze:BurnAndBuffPotion"},{"floor":22,"key":"LiquidMemories"},{"floor":23,"key":"Death Potion"},{"floor":23,"key":"Guardian:BlockOnCardUsePotion"}],"is_trial":false,"path_per_floor":["R","M","M","?","?","R","T","E","M","E","T","R","$","E","M","B",null,"R","M","?","$","M","M","T","?","M"],"character_chosen":"THE_SPIRIT","items_purchased":["Blood Vial","Lee\u0027s Waffle","reliquary:IridiumChain"],"campfire_rested":2,"item_purchase_floors":[13,13,21],"current_hp_per_floor":[63,61,54,54,54,70,70,54,54,23,23,44,77,70,72,35,67,67,51,51,44,22,17,17,17,0,0,0],"gold":147,"neow_bonus":"RANDOM_COLORLESS_2","is_daily":false,"chose_seed":false,"campfire_upgraded":2,"win_rate":0.0,"timestamp":1614030903,"path_taken":["R","M","M","?","?","R","T","E","M","E","?","R","?","E","M","BOSS","R","M","?","$","M","?","T","?","M"],"items_purchased_type":["Relic","Relic","Relic"],"build_version":"2020-12-22","purchased_purges":0,"victory":false,"max_hp_per_floor":[70,70,70,70,70,70,70,70,70,70,70,70,77,77,77,77,77,77,77,77,77,77,77,77,77,77,77,77],"card_choices":[{"not_picked":["ReplayTheSpireMod:Brewmster","Secret Weapon"],"picked":"HandOfGreed","floor":0},{"not_picked":["hexamod:SpectralAdrenaline","hexamod:ShieldOfDarkness","hexamod:NecessarySacrifice"],"picked":"SKIP","floor":2},{"not_picked":["hexamod:NightmareStrike","hexamod:HeatMetal"],"picked":"hexamod:RainOfEmbers","floor":3},{"not_picked":["hexamod:InspiringFlames","hexamod:Haunt"],"picked":"hexamod:ThirdSeal","floor":8},{"not_picked":["hexamod:FastForward","hexamod:ThermalTransfer"],"picked":"hexamod:FlamesFromBeyond","floor":9},{"not_picked":["hexamod:GhostOfSpireFuture","hexamod:NightmareStrike","hexamod:BacktrackSmack"],"picked":"SKIP","floor":9},{"not_picked":["hexamod:DynamicBlow","hexamod:RetreatToShadows"],"picked":"hexamod:EmpoweredFlame","floor":10},{"not_picked":["hexamod:RainOfEmbers","hexamod:FlamesFromBeyond"],"picked":"hexamod:ForkedFlame","floor":10},{"not_picked":["hexamod:DynamicBlow","hexamod:PhantomFireball","hexamod:CatchUp"],"picked":"SKIP","floor":13},{"not_picked":["hexamod:NightmareGuise","hexamod:ShieldOfDarkness"],"picked":"hexamod:FlamesFromBeyond","floor":14},{"not_picked":["hexamod:Hexaguard","Bane"],"picked":"hexamod:Incineration","floor":15},{"not_picked":["hexamod:TimeWarp","hexamod:TimeOfNeed"],"picked":"hexamod:GiftsFromTheDead","floor":16},{"not_picked":["hexamod:BacktrackSmack","hexamod:PhantomCloak","hexamod:NecessarySacrifice"],"picked":"SKIP","floor":19},{"not_picked":["hexamod:GhostOfSpireFuture","hexamod:SwordOfDarkness"],"picked":"hexamod:FourthSeal","floor":21},{"not_picked":["hexamod:InspiringFlames","hexamod:HeatMetal","hexamod:BurningTouch"],"picked":"SKIP","floor":21},{"not_picked":["hexamod:Hexaguard","hexamod:HauntingEcho"],"picked":"hexamod:FirstSeal","floor":22},{"not_picked":["hexamod:BacktrackSmack","hexamod:ThermalTransfer+1"],"picked":"hexamod:SpectersWail+1","floor":23}],"player_experience":542698,"relics_obtained":[{"floor":7,"key":"reliquary:RoseTintedGlasses"},{"floor":8,"key":"reliquary:OuijaBoard"},{"floor":10,"key":"Kunai"},{"floor":11,"key":"Replay:Bandana"},{"floor":14,"key":"reliquary:WeakTea"},{"floor":24,"key":"reliquary:NewFriend"}],"event_choices":[],"is_beta":false,"boss_relics":[{"not_picked":["Runic Dome","Honey Jar"],"picked":"Black Star"}],"items_purged_floors":[],"is_endless":false,"potions_floor_spawned":[8,10,19,22,23],"killed_by":"Shelled Parasite and Fungi","ascension_level":7}}