{"host":"8is2j71l4wmybkoi","time":1614013453,"event":{"mods":["AchievementEnabler","BaseMod","Colored Map","DeckTracker","Minty Spire (QoL Compilation)","Rare Cards Sparkle","Relic Stats","StSLib","SuperFastMode"],"gold_per_floor":[119,119,133,133,152,152,185,185,185,216,216,251,0,10,10,86,86,102,102,113,123,123,123,137,171,171,171,205,11,23,54,54,54,54],"floor_reached":33,"language":"KOR","playtime":1175,"items_purged":["Strike_G"],"score":609,"play_id":"2442c231-c7ae-4996-9c6a-1a0bd856f0bc","local_time":"20210223020413","is_ascension_mode":true,"campfire_choices":[{"data":"Venomology","floor":6.0,"key":"SMITH"},{"floor":8.0,"key":"REST"},{"floor":11.0,"key":"REST"},{"data":"Neutralize","floor":15.0,"key":"SMITH"},{"floor":23.0,"key":"REST"},{"data":"Phantasmal Killer","floor":32,"key":"SMITH"}],"circlet_count":0,"master_deck":["AscendersBane","Strike_G","Strike_G","Strike_G+1","Defend_G","Defend_G+1","Defend_G","Defend_G","Survivor","Neutralize+1","Night Terror","Flying Knee","Backstab","Venomology+1","Caltrops","Reflex","Acrobatics","Blade Dance","Accuracy","Dodge and Roll","Burst","Blade Dance","Well Laid Plans","Blade Dance","PiercingWail","Accuracy","Phantasmal Killer+1","Tactician"],"relics":["Ring of the Snake","The Specimen","StrikeDummy","Gremlin Horn","MealTicket","Membership Card","WristBlade","Bag of Marbles","Vajra","Tough Bandages","CeramicFish"],"acts_visited":["Exordium","TheCity"],"potions_floor_usage":[31,31,33,33,33],"damage_taken":[{"damage":0.0,"enemies":"2 Louse","floor":1.0,"turns":3.0},{"damage":0.0,"enemies":"Cultist","floor":3.0,"turns":4.0},{"damage":0.0,"enemies":"Small Slimes","floor":5.0,"turns":3.0},{"damage":26.0,"enemies":"3 Sentries","floor":7.0,"turns":11.0},{"damage":9.0,"enemies":"Lagavulin","floor":10.0,"turns":7.0},{"damage":14.0,"enemies":"Gremlin Nob","floor":12.0,"turns":4.0},{"damage":0.0,"enemies":"Exordium Thugs","floor":14.0,"turns":3.0},{"damage":5.0,"enemies":"The Guardian","floor":16.0,"turns":13.0},{"damage":5.0,"enemies":"Chosen","floor":18.0,"turns":4.0},{"damage":13.0,"enemies":"3 Byrds","floor":20.0,"turns":4.0},{"damage":17.0,"enemies":"Shelled Parasite and Fungi","floor":21.0,"turns":5.0},{"damage":6.0,"enemies":"Centurion and Healer","floor":24.0,"turns":4.0},{"damage":7.0,"enemies":"Slavers","floor":25.0,"turns":3.0},{"damage":4.0,"enemies":"Gremlin Leader","floor":28.0,"turns":4.0},{"damage":0.0,"enemies":"Snake Plant","floor":30.0,"turns":2.0},{"damage":0,"enemies":"Book of Stabbing","floor":31,"turns":4},{"damage":45,"enemies":"Automaton","floor":33,"turns":6}],"seed_played":"2212734179682964588","potions_obtained":[{"floor":7.0,"key":"ColorlessPotion"},{"floor":10.0,"key":"SteroidPotion"},{"floor":12.0,"key":"Poison Potion"},{"floor":21.0,"key":"Weak Potion"},{"floor":28.0,"key":"PowerPotion"},{"floor":30,"key":"Dexterity Potion"},{"floor":31,"key":"Explosive Potion"}],"is_trial":false,"path_per_floor":["M","?","M","?","M","R","E","R","T","E","R","E","$","M","R","B",null,"M","?","M","M","?","R","M","E","T","?","E","$","M","E","R","B"],"character_chosen":"THE_SILENT","items_purchased":["Membership Card","Blade Dance","Accuracy","Tough Bandages","Tactician"],"campfire_rested":3,"item_purchase_floors":[13,13,13,29,29],"current_hp_per_floor":[59,39,39,39,39,39,13,32,32,23,42,28,43,43,43,38,59,54,54,41,24,24,43,37,30,30,30,26,41,41,41,41,0,0],"gold":54,"neow_bonus":"ONE_RANDOM_RARE_CARD","is_daily":false,"chose_seed":false,"campfire_upgraded":3,"win_rate":0.0,"timestamp":1614013453,"path_taken":["M","?","M","?","M","R","E","R","T","E","R","E","$","M","R","BOSS","M","?","M","M","?","R","M","E","T","?","E","$","?","E","R","BOSS"],"items_purchased_type":["Relic","Card","Card","Relic","Card"],"build_version":"2020-12-22","purchased_purges":1,"victory":false,"max_hp_per_floor":[66,66,66,66,66,66,66,66,66,66,66,66,66,66,66,66,66,66,66,66,66,66,66,66,66,66,66,66,66,66,66,66,66,66],"relic_stats":{"Tough Bandages":[18],"Gremlin Horn":[12,12],"counters":[17,84],"CeramicFish":0,"MealTicket":30,"obtain_stats":[{"Tough Bandages":29,"The Specimen":7,"Gremlin Horn":10,"WristBlade":17,"CeramicFish":31,"Vajra":28,"MealTicket":12,"Bag of Marbles":25,"Membership Card":13,"StrikeDummy":9,"Ring of the Snake":0},{"Tough Bandages":14,"The Specimen":4,"Gremlin Horn":5,"WristBlade":8,"CeramicFish":16,"Vajra":14,"MealTicket":6,"Bag of Marbles":13,"Membership Card":6,"StrikeDummy":4,"Ring of the Snake":0},{"Tough Bandages":72,"The Specimen":21,"Gremlin Horn":28,"WristBlade":48,"CeramicFish":78,"Vajra":72,"MealTicket":32,"Bag of Marbles":68,"Membership Card":32,"StrikeDummy":21,"Ring of the Snake":0}],"Ring of the Snake":[34]},"card_choices":[{"not_picked":["Acrobatics","Dagger Throw"],"picked":"Flying Knee","floor":1.0},{"not_picked":["Well Laid Plans","Flying Knee"],"picked":"Backstab","floor":3.0},{"not_picked":["Flying Knee","Finisher"],"picked":"Caltrops","floor":5.0},{"not_picked":["Reflex","Bane","Flying Knee"],"picked":"SKIP","floor":7.0},{"not_picked":["Bullet Time","Prepared"],"picked":"Reflex","floor":10.0},{"not_picked":["Terror","Quick Slash"],"picked":"Acrobatics","floor":12.0},{"not_picked":["PiercingWail","Distraction"],"picked":"Dodge and Roll","floor":14.0},{"not_picked":["Venomology","Die Die Die"],"picked":"Burst","floor":16.0},{"not_picked":["Dagger Spray+1","Footwork"],"picked":"Blade Dance","floor":18.0},{"not_picked":["Blade Dance","Endless Agony"],"picked":"Well Laid Plans","floor":20.0},{"not_picked":["Grand Finale","Dagger Throw"],"picked":"Blade Dance","floor":21.0},{"not_picked":["Acrobatics","Poisoned Stab"],"picked":"PiercingWail","floor":24.0},{"not_picked":["Blade Dance","Deadly Poison"],"picked":"Accuracy","floor":25.0},{"not_picked":["Deflect","Acrobatics","PiercingWail"],"picked":"SKIP","floor":28.0},{"not_picked":["PiercingWail","Caltrops+1","Slice"],"picked":"SKIP","floor":30},{"not_picked":["Flechettes","Sucker Punch","Deflect"],"picked":"SKIP","floor":31}],"player_experience":1302837,"relics_obtained":[{"floor":7.0,"key":"The Specimen"},{"floor":9.0,"key":"StrikeDummy"},{"floor":10.0,"key":"Gremlin Horn"},{"floor":12.0,"key":"MealTicket"},{"floor":25.0,"key":"Bag of Marbles"},{"floor":28.0,"key":"Vajra"},{"floor":31,"key":"CeramicFish"}],"event_choices":[{"damage_healed":0.0,"max_hp_gain":0.0,"max_hp_loss":0.0,"gold_gain":0.0,"event_name":"Shining Light","player_choice":"Entered Light","floor":2.0,"gold_loss":0.0,"damage_taken":20.0,"cards_upgraded":["Defend_G","Strike_G"]},{"damage_healed":0.0,"max_hp_gain":0.0,"max_hp_loss":0.0,"gold_gain":0.0,"cards_transformed":["Strike_G"],"event_name":"Transmorgrifier","player_choice":"Transformed","floor":4.0,"gold_loss":0.0,"damage_taken":0.0,"cards_obtained":["Venomology"]},{"damage_healed":0.0,"max_hp_gain":0.0,"max_hp_loss":0.0,"gold_gain":0.0,"event_name":"Ghosts","player_choice":"Ignored","floor":19.0,"gold_loss":0.0,"damage_taken":0.0},{"damage_healed":0.0,"max_hp_gain":0.0,"max_hp_loss":0.0,"gold_gain":0.0,"event_name":"Vampires","player_choice":"Ignored","floor":22.0,"gold_loss":0.0,"damage_taken":0.0},{"damage_healed":0.0,"max_hp_gain":0.0,"max_hp_loss":0.0,"gold_gain":0.0,"cards_transformed":["Defend_G"],"event_name":"Transmorgrifier","player_choice":"Transformed","floor":27.0,"gold_loss":0.0,"damage_taken":0.0,"cards_obtained":["Phantasmal Killer"]}],"is_beta":false,"boss_relics":[{"not_picked":["Busted Crown","Ring of the Serpent"],"picked":"WristBlade"}],"items_purged_floors":[13],"is_endless":false,"potions_floor_spawned":[7,10,12,21,28,30,31],"killed_by":"Automaton","ascension_level":15}}