{"host":"sav7uxregyirlf69","time":1614007919,"event":{"mods":["AchievementEnabler","BaseMod","Colored Map","DeckTracker","Keyboard Shortcuts","Minty Spire (QoL Compilation)","READ ME - Guardian Mod","StSLib","SuperFastMode"],"gold_per_floor":[119,44,44,44,64,90,106,106,161,161,174,193,193,211,211,211,211],"floor_reached":16,"language":"KOR","playtime":176,"items_purged":[],"score":254,"play_id":"ec94a768-0c1d-4ed3-858c-9898c382394d","local_time":"20210223003159","is_ascension_mode":true,"campfire_choices":[{"data":"Crippling Poison","floor":8,"key":"SMITH"},{"floor":10,"key":"REST"},{"data":"Dagger Spray","floor":15,"key":"SMITH"}],"circlet_count":0,"master_deck":["AscendersBane","Strike_G","Strike_G","Strike_G","Strike_G+1","Strike_G","Defend_G","Defend_G","Defend_G","Defend_G","Survivor","Neutralize+1","Dagger Throw","Crippling Poison+1","Infinite Blades","Bouncing Flask","Flying Knee","Dagger Spray+1"],"relics":["Ring of the Snake","NeowsBlessing","Smiling Mask","Oddly Smooth Stone"],"acts_visited":["Exordium"],"potions_floor_usage":[14,16],"damage_taken":[{"damage":0,"enemies":"Small Slimes","floor":1,"turns":1},{"damage":0,"enemies":"Jaw Worm","floor":5,"turns":1},{"damage":0,"enemies":"Lagavulin","floor":6,"turns":1},{"damage":0,"enemies":"2 Louse","floor":7,"turns":4},{"damage":2,"enemies":"Looter","floor":11,"turns":3},{"damage":0,"enemies":"2 Fungi Beasts","floor":12,"turns":3},{"damage":3,"enemies":"Gremlin Gang","floor":14,"turns":3},{"damage":54,"enemies":"Slime Boss","floor":16,"turns":8}],"seed_played":"-4373588785833396069","potions_obtained":[{"floor":5,"key":"LiquidMemories"},{"floor":7,"key":"SkillPotion"}],"is_trial":false,"path_per_floor":["M","?","$","?","M","E","M","R","T","R","M","M","?","M","R","B"],"character_chosen":"THE_SILENT","items_purchased":[],"campfire_rested":1,"item_purchase_floors":[],"current_hp_per_floor":[59,59,59,39,39,39,39,39,39,58,56,56,61,58,58,4,4],"gold":211,"neow_bonus":"THREE_ENEMY_KILL","is_daily":false,"chose_seed":false,"campfire_upgraded":2,"win_rate":0.0,"timestamp":1614007919,"path_taken":["M","?","$","?","?","E","M","R","T","R","M","M","?","M","R","BOSS"],"items_purchased_type":[],"build_version":"2020-12-22","purchased_purges":0,"victory":false,"max_hp_per_floor":[66,66,66,66,66,66,66,66,66,66,66,66,71,71,71,71,71],"card_choices":[{"not_picked":["Accuracy","Flying Knee"],"picked":"Dagger Throw","floor":1},{"not_picked":["Quick Slash","Backflip"],"picked":"Crippling Poison","floor":5},{"not_picked":["Prepared","Deflect","Riddle With Holes"],"picked":"SKIP","floor":6},{"not_picked":["Deadly Poison","Dagger Throw"],"picked":"Infinite Blades","floor":7},{"not_picked":["Skewer","Outmaneuver"],"picked":"Bouncing Flask","floor":11},{"not_picked":["Predator","Backflip"],"picked":"Flying Knee","floor":12},{"not_picked":["Bane","Dodge and Roll"],"picked":"Dagger Spray","floor":14}],"player_experience":1652036,"relics_obtained":[{"floor":6,"key":"Smiling Mask"},{"floor":9,"key":"Oddly Smooth Stone"}],"event_choices":[{"cards_removed":["Defend_G"],"damage_healed":0,"gold_gain":0,"player_choice":"Card Removal","damage_taken":0,"max_hp_gain":0,"max_hp_loss":0,"event_name":"The Cleric","floor":2,"gold_loss":75},{"damage_healed":0,"gold_gain":0,"player_choice":"Entered Light","damage_taken":20,"max_hp_gain":0,"max_hp_loss":0,"event_name":"Shining Light","floor":4,"gold_loss":0,"cards_upgraded":["Strike_G","Neutralize"]},{"damage_healed":0,"gold_gain":0,"player_choice":"Donut","damage_taken":0,"max_hp_gain":5,"max_hp_loss":0,"event_name":"Big Fish","floor":13,"gold_loss":0}],"is_beta":false,"boss_relics":[],"items_purged_floors":[],"is_endless":false,"potions_floor_spawned":[5,7],"killed_by":"Slime Boss","ascension_level":20}}