{"host":"dztixnx9b0gu6w9i","time":1614034132,"event":{"mods":["BaseMod","Bestiary","Minty Spire (QoL Compilation)","Relic Stats","Slay the Relics Exporter","SpireBot","ojb\u0027s Better Paths Mod","ojb\u0027s Info Mod"],"gold_per_floor":[111,122,122,122,137,137,168,180,246,288,311,341,365,397,409,492,504,531,543,555,579,591,603,233,248,248,198,198,210,235,245,245,321,321,332,74,99,112,112,112,137,137,162,176,186,204,221,239,239,239,239,239,239,14,45,45],"floor_reached":57,"language":"ENG","playtime":8613,"items_purged":["Decay","Writhe"],"score":2657,"play_id":"f27e7e56-3730-4528-9867-633cafbbbeaf","local_time":"20210222174852","is_ascension_mode":true,"campfire_choices":[{"data":"Berserk","floor":6,"key":"SMITH"},{"data":"Rage","floor":8,"key":"SMITH"},{"data":"Uppercut","floor":15,"key":"SMITH"},{"data":"Exhume","floor":23,"key":"SMITH"},{"data":"Rage","floor":28,"key":"SMITH"},{"data":"Barricade","floor":32,"key":"SMITH"},{"data":"Demon Form","floor":40,"key":"SMITH"},{"data":"Entrench","floor":42,"key":"SMITH"},{"floor":49,"key":"RECALL"},{"data":"Feel No Pain","floor":53,"key":"SMITH"}],"circlet_count":0,"master_deck":["AscendersBane","Bash","Berserk+1","Heavy Blade","Anger","Clothesline","Rage+1","Dropkick","Uppercut+1","Impervious","Shockwave","Metallicize","Feed","Cleave","Spot Weakness","Demon Form+1","Exhume+1","Sentinel","Entrench+1","Shrug It Off","Searing Blow","Disarm+1","Battle Trance","Feel No Pain+1","Shrug It Off","Rage+1","Twin Strike","Power Through+1","Barricade+1","Offering","Ghostly Armor","Impervious","Headbutt","Dark Embrace+1","Corruption","Pommel Strike+1","Heavy Blade","Second Wind"],"relics":["Burning Blood","MawBank","War Paint","Vajra","Odd Mushroom","Pandora\u0027s Box","White Beast Statue","Bag of Preparation","Gremlin Horn","Regal Pillow","Velvet Choker","Toolbox","Thread and Needle","Ornamental Fan","Centennial Puzzle","OrangePellets","Pen Nib"],"acts_visited":["Exordium","TheCity","TheBeyond","TheEnding"],"potions_floor_usage":[7,10,18,25,30,30,38,41,41,44,55,56,56],"damage_taken":[{"damage":14,"enemies":"2 Louse","floor":1,"turns":3},{"damage":1,"enemies":"Cultist","floor":2,"turns":3},{"damage":2,"enemies":"Jaw Worm","floor":5,"turns":3},{"damage":15,"enemies":"Lagavulin","floor":7,"turns":5},{"damage":8,"enemies":"Gremlin Nob","floor":10,"turns":3},{"damage":10,"enemies":"Large Slime","floor":11,"turns":6},{"damage":10,"enemies":"2 Fungi Beasts","floor":12,"turns":3},{"damage":3,"enemies":"3 Louse","floor":13,"turns":4},{"damage":5,"enemies":"The Mushroom Lair","floor":14,"turns":5},{"damage":27,"enemies":"Hexaghost","floor":16,"turns":10},{"damage":14,"enemies":"Chosen","floor":18,"turns":5},{"damage":6,"enemies":"Shell Parasite","floor":21,"turns":6},{"damage":7,"enemies":"Snake Plant","floor":25,"turns":4},{"damage":10,"enemies":"Snecko","floor":29,"turns":6},{"damage":3,"enemies":"Gremlin Leader","floor":30,"turns":8},{"damage":7,"enemies":"Centurion and Healer","floor":31,"turns":8},{"damage":19,"enemies":"Collector","floor":33,"turns":14},{"damage":4,"enemies":"3 Shapes","floor":35,"turns":10},{"damage":6,"enemies":"Mind Bloom Boss Battle","floor":37,"turns":8},{"damage":6,"enemies":"Orb Walker","floor":38,"turns":7},{"damage":11,"enemies":"Reptomancer","floor":41,"turns":11},{"damage":4,"enemies":"Writhing Mass","floor":44,"turns":13},{"damage":1,"enemies":"4 Shapes","floor":45,"turns":9},{"damage":7,"enemies":"Spire Growth","floor":46,"turns":7},{"damage":9,"enemies":"3 Darklings","floor":47,"turns":6},{"damage":6,"enemies":"Sphere and 2 Shapes","floor":48,"turns":8},{"damage":10,"enemies":"Time Eater","floor":50,"turns":20},{"damage":24,"enemies":"Awakened One","floor":51,"turns":19},{"damage":70,"enemies":"Shield and Spear","floor":55,"turns":10},{"damage":14,"enemies":"The Heart","floor":56,"turns":11}],"seed_played":"-7269705187120303459","potions_obtained":[{"floor":2,"key":"EssenceOfSteel"},{"floor":4,"key":"CultistPotion"},{"floor":7,"key":"SteroidPotion"},{"floor":11,"key":"DistilledChaos"},{"floor":16,"key":"ColorlessPotion"},{"floor":25,"key":"SteroidPotion"},{"floor":29,"key":"Regen Potion"},{"floor":30,"key":"SpeedPotion"},{"floor":31,"key":"Fire Potion"},{"floor":33,"key":"SkillPotion"},{"floor":37,"key":"Swift Potion"},{"floor":38,"key":"SteroidPotion"},{"floor":41,"key":"Fire Potion"},{"floor":44,"key":"EssenceOfSteel"},{"floor":45,"key":"LiquidMemories"},{"floor":48,"key":"HeartOfIron"},{"floor":55,"key":"Weak Potion"}],"is_trial":false,"path_per_floor":["M","M","?","?","M","R","E","R","T","E","M","M","M","?","R","B",null,"M","?","?","M","?","R","$","M","T","?","R","M","E","M","R","B",null,"M","$","?","M","T","R","E","R","T","M","M","M","M","M","R","B","B",null,"R","$","E","B",null],"character_chosen":"IRONCLAD","items_purchased":["Bag of Preparation","Feel No Pain","Shrug It Off","Toolbox","OrangePellets","Heavy Blade"],"campfire_rested":0,"item_purchase_floors":[24,24,24,36,54,54],"current_hp_per_floor":[60,65,65,65,68,68,59,59,59,57,53,49,52,53,53,32,59,51,51,51,54,54,54,54,56,56,56,56,52,70,72,72,62,76,84,84,87,90,90,90,88,88,88,93,104,106,106,112,112,112,100,120,120,120,59,51],"gold":45,"neow_bonus":"THREE_RARE_CARDS","is_daily":false,"chose_seed":false,"campfire_upgraded":9,"win_rate":0.0,"timestamp":1614034132,"path_taken":["M","M","?","?","M","R","E","R","T","E","M","?","M","?","R","BOSS","M","?","?","M","?","R","$","M","T","?","R","M","E","M","R","BOSS","M","$","?","M","?","R","E","R","T","M","?","M","M","M","R","BOSS","BOSS","R","$","E","BOSS"],"items_purchased_type":["Relic","Card","Card","Relic","Relic","Card"],"build_version":"2020-12-22","purchased_purges":2,"victory":true,"max_hp_per_floor":[68,68,68,68,68,68,68,68,68,68,68,68,68,68,68,68,68,68,68,68,71,71,71,71,74,74,74,74,74,74,77,77,80,80,86,86,89,92,92,92,95,95,95,98,104,107,110,116,116,120,126,126,126,126,129,129],"relic_stats":{"Regal Pillow":0,"Gremlin Horn":[40,42],"counters":[30,235],"Pen Nib":[1],"Bag of Preparation":[36],"War Paint":["Defend_R","Defend_R"],"MawBank":204,"Burning Blood":179,"OrangePellets":[3],"Centennial Puzzle":[27],"Ornamental Fan":[60],"Pandora\u0027s Box":["Cleave","Spot Weakness","Demon Form","Exhume","Sentinel","Entrench","Shrug It Off","Searing Blow","Disarm"],"obtain_stats":[{"Regal Pillow":30,"Gremlin Horn":26,"Vajra":10,"Velvet Choker":34,"Thread and Needle":37,"Pen Nib":55,"Bag of Preparation":24,"War Paint":9,"Odd Mushroom":14,"MawBank":7,"Burning Blood":0,"White Beast Statue":22,"OrangePellets":54,"Centennial Puzzle":43,"Ornamental Fan":41,"Toolbox":36,"Pandora\u0027s Box":17},{"Regal Pillow":15,"Gremlin Horn":13,"Vajra":5,"Velvet Choker":17,"Thread and Needle":19,"Pen Nib":29,"Bag of Preparation":12,"War Paint":4,"Odd Mushroom":9,"MawBank":4,"Burning Blood":0,"White Beast Statue":12,"OrangePellets":28,"Centennial Puzzle":21,"Ornamental Fan":21,"Toolbox":18,"Pandora\u0027s Box":10},{"Regal Pillow":74,"Gremlin Horn":60,"Vajra":17,"Velvet Choker":96,"Thread and Needle":114,"Pen Nib":224,"Bag of Preparation":56,"War Paint":14,"Odd Mushroom":35,"MawBank":14,"Burning Blood":0,"White Beast Statue":56,"OrangePellets":214,"Centennial Puzzle":132,"Ornamental Fan":132,"Toolbox":106,"Pandora\u0027s Box":45}]},"card_choices":[{"not_picked":["Limit Break","Barricade"],"picked":"Berserk","floor":0},{"not_picked":["Body Slam","Flex"],"picked":"Heavy Blade","floor":1},{"not_picked":["Evolve","Heavy Blade"],"picked":"Anger","floor":2},{"not_picked":["Heavy Blade","Cleave"],"picked":"Clothesline","floor":5},{"not_picked":["Iron Wave","True Grit"],"picked":"Rage","floor":7},{"not_picked":["Cleave","Anger"],"picked":"Dropkick","floor":10},{"not_picked":["Clothesline","Headbutt"],"picked":"Uppercut","floor":11},{"not_picked":["Havoc","Cleave"],"picked":"Impervious","floor":12},{"not_picked":["Intimidate","Combust"],"picked":"Shockwave","floor":13},{"not_picked":["True Grit","Flex"],"picked":"Metallicize","floor":14},{"not_picked":["Immolate","Fiend Fire"],"picked":"Feed","floor":16},{"not_picked":["Headbutt","Rupture","Havoc"],"picked":"SKIP","floor":18},{"not_picked":["Shrug It Off","Carnage"],"picked":"Battle Trance","floor":21},{"not_picked":["True Grit","Intimidate"],"picked":"Rage","floor":25},{"not_picked":["Clothesline","True Grit"],"picked":"Twin Strike","floor":29},{"not_picked":["Wild Strike","Reckless Charge"],"picked":"Power Through+1","floor":30},{"not_picked":["Power Through","Carnage"],"picked":"Barricade","floor":31},{"not_picked":["Immolate","Fiend Fire"],"picked":"Offering","floor":33},{"not_picked":["Anger+1","Flex"],"picked":"Ghostly Armor","floor":35},{"not_picked":["Clash","Anger"],"picked":"Impervious","floor":38},{"not_picked":["Anger","Thunderclap"],"picked":"Headbutt","floor":41},{"not_picked":["Cleave+1","Metallicize+1"],"picked":"Dark Embrace+1","floor":44},{"not_picked":["True Grit","Dropkick+1"],"picked":"Corruption","floor":45},{"not_picked":["Rage","Armaments","Reckless Charge"],"picked":"SKIP","floor":46},{"not_picked":["Anger","Havoc","Warcry"],"picked":"SKIP","floor":47},{"not_picked":["Flex","Blood for Blood"],"picked":"Pommel Strike+1","floor":48},{"not_picked":["Sword Boomerang+1","Searing Blow"],"picked":"Second Wind","floor":55}],"player_experience":8777752,"relics_obtained":[{"floor":7,"key":"MawBank"},{"floor":9,"key":"War Paint"},{"floor":10,"key":"Vajra"},{"floor":14,"key":"Odd Mushroom"},{"floor":26,"key":"Gremlin Horn"},{"floor":30,"key":"Regal Pillow"},{"floor":37,"key":"Thread and Needle"},{"floor":41,"key":"Ornamental Fan"},{"floor":43,"key":"Centennial Puzzle"},{"floor":55,"key":"Pen Nib"}],"event_choices":[{"damage_healed":0,"gold_gain":0,"player_choice":"Ignored","damage_taken":0,"max_hp_gain":0,"max_hp_loss":0,"event_name":"Liars Game","floor":3,"gold_loss":0},{"damage_healed":0,"gold_gain":0,"player_choice":"Got Potions","damage_taken":0,"max_hp_gain":0,"max_hp_loss":0,"event_name":"Lab","floor":4,"gold_loss":0},{"damage_healed":0,"gold_gain":0,"player_choice":"Fought Mushrooms","damage_taken":0,"max_hp_gain":0,"max_hp_loss":0,"event_name":"Mushrooms","floor":14,"gold_loss":0},{"damage_healed":0,"gold_gain":0,"player_choice":"Ignored","damage_taken":0,"max_hp_gain":0,"max_hp_loss":0,"event_name":"Vampires","floor":19,"gold_loss":0},{"damage_healed":0,"gold_gain":0,"player_choice":"Smashed Altar","damage_taken":0,"max_hp_gain":0,"max_hp_loss":0,"event_name":"Forgotten Altar","floor":20,"gold_loss":0,"cards_obtained":["Decay"]},{"damage_healed":0,"gold_gain":0,"player_choice":"Opened","damage_taken":0,"relics_obtained":["White Beast Statue"],"max_hp_gain":0,"max_hp_loss":0,"event_name":"The Mausoleum","floor":22,"gold_loss":0,"cards_obtained":["Writhe"]},{"damage_healed":0,"gold_gain":0,"player_choice":"Upgrade","damage_taken":0,"max_hp_gain":0,"max_hp_loss":0,"event_name":"Designer","floor":27,"gold_loss":50,"cards_upgraded":["Disarm"]},{"damage_healed":0,"gold_gain":0,"player_choice":"Fight","damage_taken":0,"max_hp_gain":0,"max_hp_loss":0,"event_name":"MindBloom","floor":37,"gold_loss":0}],"is_beta":false,"boss_relics":[{"not_picked":["SlaversCollar","Empty Cage"],"picked":"Pandora\u0027s Box"},{"not_picked":["Busted Crown","Runic Cube"],"picked":"Velvet Choker"}],"items_purged_floors":[24,36],"is_endless":false,"potions_floor_spawned":[2,7,11,16,25,29,30,31,33,35,37,38,41,44,45,46,47,48,55],"ascension_level":20}}