{"host":"6ggzka4dag2kvku2","time":1614007343,"event":{"mods":["AchievementEnabler","BaseMod","DeckTracker","Minty Spire (QoL Compilation)","Permanent Neow","Quick Restart","SuperFastMode"],"gold_per_floor":[113,132,132,152,164,164,197,217,243,243,302,314,343,94,94,194,194,205,10,23,23,23,23,23],"floor_reached":23,"language":"KOR","playtime":861,"items_purged":["Strike_B"],"score":229,"play_id":"6a2370d8-ba40-46c7-9ff4-92eaf214463d","local_time":"20210223002223","is_ascension_mode":true,"campfire_choices":[{"data":"Genetic Algorithm","floor":6,"key":"SMITH"},{"floor":10,"key":"REST"},{"data":"Dualcast","floor":12,"key":"SMITH"},{"data":"Loop","floor":15,"key":"SMITH"}],"circlet_count":0,"master_deck":["Strike_B","Strike_B","Strike_B","Defend_B","Defend_B","Defend_B","Defend_B","Zap","Dualcast+1","CurseOfTheBell","Fusion+1","Genetic Algorithm+1","Static Discharge","Coolheaded","Conserve Battery","Core Surge","Aggregate","Redo","Double Energy","Loop+1","Electrodynamics","White Noise","Dramatic Entrance","Self Repair","Cold Snap+1"],"relics":["Calling Bell","Orichalcum","Letter Opener","Gambling Chip","Boot","Regal Pillow","MawBank","ClockworkSouvenir","Inserter","Potion Belt"],"acts_visited":["Exordium","TheCity"],"potions_floor_usage":[7,11,16,16],"damage_taken":[{"damage":0,"enemies":"Cultist","floor":1,"turns":3},{"damage":6,"enemies":"Small Slimes","floor":2,"turns":4},{"damage":12,"enemies":"Jaw Worm","floor":4,"turns":5},{"damage":12,"enemies":"Blue Slaver","floor":5,"turns":5},{"damage":26,"enemies":"Gremlin Nob","floor":7,"turns":4},{"damage":13,"enemies":"Large Slime","floor":8,"turns":9},{"damage":10,"enemies":"3 Sentries","floor":11,"turns":7},{"damage":2,"enemies":"2 Fungi Beasts","floor":13,"turns":4},{"damage":30,"enemies":"The Guardian","floor":16,"turns":13},{"damage":10,"enemies":"Spheric Guardian","floor":18,"turns":4},{"damage":17,"enemies":"2 Thieves","floor":20,"turns":4},{"damage":56,"enemies":"Gremlin Leader","floor":23,"turns":5}],"seed_played":"8318427472768378637","potions_obtained":[{"floor":1,"key":"SkillPotion"},{"floor":4,"key":"BlessingOfTheForge"},{"floor":5,"key":"SpeedPotion"},{"floor":13,"key":"BlessingOfTheForge"}],"is_trial":false,"path_per_floor":["M","M","?","M","M","R","E","M","T","R","?","R","M","$","R","B",null,"M","$","M","?","?","E"],"character_chosen":"DEFECT","items_purchased":["Double Energy","ClockworkSouvenir","Loop","Dramatic Entrance","Self Repair"],"campfire_rested":1,"item_purchase_floors":[14,14,14,19,19],"current_hp_per_floor":[75,69,69,57,45,45,19,6,6,43,33,33,31,31,31,1,75,65,65,55,55,55,0,0],"gold":23,"neow_bonus":"BOSS_RELIC","is_daily":false,"chose_seed":false,"campfire_upgraded":3,"win_rate":0.0,"timestamp":1614007343,"path_taken":["M","M","?","M","M","R","E","M","T","R","?","R","M","?","R","BOSS","M","$","M","?","?","E"],"items_purchased_type":["Card","Relic","Card","Card","Card"],"build_version":"2020-12-22","purchased_purges":1,"victory":false,"max_hp_per_floor":[75,75,75,75,75,75,75,75,75,75,75,75,75,75,75,75,75,75,75,75,75,75,75,75],"card_choices":[{"not_picked":["Consume","Rebound"],"picked":"Fusion","floor":1},{"not_picked":["Undo","Stack"],"picked":"Genetic Algorithm","floor":2},{"not_picked":["Compile Driver","Steam"],"picked":"Static Discharge","floor":4},{"not_picked":["Steam","Hologram"],"picked":"Coolheaded","floor":5},{"not_picked":["Beam Cell","Steam"],"picked":"Conserve Battery","floor":7},{"not_picked":["FTL","Go for the Eyes"],"picked":"Core Surge","floor":8},{"not_picked":["Conserve Battery","Streamline"],"picked":"Aggregate","floor":11},{"not_picked":["Gash","Streamline"],"picked":"Redo","floor":13},{"not_picked":["Core Surge","Biased Cognition"],"picked":"Electrodynamics","floor":16},{"not_picked":["Hologram","Undo"],"picked":"White Noise","floor":18},{"not_picked":["Capacitor","Gash"],"picked":"Cold Snap+1","floor":20}],"player_experience":143416,"relics_obtained":[{"floor":0,"key":"Orichalcum"},{"floor":0,"key":"Letter Opener"},{"floor":0,"key":"Gambling Chip"},{"floor":7,"key":"Boot"},{"floor":9,"key":"Regal Pillow"}],"event_choices":[{"damage_healed":0,"gold_gain":0,"player_choice":"Grow","damage_taken":0,"max_hp_gain":0,"max_hp_loss":0,"event_name":"Living Wall","floor":3,"gold_loss":0,"cards_upgraded":["Fusion"]},{"damage_healed":0,"gold_gain":0,"player_choice":"Searched \u00272\u0027 times","damage_taken":0,"relics_obtained":["MawBank"],"max_hp_gain":0,"max_hp_loss":0,"event_name":"Dead Adventurer","floor":11,"gold_loss":0},{"damage_healed":0,"gold_gain":0,"player_choice":"Ignored","damage_taken":0,"max_hp_gain":0,"max_hp_loss":0,"event_name":"Vampires","floor":21,"gold_loss":0},{"damage_healed":0,"gold_gain":0,"player_choice":"Opened","damage_taken":0,"relics_obtained":["Potion Belt"],"max_hp_gain":0,"max_hp_loss":0,"event_name":"The Mausoleum","floor":22,"gold_loss":0}],"is_beta":false,"boss_relics":[{"not_picked":["Runic Pyramid","Velvet Choker"],"picked":"Inserter"}],"items_purged_floors":[19],"is_endless":false,"potions_floor_spawned":[1,4,5,13],"killed_by":"Gremlin Leader","ascension_level":4}}