{"host":"pjjzz70vl4t83ifx","time":1614038097,"event":{"mods":["AchievementEnabler","BaseMod","Card Forge","Colored Map","Colored Powertips","Highlight Path","Infinite Spire","Minty Spire (QoL Compilation)","Permanent Neow","Practice Mode","Rare Cards Sparkle","Relic Stats","StSLib","Synergy Search"],"gold_per_floor":[129,160,225,237,269,281,281],"floor_reached":6,"language":"ENG","playtime":216,"items_purged":[],"score":61,"play_id":"524368a8-dfc8-4785-b598-d89ae98547fd","local_time":"20210222155457","is_ascension_mode":true,"campfire_choices":[],"circlet_count":0,"master_deck":["AscendersBane","Strike_R","Strike_R","Strike_R","Strike_R","Strike_R","Defend_R","Defend_R","Defend_R","Defend_R","Bash","Heavy Blade","Thunderclap","Flex"],"relics":["Burning Blood","Hammer of Thor","Seething Fire","Anvil of the Gods","MawBank","Golden Idol"],"acts_visited":["Exordium"],"potions_floor_usage":[6],"damage_taken":[{"damage":9,"enemies":"Jaw Worm","floor":1,"turns":4},{"damage":11,"enemies":"2 Louse","floor":2,"turns":3},{"damage":10,"enemies":"Small Slimes","floor":5,"turns":4},{"damage":40,"enemies":"3 Sentries","floor":6,"turns":8}],"seed_played":"-7913893976124270353","potions_obtained":[{"floor":5,"key":"Fire Potion"}],"is_trial":false,"path_per_floor":["M","M","?","?","M","E"],"character_chosen":"IRONCLAD","items_purchased":[],"campfire_rested":0,"item_purchase_floors":[],"current_hp_per_floor":[65,60,60,42,38,0,0],"gold":281,"neow_bonus":"RANDOM_COMMON_RELIC","is_daily":false,"chose_seed":false,"campfire_upgraded":0,"win_rate":0.0,"timestamp":1614038097,"path_taken":["M","M","?","?","M","E"],"items_purchased_type":[],"build_version":"2020-12-22","purchased_purges":0,"victory":false,"max_hp_per_floor":[75,75,75,75,75,75,75],"relic_stats":{"counters":[4,19],"Golden Idol":4,"MawBank":72,"obtain_stats":[{"Anvil of the Gods":0,"Golden Idol":4,"Hammer of Thor":0,"Seething Fire":0,"MawBank":0,"Burning Blood":0},{"Anvil of the Gods":0,"Golden Idol":2,"Hammer of Thor":0,"Seething Fire":0,"MawBank":0,"Burning Blood":0},{"Anvil of the Gods":0,"Golden Idol":7,"Hammer of Thor":0,"Seething Fire":0,"MawBank":0,"Burning Blood":0}],"Burning Blood":18},"card_choices":[{"not_picked":["Perfected Strike","Shrug It Off"],"picked":"Heavy Blade","floor":1},{"not_picked":["Clash","Headbutt"],"picked":"Thunderclap","floor":2},{"not_picked":["Twin Strike","Disarm"],"picked":"Flex","floor":5}],"player_experience":262610,"relics_obtained":[],"event_choices":[{"damage_healed":0,"gold_gain":53,"player_choice":"Gained Gold","damage_taken":0,"max_hp_gain":0,"max_hp_loss":0,"event_name":"Golden Wing","floor":3,"gold_loss":0},{"damage_healed":0,"gold_gain":0,"player_choice":"Take Damage","damage_taken":18,"relics_obtained":["Golden Idol"],"max_hp_gain":0,"max_hp_loss":0,"event_name":"Golden Idol","floor":4,"gold_loss":0}],"is_beta":false,"boss_relics":[],"items_purged_floors":[],"is_endless":false,"potions_floor_spawned":[5],"killed_by":"3 Sentries","ascension_level":14}}