{"host":"dz37y7s0f4dytpbs","time":1614000570,"event":{"mods":["2.2 Compatiblity","AchievementEnabler","BaseMod","BetterRewards","Colored Map","Keyboard Shortcuts","Marisa£¨Ùöéë¡¡Øª×âÞÞ£©","Minty Spire (QoL Compilation)","Permanent Neow","StSLib","SuperFastMode","The Cursed","everything is the same but u backflip on backflip"],"gold_per_floor":[118,18,18,31,45,45,70,87,87,87,116,129,93,268,268,371,371,387,405,256,256,106,134,149,164,164,196,23,23,53,71,71,176,176,194,214,233,233,247,282,297,19,42,42,71,71,71,91,91,91,91,91,16,42,42],"floor_reached":56,"language":"KOR","playtime":8094,"items_purged":["TheCursedMod:Strike_TheCursed","TheCursedMod:Defend_TheCursed","Regret","TheCursedMod:Defend_TheCursed","TheCursedMod:Defend_TheCursed"],"score":1402,"play_id":"8111855e-1858-4dd9-bac2-f3dd5cd4f7c0","local_time":"20210222222930","is_ascension_mode":false,"campfire_choices":[{"data":"TheCursedMod:HellsGateOpen","floor":6.0,"key":"SMITH"},{"data":"TheCursedMod:HellfireBreathing","floor":10.0,"key":"SMITH"},{"data":"TheCursedMod:Grudge","floor":15.0,"key":"SMITH"},{"data":"TheCursedMod:ManaCirculation","floor":32.0,"key":"SMITH"},{"data":"TheCursedMod:DemonicPact","floor":44,"key":"SMITH"},{"floor":46,"key":"RECALL"},{"data":"TheCursedMod:ReleasedKnowledge","floor":49,"key":"SMITH"},{"data":"TheCursedMod:Stretching","floor":52,"key":"SMITH"}],"circlet_count":0,"master_deck":["TheCursedMod:CursedWand+1","TheCursedMod:CleanUpWorkshop","TheCursedMod:Dregs","TheCursedMod:HellfireBreathing+1","TheCursedMod:HellsGateOpen+1","TheCursedMod:RapidMovement","TheCursedMod:LuckyCharm","TheCursedMod:WearCloak","TheCursedMod:HellfireBreathing","TheCursedMod:CircleOfBlood","TheCursedMod:Grudge+1","TheCursedMod:Stretching+1","TheCursedMod:SpitefulPlan","Doubt","TheCursedMod:ManaCirculation+1","TheCursedMod:EmpowerCircles+1","TheCursedMod:CircleOfFocus+1","TheCursedMod:BloodBarrier+1","TheCursedMod:SurpriseAttack+1","TheCursedMod:LuckyCharm+1","TheCursedMod:FleshFromBone","TheCursedMod:StunningStrike+1","TheCursedMod:ReleasedKnowledge+1","TheCursedMod:Stigma+1","TheCursedMod:TroublousMinions+1","TheCursedMod:CircleOfWindfury+1","TheCursedMod:SurpriseAttack+1","TheCursedMod:RapidMovement","TheCursedMod:RapidMovement+1","TheCursedMod:AntiAging","TheCursedMod:SmokeScreen+1","TheCursedMod:DemonicPact+1","TheCursedMod:CircleOfFocus+1","TheCursedMod:FuryStrike+1","TheCursedMod:FuryStrike+1","TheCursedMod:EmpowerCircles+1","TheCursedMod:SpitefulPray","TheCursedMod:Hemoplague+1","TheCursedMod:Hemoplague","TheCursedMod:Stretching+1","TheCursedMod:OutForBlood"],"relics":["TheCursedMod:BlackMagic101","Kunai","TheCursedMod:PinkPellets","Centennial Puzzle","Molten Egg 2","Lizard Tail","Ginger","Pantograph","Astrolabe","Bronze Scales","Ancient Tea Set","Lantern","OrangePellets","FaceOfCleric","Vajra","TheCursedMod:OminousMark","Whetstone","Membership Card","Happy Flower","DollysMirror","Turnip"],"acts_visited":["Exordium","TheCity","TheBeyond","TheEnding"],"potions_floor_usage":[48,55,55],"damage_taken":[{"damage":1.0,"enemies":"Cultist","floor":1.0,"turns":4.0},{"damage":0.0,"enemies":"Jaw Worm","floor":4.0,"turns":5.0},{"damage":0.0,"enemies":"2 Louse","floor":5.0,"turns":2.0},{"damage":7.0,"enemies":"Gremlin Nob","floor":7.0,"turns":4.0},{"damage":12.0,"enemies":"Gremlin Gang","floor":8.0,"turns":4.0},{"damage":22.0,"enemies":"Lagavulin","floor":11.0,"turns":6.0},{"damage":1.0,"enemies":"Large Slime","floor":12.0,"turns":4.0},{"damage":18.0,"enemies":"Hexaghost","floor":16.0,"turns":8.0},{"damage":13.0,"enemies":"Spheric Guardian","floor":18.0,"turns":5.0},{"damage":7.0,"enemies":"Shell Parasite","floor":19.0,"turns":5.0},{"damage":0.0,"enemies":"Book of Stabbing","floor":23.0,"turns":7.0},{"damage":27.0,"enemies":"Shelled Parasite and Fungi","floor":24.0,"turns":8.0},{"damage":30.0,"enemies":"Snake Plant","floor":25.0,"turns":4.0},{"damage":11.0,"enemies":"Slavers","floor":27.0,"turns":5.0},{"damage":0.0,"enemies":"Book of Stabbing","floor":30.0,"turns":6.0},{"damage":17.0,"enemies":"Centurion and Healer","floor":31.0,"turns":5.0},{"damage":11.0,"enemies":"Champ","floor":33.0,"turns":11.0},{"damage":0.0,"enemies":"Orb Walker","floor":35.0,"turns":3.0},{"damage":18.0,"enemies":"3 Darklings","floor":36.0,"turns":4.0},{"damage":0.0,"enemies":"Maw","floor":37.0,"turns":9.0},{"damage":28,"enemies":"4 Shapes","floor":39,"turns":5},{"damage":5,"enemies":"Giant Head","floor":40,"turns":9},{"damage":0,"enemies":"Jaw Worm Horde","floor":41,"turns":3},{"damage":19,"enemies":"Reptomancer","floor":45,"turns":7},{"damage":18,"enemies":"Maw","floor":48,"turns":4},{"damage":1,"enemies":"Time Eater","floor":50,"turns":9},{"damage":19,"enemies":"Shield and Spear","floor":54,"turns":7},{"damage":9,"enemies":"The Heart","floor":55,"turns":6}],"seed_played":"-3289591656785464085","potions_obtained":[{"floor":5.0,"key":"Ancient Potion"},{"floor":7.0,"key":"Block Potion"},{"floor":12.0,"key":"GamblersBrew"},{"floor":16.0,"key":"Fire Potion"},{"floor":18.0,"key":"Energy Potion"},{"floor":19.0,"key":"DuplicationPotion"},{"floor":25.0,"key":"EntropicBrew"},{"floor":36.0,"key":"Weak Potion"},{"floor":37.0,"key":"FearPotion"},{"floor":45,"key":"Energy Potion"}],"is_trial":false,"path_per_floor":["M","$","?","M","M","R","E","M","T","R","E","M","$","?","R","B",null,"M","M","$","?","$","E","M","M","T","E","$","?","E","M","R","B",null,"M","M","M","?","M","E","M","$","T","R","E","R","?","M","R","B",null,"R","$","E","B",null],"character_chosen":"THE_CURSED","items_purchased":["Kunai","TheCursedMod:HellfireBreathing","TheCursedMod:HellsGateOpen","TheCursedMod:RapidMovement","TheCursedMod:PinkPellets","Centennial Puzzle","TheCursedMod:SpitefulPlan","TheCursedMod:FleshFromBone","OrangePellets","TheCursedMod:SurpriseAttack+1","Membership Card","TheCursedMod:SpitefulPray","DollysMirror"],"campfire_rested":0,"item_purchase_floors":[0,0,0,0,0,0,13,20,28,28,42,42,53],"current_hp_per_floor":[74,74,74,74,74,74,67,55,55,55,37,40,40,40,40,49,75,62,59,59,59,59,65,40,12,12,5,5,5,8,33,33,54,78,81,70,75,75,56,56,57,57,57,57,41,41,41,54,54,87,99,99,99,83,98],"gold":42,"neow_bonus":"","is_daily":false,"chose_seed":false,"campfire_upgraded":7,"win_rate":0.0,"timestamp":1614000570,"path_taken":["M","?","?","M","M","R","E","M","T","R","E","M","$","?","R","BOSS","M","M","$","?","$","E","M","M","T","E","$","?","E","M","R","BOSS","M","?","M","?","M","E","M","$","T","R","E","R","?","M","R","BOSS","R","$","E","BOSS"],"items_purchased_type":["Relic","Card","Card","Card","Relic","Relic","Card","Card","Relic","Card","Relic","Card","Relic"],"build_version":"2020-12-22","purchased_purges":5,"victory":true,"max_hp_per_floor":[75,75,75,75,75,75,75,75,75,75,75,75,75,75,75,75,75,75,75,75,75,75,75,75,75,75,75,75,75,76,77,77,78,78,81,84,87,87,88,91,92,92,92,92,93,93,93,96,96,99,99,99,99,102,105],"card_choices":[{"not_picked":["TheCursedMod:SmokeScreen","TheCursedMod:SpitefulStrike"],"picked":"TheCursedMod:LuckyCharm","floor":1.0},{"not_picked":["TheCursedMod:CursedBoomerang+1","TheCursedMod:SpreadPlague"],"picked":"TheCursedMod:SpitefulStrike+1","floor":4.0},{"not_picked":["TheCursedMod:ManaBullet+1","TheCursedMod:SmokeScreen"],"picked":"TheCursedMod:WearCloak","floor":5.0},{"not_picked":["TheCursedMod:CursedArmor","TheCursedMod:CursedShiv+1"],"picked":"TheCursedMod:HellfireBreathing","floor":7.0},{"not_picked":["TheCursedMod:CircleOfFlame","TheCursedMod:Stigma+1"],"picked":"TheCursedMod:CircleOfBlood","floor":8.0},{"not_picked":["TheCursedMod:TacticalStrike+1","TheCursedMod:LuckyCharm"],"picked":"TheCursedMod:Grudge","floor":11.0},{"not_picked":["TheCursedMod:CursedAmulet","TheCursedMod:Torture"],"picked":"TheCursedMod:Stretching","floor":12.0},{"not_picked":["TheCursedMod:UltimatePain","TheCursedMod:Neurasthenia"],"picked":"TheCursedMod:ManaCirculation","floor":16.0},{"not_picked":["TheCursedMod:CursedBoomerang+1","TheCursedMod:TacticalStrike+1"],"picked":"TheCursedMod:SurpriseAttack+1","floor":18.0},{"not_picked":["TheCursedMod:WearCloak","TheCursedMod:Stigma+1"],"picked":"TheCursedMod:LuckyCharm+1","floor":19.0},{"not_picked":["TheCursedMod:CursedMace+1","TheCursedMod:RapidMovement"],"picked":"TheCursedMod:ReleasedKnowledge","floor":23.0},{"not_picked":["TheCursedMod:VitalStrike+1","TheCursedMod:SoulCrush+1"],"picked":"TheCursedMod:Stigma+1","floor":24.0},{"not_picked":["TheCursedMod:CircleOfWindfury+1","TheCursedMod:StingEye+1"],"picked":"TheCursedMod:TroublousMinions+1","floor":25.0},{"not_picked":["TheCursedMod:SurpriseAttack+1","TheCursedMod:BloodBarrier"],"picked":"TheCursedMod:CircleOfWindfury+1","floor":27.0},{"not_picked":["TheCursedMod:Evocation","TheCursedMod:CircleOfCorruption+1"],"picked":"TheCursedMod:RapidMovement","floor":30.0},{"not_picked":["TheCursedMod:Obscuration+1","TheCursedMod:EmpowerCircles+1"],"picked":"TheCursedMod:RapidMovement+1","floor":31.0},{"not_picked":["TheCursedMod:StunningStrike+1","TheCursedMod:DemonicPact"],"picked":"TheCursedMod:AntiAging","floor":33.0},{"not_picked":["TheCursedMod:CursedShiv+1","TheCursedMod:WearCloak+1"],"picked":"TheCursedMod:SmokeScreen+1","floor":35.0},{"not_picked":["TheCursedMod:CursedMace+1","TheCursedMod:SpitefulStrike+1"],"picked":"TheCursedMod:DemonicPact","floor":36.0},{"not_picked":["TheCursedMod:LuckyCharm","TheCursedMod:Stretching"],"picked":"TheCursedMod:CircleOfFocus+1","floor":37.0},{"not_picked":["TheCursedMod:StingEye+1","TheCursedMod:BlessingInDisguise"],"picked":"TheCursedMod:FuryStrike+1","floor":39},{"not_picked":["TheCursedMod:CursedBlade+1","TheCursedMod:CircleOfCorruption"],"picked":"TheCursedMod:FuryStrike+1","floor":40},{"not_picked":["TheCursedMod:TacticalStrike+1","TheCursedMod:CursedAmulet+1"],"picked":"TheCursedMod:EmpowerCircles+1","floor":41},{"not_picked":["TheCursedMod:ManaBullet+1","TheCursedMod:CursedArmor+1"],"picked":"TheCursedMod:Hemoplague+1","floor":45},{"not_picked":["TheCursedMod:HellfireBreathing","TheCursedMod:CursedAmulet"],"picked":"TheCursedMod:Hemoplague","floor":48},{"not_picked":["TheCursedMod:CursedMace+1","TheCursedMod:RapidMovement"],"picked":"TheCursedMod:OutForBlood","floor":54}],"player_experience":338121,"relics_obtained":[{"floor":7.0,"key":"Lizard Tail"},{"floor":9.0,"key":"Ginger"},{"floor":11.0,"key":"Pantograph"},{"floor":23.0,"key":"Bronze Scales"},{"floor":26.0,"key":"Ancient Tea Set"},{"floor":27.0,"key":"Lantern"},{"floor":30.0,"key":"Vajra"},{"floor":40,"key":"Whetstone"},{"floor":45,"key":"Happy Flower"},{"floor":54,"key":"Turnip"}],"event_choices":[{"damage_healed":0.0,"max_hp_gain":0.0,"max_hp_loss":0.0,"gold_gain":0.0,"event_name":"Big Fish","player_choice":"Box","floor":3.0,"gold_loss":0.0,"damage_taken":0.0,"relics_obtained":["Molten Egg 2"],"cards_obtained":["Regret"]},{"damage_healed":0.0,"max_hp_gain":0.0,"max_hp_loss":0.0,"gold_gain":175.0,"event_name":"Liars Game","player_choice":"AGREE","floor":14.0,"gold_loss":0.0,"damage_taken":0.0,"cards_obtained":["Doubt"]},{"damage_healed":0.0,"max_hp_gain":0.0,"max_hp_loss":0.0,"gold_gain":0.0,"event_name":"The Library","player_choice":"Read","floor":21.0,"gold_loss":0.0,"damage_taken":0.0,"cards_obtained":["TheCursedMod:StunningStrike"]},{"damage_healed":0.0,"max_hp_gain":0.0,"max_hp_loss":0.0,"gold_gain":0.0,"event_name":"FaceTrader","player_choice":"Trade","floor":29.0,"gold_loss":0.0,"damage_taken":0.0,"relics_obtained":["FaceOfCleric"]},{"cards_removed":["TheCursedMod:SpitefulStrike"],"damage_healed":0.0,"max_hp_gain":0.0,"max_hp_loss":0.0,"gold_gain":0.0,"event_name":"Falling","player_choice":"Removed Attack","floor":38.0,"gold_loss":0.0,"damage_taken":0.0},{"cards_removed":["TheCursedMod:Strike_TheCursed"],"damage_healed":0,"gold_gain":0,"player_choice":"Purged","damage_taken":0,"max_hp_gain":0,"max_hp_loss":0,"event_name":"Purifier","floor":47,"gold_loss":0}],"is_beta":false,"boss_relics":[{"not_picked":["Tiny House","Busted Crown"],"picked":"Astrolabe"},{"not_picked":["Fusion Hammer","SacredBark"],"picked":"TheCursedMod:OminousMark"}],"items_purged_floors":[0,2,20,22,42],"is_endless":false,"potions_floor_spawned":[5,7,12,16,18,19,25,36,37,45],"ascension_level":0}}