{"host":"qnonbmyem8gan59d","time":1614026389,"event":{"mods":["BaseMod","Colored Powertips","Downfall","Hermit","Minty Spire (QoL Compilation)","Replay The Spire","StSLib"],"gold_per_floor":[99,110,24,43,43,54,54,71,71,97,114,127,27,57,70,168,168,68,88,103,96,109,9,9,9,19,29,29,39,24,57,74,74,74,74],"floor_reached":33,"language":"ENG","playtime":3991,"items_purged":[],"score":308,"play_id":"f5fd74f1-404e-44e5-b864-fe94df0b412c","local_time":"20210222143949","is_ascension_mode":false,"campfire_choices":[{"floor":1.0,"key":"RECALL"},{"floor":13.0,"key":"REST"},{"floor":23.0,"key":"REST"},{"floor":25.0,"key":"REST"}],"circlet_count":0,"master_deck":["sneckomod:Strike","sneckomod:Strike","sneckomod:Defend","sneckomod:Defend","sneckomod:Defend","sneckomod:TailWhip","sneckomod:SnekBite","sneckomod:Unknown","sneckomod:Unknown","sneckomod:UnknownUncommonAttack","sneckomod:UnknownUncommonPower","sneckomod:QuickMove","sneckomod:CheapStock","sneckomod:UnknownCommonSkill","sneckomod:ImprovisedAttack","sneckomod:UnknownUncommonPower","sneckomod:UnknownBlock","sneckomod:Unknown2Cost","sneckomod:WideSting","sneckomod:DiceBoulder","sneckomod:UnknownRareSkill","Backflip","sneckomod:TrashToTreasure","sneckomod:SnakeSap","sneckomod:UnknownBlock+1","sneckomod:CheapStock","sneckomod:SnakeSap+1","sneckomod:UnknownUncommonAttack","Pain","sneckomod:ImprovisedGuard","sneckomod:WideSting+1","sneckomod:SoulDraw","sneckomod:SoulExchange"],"relics":["sneckomod:SneckoSoul","Calipers","downfall:HeartBlessingRed","Eternal Feather","SlaversCollar","downfall:HeartBlessingGreen","downfall:HeartBlessingBlue","Tiny Chest","HornCleat","Bag of Preparation"],"acts_visited":["Exordium","TheCity"],"potions_floor_usage":[],"damage_taken":[{"damage":3.0,"enemies":"Jaw Worm","floor":2.0,"turns":2.0},{"damage":0.0,"enemies":"downfall:FleeingMerchant","floor":3.0,"turns":4.0},{"damage":8.0,"enemies":"Small Slimes","floor":4.0,"turns":3.0},{"damage":1.0,"enemies":"Cultist","floor":6.0,"turns":3.0},{"damage":8.0,"enemies":"Blue Slaver","floor":8.0,"turns":4.0},{"damage":23.0,"enemies":"Gremlin Nob","floor":10.0,"turns":5.0},{"damage":6.0,"enemies":"Exordium Wildlife","floor":11.0,"turns":4.0},{"damage":14.0,"enemies":"Exordium Thugs","floor":12.0,"turns":5.0},{"damage":21.0,"enemies":"Lagavulin","floor":14.0,"turns":6.0},{"damage":12.0,"enemies":"downfall:LooterAlt","floor":15.0,"turns":4.0},{"damage":30.0,"enemies":"WA_ARCHETYPE_RETAIN","floor":16.0,"turns":7.0},{"damage":39.0,"enemies":"downfall:LooterAlt2","floor":19.0,"turns":6.0},{"damage":16.0,"enemies":"Shell Parasite","floor":20.0,"turns":5.0},{"damage":3.0,"enemies":"downfall:FleeingMerchant","floor":21.0,"turns":4.0},{"damage":18.0,"enemies":"Snecko","floor":22.0,"turns":6.0},{"damage":15.0,"enemies":"Snake Plant","floor":26.0,"turns":5.0},{"damage":1.0,"enemies":"Centurion and Healer","floor":27.0,"turns":8.0},{"damage":11.0,"enemies":"Chosen and Byrds","floor":29.0,"turns":8.0},{"damage":3.0,"enemies":"downfall:FleeingMerchant","floor":30.0,"turns":4.0},{"damage":42.0,"enemies":"Book of Stabbing","floor":31.0,"turns":6.0},{"damage":7.0,"enemies":"Cultist and Chosen","floor":32.0,"turns":6.0},{"damage":36,"enemies":"IC_MUSHROOM_ARCHETYPE","floor":33,"turns":8}],"seed_played":"5639691799777424655","potions_obtained":[{"floor":6.0,"key":"bronze:BurnAndBuffPotion"},{"floor":8.0,"key":"bronze:BurnAndBuffPotion"},{"floor":10.0,"key":"SpeedPotion"},{"floor":12.0,"key":"champ:CounterPotion"},{"floor":14.0,"key":"champ:CounterPotion"},{"floor":19.0,"key":"Venom Potion"},{"floor":20.0,"key":"Reflective Coating"},{"floor":22.0,"key":"sneckomod:MuddlingPotion"},{"floor":26.0,"key":"Fire Potion"},{"floor":29.0,"key":"Strength Potion"}],"is_trial":false,"path_per_floor":["R","M","$","M","?","M","T","M","?","E","M","M","R","E","M","B",null,"R","M","M","$","M","R","T","R","M","M","?","M","$","E","M","B"],"character_chosen":"THE_SNECKO","items_purchased":["sneckomod:UnknownUncommonPower"],"campfire_rested":3,"item_purchase_floors":[3],"current_hp_per_floor":[99,96,96,88,88,87,87,79,84,61,55,41,72,51,39,9,104,104,65,49,46,28,87,87,114,99,98,98,87,84,42,35,0,0,0],"gold":74,"neow_bonus":"TEN_PERCENT_HP_BONUS","is_daily":false,"chose_seed":false,"campfire_upgraded":0,"win_rate":0.0,"timestamp":1614026389,"path_taken":["R","M","$","M","?","M","T","M","?","E","?","M","R","E","M","BOSS","R","M","M","$","M","R","T","R","M","M","?","M","?","E","M","BOSS"],"items_purchased_type":["Card"],"build_version":"2020-12-22","purchased_purges":0,"victory":false,"max_hp_per_floor":[99,99,99,99,99,99,99,99,104,104,104,104,104,104,104,104,104,104,104,104,104,104,114,114,114,114,114,114,114,114,114,114,114,114,114],"card_choices":[{"not_picked":["sneckomod:DiceBlock","sneckomod:QuickBite"],"picked":"sneckomod:UnknownDraw","floor":2.0},{"not_picked":["sneckomod:QuickBite","sneckomod:QuickMove"],"picked":"sneckomod:UnknownUncommonAttack","floor":3.0},{"not_picked":["sneckomod:DiceCrush","sneckomod:UnknownDraw"],"picked":"sneckomod:QuickMove","floor":4.0},{"not_picked":["sneckomod:UnlimitedRolls","sneckomod:Unknown2Cost"],"picked":"sneckomod:CheapStock","floor":6.0},{"not_picked":["sneckomod:SlitherStrike","sneckomod:Nope"],"picked":"sneckomod:UnknownCommonSkill","floor":8.0},{"not_picked":["sneckomod:DefensiveFlair","sneckomod:SoulExchange"],"picked":"sneckomod:ImprovisedAttack","floor":10.0},{"not_picked":["sneckomod:WideSting","sneckomod:RainOfDice"],"picked":"sneckomod:UnknownUncommonPower","floor":11.0},{"not_picked":["sneckomod:UnendingSupply","sneckomod:Nope"],"picked":"sneckomod:UnknownBlock","floor":11.0},{"not_picked":["sneckomod:SnakeSap","sneckomod:QuickMove"],"picked":"sneckomod:Unknown2Cost","floor":12.0},{"not_picked":["sneckomod:UnknownX","sneckomod:IronFang"],"picked":"sneckomod:WideSting","floor":14.0},{"not_picked":["sneckomod:Nope","sneckomod:Unknown1Cost"],"picked":"sneckomod:DiceBoulder","floor":15.0},{"not_picked":["sneckomod:UnlimitedRolls","sneckomod:Restock"],"picked":"sneckomod:UnknownRareSkill","floor":16.0},{"not_picked":["sneckomod:UnknownCommonAttack","sneckomod:Nope+1"],"picked":"sneckomod:TrashToTreasure","floor":19.0},{"not_picked":["sneckomod:IronFang","sneckomod:SoulCleanse"],"picked":"sneckomod:SnakeSap","floor":20.0},{"not_picked":["sneckomod:SnakeSap","sneckomod:UnknownExhaust"],"picked":"sneckomod:UnknownBlock+1","floor":21.0},{"not_picked":["sneckomod:UnknownUncommonSkill","sneckomod:ImprovisedGuard"],"picked":"sneckomod:CheapStock","floor":22.0},{"not_picked":["sneckomod:IronFang+1","sneckomod:UnknownClassDEFAULT_GRAY_COLOR"],"picked":"sneckomod:SnakeSap+1","floor":26.0},{"not_picked":["sneckomod:UnknownClassHEXA_GHOST_PURPLE","sneckomod:RainOfDice+1"],"picked":"sneckomod:UnknownUncommonAttack","floor":27.0},{"not_picked":["sneckomod:SoulRoll","sneckomod:RainOfDice"],"picked":"sneckomod:ImprovisedGuard","floor":29.0},{"not_picked":["sneckomod:UnknownCommonAttack","sneckomod:UnknownExhaust"],"picked":"sneckomod:WideSting+1","floor":30.0},{"not_picked":["sneckomod:UnknownUncommonAttack","sneckomod:Nope"],"picked":"sneckomod:SoulDraw","floor":31.0},{"not_picked":["sneckomod:Unknown2Cost","sneckomod:DiceCrush"],"picked":"sneckomod:SoulExchange","floor":32.0}],"player_experience":132730,"relics_obtained":[{"floor":10.0,"key":"Calipers"},{"floor":14.0,"key":"Eternal Feather"},{"floor":24.0,"key":"Tiny Chest"},{"floor":31.0,"key":"Bag of Preparation"}],"event_choices":[{"damage_healed":0.0,"max_hp_gain":5.0,"max_hp_loss":0.0,"gold_gain":0.0,"event_name":"Big Fish","player_choice":"Donut","floor":9.0,"gold_loss":0.0,"damage_taken":0.0}],"is_beta":false,"boss_relics":[{"not_picked":["Runic Dome","sneckomod:SneckoBoss"],"picked":"SlaversCollar"}],"items_purged_floors":[],"is_endless":false,"potions_floor_spawned":[6,8,10,12,14,15,19,22,26,29],"killed_by":"IC_MUSHROOM_ARCHETYPE","ascension_level":0}}