{"host":"98tf0o44tbkozlsr","time":1614019383,"event":{"mods":["BaseMod","Bestiary","Minty Spire (QoL Compilation)","Relic Stats","ojb\u0027s Info Mod"],"gold_per_floor":[109,109,159,172,186,186,197,197,197,197,197,197,212,232,232,303,303,274,549,161,111,111,142,156,184,184,184,234,244,244,274,274,350,350,370,370,394,331,349,349,381,396,396,423,423,448,448,482,482,482,482,482,482,38,72,72],"floor_reached":57,"language":"ENG","playtime":5628,"items_purged":["Regret","Strike_G","Strike_G"],"score":2978,"play_id":"b3d809d1-f2a1-4a79-9834-19016ce6323e","local_time":"20210222104303","is_ascension_mode":true,"campfire_choices":[{"data":"Noxious Fumes","floor":6.0,"key":"SMITH"},{"data":"Leg Sweep","floor":8.0,"key":"SMITH"},{"data":"Sucker Punch","floor":10.0,"key":"SMITH"},{"data":"Neutralize","floor":12.0,"key":"SMITH"},{"data":"Bane","floor":15.0,"key":"SMITH"},{"data":"Catalyst","floor":27.0,"key":"SMITH"},{"data":"Corpse Explosion","floor":30.0,"key":"SMITH"},{"data":"Footwork","floor":32.0,"key":"SMITH"},{"data":"Well Laid Plans","floor":40.0,"key":"SMITH"},{"floor":47.0,"key":"RECALL"},{"data":"Night Terror","floor":49.0,"key":"SMITH"},{"floor":53.0,"key":"REST"}],"circlet_count":0,"master_deck":["AscendersBane","Defend_G+1","Defend_G+1","Defend_G","Defend_G","Defend_G","Survivor","Leg Sweep+1","Sucker Punch+1","Noxious Fumes+1","Bane+1","Die Die Die","Predator+1","Malaise+1","Caltrops+1","Bane+1","Well Laid Plans+1","Catalyst+1","PiercingWail","Corpse Explosion+1","Footwork+1","Bullet Time","Acrobatics","Night Terror+1","PiercingWail+1","Backflip+1","Evaluate+1"],"relics":["Sozu","HornCleat","Astrolabe","Membership Card","Question Card","Mummified Hand","Thread and Needle","Lizard Tail","The Courier","Black Star","PreservedInsect","Blood Vial","Bag of Marbles","Sundial","Ninja Scroll","Du-Vu Doll","Pear","Dream Catcher","Bottled Tornado","Art of War","Mango","Pen Nib","PrismaticShard","Strawberry","Bag of Preparation","Vajra","Anchor"],"acts_visited":["Exordium","TheCity","TheBeyond","TheEnding"],"potions_floor_usage":[],"damage_taken":[{"damage":4.0,"enemies":"Jaw Worm","floor":1.0,"turns":4.0},{"damage":1.0,"enemies":"Small Slimes","floor":4.0,"turns":5.0},{"damage":0.0,"enemies":"Cultist","floor":5.0,"turns":4.0},{"damage":18.0,"enemies":"Lots of Slimes","floor":7.0,"turns":5.0},{"damage":3.0,"enemies":"Looter","floor":13.0,"turns":4.0},{"damage":0.0,"enemies":"Exordium Wildlife","floor":14.0,"turns":4.0},{"damage":7.0,"enemies":"The Guardian","floor":16.0,"turns":11.0},{"damage":4.0,"enemies":"2 Thieves","floor":18.0,"turns":4.0},{"damage":16.0,"enemies":"Gremlin Leader","floor":23.0,"turns":7.0},{"damage":0.0,"enemies":"Chosen","floor":24.0,"turns":5.0},{"damage":0.0,"enemies":"Book of Stabbing","floor":25.0,"turns":5.0},{"damage":7.0,"enemies":"3 Cultists","floor":29.0,"turns":4.0},{"damage":3.0,"enemies":"Slavers","floor":31.0,"turns":4.0},{"damage":3.0,"enemies":"Automaton","floor":33.0,"turns":9.0},{"damage":2.0,"enemies":"Orb Walker","floor":35.0,"turns":4.0},{"damage":0.0,"enemies":"3 Darklings","floor":39.0,"turns":3.0},{"damage":9.0,"enemies":"Giant Head","floor":41.0,"turns":7.0},{"damage":3.0,"enemies":"Jaw Worm Horde","floor":42.0,"turns":2.0},{"damage":10.0,"enemies":"Nemesis","floor":44.0,"turns":5.0},{"damage":8.0,"enemies":"Reptomancer","floor":46.0,"turns":5.0},{"damage":0.0,"enemies":"Giant Head","floor":48.0,"turns":3.0},{"damage":33.0,"enemies":"Donu and Deca","floor":50.0,"turns":5.0},{"damage":51.0,"enemies":"Awakened One","floor":51.0,"turns":17.0},{"damage":24.0,"enemies":"Shield and Spear","floor":55.0,"turns":6.0},{"damage":65,"enemies":"The Heart","floor":56,"turns":10}],"seed_played":"5198239074470000164","potions_obtained":[],"is_trial":false,"path_per_floor":["M","?","?","M","M","R","M","R","T","R","?","R","M","M","R","B",null,"M","?","$","$","?","E","M","E","T","R","?","M","R","E","R","B",null,"M","?","T","$","M","R","E","M","T","E","?","E","R","E","R","B","B",null,"R","$","E","B",null],"character_chosen":"THE_SILENT","items_purchased":["Membership Card","Well Laid Plans","Question Card","Art of War","Mango","Pen Nib","PrismaticShard","Strawberry","Bag of Preparation"],"campfire_rested":1,"item_purchase_floors":[20,20,20,54,54,54,54,54,54],"current_hp_per_floor":[55,60,60,59,59,59,41,41,41,41,20,20,17,17,17,10,56,52,52,52,52,52,36,36,36,36,36,36,29,29,26,26,23,59,57,57,57,57,57,57,48,47,47,39,39,43,43,45,45,14,8,60,77,98,74,11],"gold":72,"neow_bonus":"BOSS_RELIC","is_daily":false,"chose_seed":false,"campfire_upgraded":10,"win_rate":0.0,"timestamp":1614019383,"path_taken":["M","?","?","?","M","R","?","R","T","R","?","R","M","M","R","BOSS","M","?","?","$","?","E","M","E","T","R","?","M","R","E","R","BOSS","M","?","?","$","M","R","E","M","T","E","?","E","R","E","R","BOSS","BOSS","R","$","E","BOSS"],"items_purchased_type":["Relic","Card","Relic","Relic","Relic","Relic","Relic","Relic","Relic"],"build_version":"2020-12-22","purchased_purges":3,"victory":true,"max_hp_per_floor":[66,71,71,71,71,71,71,71,71,71,71,71,71,71,71,71,71,71,71,71,71,71,71,71,71,71,71,71,71,71,71,71,71,71,71,71,71,71,71,71,71,71,71,71,67,77,77,77,77,77,77,77,77,98,98,98],"relic_stats":{"counters":[25,142],"Astrolabe":["Predator","Malaise","Caltrops"],"PreservedInsect":449,"Pen Nib":[1],"Bag of Preparation":[4],"Question Card":15,"Sozu":9,"Blood Vial":14,"Lizard Tail":38,"Dream Catcher":1,"Mummified Hand":[37],"Sundial":[6],"Black Star":5,"Art of War":[9],"obtain_stats":[{"Vajra":55,"Mango":54,"Bag of Preparation":54,"Bottled Tornado":48,"PrismaticShard":54,"Sozu":0,"Blood Vial":41,"Lizard Tail":26,"Dream Catcher":48,"HornCleat":9,"Mummified Hand":23,"Sundial":44,"Ninja Scroll":44,"Strawberry":54,"Ring of the Snake":0,"Pear":46,"Astrolabe":17,"Thread and Needle":25,"The Courier":31,"PreservedInsect":37,"Pen Nib":54,"Question Card":20,"Du-Vu Doll":46,"Anchor":55,"Black Star":34,"Bag of Marbles":41,"Art of War":54,"Membership Card":20},{"Vajra":24,"Mango":23,"Bag of Preparation":23,"Bottled Tornado":21,"PrismaticShard":23,"Sozu":0,"Blood Vial":17,"Lizard Tail":11,"Dream Catcher":21,"HornCleat":4,"Mummified Hand":9,"Sundial":19,"Ninja Scroll":19,"Strawberry":23,"Ring of the Snake":0,"Pear":20,"Astrolabe":7,"Thread and Needle":11,"The Courier":13,"PreservedInsect":15,"Pen Nib":23,"Question Card":8,"Du-Vu Doll":20,"Anchor":24,"Black Star":14,"Bag of Marbles":17,"Art of War":23,"Membership Card":8},{"Vajra":132,"Mango":126,"Bag of Preparation":126,"Bottled Tornado":104,"PrismaticShard":126,"Sozu":0,"Blood Vial":89,"Lizard Tail":58,"Dream Catcher":104,"HornCleat":18,"Mummified Hand":48,"Sundial":96,"Ninja Scroll":96,"Strawberry":126,"Ring of the Snake":0,"Pear":101,"Astrolabe":37,"Thread and Needle":58,"The Courier":66,"PreservedInsect":79,"Pen Nib":126,"Question Card":41,"Du-Vu Doll":101,"Anchor":132,"Black Star":75,"Bag of Marbles":89,"Art of War":126,"Membership Card":41}]},"card_choices":[{"not_picked":["Acrobatics","Deadly Poison"],"picked":"Leg Sweep","floor":1.0},{"not_picked":["Cloak And Dagger","Prepared"],"picked":"Sucker Punch","floor":4.0},{"not_picked":["Tactician","Dodge and Roll"],"picked":"Noxious Fumes","floor":5.0},{"not_picked":["Reflex","Finisher","Dodge and Roll"],"picked":"SKIP","floor":7.0},{"not_picked":["Reflex","Finisher","Dodge and Roll"],"picked":"SKIP","floor":7.0},{"not_picked":["Reflex","Finisher","Dodge and Roll"],"picked":"SKIP","floor":7.0},{"not_picked":["Reflex","Finisher","Dodge and Roll"],"picked":"SKIP","floor":7.0},{"not_picked":["Reflex","Riddle With Holes","Deflect"],"picked":"SKIP","floor":13.0},{"not_picked":["Concentrate","Prepared"],"picked":"Bane","floor":14.0},{"not_picked":["Unload","Burst"],"picked":"Die Die Die","floor":16.0},{"not_picked":["Cloak And Dagger","Distraction"],"picked":"Bane+1","floor":18.0},{"not_picked":["Quick Slash","Leg Sweep","Concentrate"],"picked":"PiercingWail","floor":23.0},{"not_picked":["Dagger Throw","Cloak And Dagger","Slice","Quick Slash"],"picked":"SKIP","floor":24.0},{"not_picked":["Dodge and Roll","Deadly Poison","Crippling Poison"],"picked":"Corpse Explosion","floor":25.0},{"not_picked":["Poisoned Stab","Cloak And Dagger","Flying Knee","Quick Slash"],"picked":"SKIP","floor":29.0},{"not_picked":["Acrobatics","Dodge and Roll","Concentrate"],"picked":"Footwork","floor":31.0},{"not_picked":["Storm of Steel","After Image","Die Die Die"],"picked":"Bullet Time","floor":33.0},{"not_picked":["Underhanded Strike","Cloak And Dagger+1","Quick Slash"],"picked":"Acrobatics","floor":35.0},{"not_picked":["PiercingWail","Terror+1","Acrobatics","Endless Agony+1"],"picked":"SKIP","floor":39.0},{"not_picked":["Endless Agony","Outmaneuver","Slice"],"picked":"Night Terror","floor":41.0},{"not_picked":["Underhanded Strike","Slice+1","Eviscerate+1","Crippling Poison"],"picked":"SKIP","floor":42.0},{"not_picked":["Riddle With Holes","Escape Plan","Flying Knee+1"],"picked":"PiercingWail+1","floor":44.0},{"not_picked":["Bane","Dodge and Roll","Flying Knee","Leg Sweep+1"],"picked":"SKIP","floor":46.0},{"not_picked":["Cloak And Dagger","Accuracy","Slice","Bane"],"picked":"SKIP","floor":48.0},{"not_picked":["Setup+1","Noxious Fumes","Outmaneuver+1"],"picked":"Backflip+1","floor":53.0},{"not_picked":["Flying Knee","Compile Driver","Cloak And Dagger"],"picked":"Evaluate+1","floor":55.0}],"player_experience":963060,"relics_obtained":[{"floor":9.0,"key":"HornCleat"},{"floor":23.0,"key":"Mummified Hand"},{"floor":25.0,"key":"Thread and Needle"},{"floor":26.0,"key":"Lizard Tail"},{"floor":31.0,"key":"The Courier"},{"floor":37.0,"key":"PreservedInsect"},{"floor":41.0,"key":"Blood Vial"},{"floor":41.0,"key":"Bag of Marbles"},{"floor":44.0,"key":"Sundial"},{"floor":44.0,"key":"Ninja Scroll"},{"floor":46.0,"key":"Du-Vu Doll"},{"floor":46.0,"key":"Pear"},{"floor":48.0,"key":"Dream Catcher"},{"floor":48.0,"key":"Bottled Tornado"},{"floor":55.0,"key":"Vajra"},{"floor":55.0,"key":"Anchor"}],"event_choices":[{"damage_healed":0.0,"max_hp_gain":5.0,"max_hp_loss":0.0,"gold_gain":0.0,"event_name":"Big Fish","player_choice":"Donut","floor":2.0,"gold_loss":0.0,"damage_taken":0.0},{"damage_healed":0.0,"max_hp_gain":0.0,"max_hp_loss":0.0,"gold_gain":50.0,"event_name":"Golden Shrine","player_choice":"Pray","floor":3.0,"gold_loss":0.0,"damage_taken":0.0},{"damage_healed":0.0,"max_hp_gain":0.0,"max_hp_loss":0.0,"gold_gain":0.0,"event_name":"Shining Light","player_choice":"Entered Light","floor":11.0,"gold_loss":0.0,"damage_taken":21.0,"cards_upgraded":["Defend_G","Defend_G"]},{"damage_healed":0.0,"max_hp_gain":0.0,"max_hp_loss":0.0,"gold_gain":275.0,"event_name":"Golden Shrine","player_choice":"Desecrate","floor":19.0,"gold_loss":0.0,"damage_taken":0.0,"cards_obtained":["Regret"]},{"damage_healed":0.0,"max_hp_gain":0.0,"max_hp_loss":0.0,"gold_gain":0.0,"event_name":"The Library","player_choice":"Read","floor":22.0,"gold_loss":0.0,"damage_taken":0.0,"cards_obtained":["Catalyst"]},{"damage_healed":0.0,"max_hp_gain":0.0,"max_hp_loss":0.0,"gold_gain":50.0,"event_name":"Nest","player_choice":"Stole From Cult","floor":28.0,"gold_loss":0.0,"damage_taken":0.0},{"cards_removed":["Neutralize"],"damage_healed":0.0,"max_hp_gain":0.0,"max_hp_loss":0.0,"gold_gain":0.0,"event_name":"Falling","player_choice":"Removed Attack","floor":36.0,"gold_loss":0.0,"damage_taken":0.0},{"damage_healed":0.0,"max_hp_gain":0.0,"max_hp_loss":4.0,"gold_gain":0.0,"event_name":"Winding Halls","player_choice":"Max HP","floor":45.0,"gold_loss":0.0,"damage_taken":0.0}],"is_beta":false,"boss_relics":[{"not_picked":["Calling Bell","Tiny House"],"picked":"Astrolabe"},{"not_picked":["Empty Cage","WristBlade"],"picked":"Black Star"}],"items_purged_floors":[20,21,38],"is_endless":false,"potions_floor_spawned":[5,14,23,29,31,33,35,44,55],"ascension_level":20}}