{"host":"og6lam4kt3nibbw0","time":1614009317,"event":{"mods":["AchievementEnabler","BaseMod","Colored Map","DeckTracker","Highlight Path","Keyboard Shortcuts","Minty Spire (QoL Compilation)","Permanent Neow","Quick Restart","StSLib","SuperFastMode"],"gold_per_floor":[117,42,58,69,88,88,88,88],"floor_reached":7,"language":"KOR","playtime":231,"items_purged":[],"score":86,"play_id":"601fd5c7-61d0-4f1d-b728-5bb4d4af39f6","local_time":"20210223005517","is_ascension_mode":true,"campfire_choices":[{"floor":6.0,"key":"REST"}],"circlet_count":0,"master_deck":["AscendersBane","Strike_R","Strike_R","Strike_R","Defend_R","Defend_R","Defend_R","Bash","Fire Breathing","Spot Weakness","Shrug It Off","Evolve"],"relics":["Burning Blood"],"acts_visited":["Exordium"],"potions_floor_usage":[7],"damage_taken":[{"damage":7.0,"enemies":"Jaw Worm","floor":1.0,"turns":4.0},{"damage":24.0,"enemies":"Cultist","floor":3.0,"turns":6.0},{"damage":12.0,"enemies":"Small Slimes","floor":4.0,"turns":4.0},{"damage":19.0,"enemies":"Gremlin Gang","floor":5.0,"turns":7.0},{"damage":30,"enemies":"Lagavulin","floor":7,"turns":7}],"seed_played":"3972288893085702258","potions_obtained":[{"floor":1.0,"key":"ColorlessPotion"},{"floor":5.0,"key":"Strength Potion"}],"is_trial":false,"path_per_floor":["M","?","M","M","M","R","E"],"character_chosen":"IRONCLAD","items_purchased":[],"campfire_rested":1,"item_purchase_floors":[],"current_hp_per_floor":[49,49,31,25,12,34,4,4],"gold":88,"neow_bonus":"REMOVE_TWO","is_daily":false,"chose_seed":false,"campfire_upgraded":0,"win_rate":0.0,"timestamp":1614009317,"path_taken":["M","?","M","M","M","R","E"],"items_purchased_type":[],"build_version":"2020-12-22","purchased_purges":0,"victory":false,"max_hp_per_floor":[75,75,75,75,75,75,75,75],"card_choices":[{"not_picked":["Hemokinesis","Body Slam"],"picked":"Fire Breathing","floor":1.0},{"not_picked":["Sword Boomerang","Dark Embrace"],"picked":"Spot Weakness","floor":3.0},{"not_picked":["Havoc","Headbutt"],"picked":"Shrug It Off","floor":4.0},{"not_picked":["Anger","Reckless Charge"],"picked":"Evolve","floor":5.0}],"player_experience":988736,"relics_obtained":[],"event_choices":[{"cards_removed":["Defend_R"],"damage_healed":0.0,"max_hp_gain":0.0,"max_hp_loss":0.0,"gold_gain":0.0,"event_name":"The Cleric","player_choice":"Card Removal","floor":2.0,"gold_loss":75.0,"damage_taken":0.0}],"is_beta":false,"boss_relics":[],"items_purged_floors":[],"is_endless":false,"potions_floor_spawned":[1,5],"killed_by":"Lagavulin","ascension_level":20}}