{"host":"dftd5cr6l8m56acq","time":1614030643,"event":{"mods":["AchievementEnabler","BaseMod","Bestiary","Colored Map","Highlight Path","Minty Spire (QoL Compilation)","Relic Stats","StSLib","everything is the same but u backflip on backflip"],"gold_per_floor":[114,128,128,228,247,247,273,273,298,315,341,355,383,400,400,496,496,496],"floor_reached":17,"language":"ENG","playtime":516,"items_purged":[],"score":248,"play_id":"37506079-58d6-40d1-afc2-984319dd2055","local_time":"20210222165043","is_ascension_mode":true,"campfire_choices":[{"data":"Perfected Strike","floor":6,"key":"SMITH"},{"data":"Shockwave","floor":8,"key":"SMITH"},{"data":"Inflame","floor":15,"key":"SMITH"}],"circlet_count":0,"master_deck":["Strike_R","Strike_R","Strike_R","Strike_R","Defend_R","Defend_R","Bash","Perfected Strike+1","Headbutt","Shockwave+1","Inflame+1","Twin Strike","Immolate","Ghostly Armor","Second Wind","Corruption","Searing Blow+1","Fire Breathing+1","Burning Pact+1"],"relics":["Burning Blood","CaptainsWheel","Juzu Bracelet","Potion Belt","Bottled Tornado","Pocketwatch","Astrolabe"],"acts_visited":["Exordium","TheCity"],"potions_floor_usage":[7,7],"damage_taken":[{"damage":4,"enemies":"Jaw Worm","floor":1,"turns":4},{"damage":2,"enemies":"2 Louse","floor":2,"turns":4},{"damage":6,"enemies":"Cultist","floor":5,"turns":3},{"damage":19,"enemies":"3 Sentries","floor":7,"turns":5},{"damage":10,"enemies":"Exordium Thugs","floor":10,"turns":4},{"damage":15,"enemies":"Lagavulin","floor":11,"turns":6},{"damage":12,"enemies":"Lots of Slimes","floor":12,"turns":2},{"damage":16,"enemies":"Gremlin Nob","floor":13,"turns":4},{"damage":9,"enemies":"2 Fungi Beasts","floor":14,"turns":2},{"damage":16,"enemies":"Hexaghost","floor":16,"turns":7}],"seed_played":"7593250729935263675","potions_obtained":[{"floor":1,"key":"Swift Potion"},{"floor":5,"key":"Fire Potion"},{"floor":10,"key":"SpeedPotion"},{"floor":14,"key":"Strength Potion"},{"floor":16,"key":"SpeedPotion"}],"is_trial":false,"path_per_floor":["M","M","?","?","M","R","E","R","T","M","E","M","E","M","R","B",null],"character_chosen":"IRONCLAD","items_purchased":[],"campfire_rested":0,"item_purchase_floors":[],"current_hp_per_floor":[74,78,71,71,71,71,58,58,58,54,45,39,29,26,26,16,64,64],"gold":496,"neow_bonus":"ONE_RARE_RELIC","is_daily":false,"chose_seed":false,"campfire_upgraded":3,"win_rate":0.0,"timestamp":1614030643,"path_taken":["M","M","?","?","M","R","E","R","T","M","E","M","E","M","R","BOSS"],"items_purchased_type":[],"build_version":"2020-12-22","purchased_purges":0,"victory":false,"max_hp_per_floor":[80,80,80,80,80,80,80,80,80,80,80,80,80,80,80,80,80,80],"relic_stats":{"counters":[10,41],"Astrolabe":["Searing Blow","Fire Breathing","Burning Pact"],"Juzu Bracelet":0,"obtain_stats":[{"Potion Belt":9,"CaptainsWheel":0,"Astrolabe":17,"Juzu Bracelet":7,"Bottled Tornado":11,"Burning Blood":0,"Pocketwatch":13},{"Potion Belt":4,"CaptainsWheel":0,"Astrolabe":10,"Juzu Bracelet":4,"Bottled Tornado":6,"Burning Blood":0,"Pocketwatch":8},{"Potion Belt":16,"CaptainsWheel":0,"Astrolabe":41,"Juzu Bracelet":16,"Bottled Tornado":26,"Burning Blood":0,"Pocketwatch":32}],"Burning Blood":60,"Pocketwatch":[21]},"card_choices":[{"not_picked":["Shrug It Off","Reckless Charge"],"picked":"Perfected Strike","floor":1},{"not_picked":["True Grit","Perfected Strike"],"picked":"Headbutt","floor":2},{"not_picked":["Heavy Blade","Iron Wave"],"picked":"Shockwave","floor":5},{"not_picked":["Intimidate","Exhume"],"picked":"Inflame","floor":7},{"not_picked":["Carnage","Armaments"],"picked":"Twin Strike","floor":10},{"not_picked":["Burning Pact","Armaments"],"picked":"Immolate","floor":11},{"not_picked":["Heavy Blade","Rupture"],"picked":"Ghostly Armor","floor":12},{"not_picked":["Clash","Heavy Blade","Rage"],"picked":"SKIP","floor":13},{"not_picked":["Twin Strike","Clothesline"],"picked":"Second Wind","floor":14},{"not_picked":["Barricade","Brutality"],"picked":"Corruption","floor":16}],"player_experience":503831,"relics_obtained":[{"floor":7,"key":"Juzu Bracelet"},{"floor":9,"key":"Potion Belt"},{"floor":11,"key":"Bottled Tornado"},{"floor":13,"key":"Pocketwatch"}],"event_choices":[{"cards_removed":["Clumsy"],"damage_healed":0,"gold_gain":0,"player_choice":"Card Removal","damage_taken":7,"max_hp_gain":0,"max_hp_loss":0,"event_name":"Golden Wing","floor":3,"gold_loss":0},{"damage_healed":0,"gold_gain":100,"player_choice":"Pray","damage_taken":0,"max_hp_gain":0,"max_hp_loss":0,"event_name":"Golden Shrine","floor":4,"gold_loss":0}],"is_beta":false,"boss_relics":[{"not_picked":["Fusion Hammer","Philosopher\u0027s Stone"],"picked":"Astrolabe"}],"items_purged_floors":[],"is_endless":false,"potions_floor_spawned":[1,5,10,14,16],"ascension_level":8}}