{"host":"89iuq2p5kwriuwfq","time":1614008215,"event":{"mods":["BaseMod","Curses Come First","Custom Start","Minty Spire (QoL Compilation)","Permanent Neow","StSLib"],"gold_per_floor":[16,16,28,41,56,90,90,123,149,149,164,175,175,203,203,277,277,292,242,255,274,290,315,333,31,31,43,73,98,118,130,130,205,205,219,238,255,477,119,119,154,154,200,210,236,255,289,289,289,289,289,289,14,39,39],"floor_reached":56,"language":"ENG","playtime":3390,"items_purged":["Strike_G","Strike_G"],"score":2394,"play_id":"9bce5ba9-5827-4082-8f58-4bbc21da6403","local_time":"20210222153655","is_ascension_mode":true,"campfire_choices":[{"data":"A Thousand Cuts","floor":7.0,"key":"SMITH"},{"data":"Footwork","floor":10.0,"key":"SMITH"},{"floor":13.0,"key":"REST"},{"data":"Blade Dance","floor":15.0,"key":"SMITH"},{"floor":32.0,"key":"REST"},{"data":"Cloak And Dagger","floor":40.0,"key":"SMITH"},{"data":"After Image","floor":42.0,"key":"SMITH"},{"floor":49.0,"key":"RECALL"},{"data":"Blade Dance","floor":52.0,"key":"SMITH"}],"circlet_count":0,"master_deck":["AscendersBane","Strike_G","Strike_G+1","Defend_G","Defend_G","Defend_G","Defend_G","Defend_G","Survivor","Neutralize+1","Infinite Blades","Quick Slash","A Thousand Cuts+1","Blade Dance+1","Footwork+1","Backflip","Blade Dance","Storm of Steel","Backstab","Slice","Blade Dance","Backflip","Blade Dance+1","Dash","Backflip","After Image+1","Leg Sweep","Backflip","Cloak And Dagger+1","Dark Shackles","Infinite Blades"],"relics":["Ring of the Snake","Calipers","Ninja Scroll","Akabeko","Happy Flower","Odd Mushroom","WristBlade","Lantern","TungstenRod","Bag of Preparation","Red Mask","Bag of Marbles","Busted Crown","Ornamental Fan","Sundial","Bird Faced Urn","Ancient Tea Set","Blue Candle"],"acts_visited":["Exordium","TheCity","TheBeyond","TheEnding"],"potions_floor_usage":[55,55],"damage_taken":[{"damage":1.0,"enemies":"2 Louse","floor":1.0,"turns":5.0},{"damage":1.0,"enemies":"Cultist","floor":3.0,"turns":4.0},{"damage":7.0,"enemies":"Jaw Worm","floor":4.0,"turns":5.0},{"damage":6.0,"enemies":"Looter","floor":5.0,"turns":4.0},{"damage":17.0,"enemies":"Gremlin Nob","floor":6.0,"turns":5.0},{"damage":12.0,"enemies":"3 Sentries","floor":8.0,"turns":4.0},{"damage":2.0,"enemies":"Gremlin Gang","floor":11.0,"turns":4.0},{"damage":0.0,"enemies":"2 Fungi Beasts","floor":12.0,"turns":1.0},{"damage":7.0,"enemies":"The Mushroom Lair","floor":14.0,"turns":4.0},{"damage":0.0,"enemies":"Slime Boss","floor":16.0,"turns":7.0},{"damage":8.0,"enemies":"Chosen","floor":18.0,"turns":2.0},{"damage":0.0,"enemies":"Shell Parasite","floor":20.0,"turns":1.0},{"damage":0.0,"enemies":"Snecko","floor":21.0,"turns":2.0},{"damage":0.0,"enemies":"3 Cultists","floor":22.0,"turns":3.0},{"damage":35.0,"enemies":"Book of Stabbing","floor":23.0,"turns":3.0},{"damage":4.0,"enemies":"Chosen and Byrds","floor":24.0,"turns":3.0},{"damage":0.0,"enemies":"Shelled Parasite and Fungi","floor":27.0,"turns":1.0},{"damage":0.0,"enemies":"Masked Bandits","floor":28.0,"turns":2.0},{"damage":0.0,"enemies":"Slavers","floor":29.0,"turns":4.0},{"damage":0.0,"enemies":"Snecko","floor":30.0,"turns":2.0},{"damage":0.0,"enemies":"3 Cultists","floor":31.0,"turns":3.0},{"damage":15.0,"enemies":"Collector","floor":33.0,"turns":7.0},{"damage":0.0,"enemies":"3 Darklings","floor":35.0,"turns":1.0},{"damage":2.0,"enemies":"3 Shapes","floor":36.0,"turns":3.0},{"damage":0.0,"enemies":"Sphere and 2 Shapes","floor":37.0,"turns":3.0},{"damage":0.0,"enemies":"Reptomancer","floor":41.0,"turns":3.0},{"damage":0.0,"enemies":"4 Shapes","floor":44.0,"turns":1.0},{"damage":0.0,"enemies":"Giant Head","floor":45.0,"turns":7.0},{"damage":0.0,"enemies":"Spire Growth","floor":46.0,"turns":4.0},{"damage":0.0,"enemies":"Nemesis","floor":47.0,"turns":5.0},{"damage":0.0,"enemies":"Donu and Deca","floor":50.0,"turns":9.0},{"damage":20.0,"enemies":"Shield and Spear","floor":54.0,"turns":9.0},{"damage":44,"enemies":"The Heart","floor":55,"turns":9}],"seed_played":"8847281573088182439","potions_obtained":[{"floor":1.0,"key":"Block Potion"},{"floor":3.0,"key":"Weak Potion"},{"floor":6.0,"key":"Ancient Potion"},{"floor":20.0,"key":"BlessingOfTheForge"},{"floor":23.0,"key":"FearPotion"},{"floor":29.0,"key":"DistilledChaos"},{"floor":31.0,"key":"Strength Potion"},{"floor":44.0,"key":"LiquidMemories"},{"floor":45.0,"key":"Energy Potion"}],"is_trial":false,"path_per_floor":["M","?","M","M","M","E","R","E","T","R","M","M","R","?","R","B",null,"M","?","M","M","M","E","M","$","T","M","?","E","M","M","R","B",null,"M","M","M","?","$","R","E","R","T","M","E","M","E","?","R","B",null,"R","$","E","B",null],"character_chosen":"THE_SILENT","items_purchased":["TungstenRod","Ornamental Fan","Cloak And Dagger","Dark Shackles","PowerPotion","Infinite Blades"],"campfire_rested":2,"item_purchase_floors":[25,39,39,53,53,53],"current_hp_per_floor":[58,58,57,50,44,27,27,15,15,15,13,13,32,25,25,25,56,48,48,48,48,48,13,9,9,9,9,9,9,9,9,28,13,53,53,51,51,51,51,51,51,51,51,51,51,57,65,65,65,66,66,66,66,52,20],"gold":39,"neow_bonus":"ONE_RARE_RELIC","is_daily":false,"chose_seed":false,"campfire_upgraded":6,"win_rate":0.0,"timestamp":1614008215,"path_taken":["M","?","M","M","M","E","R","E","T","R","?","?","R","?","R","BOSS","M","?","M","M","M","E","M","$","T","?","?","E","M","M","R","BOSS","M","M","M","?","$","R","E","R","T","M","E","M","E","?","R","BOSS","R","$","E","BOSS"],"items_purchased_type":["Relic","Relic","Card","Card","Potion","Card"],"build_version":"2020-12-22","purchased_purges":2,"victory":true,"max_hp_per_floor":[66,66,66,66,66,66,66,66,66,66,66,66,66,66,66,66,66,66,66,66,66,66,66,66,66,66,66,66,66,66,66,66,66,66,66,66,66,66,66,66,66,66,66,66,66,66,66,66,66,66,66,66,66,66,66],"card_choices":[{"not_picked":["Catalyst","Choke"],"picked":"Infinite Blades","floor":1.0},{"not_picked":["PiercingWail","Concentrate"],"picked":"Quick Slash","floor":3.0},{"not_picked":["Backflip","Sucker Punch"],"picked":"A Thousand Cuts","floor":4.0},{"not_picked":["Backflip","Poisoned Stab"],"picked":"Blade Dance","floor":5.0},{"not_picked":["Acrobatics","Reflex","Eviscerate"],"picked":"SKIP","floor":6.0},{"not_picked":["Dodge and Roll","Backstab"],"picked":"Footwork","floor":8.0},{"not_picked":["Bane","Slice"],"picked":"Backflip","floor":11.0},{"not_picked":["Outmaneuver","Dodge and Roll"],"picked":"Blade Dance","floor":12.0},{"not_picked":["Bullet Time","Malaise"],"picked":"Storm of Steel","floor":16.0},{"not_picked":["Noxious Fumes","Well Laid Plans"],"picked":"Backstab","floor":18.0},{"not_picked":["Blur","Deadly Poison"],"picked":"Slice","floor":20.0},{"not_picked":["Underhanded Strike+1","Deadly Poison+1"],"picked":"Blade Dance","floor":21.0},{"not_picked":["Flying Knee","Underhanded Strike"],"picked":"Backflip","floor":22.0},{"not_picked":["Endless Agony","Unload"],"picked":"Blade Dance","floor":23.0},{"not_picked":["Leg Sweep","Tactician"],"picked":"Dash","floor":24.0},{"not_picked":["Catalyst","Dagger Spray","Distraction"],"picked":"SKIP","floor":27.0},{"not_picked":["Poisoned Stab","Sucker Punch"],"picked":"Backflip","floor":28.0},{"not_picked":["Choke+1","Slice"],"picked":"After Image","floor":29.0},{"not_picked":["Flechettes","Flying Knee"],"picked":"Leg Sweep","floor":30.0},{"not_picked":["Masterful Stab","Sucker Punch","Poisoned Stab"],"picked":"SKIP","floor":31.0},{"not_picked":["Deflect"],"picked":"SKIP","floor":35.0},{"not_picked":["Dagger Throw"],"picked":"SKIP","floor":36.0},{"not_picked":["Backflip"],"picked":"SKIP","floor":37.0},{"not_picked":[],"picked":"Backflip","floor":37.0},{"not_picked":["Catalyst+1"],"picked":"SKIP","floor":41.0},{"not_picked":["Riddle With Holes+1"],"picked":"SKIP","floor":44.0},{"not_picked":["Outmaneuver"],"picked":"SKIP","floor":45.0},{"not_picked":["Backflip"],"picked":"SKIP","floor":46.0},{"not_picked":["Deflect"],"picked":"SKIP","floor":47.0},{"not_picked":["PiercingWail"],"picked":"SKIP","floor":54.0}],"player_experience":768833,"relics_obtained":[{"floor":6.0,"key":"Ninja Scroll"},{"floor":8.0,"key":"Akabeko"},{"floor":9.0,"key":"Happy Flower"},{"floor":14.0,"key":"Odd Mushroom"},{"floor":23.0,"key":"Lantern"},{"floor":26.0,"key":"Bag of Preparation"},{"floor":28.0,"key":"Red Mask"},{"floor":29.0,"key":"Bag of Marbles"},{"floor":41.0,"key":"Sundial"},{"floor":45.0,"key":"Bird Faced Urn"},{"floor":47.0,"key":"Ancient Tea Set"},{"floor":54.0,"key":"Blue Candle"}],"event_choices":[{"cards_removed":["Strike_G"],"damage_healed":0.0,"max_hp_gain":0.0,"max_hp_loss":0.0,"gold_gain":0.0,"event_name":"Purifier","player_choice":"Purged","floor":2.0,"gold_loss":0.0,"damage_taken":0.0},{"damage_healed":0.0,"max_hp_gain":0.0,"max_hp_loss":0.0,"gold_gain":0.0,"event_name":"Mushrooms","player_choice":"Fought Mushrooms","floor":14.0,"gold_loss":0.0,"damage_taken":0.0},{"damage_healed":0.0,"max_hp_gain":0.0,"max_hp_loss":0.0,"gold_gain":0.0,"event_name":"Designer","player_choice":"Upgraded Two","floor":19.0,"gold_loss":50.0,"damage_taken":0.0,"cards_upgraded":["Strike_G","Neutralize"]},{"damage_healed":0.0,"max_hp_gain":0.0,"max_hp_loss":0.0,"gold_gain":0.0,"event_name":"Masked Bandits","player_choice":"Fought Bandits","floor":28.0,"gold_loss":0.0,"damage_taken":0.0},{"damage_healed":0.0,"max_hp_gain":0.0,"max_hp_loss":0.0,"gold_gain":222.0,"event_name":"Tomb of Lord Red Mask","player_choice":"Wore Mask","floor":38.0,"gold_loss":0.0,"damage_taken":0.0},{"damage_healed":0.0,"max_hp_gain":0.0,"max_hp_loss":0.0,"gold_gain":0.0,"event_name":"SensoryStone","player_choice":"Memory 1","floor":48.0,"gold_loss":0.0,"damage_taken":0.0}],"is_beta":false,"boss_relics":[{"not_picked":["Sozu","Tiny House"],"picked":"WristBlade"},{"not_picked":["Runic Dome","Velvet Choker"],"picked":"Busted Crown"}],"items_purged_floors":[39,53],"is_endless":false,"potions_floor_spawned":[1,3,6,14,20,23,27,28,29,31,44,45],"ascension_level":15}}