{"host":"94qggqh0xz0sp6ai","time":1614031469,"event":{"mods":["100% Spire Juice","Abigail Mod","Act Like it!","BaseMod","CapriCore","Downfall","Friendly Minions","Gensokyo","Hermit","Jorbs\u0027s Wanderer Trilogy","Koishi","Marisa（霧雨　魔理沙）","Minty Spire (QoL Compilation)","Permanent Neow","Reimu（博??梦）","Reliquary","Ruina","StSLib","The Alterego","The Construct","The Cursed","The Hierophant","The Immortal","The Marked","The Mystic","The Senshi","The Servant 0.9.4","TheBandit","Waifu the Spire"],"gold_per_floor":[114,114,114,69,84,84,96,96,96,96,56,56,56,72,72,177,57,68,78,78,90,109,109,126,6,6,6,37,37,63,74,74,173,173,192,102,113,113,113,113,144,144,144,144,164,44,71,82,82,82],"floor_reached":51,"language":"ENG","playtime":1403,"items_purged":[],"score":1117,"play_id":"2d0cf434-721c-483e-a3e5-0a7ab8bd38ec","local_time":"20210222160429","is_ascension_mode":true,"campfire_choices":[{"data":"Moonworks:CloudOfSeagulls","floor":6,"key":"SMITH"},{"data":"Moonworks:CloudOfSeagulls","floor":8,"key":"SMITH"},{"data":"Moonworks:Ambush","floor":10,"key":"SMITH"},{"data":"Moonworks:LongDistanceShot","floor":12,"key":"SMITH"},{"data":"Moonworks:AnotherUltimateWeapon","floor":15,"key":"SMITH"},{"data":"Moonworks:MeltingMemories","floor":23,"key":"SMITH"},{"data":"Moonworks:SakisCookie","floor":25,"key":"SMITH"},{"data":"Moonworks:HolyNight","floor":32,"key":"SMITH"},{"data":"Moonworks:MetallicMonocoque","floor":40,"key":"SMITH"},{"floor":42,"key":"REST"},{"data":"Moonworks:Encore","floor":44,"key":"SMITH"},{"data":"Madness","floor":46,"key":"SMITH"},{"data":"Moonworks:CloudOfSeagulls","floor":49,"key":"SMITH"}],"circlet_count":0,"master_deck":["Moonworks:Strike","Moonworks:Strike+1","Moonworks:Strike","Moonworks:Defend","Moonworks:Defend","Moonworks:Defend","Moonworks:Defend","Moonworks:Ambush+1","Moonworks:LongDistanceShot+1","Moonworks:JonathanRush","Moonworks:CloudOfSeagulls+1","Moonworks:NicePresent","Moonworks:CloudOfSeagulls+1","Moonworks:AnotherUltimateWeapon+1","Moonworks:MeltingMemories+1","Moonworks:CloudOfSeagulls+1","Moonworks:HolyNight+1","Moonworks:ExtendedPhotonRifle+1","Moonworks:LulusLuckyEgg","Moonworks:SakisCookie+1","Parasite","Moonworks:Dinner","Moonworks:BigMagnum+1","Moonworks:UnpaidWork","Moonworks:MetallicMonocoque+1","Moonworks:EvilSpyWorkPreparation+1","Moonworks:RedAndBlue+1","Madness","Madness+1","Moonworks:Encore+1","TheCursedMod:Dregs","Parasite","Moonworks:SakisCookie+1","Moonworks:CloudOfSeagulls+1","Moonworks:Dinner+1"],"relics":["Moonworks:BrokenBomb","Moonworks:Homemark","Boot","Unceasing Top","PaintedHorse:ReiMu","Cursed Key","reliquary:QuartzCube","Red Mask","alterego_mod:FleetingLove","Oddly Smooth Stone","reliquary:SharkskinSheath","reliquary:Sod","Singing Bowl"],"acts_visited":["Exordium","TheCity","TheBeyond"],"potions_floor_usage":[21,22,28,47,47,47,47,50,50],"damage_taken":[{"damage":3,"enemies":"Small Slimes","floor":1,"turns":2},{"damage":1,"enemies":"Cultist","floor":5,"turns":3},{"damage":2,"enemies":"Jaw Worm","floor":7,"turns":3},{"damage":5,"enemies":"2 Fungi Beasts","floor":14,"turns":3},{"damage":0,"enemies":"Slime Boss","floor":16,"turns":5},{"damage":9,"enemies":"3 Byrds","floor":18,"turns":3},{"damage":0,"enemies":"Chosen","floor":19,"turns":3},{"damage":24,"enemies":"Snake Plant","floor":21,"turns":3},{"damage":11,"enemies":"Centurion and Healer","floor":22,"turns":3},{"damage":27,"enemies":"Snecko","floor":24,"turns":4},{"damage":6,"enemies":"Masked Bandits","floor":28,"turns":4},{"damage":4,"enemies":"Slavers","floor":30,"turns":3},{"damage":6,"enemies":"3 Cultists","floor":31,"turns":3},{"damage":6,"enemies":"Collector","floor":33,"turns":4},{"damage":10,"enemies":"3 Shapes","floor":35,"turns":3},{"damage":6,"enemies":"3 Darklings","floor":37,"turns":3},{"damage":47,"enemies":"Nemesis","floor":41,"turns":5},{"damage":6,"enemies":"Writhing Mass","floor":45,"turns":5},{"damage":39,"enemies":"Reptomancer","floor":47,"turns":5},{"damage":19,"enemies":"Transient","floor":48,"turns":5},{"damage":13,"enemies":"Donu and Deca","floor":50,"turns":6}],"seed_played":"-2375315136264427510","potions_obtained":[{"floor":5,"key":"Block Potion"},{"floor":14,"key":"champ:CounterPotion"},{"floor":21,"key":"ColorlessPotion"},{"floor":28,"key":"Guardian:BlockOnCardUsePotion"},{"floor":30,"key":"GamblersBrew"},{"floor":33,"key":"EssenceOfSteel"},{"floor":37,"key":"LiquidBronze"},{"floor":45,"key":"EntropicBrew"}],"is_trial":false,"path_per_floor":["M","?","$","$","M","R","M","R","T","R","?","R","?","M","R","B",null,"M","M","$","M","M","R","M","R","T","?","?","?","E","M","R","B",null,"M","?","M","?","$","R","E","R","T","R","M","R","E","M","R","B",null],"character_chosen":"THE_STARBREAKER","items_purchased":["Moonworks:CloudOfSeagulls"],"campfire_rested":1,"item_purchase_floors":[4],"current_hp_per_floor":[51,51,51,51,50,50,48,48,48,48,48,48,53,48,48,48,61,56,56,56,38,37,37,24,24,24,45,55,55,57,59,59,56,63,63,63,61,53,53,53,14,33,33,33,49,49,45,55,55,54],"gold":82,"neow_bonus":"RANDOM_COMMON_RELIC","is_daily":false,"chose_seed":false,"campfire_upgraded":12,"win_rate":0.0,"timestamp":1614031469,"path_taken":["M","?","?","$","?","R","M","R","T","R","?","R","?","?","R","BOSS","M","M","?","M","M","R","M","R","T","?","?","?","E","M","R","BOSS","M","?","?","?","?","R","E","R","T","R","?","R","E","M","R","BOSS"],"items_purchased_type":["Card"],"build_version":"2020-12-22","purchased_purges":0,"victory":true,"max_hp_per_floor":[60,60,60,60,60,60,60,60,60,60,60,60,65,65,65,65,65,65,65,65,65,65,65,65,65,65,65,65,65,65,65,65,65,65,65,65,65,65,65,65,65,65,65,65,65,65,65,65,65,65],"card_choices":[{"not_picked":["Moonworks:SakisCookie","Moonworks:DeployBits"],"picked":"Moonworks:JonathanRush","floor":1},{"not_picked":["Moonworks:DeployBits","Moonworks:BigMagnum"],"picked":"Moonworks:NicePresent","floor":5},{"not_picked":["Moonworks:ImOnFire","Moonworks:NicePresent"],"picked":"Moonworks:CloudOfSeagulls","floor":7},{"not_picked":["Moonworks:NicePresent","Moonworks:LulusLuckyEgg"],"picked":"Moonworks:AnotherUltimateWeapon","floor":14},{"not_picked":["Moonworks:AnotherUltimateWeapon","Moonworks:SinkOrSwim"],"picked":"Moonworks:MeltingMemories","floor":16},{"not_picked":["Moonworks:NicePresent","Moonworks:ExtendedPhotonRifle"],"picked":"Moonworks:CloudOfSeagulls+1","floor":18},{"not_picked":["Moonworks:DeployBits","Moonworks:BigBangBell"],"picked":"Moonworks:HolyNight","floor":19},{"not_picked":["Moonworks:Heat300Percent","Moonworks:BigMagnum"],"picked":"Moonworks:ExtendedPhotonRifle+1","floor":21},{"not_picked":["Moonworks:CastOff","Moonworks:SealedMemories"],"picked":"Moonworks:LulusLuckyEgg","floor":22},{"not_picked":["Moonworks:UnluckyCharm","Moonworks:LulusLuckyEgg+1"],"picked":"Moonworks:SakisCookie","floor":24},{"not_picked":["Moonworks:DeployBits","Moonworks:BigMagnum"],"picked":"Moonworks:Dinner","floor":28},{"not_picked":["Moonworks:Wanted","Moonworks:IndiscriminateFireSupport+1"],"picked":"Moonworks:BigMagnum+1","floor":30},{"not_picked":["Moonworks:IndiscriminateFireSupport+1","Moonworks:ImOnFire+1"],"picked":"Moonworks:UnpaidWork","floor":31},{"not_picked":["Moonworks:FinalBattle","Moonworks:ShieldCounter"],"picked":"Moonworks:MetallicMonocoque","floor":33},{"not_picked":["Moonworks:NicePresent","Moonworks:ForcedRevival"],"picked":"Moonworks:EvilSpyWorkPreparation+1","floor":35},{"not_picked":["Moonworks:AwakeningOfTalent","Moonworks:Assault"],"picked":"Moonworks:RedAndBlue+1","floor":37},{"not_picked":["Moonworks:EvilSpyWorkPreparation+1","Moonworks:IndiscriminateFireSupport"],"picked":"Moonworks:Encore","floor":41},{"not_picked":["Moonworks:DevilHand","Moonworks:IndiscriminateFireSupport+1"],"picked":"Moonworks:SakisCookie+1","floor":45},{"not_picked":["Moonworks:ReproductionOfRecords+1","Moonworks:SakisCookie+1"],"picked":"Moonworks:CloudOfSeagulls","floor":47},{"not_picked":["Moonworks:SakisCookie","Moonworks:BigMagnum+1"],"picked":"Moonworks:Dinner+1","floor":48}],"player_experience":1543027,"relics_obtained":[{"floor":9,"key":"Unceasing Top"},{"floor":26,"key":"reliquary:QuartzCube"},{"floor":28,"key":"Red Mask"},{"floor":30,"key":"Oddly Smooth Stone"},{"floor":41,"key":"reliquary:SharkskinSheath"},{"floor":43,"key":"reliquary:Sod"},{"floor":47,"key":"Singing Bowl"}],"event_choices":[{"damage_healed":0,"gold_gain":0,"player_choice":"Bought 0 Potions","damage_taken":0,"max_hp_gain":0,"max_hp_loss":0,"event_name":"The Woman in Blue","floor":2,"gold_loss":0},{"damage_healed":0,"gold_gain":0,"player_choice":"Donate","damage_taken":0,"relics_obtained":["PaintedHorse:ReiMu"],"max_hp_gain":0,"max_hp_loss":0,"event_name":"yidonshenshe","floor":11,"gold_loss":40},{"damage_healed":0,"gold_gain":0,"player_choice":"Donut","damage_taken":0,"max_hp_gain":5,"max_hp_loss":0,"event_name":"Big Fish","floor":13,"gold_loss":0},{"damage_healed":21,"gold_gain":0,"player_choice":"Heal","damage_taken":0,"max_hp_gain":0,"max_hp_loss":0,"event_name":"The Library","floor":27,"gold_loss":0},{"damage_healed":0,"gold_gain":0,"player_choice":"Fought Bandits","damage_taken":0,"max_hp_gain":0,"max_hp_loss":0,"event_name":"Masked Bandits","floor":28,"gold_loss":0},{"damage_healed":0,"gold_gain":0,"player_choice":"Choice 1","damage_taken":0,"relics_obtained":["alterego_mod:FleetingLove"],"max_hp_gain":0,"max_hp_loss":0,"event_name":"Secret Garden","floor":29,"gold_loss":0},{"cards_removed":["Moonworks:Strike"],"damage_healed":0,"gold_gain":0,"player_choice":"Upgrade and Remove","damage_taken":0,"max_hp_gain":0,"max_hp_loss":0,"event_name":"Designer","floor":36,"gold_loss":90,"cards_upgraded":["Moonworks:Strike"]},{"damage_healed":0,"gold_gain":0,"player_choice":"Embrace Madness","damage_taken":8,"max_hp_gain":0,"max_hp_loss":0,"event_name":"Winding Halls","floor":38,"gold_loss":0,"cards_obtained":["Madness","Madness"]}],"is_beta":false,"boss_relics":[{"not_picked":["theSenshi:MoonKaleidoScopeRelic","Astrolabe"],"picked":"Cursed Key"},{"not_picked":["Runic Pyramid","reliquary:Craggleroot","Velvet Choker"]}],"items_purged_floors":[],"is_endless":false,"potions_floor_spawned":[5,14,21,28,30,33,37,45],"ascension_level":6}}