{"host":"ace4y8wgj0fxngh2","time":1614019262,"event":{"mods":["BaseMod","Colored Map","Colored Powertips","Minty Spire (QoL Compilation)","StSLib"],"gold_per_floor":[118,130,17,17,29,60,60,95,121,121,155,155,155,27,27,129,129,148,58,74,74,93,93,109,109,155,70,81,110,122,153,165,273,285,316,328,354,68,84,119,138,152,152,152,185,198,198,198,198],"floor_reached":48,"language":"ENG","playtime":3057,"items_purged":["Defend_G","Pain","Strike_G","Strike_G+1"],"score":555,"play_id":"b48bf3fe-4fa1-4180-8339-a7fea0bef127","local_time":"20210222134102","is_ascension_mode":false,"campfire_choices":[{"data":"Caltrops","floor":7,"key":"SMITH"},{"floor":10,"key":"REST"},{"floor":13,"key":"REST"},{"data":"Noxious Fumes","floor":15,"key":"SMITH"},{"data":"After Image","floor":23,"key":"SMITH"},{"floor":25,"key":"RECALL"},{"floor":32,"key":"REST"},{"data":"1","floor":47,"key":"LIFT"}],"circlet_count":0,"master_deck":["Strike_G+1","Strike_G+1","Strike_G+1","Defend_G+1","Defend_G+1","Defend_G+1","Defend_G+1","Survivor","Neutralize","Caltrops+1","Accuracy","Neutralize","Flying Knee","Deadly Poison","Backstab","Noxious Fumes+1","After Image+1","Footwork+1","Accuracy","Catalyst+1","Dagger Throw+1","Infinite Blades","Writhe","Terror","Envenom","Deadly Poison+1","The Bomb","Panache","Finisher+1"],"relics":["Ring of the Snake","Bird Faced Urn","War Paint","Centennial Puzzle","Smiling Mask","Bag of Preparation","WarpedTongs","HoveringKite","Snake Skull","Orichalcum","MawBank","Girya","Black Star","TwistedFunnel","Potion Belt","Ninja Scroll","Singing Bowl","Happy Flower"],"acts_visited":["Exordium","TheCity","TheBeyond"],"potions_floor_usage":[6,8,29,33,37,45,45,46,48,48],"damage_taken":[{"damage":0,"enemies":"Small Slimes","floor":1,"turns":4},{"damage":1,"enemies":"Cultist","floor":2,"turns":4},{"damage":0,"enemies":"2 Louse","floor":5,"turns":2},{"damage":48,"enemies":"Lagavulin","floor":6,"turns":9},{"damage":12,"enemies":"3 Sentries","floor":8,"turns":9},{"damage":17,"enemies":"Lagavulin","floor":11,"turns":6},{"damage":7,"enemies":"The Guardian","floor":16,"turns":8},{"damage":23,"enemies":"2 Thieves","floor":18,"turns":4},{"damage":16,"enemies":"Shell Parasite","floor":20,"turns":5},{"damage":2,"enemies":"Cultist and Chosen","floor":22,"turns":6},{"damage":10,"enemies":"Centurion and Healer","floor":24,"turns":5},{"damage":19,"enemies":"Snecko","floor":28,"turns":5},{"damage":45,"enemies":"Slavers","floor":29,"turns":5},{"damage":1,"enemies":"Snake Plant","floor":31,"turns":3},{"damage":8,"enemies":"Champ","floor":33,"turns":9},{"damage":5,"enemies":"3 Shapes","floor":35,"turns":6},{"damage":29,"enemies":"3 Darklings","floor":37,"turns":5},{"damage":25,"enemies":"Maw","floor":39,"turns":6},{"damage":33,"enemies":"Giant Head","floor":40,"turns":7},{"damage":6,"enemies":"4 Shapes","floor":41,"turns":4},{"damage":16,"enemies":"3 Darklings","floor":42,"turns":3},{"damage":29,"enemies":"Nemesis","floor":45,"turns":5},{"damage":11,"enemies":"Sphere and 2 Shapes","floor":46,"turns":5},{"damage":35,"enemies":"Reptomancer","floor":48,"turns":3}],"seed_played":"-8225793389298683963","potions_obtained":[{"floor":2,"key":"SpeedPotion"},{"floor":6,"key":"EssenceOfSteel"},{"floor":22,"key":"LiquidBronze"},{"floor":28,"key":"SteroidPotion"},{"floor":31,"key":"AttackPotion"},{"floor":33,"key":"Fire Potion"},{"floor":40,"key":"Fire Potion"},{"floor":42,"key":"DistilledChaos"},{"floor":45,"key":"EssenceOfSteel"}],"is_trial":false,"path_per_floor":["M","M","$","?","M","E","R","E","T","R","E","?","R","$","R","B",null,"M","$","M","?","M","R","M","R","T","?","M","E","?","M","R","B",null,"M","?","M","$","M","E","M","M","T","?","E","M","R","E"],"character_chosen":"THE_SILENT","items_purchased":["Accuracy","Noxious Fumes","Accuracy","TwistedFunnel","PowerPotion","Poison Potion"],"campfire_rested":3,"item_purchase_floors":[3,14,19,38,38,38],"current_hp_per_floor":[63,62,62,62,63,17,17,9,9,27,14,14,32,32,32,29,63,42,42,38,38,46,46,44,44,44,44,37,4,4,11,29,35,63,63,58,42,42,33,18,24,22,22,22,9,16,16,0,0],"gold":198,"neow_bonus":"ONE_RARE_RELIC","is_daily":false,"chose_seed":false,"campfire_upgraded":3,"win_rate":0.0,"timestamp":1614019262,"path_taken":["M","M","$","?","?","E","R","E","T","R","E","?","R","?","R","BOSS","M","$","M","?","M","R","M","R","T","?","M","E","?","M","R","BOSS","M","?","M","$","M","E","M","M","T","?","E","M","R","E"],"items_purchased_type":["Card","Card","Card","Relic","Potion","Potion"],"build_version":"2020-12-22","purchased_purges":4,"victory":false,"max_hp_per_floor":[63,63,63,63,63,63,63,63,63,63,63,63,63,63,63,63,63,63,63,63,63,63,63,63,63,63,63,63,63,63,63,63,63,63,63,63,63,63,63,63,63,63,63,63,65,67,67,67,67],"card_choices":[{"not_picked":["Prepared","Blade Dance","Dodge and Roll"],"picked":"SKIP","floor":1},{"not_picked":["Flying Knee","Dagger Throw"],"picked":"Caltrops","floor":2},{"not_picked":["Sucker Punch","Cloak And Dagger"],"picked":"Flying Knee","floor":5},{"not_picked":["Concentrate","Choke"],"picked":"Deadly Poison","floor":6},{"not_picked":["Finisher","Sucker Punch"],"picked":"Backstab","floor":8},{"not_picked":["Calculated Gamble","Blur","Acrobatics"],"picked":"SKIP","floor":11},{"not_picked":["Glass Knife","Phantasmal Killer"],"picked":"After Image","floor":16},{"not_picked":["Well Laid Plans","Cloak And Dagger"],"picked":"Footwork+1","floor":18},{"not_picked":["Underhanded Strike+1","Backflip"],"picked":"Catalyst+1","floor":20},{"not_picked":["Outmaneuver","Escape Plan"],"picked":"Dagger Throw+1","floor":22},{"not_picked":["Cloak And Dagger","Leg Sweep","Backflip"],"picked":"SKIP","floor":24},{"not_picked":["Backstab","Backflip+1"],"picked":"Infinite Blades","floor":28},{"not_picked":["Well Laid Plans+1","All Out Attack+1","Calculated Gamble"],"picked":"SKIP","floor":29},{"not_picked":["Distraction+1","Dagger Throw"],"picked":"Terror","floor":31},{"not_picked":["Glass Knife","Night Terror"],"picked":"Envenom","floor":33},{"not_picked":["Dodge and Roll","Dagger Spray"],"picked":"Deadly Poison+1","floor":35},{"not_picked":["HandOfGreed","Good Instincts"],"picked":"The Bomb","floor":36},{"not_picked":["Mind Blast","Forethought"],"picked":"Panache","floor":36},{"not_picked":["Choke+1","Bouncing Flask","Acrobatics+1"],"picked":"SKIP","floor":37},{"not_picked":["Quick Slash","Dodge and Roll+1","Endless Agony"],"picked":"SKIP","floor":39},{"not_picked":["Poisoned Stab+1","Deflect"],"picked":"Finisher+1","floor":40},{"not_picked":["Outmaneuver","Flying Knee+1","Cloak And Dagger"],"picked":"SKIP","floor":41},{"not_picked":["Eviscerate","Dodge and Roll+1","Prepared"],"picked":"SKIP","floor":42},{"not_picked":["Reflex+1","Acrobatics","Heel Hook"],"picked":"Singing Bowl","floor":45},{"not_picked":["Blade Dance","Slice","Prepared"],"picked":"Singing Bowl","floor":46}],"player_experience":163200,"relics_obtained":[{"floor":6,"key":"War Paint"},{"floor":8,"key":"Centennial Puzzle"},{"floor":9,"key":"Smiling Mask"},{"floor":11,"key":"Bag of Preparation"},{"floor":26,"key":"Snake Skull"},{"floor":29,"key":"MawBank"},{"floor":40,"key":"Potion Belt"},{"floor":40,"key":"Ninja Scroll"},{"floor":45,"key":"Singing Bowl"},{"floor":45,"key":"Happy Flower"}],"event_choices":[{"damage_healed":0,"gold_gain":0,"player_choice":"2 cards matched","damage_taken":0,"max_hp_gain":0,"max_hp_loss":0,"event_name":"Match and Keep!","floor":4,"gold_loss":0,"cards_obtained":["Neutralize","Deadly Poison"]},{"damage_healed":0,"gold_gain":0,"player_choice":"Rummage","damage_taken":0,"relics_obtained":["WarpedTongs"],"max_hp_gain":0,"max_hp_loss":0,"event_name":"Accursed Blacksmith","floor":12,"gold_loss":0,"cards_obtained":["Pain"]},{"damage_healed":0,"gold_gain":0,"player_choice":"Simplicity","damage_taken":0,"max_hp_gain":0,"max_hp_loss":0,"event_name":"Back to Basics","floor":21,"gold_loss":0,"cards_upgraded":["Strike_G","Strike_G","Strike_G","Strike_G","Defend_G","Defend_G"]},{"damage_healed":0,"gold_gain":0,"player_choice":"Obtained Relic","damage_taken":0,"relics_obtained":["Orichalcum"],"max_hp_gain":0,"max_hp_loss":0,"event_name":"Addict","floor":27,"gold_loss":85},{"damage_healed":0,"gold_gain":0,"player_choice":"Opened","damage_taken":0,"relics_obtained":["Girya"],"max_hp_gain":0,"max_hp_loss":0,"event_name":"The Mausoleum","floor":30,"gold_loss":0,"cards_obtained":["Writhe"]},{"damage_healed":0,"gold_gain":0,"player_choice":"Memory 2","damage_taken":5,"max_hp_gain":0,"max_hp_loss":0,"event_name":"SensoryStone","floor":36,"gold_loss":0},{"cards_removed":["Deadly Poison"],"damage_healed":0,"gold_gain":0,"player_choice":"Removed Skill","damage_taken":0,"max_hp_gain":0,"max_hp_loss":0,"event_name":"Falling","floor":44,"gold_loss":0}],"is_beta":false,"boss_relics":[{"not_picked":["SacredBark","Cursed Key"],"picked":"HoveringKite"},{"not_picked":["Coffee Dripper","Ring of the Serpent"],"picked":"Black Star"}],"items_purged_floors":[3,14,19,38],"is_endless":false,"potions_floor_spawned":[2,6,22,28,31,33,40,42,45],"killed_by":"Reptomancer","ascension_level":0}}