{"host":"o88u0awh8mkwl1l8","time":1614001092,"event":{"mods":["BaseMod","Colored Map","Highlight Path","Minty Spire (QoL Compilation)","Relic Sorter","Slay-I"],"gold_per_floor":[109,121,139,152,172,172,201,233,233,291,310,310,310,326,326,326,326],"floor_reached":16,"language":"JPN","playtime":985,"items_purged":[],"score":208,"play_id":"be92cd3d-bcd1-4fb3-8542-0baabb85b5b4","local_time":"20210222223812","is_ascension_mode":true,"campfire_choices":[{"data":"Crippling Poison","floor":6.0,"key":"SMITH"},{"floor":12.0,"key":"REST"},{"data":"Catalyst","floor":15.0,"key":"SMITH"}],"circlet_count":0,"master_deck":["AscendersBane","Strike_G","Strike_G","Strike_G","Strike_G","Strike_G","Defend_G","Defend_G","Defend_G","Defend_G","Defend_G","Survivor","Neutralize","Sucker Punch","Poisoned Stab","Crippling Poison+1","Catalyst+1","Well Laid Plans","Catalyst","Noxious Fumes+1"],"relics":["Ring of the Snake","Odd Mushroom","Juzu Bracelet","Gremlin Horn","Sundial"],"acts_visited":["Exordium"],"potions_floor_usage":[16],"damage_taken":[{"damage":2.0,"enemies":"2 Louse","floor":1.0,"turns":4.0},{"damage":2.0,"enemies":"Jaw Worm","floor":2.0,"turns":5.0},{"damage":0.0,"enemies":"Cultist","floor":3.0,"turns":3.0},{"damage":15.0,"enemies":"Exordium Wildlife","floor":4.0,"turns":6.0},{"damage":0.0,"enemies":"2 Fungi Beasts","floor":5.0,"turns":5.0},{"damage":1.0,"enemies":"The Mushroom Lair","floor":7.0,"turns":3.0},{"damage":28.0,"enemies":"3 Sentries","floor":8.0,"turns":9.0},{"damage":28.0,"enemies":"3 Sentries","floor":10.0,"turns":8.0},{"damage":1.0,"enemies":"Blue Slaver","floor":11.0,"turns":4.0},{"damage":1.0,"enemies":"Looter","floor":14.0,"turns":4.0},{"damage":18,"enemies":"Slime Boss","floor":16,"turns":7}],"seed_played":"8212821412889309414","potions_obtained":[{"floor":2.0,"key":"Weak Potion"},{"floor":3.0,"key":"Ancient Potion"},{"floor":8.0,"key":"Regen Potion"},{"floor":14.0,"key":"Swift Potion"}],"is_trial":false,"path_per_floor":["M","M","M","M","M","R","?","E","T","?","M","R","?","M","R","B"],"character_chosen":"THE_SILENT","items_purchased":[],"campfire_rested":1,"item_purchase_floors":[],"current_hp_per_floor":[63,61,61,46,46,46,45,17,17,4,3,24,24,23,23,5,5],"gold":326,"neow_bonus":"TEN_PERCENT_HP_BONUS","is_daily":false,"chose_seed":false,"campfire_upgraded":2,"win_rate":0.0,"timestamp":1614001092,"path_taken":["M","M","M","M","M","R","?","E","T","?","M","R","?","M","R","BOSS"],"items_purchased_type":[],"build_version":"2020-12-22","purchased_purges":0,"victory":false,"max_hp_per_floor":[72,72,72,72,72,72,72,72,72,72,72,72,72,72,72,72,72],"card_choices":[{"not_picked":["Outmaneuver","Acrobatics"],"picked":"Sucker Punch","floor":1.0},{"not_picked":["Concentrate","Noxious Fumes"],"picked":"Poisoned Stab","floor":2.0},{"not_picked":["Deflect","Flying Knee","Choke"],"picked":"SKIP","floor":3.0},{"not_picked":["Deflect","Flying Knee","Choke"],"picked":"SKIP","floor":3.0},{"not_picked":["PiercingWail","Backflip","Bullet Time"],"picked":"SKIP","floor":4.0},{"not_picked":["Quick Slash","Flying Knee"],"picked":"Crippling Poison","floor":5.0},{"not_picked":["Dagger Throw","Flying Knee"],"picked":"Catalyst","floor":7.0},{"not_picked":["Reflex","Underhanded Strike"],"picked":"Well Laid Plans","floor":8.0},{"not_picked":["Finisher","Sucker Punch"],"picked":"Catalyst","floor":10.0},{"not_picked":["Quick Slash","Dagger Spray"],"picked":"Noxious Fumes","floor":11.0},{"not_picked":["Quick Slash","Dodge and Roll","Escape Plan"],"picked":"SKIP","floor":14.0}],"player_experience":1330326,"relics_obtained":[{"floor":7.0,"key":"Odd Mushroom"},{"floor":8.0,"key":"Juzu Bracelet"},{"floor":9.0,"key":"Gremlin Horn"},{"floor":10.0,"key":"Sundial"}],"event_choices":[{"damage_healed":0.0,"max_hp_gain":0.0,"max_hp_loss":0.0,"gold_gain":0.0,"event_name":"Mushrooms","player_choice":"Fought Mushrooms","floor":7.0,"gold_loss":0.0,"damage_taken":0.0},{"damage_healed":0.0,"max_hp_gain":0.0,"max_hp_loss":0.0,"gold_gain":0.0,"event_name":"Dead Adventurer","player_choice":"Searched \u00271\u0027 times","floor":10.0,"gold_loss":0.0,"damage_taken":0.0},{"damage_healed":0.0,"max_hp_gain":0.0,"max_hp_loss":0.0,"gold_gain":0.0,"event_name":"Upgrade Shrine","player_choice":"Upgraded","floor":13.0,"gold_loss":0.0,"damage_taken":0.0,"cards_upgraded":["Noxious Fumes"]}],"is_beta":false,"boss_relics":[],"items_purged_floors":[],"is_endless":false,"potions_floor_spawned":[2,3,5,8,14],"killed_by":"Slime Boss","ascension_level":20}}