{"host":"v7dcfm09mlh04wa7","time":1614037461,"event":{"mods":["BaseMod","Minty Spire (QoL Compilation)","StSLib"],"gold_per_floor":[118,129,54,4,0,0,34,50,76,108,108,108,33,53,53,158,158,174,174,191,40,40,40,72,72,144,1,32,45,45,55,55,160,160,177,194,69,81,93,93,107,135,210,210,210,60,89,104,104,104,104,104,14,46,46,46],"floor_reached":55,"language":"ENG","playtime":3610,"items_purged":["Defend_P","Defend_P+1","Vigilance","LessonLearned+1"],"score":905,"play_id":"f8061a40-683e-46de-a3a5-3996f6b3c1b8","local_time":"20210222184421","is_ascension_mode":true,"campfire_choices":[{"data":"Eruption","floor":6,"key":"SMITH"},{"data":"TalkToTheHand","floor":11,"key":"SMITH"},{"data":"Mayhem","floor":15,"key":"SMITH"},{"data":"Prostrate","floor":23,"key":"SMITH"},{"data":"Prostrate","floor":25,"key":"SMITH"},{"floor":30,"key":"REST"},{"data":"CutThroughFate","floor":32,"key":"SMITH"},{"floor":40,"key":"RECALL"},{"floor":45,"key":"REST"},{"floor":49,"key":"REST"},{"data":"CutThroughFate","floor":52,"key":"SMITH"}],"circlet_count":0,"master_deck":["Defend_P+1","Eruption+1","Mayhem+1","Prostrate+1","FearNoEvil+1","Brilliance","TalkToTheHand+1","CutThroughFate+1","DevaForm+1","FollowUp","Prostrate+1","Prostrate+1","Pray+1","JustLucky+1","Omniscience+1","Pray+1","Madness","Madness","CutThroughFate+1","TalkToTheHand"],"relics":["PureWater","War Paint","Strawberry","Oddly Smooth Stone","Empty Cage","Pantograph","ClockworkSouvenir","Gambling Chip","SlaversCollar","Thread and Needle","Frozen Egg 2","Orichalcum","Toy Ornithopter"],"acts_visited":["Exordium","TheCity","TheBeyond","TheEnding"],"potions_floor_usage":[7,10,28,28,33,39,47,48,50],"damage_taken":[{"damage":5,"enemies":"Cultist","floor":1,"turns":4},{"damage":0,"enemies":"2 Louse","floor":2,"turns":2},{"damage":9,"enemies":"Lagavulin","floor":7,"turns":6},{"damage":0,"enemies":"Jaw Worm","floor":8,"turns":3},{"damage":0,"enemies":"Gremlin Nob","floor":10,"turns":2},{"damage":0,"enemies":"3 Louse","floor":14,"turns":2},{"damage":0,"enemies":"Hexaghost","floor":16,"turns":6},{"damage":0,"enemies":"Chosen","floor":18,"turns":4},{"damage":3,"enemies":"3 Byrds","floor":20,"turns":4},{"damage":5,"enemies":"Gremlin Leader","floor":24,"turns":4},{"damage":41,"enemies":"Slavers","floor":28,"turns":5},{"damage":4,"enemies":"Centurion and Healer","floor":29,"turns":3},{"damage":18,"enemies":"Shelled Parasite and Fungi","floor":31,"turns":3},{"damage":14,"enemies":"Automaton","floor":33,"turns":6},{"damage":3,"enemies":"3 Darklings","floor":35,"turns":3},{"damage":19,"enemies":"3 Shapes","floor":36,"turns":3},{"damage":3,"enemies":"Spire Growth","floor":38,"turns":4},{"damage":8,"enemies":"4 Shapes","floor":39,"turns":4},{"damage":11,"enemies":"3 Darklings","floor":41,"turns":3},{"damage":3,"enemies":"Giant Head","floor":42,"turns":4},{"damage":4,"enemies":"Nemesis","floor":47,"turns":3},{"damage":9,"enemies":"Jaw Worm Horde","floor":48,"turns":2},{"damage":41,"enemies":"Awakened One","floor":50,"turns":7},{"damage":80,"enemies":"Shield and Spear","floor":54,"turns":5},{"damage":49,"enemies":"The Heart","floor":55,"turns":5}],"seed_played":"7785016363646468174","potions_obtained":[{"floor":1,"key":"DistilledChaos"},{"floor":7,"key":"DistilledChaos"},{"floor":14,"key":"SkillPotion"},{"floor":24,"key":"Block Potion"},{"floor":28,"key":"LiquidMemories"},{"floor":33,"key":"SkillPotion"},{"floor":35,"key":"EssenceOfSteel"},{"floor":36,"key":"FairyPotion"},{"floor":47,"key":"AttackPotion"},{"floor":48,"key":"Fire Potion"}],"is_trial":false,"path_per_floor":["M","M","$","?","?","R","E","M","T","E","R","?","$","M","R","B",null,"M","?","M","$","?","R","E","R","T","$","E","M","R","M","R","B",null,"M","M","$","M","M","R","M","E","T","?","R","$","E","M","R","B",null,"R","$","E","B"],"character_chosen":"WATCHER","items_purchased":["Brilliance","Prostrate","ClockworkSouvenir","TalkToTheHand","SteroidPotion"],"campfire_rested":3,"item_purchase_floors":[3,21,27,53,53],"current_hp_per_floor":[46,46,46,46,46,46,37,37,44,44,44,37,37,37,37,37,79,79,79,76,76,76,76,71,71,71,71,30,26,49,31,31,42,79,76,57,57,54,46,46,35,32,32,22,45,45,41,32,55,38,79,79,79,23,0,0],"gold":46,"neow_bonus":"RANDOM_COLORLESS_2","is_daily":false,"chose_seed":false,"campfire_upgraded":7,"win_rate":0.0,"timestamp":1614037461,"path_taken":["M","M","$","?","?","R","E","M","T","E","R","?","$","M","R","BOSS","M","?","M","$","?","R","E","R","T","$","E","M","R","M","R","BOSS","M","M","$","?","M","R","M","E","T","?","R","$","E","M","R","BOSS","R","$","E","BOSS"],"items_purchased_type":["Card","Card","Relic","Card","Potion"],"build_version":"2020-12-22","purchased_purges":4,"victory":false,"max_hp_per_floor":[72,72,72,72,72,72,72,72,79,79,79,79,79,79,79,79,79,79,79,79,79,79,79,79,79,79,79,79,79,79,79,79,79,79,79,79,79,79,79,79,79,79,79,79,79,79,79,79,79,79,79,79,79,79,79,79],"card_choices":[{"not_picked":["Secret Weapon","Secret Technique"],"picked":"Mayhem","floor":0},{"not_picked":["SashWhip","Consecrate"],"picked":"Prostrate","floor":1},{"not_picked":["WreathOfFlame","FollowUp"],"picked":"FearNoEvil","floor":2},{"not_picked":["ClearTheMind","BowlingBash","EmptyFist"],"picked":"SKIP","floor":7},{"not_picked":["JustLucky","BattleHymn","FollowUp"],"picked":"SKIP","floor":8},{"not_picked":["CutThroughFate","Sanctity"],"picked":"TalkToTheHand","floor":10},{"not_picked":["EmptyBody","MasterReality"],"picked":"CutThroughFate","floor":14},{"not_picked":["Judgement","Ragnarok"],"picked":"DevaForm","floor":16},{"not_picked":["Swivel","Crescendo"],"picked":"FollowUp","floor":18},{"not_picked":["LikeWater+1","EmptyBody"],"picked":"Prostrate","floor":20},{"not_picked":["CutThroughFate","Protect+1"],"picked":"LessonLearned","floor":24},{"not_picked":["Consecrate","Crescendo"],"picked":"Pray+1","floor":28},{"not_picked":["Swivel","FlurryOfBlows+1","Worship+1"],"picked":"SKIP","floor":29},{"not_picked":["Evaluate+1","BattleHymn"],"picked":"JustLucky","floor":31},{"not_picked":["Scrawl","Establishment"],"picked":"Omniscience","floor":33},{"not_picked":["EmptyFist+1","SashWhip+1","FlurryOfBlows"],"picked":"SKIP","floor":35},{"not_picked":["WaveOfTheHand+1","ThirdEye+1","Crescendo"],"picked":"SKIP","floor":36},{"not_picked":["Blasphemy","WreathOfFlame"],"picked":"Pray","floor":38},{"not_picked":["BowlingBash+1","CrushJoints","Halt"],"picked":"SKIP","floor":39},{"not_picked":["Crescendo+1","BowlingBash+1","Halt+1"],"picked":"SKIP","floor":41},{"not_picked":["Worship","Halt+1","EmptyMind+1"],"picked":"SKIP","floor":42},{"not_picked":["TalkToTheHand","ReachHeaven+1"],"picked":"CutThroughFate","floor":47},{"not_picked":["FollowUp+1","DeceiveReality","Protect+1"],"picked":"SKIP","floor":48},{"not_picked":["FlurryOfBlows","Swivel","EmptyBody+1"],"picked":"SKIP","floor":54}],"player_experience":240702,"relics_obtained":[{"floor":7,"key":"War Paint"},{"floor":9,"key":"Strawberry"},{"floor":10,"key":"Oddly Smooth Stone"},{"floor":24,"key":"Pantograph"},{"floor":28,"key":"Gambling Chip"},{"floor":42,"key":"Thread and Needle"},{"floor":43,"key":"Frozen Egg 2"},{"floor":47,"key":"Orichalcum"},{"floor":54,"key":"Toy Ornithopter"}],"event_choices":[{"cards_removed":["Strike_P"],"damage_healed":0,"gold_gain":0,"player_choice":"Card Removal","damage_taken":0,"max_hp_gain":0,"max_hp_loss":0,"event_name":"The Cleric","floor":4,"gold_loss":50},{"damage_healed":0,"gold_gain":0,"player_choice":"Left Gold","damage_taken":0,"max_hp_gain":0,"max_hp_loss":0,"event_name":"World of Goop","floor":5,"gold_loss":4},{"cards_removed":["Defend_P"],"damage_healed":0,"gold_gain":0,"player_choice":"Card Removal","damage_taken":7,"max_hp_gain":0,"max_hp_loss":0,"event_name":"Golden Wing","floor":12,"gold_loss":0},{"cards_removed":["Strike_P"],"damage_healed":0,"gold_gain":0,"player_choice":"Elegance","damage_taken":0,"max_hp_gain":0,"max_hp_loss":0,"event_name":"Back to Basics","floor":19,"gold_loss":0},{"damage_healed":0,"gold_gain":0,"player_choice":"Upgraded","damage_taken":0,"max_hp_gain":0,"max_hp_loss":0,"event_name":"Upgrade Shrine","floor":22,"gold_loss":0,"cards_upgraded":["Prostrate"]},{"damage_healed":0,"gold_gain":0,"player_choice":"Embrace Madness","damage_taken":10,"max_hp_gain":0,"max_hp_loss":0,"event_name":"Winding Halls","floor":44,"gold_loss":0,"cards_obtained":["Madness","Madness"]}],"is_beta":false,"boss_relics":[{"not_picked":["Philosopher\u0027s Stone","Astrolabe"],"picked":"Empty Cage"},{"not_picked":["Cursed Key","Sozu"],"picked":"SlaversCollar"}],"items_purged_floors":[13,21,37,46],"is_endless":false,"potions_floor_spawned":[1,7,14,24,28,33,35,36,47,48],"killed_by":"The Heart","ascension_level":2}}