{"host":"5bsc0nab6whpyrbj","time":1614031417,"event":{"mods":["BaseMod","Highlight Path","Minty Spire (QoL Compilation)"],"gold_per_floor":[112,387,399,369,383,396,396,321,321,331,331,331,347,347,347,347,347],"floor_reached":16,"language":"ENG","playtime":353,"items_purged":["Regret"],"score":92,"play_id":"76490358-6dd9-4a50-9048-153d5e56e195","local_time":"20210222170337","is_ascension_mode":false,"campfire_choices":[{"floor":7.0,"key":"REST"},{"floor":11.0,"key":"REST"},{"floor":15,"key":"REST"}],"circlet_count":0,"master_deck":["Strike_B","Strike_B","Strike_B","Strike_B","Defend_B","Defend_B","Defend_B","Defend_B","Zap","Dualcast","Loop","Capacitor","Defragment","Injury"],"relics":["Cracked Core","Nunchaku","MealTicket","Golden Idol"],"acts_visited":["Exordium"],"potions_floor_usage":[16,16],"damage_taken":[{"damage":8.0,"enemies":"Small Slimes","floor":1.0,"turns":2.0},{"damage":19.0,"enemies":"Cultist","floor":3.0,"turns":4.0},{"damage":11.0,"enemies":"2 Louse","floor":5.0,"turns":3.0},{"damage":23.0,"enemies":"Red Slaver","floor":6.0,"turns":3.0},{"damage":24.0,"enemies":"Blue Slaver","floor":10.0,"turns":3.0},{"damage":19.0,"enemies":"2 Fungi Beasts","floor":13.0,"turns":4.0},{"damage":79,"enemies":"Slime Boss","floor":16,"turns":11}],"seed_played":"-8366014716282111131","potions_obtained":[{"floor":1.0,"key":"ColorlessPotion"},{"floor":4.0,"key":"Fruit Juice"},{"floor":4.0,"key":"SteroidPotion"},{"floor":10.0,"key":"BlessingOfTheForge"}],"is_trial":false,"path_per_floor":["M","?","M","?","M","M","R","$","T","M","R","?","M","?","R","B"],"character_chosen":"DEFECT","items_purchased":[],"campfire_rested":3,"item_purchase_floors":[],"current_hp_per_floor":[67,67,48,53,42,19,43,43,43,19,43,69,50,50,74,0,0],"gold":347,"neow_bonus":"RANDOM_COMMON_RELIC","is_daily":false,"chose_seed":false,"campfire_upgraded":0,"win_rate":0.0,"timestamp":1614031417,"path_taken":["M","?","?","?","M","M","R","$","T","?","R","?","M","?","R","BOSS"],"items_purchased_type":[],"build_version":"2020-12-22","purchased_purges":1,"victory":false,"max_hp_per_floor":[75,75,75,80,80,80,80,80,80,80,80,80,80,80,80,80,80],"card_choices":[{"not_picked":["Compile Driver","Reinforced Body"],"picked":"Loop","floor":1.0},{"not_picked":["White Noise","Coolheaded"],"picked":"Capacitor","floor":3.0},{"not_picked":["Stack","Reinforced Body","Turbo"],"picked":"SKIP","floor":5.0},{"not_picked":["Compile Driver","Turbo","Conserve Battery"],"picked":"SKIP","floor":6.0},{"not_picked":["Stack","Machine Learning","Turbo"],"picked":"SKIP","floor":10.0},{"not_picked":["Rip and Tear","Scrape"],"picked":"Defragment","floor":13}],"player_experience":100988,"relics_obtained":[{"floor":9.0,"key":"MealTicket"}],"event_choices":[{"damage_healed":0.0,"max_hp_gain":0.0,"max_hp_loss":0.0,"gold_gain":275.0,"event_name":"Golden Shrine","player_choice":"Desecrate","floor":2.0,"gold_loss":0.0,"damage_taken":0.0,"cards_obtained":["Regret"]},{"damage_healed":0.0,"max_hp_gain":0.0,"max_hp_loss":0.0,"gold_gain":0.0,"event_name":"The Woman in Blue","player_choice":"Bought 2 Potions","floor":4.0,"gold_loss":0.0,"damage_taken":0.0},{"damage_healed":26.0,"max_hp_gain":0.0,"max_hp_loss":0.0,"gold_gain":0.0,"event_name":"Big Fish","player_choice":"Banana","floor":12.0,"gold_loss":0.0,"damage_taken":0.0},{"damage_healed":0,"gold_gain":0,"player_choice":"Take Wound","damage_taken":0,"relics_obtained":["Golden Idol"],"max_hp_gain":0,"max_hp_loss":0,"event_name":"Golden Idol","floor":14,"gold_loss":0,"cards_obtained":["Injury"]}],"is_beta":false,"boss_relics":[],"items_purged_floors":[8],"is_endless":false,"potions_floor_spawned":[1,10,13],"killed_by":"Slime Boss","ascension_level":0}}