{"host":"3ybhqvo0i2lca5e4","time":1614014423,"event":{"mods":["Act Like it!","BaseMod","Colored Powertips","Hermit","Lobotomy","Marisa£®ÏF”Í°°ƒß¿Ì…≥£©","Minty Spire (QoL Compilation)","SIMod","StSLib","Youmu£®ªÍ∆«—˝√Œ£©"],"gold_per_floor":[114,128,145,95,20,20,46,62,62,97,18,18,30,44,44,147,147,157,177,209,89,89,89],"floor_reached":22,"language":"ZHS","playtime":1034,"items_purged":["Strike_R"],"score":196,"play_id":"d357739c-ce0b-4cce-80eb-de5ed811c58c","local_time":"20210223012023","is_ascension_mode":false,"campfire_choices":[{"data":"Pommel Strike","floor":6.0,"key":"SMITH"},{"floor":12.0,"key":"REST"},{"data":"Pommel Strike","floor":15,"key":"SMITH"}],"circlet_count":0,"master_deck":["Strike_R","Strike_R","Strike_R","Defend_R","Defend_R","Defend_R","Bash","Pommel Strike+1","Pommel Strike+1","Flex","Shrug It Off","Thunderclap","Whirlwind","Clothesline","Inflame+1","Headbutt","Demon Form+1","Reaper","Rage+1","Iron Wave","Twin Strike+1","Rupture+1","Rampage"],"relics":["Burning Blood","Frozen Egg 2","Paper Frog","Darkstone Periapt","SacredBark","Red Mask"],"acts_visited":["Exordium","TheCity"],"potions_floor_usage":[22],"damage_taken":[{"damage":5.0,"enemies":"Small Slimes","floor":1.0,"turns":4.0},{"damage":6.0,"enemies":"Jaw Worm","floor":2.0,"turns":4.0},{"damage":0.0,"enemies":"2 Louse","floor":3.0,"turns":2.0},{"damage":40.0,"enemies":"Lagavulin","floor":7.0,"turns":6.0},{"damage":6.0,"enemies":"Lots of Slimes","floor":8.0,"turns":4.0},{"damage":16.0,"enemies":"Gremlin Nob","floor":10.0,"turns":3.0},{"damage":5,"enemies":"Red Slaver","floor":13,"turns":3},{"damage":6,"enemies":"Blue Slaver","floor":14,"turns":3},{"damage":35,"enemies":"Slime Boss","floor":16,"turns":5},{"damage":22,"enemies":"2 Thieves","floor":18,"turns":4},{"damage":10,"enemies":"Chosen","floor":19,"turns":4},{"damage":58,"enemies":"Masked Bandits","floor":20,"turns":6},{"damage":17,"enemies":"Snake Plant","floor":22,"turns":5}],"seed_played":"-8068611111936613408","potions_obtained":[{"floor":3.0,"key":"Explosive Potion"},{"floor":7.0,"key":"BlessingOfTheForge"},{"floor":10.0,"key":"PowerPotion"},{"floor":13,"key":"AttackPotion"}],"is_trial":false,"path_per_floor":["M","M","M","?","$","R","E","M","T","E","$","R","M","M","R","B",null,"M","M","?","$","M"],"character_chosen":"IRONCLAD","items_purchased":["Inflame+1","Rupture+1","Rampage"],"campfire_rested":1,"item_purchase_floors":[11,21,21],"current_hp_per_floor":[80,80,80,80,80,80,46,46,46,36,36,60,61,61,61,32,80,64,60,15,15,0,0],"gold":89,"neow_bonus":"TRANSFORM_CARD","is_daily":false,"chose_seed":false,"campfire_upgraded":2,"win_rate":0.0,"timestamp":1614014423,"path_taken":["M","M","M","?","$","R","E","M","T","E","$","R","M","M","R","BOSS","M","M","?","$","M"],"items_purchased_type":["Card","Card","Card"],"build_version":"2020-12-22","purchased_purges":1,"victory":false,"max_hp_per_floor":[80,80,80,80,80,80,80,80,80,80,80,80,80,80,80,80,80,80,80,80,80,80,80],"card_choices":[{"not_picked":["Headbutt","Infernal Blade"],"picked":"Pommel Strike","floor":1.0},{"not_picked":["Sword Boomerang","Burning Pact"],"picked":"Flex","floor":2.0},{"not_picked":["Clothesline","Metallicize"],"picked":"Shrug It Off","floor":3.0},{"not_picked":["Warcry","Ghostly Armor"],"picked":"Thunderclap","floor":7.0},{"not_picked":["Carnage","Shrug It Off"],"picked":"Whirlwind","floor":8.0},{"not_picked":["Pommel Strike","True Grit"],"picked":"Clothesline","floor":10.0},{"not_picked":["Blood for Blood","Sever Soul"],"picked":"Headbutt","floor":13},{"not_picked":["Sword Boomerang","Twin Strike"],"picked":"Demon Form+1","floor":14},{"not_picked":["Impervious","Bludgeon"],"picked":"Reaper","floor":16},{"not_picked":["Wild Strike","Battle Trance+1"],"picked":"Rage+1","floor":18},{"not_picked":["Battle Trance+1","Carnage"],"picked":"Iron Wave","floor":19},{"not_picked":["Shockwave+1","Second Wind"],"picked":"Twin Strike+1","floor":20}],"player_experience":57228,"relics_obtained":[{"floor":7.0,"key":"Frozen Egg 2"},{"floor":9.0,"key":"Paper Frog"},{"floor":10.0,"key":"Darkstone Periapt"},{"floor":20,"key":"Red Mask"}],"event_choices":[{"cards_removed":["Strike_R"],"damage_healed":0.0,"max_hp_gain":0.0,"max_hp_loss":0.0,"gold_gain":0.0,"event_name":"The Cleric","player_choice":"Card Removal","floor":4.0,"gold_loss":50.0,"damage_taken":0.0},{"damage_healed":0,"gold_gain":0,"player_choice":"Fought Bandits","damage_taken":0,"max_hp_gain":0,"max_hp_loss":0,"event_name":"Masked Bandits","floor":20,"gold_loss":0}],"is_beta":false,"boss_relics":[{"not_picked":["Coffee Dripper","Mark of Pain"],"picked":"SacredBark"}],"items_purged_floors":[5],"is_endless":false,"potions_floor_spawned":[3,7,10,13,19],"killed_by":"Snake Plant","ascension_level":0}}