{"host":"117k4jqr844m944g","time":1614006103,"event":{"mods":["BaseMod","Downfall","Minty Spire (QoL Compilation)","StSLib","UnlockEverythingMod"],"gold_per_floor":[99,109,124,274,292,34,34,44,44,55,40,51,51,61,73,173,173,73,83,183,198,198,225,225,225,25,58,69,69,69,83,130,232,232,232,250,294,357,357,371,371,422,522,562,621,621,636,377,432,443,443,476,3,3,23,49,49,49],"floor_reached":56,"language":"ZHS","playtime":4374,"items_purged":["downfall:Icky"],"score":1194,"play_id":"e9df66c1-9f68-4317-841d-8f369c90337a","local_time":"20210222230143","is_ascension_mode":true,"campfire_choices":[{"floor":1.0,"key":"RECALL"},{"data":"sneckomod:MasterEye","floor":13,"key":"SMITH"},{"data":"sneckomod:SoulDraw","floor":18,"key":"SMITH"},{"floor":26,"key":"REST"},{"floor":29,"key":"REST"},{"data":"sneckomod:UnknownRarePower","floor":35,"key":"SMITH"},{"floor":46,"key":"REST"},{"floor":54,"key":"REST"}],"circlet_count":0,"master_deck":["sneckomod:Defend","sneckomod:TailWhip","sneckomod:SnekBite","sneckomod:Unknown+1","sneckomod:Unknown+1","sneckomod:UnknownExhaust+1","sneckomod:UnendingSupply+1","sneckomod:UnknownX+1","sneckomod:UnknownUncommonPower","sneckomod:SoulDraw+1","sneckomod:UnknownExhaust","sneckomod:UnknownDraw+1","sneckomod:MasterEye+1","sneckomod:Unknown2Cost+1","sneckomod:Unknown2Cost+1","sneckomod:UnknownDraw+1","sneckomod:Unknown3Cost+1","sneckomod:Nope+1","sneckomod:MixItUp+1","sneckomod:PureSnecko+1","sneckomod:UnknownStrength+1","sneckomod:UnknownRarePower+1","sneckomod:SoulCleanse+1","sneckomod:SoulRoll+1","sneckomod:SoulDraw+1","sneckomod:GlitteringGambit+1","sneckomod:SnekBeam","sneckomod:QuickMove+1","sneckomod:UnknownRareAttack","sneckomod:QuickBite","sneckomod:MixItUp+1","sneckomod:QuickMove+1","sneckomod:UnknownRareSkill+1","sneckomod:ImprovisedGuard+1","sneckomod:PureSnecko+1","sneckomod:UnknownClassTHE_BRONZE_AUTOMATON+1","sneckomod:QuickBite+1","sneckomod:UnknownDraw+1"],"relics":["Astrolabe","Toxic Egg 2","Toy Ornithopter","Snecko Eye","downfall:HeartBlessingBlue","Pocketwatch","Bottled Lightning","Enchiridion","FossilizedHelix","Bronze Scales","downfall:HeartBlessingRed","downfall:HeartBlessingGreen","Black Star","Molten Egg 2","Torii","Potion Belt","StrikeDummy","Unceasing Top","Incense Burner","Strange Spoon","sneckomod:SneckoCommon","sneckomod:CleanMud","Bag of Preparation"],"acts_visited":["Exordium","TheCity","TheBeyond","TheEnding"],"potions_floor_usage":[11,14,31,31,31,33,33,33,50,50,50,50,56],"damage_taken":[{"damage":0.0,"enemies":"Small Slimes","floor":2.0,"turns":4.0},{"damage":8.0,"enemies":"Jaw Worm","floor":3.0,"turns":4.0},{"damage":0.0,"enemies":"2 Louse","floor":5.0,"turns":1.0},{"damage":0.0,"enemies":"downfall:FleeingMerchant","floor":6.0,"turns":4.0},{"damage":9,"enemies":"Red Slaver","floor":8,"turns":3},{"damage":0,"enemies":"Large Slime","floor":10,"turns":5},{"damage":0,"enemies":"downfall:FleeingMerchant","floor":11,"turns":4},{"damage":12,"enemies":"downfall:LooterAlt","floor":12,"turns":4},{"damage":21,"enemies":"Lots of Slimes","floor":14,"turns":4},{"damage":0,"enemies":"2 Fungi Beasts","floor":15,"turns":2},{"damage":50,"enemies":"DF_ARCHETYPE_STREAMLINE","floor":16,"turns":11},{"damage":33,"enemies":"downfall:LooterAlt2","floor":19,"turns":4},{"damage":10,"enemies":"IC_STATUS_ARCHETYPE","floor":20,"turns":4},{"damage":0,"enemies":"Chosen","floor":21,"turns":5},{"damage":33,"enemies":"Gremlin Leader","floor":23,"turns":7},{"damage":8,"enemies":"Book of Stabbing","floor":27,"turns":4},{"damage":0,"enemies":"Snecko","floor":28,"turns":3},{"damage":0,"enemies":"3 Cultists","floor":31,"turns":3},{"damage":0,"enemies":"Snake Plant","floor":32,"turns":4},{"damage":24,"enemies":"SI_MIRROR_ARCHETYPE","floor":33,"turns":6},{"damage":18,"enemies":"3 Darklings","floor":36,"turns":3},{"damage":0,"enemies":"Orb Walker","floor":37,"turns":2},{"damage":0,"enemies":"Maw","floor":38,"turns":5},{"damage":0,"enemies":"4 Shapes","floor":40,"turns":1},{"damage":0,"enemies":"4 Shapes","floor":42,"turns":4},{"damage":10,"enemies":"downfall:LadyInBlue","floor":43,"turns":5},{"damage":0,"enemies":"Nemesis","floor":44,"turns":5},{"damage":19,"enemies":"Writhing Mass","floor":45,"turns":4},{"damage":0,"enemies":"Spire Growth","floor":47,"turns":3},{"damage":0,"enemies":"downfall:FleeingMerchant","floor":48,"turns":4},{"damage":0,"enemies":"Transient","floor":49,"turns":5},{"damage":0,"enemies":"WA_ARCHETYPE_DIVINITY","floor":50,"turns":5},{"damage":65,"enemies":"downfall:CharBossMerchant","floor":52,"turns":8},{"damage":1,"enemies":"downfall:NeowBoss","floor":55,"turns":13},{"damage":92,"enemies":"downfall:NeowBossFinal","floor":56,"turns":3}],"seed_played":"-961988098312553794","potions_obtained":[{"floor":3.0,"key":"PowerPotion"},{"floor":5.0,"key":"DuplicationPotion"},{"floor":8,"key":"Regen Potion"},{"floor":20,"key":"Weak Potion"},{"floor":21,"key":"Fire Potion"},{"floor":43,"key":"Regen Potion"},{"floor":43,"key":"Fire Potion"}],"is_trial":false,"path_per_floor":["R","M","M","?","M","$","T","M","T","M","$","M","R","M","M","B",null,"R","M","?","M","?","E","T","?","R","E","M","R","?","M","M","B",null,"R","M","M","M","?","M","T","?","?","E","M","R","M","$","M","B",null,"E","$","R","B","B"],"character_chosen":"THE_SNECKO","items_purchased":["Toxic Egg 2","Incense Burner","Strange Spoon","sneckomod:PureSnecko+1","Bag of Preparation","LiquidMemories","FairyPotion","CultistPotion","sneckomod:UnknownDraw+1"],"campfire_rested":4,"item_purchase_floors":[6,48,48,48,53,53,53,53,53],"current_hp_per_floor":[90,90,82,82,82,82,82,73,73,73,90,78,78,62,62,12,90,100,67,57,57,41,23,23,15,45,37,37,67,67,82,82,73,100,100,82,82,82,82,82,82,82,82,82,63,93,93,93,93,100,100,35,35,65,64,0,0,0],"gold":49,"neow_bonus":"BOSS_RELIC","is_daily":false,"chose_seed":false,"campfire_upgraded":3,"win_rate":0.0,"timestamp":1614006103,"path_taken":["R","M","M","?","M","$","T","M","?","M","$","M","R","M","M","BOSS","R","M","?","M","?","E","T","?","R","E","?","R","?","M","M","BOSS","R","M","M","M","?","?","T","?","?","E","M","R","?","$","M","BOSS","E","$","R","BOSS","BOSS"],"items_purchased_type":["Relic","Relic","Relic","Card","Relic","Potion","Potion","Potion","Card"],"build_version":"2020-12-22","purchased_purges":1,"victory":false,"max_hp_per_floor":[90,90,90,90,90,90,90,90,90,90,90,90,90,90,90,90,90,100,100,100,100,100,100,100,100,100,100,100,100,100,100,100,100,100,100,100,100,100,100,100,100,100,100,100,100,100,100,100,100,100,100,100,100,100,100,100,100,100],"card_choices":[{"not_picked":["sneckomod:WideSting","sneckomod:IronFang"],"picked":"sneckomod:UnknownUncommonPower","floor":2.0},{"not_picked":["sneckomod:UnknownX","sneckomod:UnknownUncommonAttack","sneckomod:DiceCrush"],"picked":"SKIP","floor":3.0},{"not_picked":["sneckomod:UnknownDraw","sneckomod:UnknownUncommonPower"],"picked":"sneckomod:SoulDraw","floor":5.0},{"not_picked":["sneckomod:DiceBlock","sneckomod:SoulRoll"],"picked":"sneckomod:UnknownExhaust","floor":6.0},{"not_picked":["sneckomod:UnknownClassTHE_BRONZE_AUTOMATON+1","sneckomod:UnknownColorless+1","sneckomod:DiceCrush"],"picked":"SKIP","floor":8},{"not_picked":["sneckomod:RainOfDice","sneckomod:Unknown1Cost+1"],"picked":"sneckomod:UnknownDraw+1","floor":10},{"not_picked":["sneckomod:Unknown2Cost+1","sneckomod:UnknownColorless+1"],"picked":"sneckomod:MasterEye","floor":11},{"not_picked":["sneckomod:UnknownVulnerable+1","sneckomod:UnknownUncommonPower"],"picked":"sneckomod:Unknown2Cost+1","floor":12},{"not_picked":["sneckomod:IronFang","sneckomod:ImprovisedGuard+1"],"picked":"sneckomod:Unknown2Cost+1","floor":14},{"not_picked":["sneckomod:UnknownCommonSkill+1","sneckomod:Nope+1"],"picked":"sneckomod:UnknownDraw+1","floor":15},{"not_picked":["sneckomod:UnknownRarePower","sneckomod:Mudshield"],"picked":"sneckomod:Unknown3Cost+1","floor":16},{"not_picked":["sneckomod:UnendingSupply","sneckomod:UnknownBlock+1"],"picked":"sneckomod:Nope+1","floor":19},{"not_picked":["sneckomod:QuickMove+1","sneckomod:UnknownBlock+1"],"picked":"sneckomod:MixItUp+1","floor":20},{"not_picked":["sneckomod:QuickBite","sneckomod:UnknownBlock+1"],"picked":"sneckomod:PureSnecko+1","floor":21},{"not_picked":["sneckomod:DiceBlock+1","sneckomod:QuickBite","sneckomod:UnknownStrike"],"picked":"SKIP","floor":23},{"not_picked":["sneckomod:UnknownWeak+1","sneckomod:Unknown1Cost+1","sneckomod:Nope+1"],"picked":"SKIP","floor":27},{"not_picked":["sneckomod:DiceBlock+1","sneckomod:UnknownStrike"],"picked":"sneckomod:SoulCleanse+1","floor":28},{"not_picked":["sneckomod:PureSnecko+1","sneckomod:IronFang+1"],"picked":"sneckomod:SoulRoll+1","floor":31},{"not_picked":["sneckomod:SoulCleanse+1","sneckomod:SlitherStrike+1"],"picked":"sneckomod:SoulDraw+1","floor":32},{"not_picked":["sneckomod:UnlimitedRolls","sneckomod:SoulExchange+1"],"picked":"sneckomod:GlitteringGambit+1","floor":33},{"not_picked":["sneckomod:UnknownExhaust+1","sneckomod:UnknownBlock+1","sneckomod:UnknownX+1"],"picked":"SKIP","floor":36},{"not_picked":["sneckomod:DiceBoulder","sneckomod:UnknownUncommonPower+1"],"picked":"sneckomod:SnekBeam","floor":37},{"not_picked":["sneckomod:DiceBlock+1","sneckomod:IronFang+1"],"picked":"sneckomod:QuickMove+1","floor":38},{"not_picked":["sneckomod:SoulCleanse+1","sneckomod:IronFang"],"picked":"sneckomod:QuickBite","floor":40},{"not_picked":["sneckomod:UnknownX+1","sneckomod:Memorize+1"],"picked":"sneckomod:MixItUp+1","floor":42},{"not_picked":["sneckomod:UnknownStrike+1","sneckomod:UnknownExhaust+1"],"picked":"sneckomod:QuickMove+1","floor":44},{"not_picked":["sneckomod:Nope+1","sneckomod:WideSting+1"],"picked":"sneckomod:UnknownRareSkill+1","floor":45},{"not_picked":["sneckomod:UnknownClassTHE_BRONZE_AUTOMATON+1","sneckomod:DefensiveFlair+1"],"picked":"sneckomod:ImprovisedGuard+1","floor":47},{"not_picked":["sneckomod:DiceBoulder+1","sneckomod:Unknown1Cost+1","sneckomod:UnknownColorless+1"],"picked":"SKIP","floor":48},{"not_picked":["sneckomod:UnknownWeak+1","sneckomod:IronFang+1","sneckomod:Unknown0Cost+1"],"picked":"SKIP","floor":49},{"not_picked":["sneckomod:UnknownColorless+1","sneckomod:UnknownStrength+1"],"picked":"sneckomod:QuickBite+1","floor":52}],"player_experience":120115,"relics_obtained":[{"floor":7.0,"key":"Toy Ornithopter"},{"floor":20,"key":"Pocketwatch"},{"floor":20,"key":"Bottled Lightning"},{"floor":22,"key":"Enchiridion"},{"floor":23,"key":"FossilizedHelix"},{"floor":24,"key":"Bronze Scales"},{"floor":27,"key":"Orichalcum"},{"floor":41,"key":"Molten Egg 2"},{"floor":42,"key":"Torii"},{"floor":43,"key":"Potion Belt"},{"floor":44,"key":"StrikeDummy"},{"floor":44,"key":"Unceasing Top"},{"floor":52,"key":"sneckomod:SneckoCommon"},{"floor":52,"key":"sneckomod:CleanMud"}],"event_choices":[{"damage_healed":0,"gold_gain":0,"player_choice":"Ignored","damage_taken":0,"max_hp_gain":0,"max_hp_loss":0,"event_name":"Vampires","floor":30,"gold_loss":0}],"is_beta":false,"boss_relics":[{"not_picked":["Runic Dome","Cursed Key"],"picked":"Snecko Eye"},{"not_picked":["Fusion Hammer","Empty Cage"],"picked":"Black Star"}],"items_purged_floors":[48],"is_endless":false,"potions_floor_spawned":[3,5,8,10,20,21,23,27,28,36,38,42,43,47],"killed_by":"downfall:NeowBossFinal","ascension_level":2}}