{"host":"28p8ce41sjwa6lzf","time":1614005510,"event":{"mods":["BaseMod","Bestiary","Colored Map","Colored Powertips","Dark Map","Highlight Path","Minty Spire (QoL Compilation)","Permanent Neow","Quick Restart","Random Character Button","Rare Cards Sparkle","Relic Stats","StSLib","Unceasing Turn Reminder"],"gold_per_floor":[12,12,30,43,63,95,95,95,95],"floor_reached":8,"language":"ENG","playtime":375,"items_purged":[],"score":116,"play_id":"72634735-8891-4618-b60b-eee4069c7ed7","local_time":"20210222085150","is_ascension_mode":true,"campfire_choices":[{"data":"Recycle","floor":7,"key":"SMITH"}],"circlet_count":0,"master_deck":["AscendersBane","Strike_B","Strike_B","Strike_B","Strike_B","Defend_B","Defend_B","Defend_B","Zap","Dualcast","Genetic Algorithm","Recycle","Skim","Ball Lightning","Recycle+1"],"relics":["Cracked Core","Ice Cream","Centennial Puzzle"],"acts_visited":["Exordium"],"potions_floor_usage":[6],"damage_taken":[{"damage":2.0,"enemies":"Cultist","floor":1.0,"turns":4.0},{"damage":9.0,"enemies":"Small Slimes","floor":3.0,"turns":3.0},{"damage":7,"enemies":"Jaw Worm","floor":4,"turns":3},{"damage":16,"enemies":"Looter","floor":5,"turns":4},{"damage":11,"enemies":"Gremlin Nob","floor":6,"turns":3},{"damage":21,"enemies":"Lagavulin","floor":8,"turns":5}],"seed_played":"8338172276974903269","potions_obtained":[{"floor":4,"key":"BlessingOfTheForge"},{"floor":5,"key":"Fire Potion"}],"is_trial":false,"path_per_floor":["M","?","M","M","M","E","R","E"],"character_chosen":"DEFECT","items_purchased":[],"campfire_rested":0,"item_purchase_floors":[],"current_hp_per_floor":[62,62,53,46,30,19,19,0,0],"gold":95,"neow_bonus":"ONE_RARE_RELIC","is_daily":false,"chose_seed":false,"campfire_upgraded":1,"win_rate":0.0,"timestamp":1614005510,"path_taken":["M","?","M","M","M","E","R","E"],"items_purchased_type":[],"build_version":"2020-12-22","purchased_purges":0,"victory":false,"max_hp_per_floor":[71,71,71,71,71,71,71,71,71],"relic_stats":{"Centennial Puzzle":[3],"counters":[6,22],"obtain_stats":[{"Ice Cream":0,"Centennial Puzzle":6,"Cracked Core":0},{"Ice Cream":0,"Centennial Puzzle":5,"Cracked Core":0},{"Ice Cream":0,"Centennial Puzzle":17,"Cracked Core":0}]},"card_choices":[{"not_picked":["Steam","White Noise"],"picked":"Genetic Algorithm","floor":1.0},{"not_picked":["White Noise","Barrage"],"picked":"Recycle","floor":3.0},{"not_picked":["Gash","Barrage"],"picked":"Skim","floor":4},{"not_picked":["Go for the Eyes","Sweeping Beam"],"picked":"Ball Lightning","floor":5},{"not_picked":["Skim","Rebound"],"picked":"Recycle","floor":6}],"player_experience":1361813,"relics_obtained":[{"floor":6,"key":"Centennial Puzzle"}],"event_choices":[{"cards_removed":["Defend_B"],"damage_healed":0.0,"max_hp_gain":0.0,"max_hp_loss":0.0,"gold_gain":0.0,"event_name":"Purifier","player_choice":"Purged","floor":2.0,"gold_loss":0.0,"damage_taken":0.0}],"is_beta":false,"boss_relics":[],"items_purged_floors":[],"is_endless":false,"potions_floor_spawned":[4,5],"killed_by":"Lagavulin","ascension_level":20}}