{"host":"l790j1oe6pn5fhrm","time":1614023025,"event":{"mods":["AchievementEnabler","BaseMod","Colored Map","Colored Powertips","GifTheSpireLib","Highlight Path","Minty Spire (QoL Compilation)","Rare Cards Sparkle","Replay The Spire","StSLib"],"gold_per_floor":[116,130,130,150,150,181,49,110,110,110,41,41,58,72,72,169,169,189,208,59,59,73,102,114,114,114,147,147,179,179,179],"floor_reached":30,"language":"ENG","playtime":1555,"items_purged":["Regret"],"score":288,"play_id":"03759187-5415-438a-9115-38a5601a73f8","local_time":"20210222204345","is_ascension_mode":false,"campfire_choices":[{"floor":10,"key":"REST"},{"data":"WindmillStrike","floor":12,"key":"SMITH"},{"data":"Wallop","floor":15,"key":"SMITH"},{"floor":25,"key":"REST"}],"circlet_count":0,"master_deck":["Strike_P","Strike_P","Strike_P","Strike_P","Defend_P","Defend_P","Defend_P","Defend_P","Eruption","Vigilance","Judgement","Pray+1","Wallop+1","Sanctity+1","FlyingSleeves","WindmillStrike+1","Swivel","Brilliance","BattleHymn","Brilliance","Perseverance","Evaluate+1","SandsOfTime"],"relics":["PureWater","Matryoshka","Replay:Bottled Steam","Blood Vial","Regal Pillow","Question Card","Ring of Chaos","Oddly Smooth Stone","ReplayTheSpireMod:Shallot","Bottled Lightning","Singing Bowl","Blue Doll"],"acts_visited":["Exordium","TheCity"],"potions_floor_usage":[6,16,22,23,23,27],"damage_taken":[{"damage":0,"enemies":"Cultist","floor":1,"turns":2},{"damage":0,"enemies":"Jaw Worm","floor":2,"turns":1},{"damage":0,"enemies":"Small Slimes","floor":4,"turns":2},{"damage":34,"enemies":"Replay:BlueRogue","floor":6,"turns":5},{"damage":25,"enemies":"Gremlin Nob","floor":8,"turns":4},{"damage":0,"enemies":"Looter","floor":13,"turns":2},{"damage":0,"enemies":"Large Slime","floor":14,"turns":4},{"damage":31,"enemies":"Hexaghost","floor":16,"turns":10},{"damage":17,"enemies":"Chosen","floor":18,"turns":5},{"damage":15,"enemies":"Shell Parasite","floor":19,"turns":5},{"damage":29,"enemies":"3 Cultists","floor":22,"turns":5},{"damage":1,"enemies":"Gremlin Leader","floor":23,"turns":6},{"damage":28,"enemies":"Shelled Parasite and Fungi","floor":24,"turns":6},{"damage":10,"enemies":"Replay:Snechameleon","floor":27,"turns":7},{"damage":11,"enemies":"Gremlin Leader","floor":29,"turns":7},{"damage":22,"enemies":"Snake Plant","floor":30,"turns":3}],"seed_played":"3073327656748422669","potions_obtained":[{"floor":4,"key":"ColorlessPotion"},{"floor":8,"key":"FairyPotion"},{"floor":14,"key":"BottledMiracle"},{"floor":19,"key":"GamblersBrew"},{"floor":21,"key":"Toxic Potion"},{"floor":21,"key":"Reflective Coating"},{"floor":22,"key":"SpeedPotion"},{"floor":24,"key":"ColorlessPotion"}],"is_trial":false,"path_per_floor":["M","M","?","M","?","E","$","?","T","R","$","R","M","M","R","B",null,"M","M","$","?","M","E","M","R","T","E","?","E","M"],"character_chosen":"WATCHER","items_purchased":["Sanctity+1","WindmillStrike","Brilliance"],"campfire_rested":2,"item_purchase_floors":[7,11,20],"current_hp_per_floor":[65,65,65,65,65,31,31,8,8,42,42,42,44,46,46,17,65,48,35,35,35,8,9,3,37,37,31,25,16,0,0],"gold":179,"neow_bonus":"THREE_RARE_CARDS","is_daily":false,"chose_seed":false,"campfire_upgraded":2,"win_rate":0.0,"timestamp":1614023025,"path_taken":["M","?","?","M","?","E","$","?","T","R","$","R","M","M","R","BOSS","M","M","$","?","?","E","?","R","T","E","?","E","?"],"items_purchased_type":["Card","Card","Card"],"build_version":"2020-12-22","purchased_purges":1,"victory":false,"max_hp_per_floor":[65,65,65,65,65,65,65,65,65,65,65,65,65,65,65,65,65,65,65,65,65,65,65,65,65,65,67,67,67,67,67],"card_choices":[{"not_picked":["Alpha","ConjureBlade"],"picked":"Judgement","floor":0},{"not_picked":["ClearTheMind","FollowUp","ThirdEye"],"picked":"SKIP","floor":1},{"not_picked":["Halt","FlurryOfBlows"],"picked":"Pray","floor":2},{"not_picked":["Protect","Swivel","SashWhip"],"picked":"SKIP","floor":4},{"not_picked":["Crescendo","Worship"],"picked":"Wallop","floor":6},{"not_picked":["EmptyBody","Protect"],"picked":"FlyingSleeves","floor":8},{"not_picked":["Replay:ManipulateFuture","ClearTheMind","MentalFortress","Replay:AtTheReady"],"picked":"SKIP","floor":13},{"not_picked":["Adaptation","FlurryOfBlows","Conclude"],"picked":"Swivel","floor":14},{"not_picked":["LessonLearned","MasterReality","DeusExMachina"],"picked":"Brilliance","floor":16},{"not_picked":["CrushJoints","Weave","EmptyBody"],"picked":"BattleHymn","floor":18},{"not_picked":["WheelKick","CrushJoints","Evaluate","EmptyBody+1"],"picked":"SKIP","floor":19},{"not_picked":["CrushJoints+1","Tantrum+1","EmptyMind"],"picked":"Perseverance","floor":22},{"not_picked":["WreathOfFlame","WheelKick","Omniscience","CutThroughFate+1"],"picked":"SKIP","floor":23},{"not_picked":["Replay:BluntJabs","EmptyBody","FlyingSleeves"],"picked":"Evaluate+1","floor":24},{"not_picked":["InnerPeace","FlurryOfBlows","WheelKick","Vengeance"],"picked":"Singing Bowl","floor":27},{"not_picked":["Omniscience","CarveReality","ThirdEye"],"picked":"SandsOfTime","floor":29}],"player_experience":1198499,"relics_obtained":[{"floor":6,"key":"Replay:Bottled Steam"},{"floor":9,"key":"Regal Pillow"},{"floor":9,"key":"Question Card"},{"floor":23,"key":"Oddly Smooth Stone"},{"floor":26,"key":"ReplayTheSpireMod:Shallot"},{"floor":26,"key":"Bottled Lightning"},{"floor":27,"key":"Singing Bowl"},{"floor":29,"key":"Blue Doll"}],"event_choices":[{"damage_healed":0,"gold_gain":0,"player_choice":"Grow","damage_taken":0,"max_hp_gain":0,"max_hp_loss":0,"event_name":"Living Wall","floor":3,"gold_loss":0,"cards_upgraded":["Pray"]},{"damage_healed":0,"gold_gain":0,"player_choice":"Box","damage_taken":0,"relics_obtained":["Matryoshka"],"max_hp_gain":0,"max_hp_loss":0,"event_name":"Big Fish","floor":5,"gold_loss":0,"cards_obtained":["Regret"]},{"damage_healed":0,"gold_gain":0,"player_choice":"Searched \u00272\u0027 times","damage_taken":0,"relics_obtained":["Blood Vial"],"max_hp_gain":0,"max_hp_loss":0,"event_name":"Dead Adventurer","floor":8,"gold_loss":0},{"damage_healed":0,"gold_gain":0,"player_choice":"Got Potions","damage_taken":0,"max_hp_gain":0,"max_hp_loss":0,"event_name":"Lab","floor":21,"gold_loss":0},{"damage_healed":0,"gold_gain":0,"player_choice":"Damaged","damage_taken":6,"max_hp_gain":0,"max_hp_loss":0,"event_name":"Wheel of Change","floor":28,"gold_loss":0}],"is_beta":false,"boss_relics":[{"not_picked":["SacredBark","Velvet Choker"],"picked":"Ring of Chaos"}],"items_purged_floors":[7],"is_endless":false,"potions_floor_spawned":[4,8,14,19,22,24],"killed_by":"Snake Plant","ascension_level":0}}