{"host":"sav7uxregyirlf69","time":1614011088,"event":{"mods":["AchievementEnabler","BaseMod","Colored Map","DeckTracker","Keyboard Shortcuts","Minty Spire (QoL Compilation)","READ ME - Guardian Mod","StSLib","SuperFastMode"],"gold_per_floor":[116,116,126,146,146,146,160,160,238,238,6,33,50,7,7,81,131,147,147,72,72,82,82,98,98,98,45,45,59,71,104,104,104,104],"floor_reached":33,"language":"KOR","playtime":653,"items_purged":["Strike_G"],"score":530,"play_id":"3bf1afec-c4d8-4778-90a4-324d45e5a425","local_time":"20210223012448","is_ascension_mode":true,"campfire_choices":[{"data":"Neutralize","floor":6,"key":"SMITH"},{"data":"Dagger Throw","floor":8,"key":"SMITH"},{"floor":10,"key":"RECALL"},{"data":"Well Laid Plans","floor":15,"key":"SMITH"},{"data":"Adrenaline","floor":23,"key":"SMITH"},{"floor":25,"key":"REST"},{"data":"Calculated Gamble","floor":28,"key":"SMITH"},{"data":"Prepared","floor":32,"key":"SMITH"}],"circlet_count":0,"master_deck":["AscendersBane","Strike_G","Strike_G","Defend_G","Defend_G","Defend_G","Defend_G","Survivor","Neutralize+1","Dagger Throw","Dagger Throw+1","Grand Finale","Well Laid Plans+1","Calculated Gamble+1","Escape Plan+1","Adrenaline+1","Backstab","Riddle With Holes","Prepared+1"],"relics":["Ring of the Snake","NeowsBlessing","Ornamental Fan","Vajra","Tiny House","Tiny Chest","Incense Burner"],"acts_visited":["Exordium","TheCity"],"potions_floor_usage":[12,22,30,33],"damage_taken":[{"damage":0,"enemies":"Jaw Worm","floor":1,"turns":1},{"damage":0,"enemies":"Cultist","floor":3,"turns":1},{"damage":0,"enemies":"2 Louse","floor":4,"turns":1},{"damage":8,"enemies":"Red Slaver","floor":7,"turns":4},{"damage":6,"enemies":"Gremlin Nob","floor":12,"turns":3},{"damage":12,"enemies":"Exordium Wildlife","floor":13,"turns":5},{"damage":45,"enemies":"Hexaghost","floor":16,"turns":13},{"damage":12,"enemies":"Chosen","floor":18,"turns":6},{"damage":2,"enemies":"Spheric Guardian","floor":22,"turns":4},{"damage":19,"enemies":"Shelled Parasite and Fungi","floor":24,"turns":3},{"damage":13,"enemies":"Snecko","floor":29,"turns":6},{"damage":0,"enemies":"Centurion and Healer","floor":30,"turns":3},{"damage":6,"enemies":"Book of Stabbing","floor":31,"turns":4},{"damage":47,"enemies":"Champ","floor":33,"turns":11}],"seed_played":"-6827983874384190691","potions_obtained":[{"floor":4,"key":"DuplicationPotion"},{"floor":7,"key":"AttackPotion"},{"floor":12,"key":"Block Potion"},{"floor":17,"key":"DistilledChaos"}],"is_trial":false,"path_per_floor":["M","?","M","M","?","R","M","R","T","R","$","E","M","$","R","B",null,"M","?","$","?","M","R","M","R","T","$","R","M","M","E","R","B"],"character_chosen":"THE_SILENT","items_purchased":["Grand Finale","Well Laid Plans","Escape Plan","Block Potion"],"campfire_rested":1,"item_purchase_floors":[11,11,14,27],"current_hp_per_floor":[59,59,59,59,76,76,68,68,68,68,68,62,50,50,50,5,63,51,51,51,51,49,49,30,54,54,54,54,41,41,35,35,0,0],"gold":104,"neow_bonus":"THREE_ENEMY_KILL","is_daily":false,"chose_seed":false,"campfire_upgraded":6,"win_rate":0.0,"timestamp":1614011088,"path_taken":["M","?","?","M","?","R","M","R","T","R","$","E","M","$","R","BOSS","M","?","$","?","M","R","M","R","T","$","R","M","M","E","R","BOSS"],"items_purchased_type":["Card","Card","Card","Potion"],"build_version":"2020-12-22","purchased_purges":1,"victory":false,"max_hp_per_floor":[66,66,66,66,76,76,76,76,76,76,76,76,76,76,76,76,81,81,81,81,81,81,81,81,81,81,81,81,81,81,81,81,81,81],"card_choices":[{"not_picked":["Sucker Punch","Prepared"],"picked":"Dagger Throw","floor":1},{"not_picked":["Underhanded Strike","Sucker Punch","Distraction"],"picked":"SKIP","floor":3},{"not_picked":["Bane","Dodge and Roll"],"picked":"A Thousand Cuts","floor":4},{"not_picked":["Cloak And Dagger","Flying Knee"],"picked":"Dagger Throw","floor":7},{"not_picked":["Deflect","Terror"],"picked":"Calculated Gamble","floor":12},{"not_picked":["Deflect","Setup","Dagger Spray"],"picked":"SKIP","floor":13},{"not_picked":["Phantasmal Killer","Night Terror"],"picked":"Adrenaline","floor":16},{"not_picked":["Terror","Expertise","Slice"],"picked":"SKIP","floor":18},{"not_picked":["Poisoned Stab","Sucker Punch","Quick Slash+1"],"picked":"SKIP","floor":22},{"not_picked":["Riddle With Holes","Bane","Quick Slash"],"picked":"SKIP","floor":24},{"not_picked":["Riddle With Holes","Bane","Quick Slash"],"picked":"SKIP","floor":24},{"not_picked":["Dagger Throw+1","Bane","Endless Agony"],"picked":"SKIP","floor":29},{"not_picked":["Cloak And Dagger","Poisoned Stab"],"picked":"Prepared","floor":30},{"not_picked":["Deadly Poison","Leg Sweep","Dagger Spray"],"picked":"SKIP","floor":31}],"player_experience":1654518,"relics_obtained":[{"floor":9,"key":"Ornamental Fan"},{"floor":12,"key":"Vajra"},{"floor":26,"key":"Tiny Chest"},{"floor":31,"key":"Incense Burner"}],"event_choices":[{"cards_removed":["Defend_G"],"damage_healed":0,"gold_gain":0,"player_choice":"Card Removal","damage_taken":0,"max_hp_gain":0,"max_hp_loss":0,"event_name":"Wheel of Change","floor":2,"gold_loss":0},{"cards_removed":["A Thousand Cuts"],"damage_healed":7,"gold_gain":0,"player_choice":"Offered Rare","damage_taken":0,"max_hp_gain":10,"max_hp_loss":0,"event_name":"Bonfire Elementals","floor":5,"gold_loss":0},{"damage_healed":0,"gold_gain":0,"cards_transformed":["Strike_G","Strike_G"],"player_choice":"Became Test Subject","damage_taken":0,"max_hp_gain":0,"max_hp_loss":0,"event_name":"Drug Dealer","floor":19,"gold_loss":0,"cards_obtained":["Backstab","Riddle With Holes"]},{"damage_healed":0,"gold_gain":0,"player_choice":"Ignored","damage_taken":0,"max_hp_gain":0,"max_hp_loss":0,"event_name":"Vampires","floor":21,"gold_loss":0}],"is_beta":false,"boss_relics":[{"not_picked":["Cursed Key","Snecko Eye"],"picked":"Tiny House"}],"items_purged_floors":[20],"is_endless":false,"potions_floor_spawned":[4,7,12,16,18],"killed_by":"Champ","ascension_level":20}}