{"host":"rdkn868dy8jmb7gs","time":1614006897,"event":{"mods":["Act Like it!","Arknights","BaseMod","BetterRewards","Colored Map","Colored Powertips","Custom Start","Gensokyo","Hubris","Marisa£®ÏF”Í°°ƒß¿Ì…≥£©","Minty Spire (QoL Compilation)","Reimu£®≤©¿ˆ¡È√Œ£©","Remilia£®¿Ÿ√◊¿Ú—«£©","Replay The Spire","Spicy Shops","StSLib","The Servant 0.9.4","Youmu£®ªÍ∆«—˝√Œ£©","°æ“≈ŒÔø®≈∆°øREMEMod","ÛÙª÷∏ƒœ"],"gold_per_floor":[128,146,146,146,171,214,214,258,308,345,361,370,389,389,151,238,238,257,257,276,27,50,379,391,423,462,474,518,554,598,631,643,736,748,772,784,715,740,776,821,853,1446,1458,1488,1007,1016,1045,1058,1067,1067,1067,651,82,111,111],"floor_reached":56,"language":"ZHS","playtime":2494,"items_purged":["ats:Strike V","ats:Strike S","ats:Strike C","Pain","Writhe","ats:Red Shift","ats:Defend","ats:Song Of Battle","ats:Revitalization","ats:Healing Strengthening"],"score":3282,"play_id":"95788096-c842-4772-8f41-8fd1418b5909","local_time":"20210222231457","is_ascension_mode":true,"campfire_choices":[{"data":"Apotheosis","floor":7.0,"key":"SMITH"},{"data":"REME_MawOfCthun","floor":24.0,"key":"SMITH"},{"data":"ats:Phantom","floor":24.0,"key":"SMITH"},{"data":"ats:Rat Pack","floor":32.0,"key":"SMITH"},{"data":"ats:Support Order","floor":32.0,"key":"SMITH"},{"floor":49.0,"key":"RECALL"}],"circlet_count":0,"master_deck":["AscendersBane","REME_HeartOfCthun+1","ats:Defend","ats:Defend","ats:Emotion Absorption","Apotheosis+1","ats:Literary Storm","ats:Flexible Camouflage","ats:Mental Burst","hubris:Insight","ats:Sashimi Platter","ats:Literary Storm+1","ats:Closed Bolt Burst Fire","ats:Encircling Forest","ats:Shadow Raid","ats:Chain Hook","ats:Beaten Up+1","ats:Overload","ats:Support Order+1","REME_MawOfCthun+1","ats:Rat Pack+1","ats:Phantom+1","ats:Calcification","ats:Shadow Raid+1","ats:Shadow Assault+1","Gensokyo:CustomPotion","ats:Sashimi Platter+1","Deep Breath","ats:Demon Strength","ats:Directed Diagnosis","REME_TwoStrings"],"relics":["ats:Sanity","REME_ComplimentaryCards","Regal Pillow","REME_LimitBreaker","Pondfish Scales","Orrery","CeramicFish","hubris:Reverence","hubris:MedicalManual","BargainBundle","Blood Vial","Gensokyo:OccultBall","ats:Originium","Smiling Mask","hubris:MysteriousPyramids","Replay:Rubber Ducky","Quantum Egg","Gensokyo:LunaticRedEyes","Strawberry","Black Star","Gensokyo:MosesMiracle","Membership Card","Akabeko","Replay:Arrowhead","Old Coin","MawBank","Gensokyo:SongOfSouls","Replay:Mystery Machine","ats:Lavender","Tiny Chest","Molten Egg 2","Sozu","hubris:SlimyHat","ScarletDevilRocket","Gremlin Food","hubris:CuriousFeather","Replay:Baseball","Potion Belt","Replay:PocketPolymizer","Omamori","ReplayTheSpireMod:Lightbulb","ReplayTheSpireMod:ShopPack","War Paint","Anchor","Art of War","REME_CardOfGreed","ats:Spiritual Recovery","RuthlessExorcism:ReiMu","Oddly Smooth Stone","Boot","Mummified Hand","ats:Cure","Replay:Accelerometer","ReplayTheSpireMod:TigerMarble","Bronze Scales","hubris:TenFootPole"],"acts_visited":["Exordium","Gensokyo:Gensokyo","Gensokyo:Gensokyoer","TheEnding"],"potions_floor_usage":[],"damage_taken":[{"damage":3.0,"enemies":"Gensokyo:2_Kodama","floor":1.0,"turns":9.0},{"damage":0.0,"enemies":"Gensokyo:3_Fairies","floor":2.0,"turns":3.0},{"damage":5.0,"enemies":"Gensokyo:Gryphon","floor":5.0,"turns":3.0},{"damage":0.0,"enemies":"Gensokyo:Mamizou","floor":6.0,"turns":4.0},{"damage":0.0,"enemies":"Gensokyo:Aya","floor":8.0,"turns":3.0},{"damage":0.0,"enemies":"Gensokyo:Mamizou","floor":10.0,"turns":4.0},{"damage":0.0,"enemies":"Gensokyo:Python_and_Kodama","floor":11.0,"turns":2.0},{"damage":0.0,"enemies":"Gensokyo:Kitsune","floor":13.0,"turns":1.0},{"damage":0.0,"enemies":"Gensokyo:Kokoro","floor":16.0,"turns":6.0},{"damage":2.0,"enemies":"Gensokyo:CosmicMonolith","floor":18.0,"turns":5.0},{"damage":6.0,"enemies":"Gensokyo:AngelMirror","floor":20.0,"turns":2.0},{"damage":0.0,"enemies":"Gensokyo:Monolith_and_Dog","floor":22.0,"turns":2.0},{"damage":0.0,"enemies":"Gensokyo:Tenshi","floor":23.0,"turns":5.0},{"damage":2.0,"enemies":"Gensokyo:Slime_Group","floor":25.0,"turns":4.0},{"damage":0.0,"enemies":"Gensokyo:Koishi","floor":28.0,"turns":4.0},{"damage":0.0,"enemies":"Gensokyo:Wraith","floor":29.0,"turns":3.0},{"damage":4.0,"enemies":"Gensokyo:Tenshi","floor":30.0,"turns":3.0},{"damage":16.0,"enemies":"Gensokyo:Chomper_and_Gloop","floor":31.0,"turns":3.0},{"damage":0.0,"enemies":"Gensokyo:Kaguya","floor":33.0,"turns":7.0},{"damage":0.0,"enemies":"Gensokyo:3_Boulders","floor":35.0,"turns":1.0},{"damage":0.0,"enemies":"Gensokyo:AncientGuardian","floor":38.0,"turns":1.0},{"damage":0.0,"enemies":"Gensokyo:Marisa","floor":40.0,"turns":3.0},{"damage":10.0,"enemies":"Gensokyo:Marisa","floor":41.0,"turns":6.0},{"damage":48.0,"enemies":"Gensokyo:Kasen","floor":42.0,"turns":7.0},{"damage":0.0,"enemies":"Gensokyo:Rafflesia","floor":44.0,"turns":1.0},{"damage":0.0,"enemies":"Gensokyo:Doremy","floor":47.0,"turns":1.0},{"damage":0.0,"enemies":"Gensokyo:3_Boulders","floor":48.0,"turns":1.0},{"damage":0,"enemies":"Gensokyo:Yuyuko","floor":50,"turns":2},{"damage":0,"enemies":"Shield and Spear","floor":54,"turns":2},{"damage":0,"enemies":"The Heart","floor":55,"turns":5}],"seed_played":"7063108091531631645","potions_obtained":[{"floor":1.0,"key":"Elixir"},{"floor":18.0,"key":"DuplicationPotion"},{"floor":31.0,"key":"REME_GoldPotion"}],"is_trial":false,"path_per_floor":["M","M","?","?","M","E","R","E","T","E","M","?","M","?","R","B",null,"M","?","M","$","M","E","R","M","T","?","E","M","E","M","R","B",null,"M","?","?","M","T","E","R","E","T","M","$","?","E","M","R","B",null,"R","$","E","B",null],"character_chosen":"DOCTOR_CLASS","items_purchased":["Apotheosis","Regal Pillow","REME_LimitBreaker","Pondfish Scales","Orrery","hubris:Insight","ats:Sashimi Platter","ats:Red Shift","CeramicFish","ats:Literary Storm+1","hubris:Reverence","hubris:MedicalManual","BargainBundle","ats:Revitalization","Fruit Juice","Energy Potion","ats:Closed Bolt Burst Fire","ats:Encircling Forest","REME_MawOfCthun","Membership Card","Akabeko","Replay:Arrowhead","Replay:PocketPolymizer","Omamori","ats:Sashimi Platter+1","ReplayTheSpireMod:Lightbulb","ReplayTheSpireMod:ShopPack","War Paint","REME_CardOfGreed","ats:Spiritual Recovery","RuthlessExorcism:ReiMu","Oddly Smooth Stone","REME_TwoStrings","Boot","Mummified Hand","ats:Cure","Replay:Accelerometer","ReplayTheSpireMod:TigerMarble"],"campfire_rested":0,"item_purchase_floors":[0,0,0,0,0,0,0,0,0,0,0,0,0,0,0,0,0,0,15,21,21,21,45,45,45,45,45,45,52,52,52,52,52,53,53,53,53,53],"current_hp_per_floor":[65,77,84,84,79,84,84,84,84,84,84,84,84,77,77,91,91,89,89,91,91,91,91,91,91,91,91,91,91,87,80,80,91,91,91,91,91,91,91,91,82,76,76,91,91,91,91,91,91,91,91,91,91,91,91],"gold":111,"neow_bonus":"","is_daily":false,"chose_seed":false,"campfire_upgraded":5,"win_rate":0.0,"timestamp":1614006897,"path_taken":["M","M","?","?","?","E","R","E","T","E","M","?","M","?","R","BOSS","M","?","?","$","M","E","R","M","T","?","E","M","E","?","R","BOSS","M","?","?","M","?","E","R","E","T","M","$","?","E","M","R","BOSS","R","$","E","BOSS"],"items_purchased_type":["Card","Relic","Relic","Relic","Relic","Card","Card","Card","Relic","Card","Relic","Relic","Relic","Card","Potion","Potion","Card","Card","Card","Relic","Relic","Relic","Relic","Relic","Card","Relic","Relic","Relic","Relic","Relic","Relic","Relic","Card","Relic","Relic","Relic","Relic","Relic"],"build_version":"2020-12-22","purchased_purges":10,"victory":true,"max_hp_per_floor":[77,77,84,84,84,84,84,84,84,84,84,84,84,91,91,91,91,91,91,91,91,91,91,91,91,91,91,91,91,91,91,91,91,91,91,91,91,91,91,91,91,91,91,91,91,91,91,91,91,91,91,91,91,91,91],"card_choices":[{"not_picked":["ats:Flame Of Heaven","ats:Curse Doll"],"picked":"ats:Literary Storm","floor":0.0},{"not_picked":["ats:Song Of Battle","ats:Spore Proliferation"],"picked":"ats:Flexible Camouflage","floor":0.0},{"not_picked":["ats:Calcification","ats:Revitalization"],"picked":"ats:Mental Burst","floor":0.0},{"not_picked":["ats:Defend Order","ats:Absolute Focus"],"picked":"ats:Shadow Raid","floor":1.0},{"not_picked":["ats:Very Hot Blade","ats:Red Shift","ats:Absolute Focus"],"picked":"SKIP","floor":2.0},{"not_picked":["ats:Burning Ground","ats:Blood Oath"],"picked":"ats:Chain Hook","floor":5.0},{"not_picked":["ats:Flexible Camouflage","ats:Powerful Strike"],"picked":"ats:Healing Strengthening","floor":6.0},{"not_picked":["ats:Encircling Forest","ats:Song Of Battle"],"picked":"ats:Beaten Up","floor":8.0},{"not_picked":["ats:Dogmatic Field","ats:Ambush"],"picked":"ats:Overload","floor":10.0},{"not_picked":["ats:Explosion Area Strengthen","ats:Ignite","ats:Collapsing Strike"],"picked":"SKIP","floor":11.0},{"not_picked":["ats:Closed Bolt Burst Fire","ats:Sunburst"],"picked":"ats:Support Order","floor":13.0},{"not_picked":["ats:Calcification","ats:Roar Of Ursus"],"picked":"ats:Rat Pack","floor":16.0},{"not_picked":["ats:Revitalization","ats:Sunburst","ats:Consecutive Shot Auto"],"picked":"SKIP","floor":18.0},{"not_picked":["ats:Consecutive Shot Auto+1","ats:Encircling Forest","ats:Assault Order"],"picked":"SKIP","floor":20.0},{"not_picked":["ats:Composite Medical Shells","ats:Absolute Focus"],"picked":"ats:Phantom","floor":22.0},{"not_picked":["ats:Absolute Focus","ats:Revitalization","ats:Powerful Strike"],"picked":"SKIP","floor":23.0},{"not_picked":["ats:Leaping Hammer","ats:Guard Mode","ats:Blood Oath"],"picked":"SKIP","floor":25.0},{"not_picked":["ats:Flexible Camouflage","ats:Consecutive Shot Auto","ats:Mental Burst"],"picked":"SKIP","floor":28.0},{"not_picked":["ats:Guard Mode","ats:Charging Defense"],"picked":"ats:Calcification","floor":29.0},{"not_picked":["ats:Thermite Blade+1","ats:Absolute Focus","ats:Magnetic Hammer+1"],"picked":"SKIP","floor":30.0},{"not_picked":["ats:Spore Proliferation","ats:Serious Mode"],"picked":"ats:Shadow Raid","floor":31.0},{"not_picked":["ats:Calcification","ats:Fractured Body"],"picked":"ats:Shadow Assault+1","floor":33.0},{"not_picked":["ats:Poison Spread+1","ats:Spore Proliferation","ats:Consecutive Shot Auto+1"],"picked":"SKIP","floor":35.0},{"not_picked":["ats:Assault Order+1","ats:Charging Defense","ats:Hammer On+1"],"picked":"SKIP","floor":38.0},{"not_picked":["ats:Chain Hook+1","ats:Steam Pump","ats:Serious Mode"],"picked":"SKIP","floor":40.0},{"not_picked":["ats:Chain Hook+1","ats:Steam Pump","ats:Serious Mode"],"picked":"SKIP","floor":40.0},{"not_picked":["ats:Explosion Area Strengthen+1","ats:Consecutive Shot Auto+1","ats:Ignite+1"],"picked":"SKIP","floor":41.0},{"not_picked":["ats:Ignite+1","ats:Curse Doll"],"picked":"ats:Song Of Battle","floor":42.0},{"not_picked":["ats:Flexible Camouflage","ats:Closed Bolt Burst Fire+1","ats:Burning Ground"],"picked":"SKIP","floor":44.0},{"not_picked":["REME_ProfessionalPlagiarism","Metamorphosis"],"picked":"Deep Breath","floor":45.0},{"not_picked":["ats:Blood Oath+1","ats:Apocalypse","ats:Mental Burst+1"],"picked":"SKIP","floor":47.0},{"not_picked":["ats:Powerful Strike+1","ats:Red Shift+1","ats:Revitalization"],"picked":"SKIP","floor":48.0},{"not_picked":["ats:Leaping Hammer+1","ats:Sunburst+1","ats:Sword Rain+1"],"picked":"SKIP","floor":54}],"player_experience":507036,"relics_obtained":[{"floor":6.0,"key":"ats:Originium"},{"floor":6.0,"key":"Smiling Mask"},{"floor":8.0,"key":"ats:Originium"},{"floor":8.0,"key":"hubris:MysteriousPyramids"},{"floor":9.0,"key":"Replay:Rubber Ducky"},{"floor":10.0,"key":"Gensokyo:OccultBall"},{"floor":10.0,"key":"ats:Originium"},{"floor":10.0,"key":"Quantum Egg"},{"floor":11.0,"key":"Gensokyo:OccultBall"},{"floor":13.0,"key":"Gensokyo:OccultBall"},{"floor":16.0,"key":"Gensokyo:OccultBall"},{"floor":20.0,"key":"Gensokyo:OccultBall"},{"floor":23.0,"key":"Gensokyo:MosesMiracle"},{"floor":23.0,"key":"ats:Originium"},{"floor":23.0,"key":"Old Coin"},{"floor":23.0,"key":"MawBank"},{"floor":28.0,"key":"Replay:Mystery Machine"},{"floor":28.0,"key":"ats:Lavender"},{"floor":30.0,"key":"Tiny Chest"},{"floor":30.0,"key":"Molten Egg 2"},{"floor":33.0,"key":"Gensokyo:OccultBall"},{"floor":39.0,"key":"hubris:SlimyHat"},{"floor":40.0,"key":"ScarletDevilRocket"},{"floor":40.0,"key":"Gremlin Food"},{"floor":41.0,"key":"Gensokyo:OccultBall"},{"floor":42.0,"key":"hubris:CuriousFeather"},{"floor":42.0,"key":"Replay:Baseball"},{"floor":43.0,"key":"Potion Belt"},{"floor":47.0,"key":"Anchor"},{"floor":47.0,"key":"Art of War"},{"floor":54,"key":"Bronze Scales"},{"floor":54,"key":"hubris:TenFootPole"}],"event_choices":[],"is_beta":false,"boss_relics":[{"not_picked":["Replay:Wanted Poster","Runic Dome"],"picked":"Black Star"},{"not_picked":["Abe\u0027s Treasure","Philosopher\u0027s Stone"],"picked":"Sozu"}],"items_purged_floors":[0,0,0,15,21,45,45,52,53,53],"is_endless":false,"potions_floor_spawned":[1,10,11,13,18,22,31,41,42,44,47,48],"ascension_level":16}}