{"host":"13o02hya6v6rzuva","time":1614032986,"event":{"mods":["BaseMod","Minty Spire (QoL Compilation)","Relic Stats"],"gold_per_floor":[110,110,110,60,75,104,104,121,144,144,2,18,56,76,76,165,165,183,197,40,40,63,94,94,113,166,266,286,286,321,345,345,441,441,459,60,74,407,22,22,55,55,78,107,107,107,124,449,449,449,449,449,5,43,43,43],"floor_reached":55,"language":"ENG","playtime":2794,"items_purged":["Strike_R"],"score":1350,"play_id":"3e5a817d-796f-443b-bed2-6d8eeee20096","local_time":"20210222232946","is_ascension_mode":true,"campfire_choices":[{"data":"Clothesline","floor":7.0,"key":"SMITH"},{"data":"Fire Breathing","floor":15.0,"key":"SMITH"},{"data":"Barricade","floor":24,"key":"SMITH"},{"floor":29,"key":"REST"},{"data":"Body Slam","floor":32,"key":"SMITH"},{"floor":40,"key":"RECALL"},{"data":"Impervious","floor":42,"key":"SMITH"},{"data":"Metallicize","floor":45,"key":"SMITH"},{"data":"Impervious","floor":49,"key":"SMITH"},{"data":"Disarm","floor":52,"key":"SMITH"}],"circlet_count":0,"master_deck":["AscendersBane","Strike_R","Strike_R","Defend_R","Defend_R","Defend_R","Defend_R","Bash","Shrug It Off","Flex","Disarm+1","Clothesline+1","Metallicize+1","Feed","Impervious+1","Fire Breathing+1","Shrug It Off","Barricade+1","CurseOfTheBell","Carnage+1","Iron Wave","Body Slam+1","Disarm+1","Ghostly Armor","Impervious+1","Reaper"],"relics":["Burning Blood","NeowsBlessing","Vajra","Ancient Tea Set","Anchor","Bag of Preparation","Calling Bell","Bronze Scales","Blue Candle","Charon\u0027s Ashes","Strawberry","Torii","Potion Belt","PreservedInsect","Mark of Pain","Gremlin Horn","Strange Spoon","Blood Vial","Regal Pillow","CeramicFish","White Beast Statue","Old Coin","Turnip","Happy Flower","Mercury Hourglass"],"acts_visited":["Exordium","TheCity","TheBeyond","TheEnding"],"potions_floor_usage":[28,33,33,33,41,50,50,55,55],"damage_taken":[{"damage":0.0,"enemies":"Cultist","floor":1.0,"turns":1.0},{"damage":0.0,"enemies":"2 Louse","floor":5.0,"turns":1.0},{"damage":0.0,"enemies":"3 Sentries","floor":6.0,"turns":2.0},{"damage":2.0,"enemies":"Small Slimes","floor":8.0,"turns":3.0},{"damage":0.0,"enemies":"Blue Slaver","floor":12.0,"turns":4.0},{"damage":35.0,"enemies":"Lagavulin","floor":13.0,"turns":9.0},{"damage":8.0,"enemies":"Lots of Slimes","floor":14.0,"turns":6.0},{"damage":5.0,"enemies":"The Guardian","floor":16.0,"turns":17.0},{"damage":20.0,"enemies":"Chosen","floor":18.0,"turns":6.0},{"damage":2.0,"enemies":"3 Byrds","floor":19.0,"turns":3.0},{"damage":0.0,"enemies":"Snake Plant","floor":22.0,"turns":4.0},{"damage":37,"enemies":"Book of Stabbing","floor":23,"turns":6},{"damage":23,"enemies":"Chosen and Byrds","floor":25,"turns":8},{"damage":8,"enemies":"Centurion and Healer","floor":28,"turns":9},{"damage":3,"enemies":"Gremlin Leader","floor":30,"turns":13},{"damage":4,"enemies":"Snake Plant","floor":31,"turns":5},{"damage":49,"enemies":"Champ","floor":33,"turns":18},{"damage":1,"enemies":"Orb Walker","floor":35,"turns":6},{"damage":2,"enemies":"3 Darklings","floor":37,"turns":8},{"damage":26,"enemies":"Reptomancer","floor":41,"turns":8},{"damage":2,"enemies":"Nemesis","floor":44,"turns":15},{"damage":0,"enemies":"Sphere and 2 Shapes","floor":47,"turns":3},{"damage":8,"enemies":"Mind Bloom Boss Battle","floor":48,"turns":9},{"damage":32,"enemies":"Awakened One","floor":50,"turns":18},{"damage":80,"enemies":"Shield and Spear","floor":54,"turns":8},{"damage":24,"enemies":"The Heart","floor":55,"turns":8}],"seed_played":"-6305845677952542349","potions_obtained":[{"floor":8.0,"key":"SpeedPotion"},{"floor":16.0,"key":"BlessingOfTheForge"},{"floor":18.0,"key":"BloodPotion"},{"floor":19.0,"key":"Strength Potion"},{"floor":25,"key":"Dexterity Potion"},{"floor":28,"key":"PowerPotion"},{"floor":30,"key":"SpeedPotion"},{"floor":33,"key":"Explosive Potion"},{"floor":35,"key":"Dexterity Potion"},{"floor":47,"key":"ColorlessPotion"},{"floor":48,"key":"ElixirPotion"},{"floor":54,"key":"EssenceOfSteel"}],"is_trial":false,"path_per_floor":["M","?","?","?","M","E","R","M","T","?","$","M","E","M","R","B",null,"M","M","$","?","M","E","R","M","T","?","M","R","E","M","R","B",null,"M","$","M","?","$","R","E","R","T","E","R","?","M","?","R","B",null,"R","$","E","B"],"character_chosen":"IRONCLAD","items_purchased":["Feed","Strawberry","Gremlin Horn","Strange Spoon","Blood Vial","Regal Pillow","Turnip","Happy Flower"],"campfire_rested":1,"item_purchase_floors":[11,20,36,36,39,39,53,53],"current_hp_per_floor":[78,78,71,71,77,80,80,80,80,74,74,77,51,52,52,53,76,62,66,73,73,79,48,48,31,31,31,47,74,77,79,79,36,77,82,82,86,86,86,86,68,68,68,74,74,74,82,82,82,58,82,82,82,10,0,0],"gold":43,"neow_bonus":"THREE_ENEMY_KILL","is_daily":false,"chose_seed":false,"campfire_upgraded":8,"win_rate":0.0,"timestamp":1614032986,"path_taken":["M","?","?","?","M","E","R","M","T","?","$","?","E","M","R","BOSS","M","?","$","?","M","E","R","M","T","?","?","R","E","M","R","BOSS","M","$","M","?","$","R","E","R","T","E","R","?","M","?","R","BOSS","R","$","E","BOSS"],"items_purchased_type":["Card","Relic","Relic","Relic","Relic","Relic","Relic","Relic"],"build_version":"2020-12-22","purchased_purges":1,"victory":false,"max_hp_per_floor":[80,80,80,80,80,80,80,80,80,74,74,77,80,83,83,83,83,83,83,90,90,90,90,90,90,90,90,90,90,90,90,90,90,90,90,90,90,90,90,90,90,90,90,90,90,90,90,90,90,90,90,90,90,90,90,90],"relic_stats":{"Regal Pillow":0,"Torii":46,"Gremlin Horn":[15,15],"Happy Flower":[5],"counters":[26,198],"Blue Candle":[0],"CeramicFish":9,"Charon\u0027s Ashes":[309],"PreservedInsect":188,"Bag of Preparation":[40],"Burning Blood":137,"Mercury Hourglass":[24],"Blood Vial":14,"Strange Spoon":[24],"Bronze Scales":[672],"Turnip":[2],"obtain_stats":[{"Regal Pillow":39,"Torii":23,"Gremlin Horn":36,"CeramicFish":41,"Vajra":3,"Bag of Preparation":13,"Ancient Tea Set":6,"Burning Blood":0,"Old Coin":48,"Blood Vial":39,"Strawberry":20,"Potion Belt":26,"NeowsBlessing":0,"Happy Flower":53,"Golden Idol":10,"Blue Candle":17,"Charon\u0027s Ashes":17,"PreservedInsect":30,"White Beast Statue":44,"Mercury Hourglass":54,"Calling Bell":17,"Strange Spoon":36,"Anchor":9,"Bronze Scales":17,"Mark of Pain":34,"Turnip":53},{"Regal Pillow":19,"Torii":12,"Gremlin Horn":18,"CeramicFish":20,"Vajra":1,"Bag of Preparation":6,"Ancient Tea Set":3,"Burning Blood":0,"Old Coin":23,"Blood Vial":19,"Strawberry":10,"Potion Belt":13,"NeowsBlessing":0,"Happy Flower":24,"Golden Idol":4,"Blue Candle":8,"Charon\u0027s Ashes":8,"PreservedInsect":15,"White Beast Statue":21,"Mercury Hourglass":25,"Calling Bell":8,"Strange Spoon":18,"Anchor":4,"Bronze Scales":8,"Mark of Pain":17,"Turnip":24},{"Regal Pillow":129,"Torii":62,"Gremlin Horn":121,"CeramicFish":137,"Vajra":1,"Bag of Preparation":20,"Ancient Tea Set":4,"Burning Blood":0,"Old Coin":164,"Blood Vial":129,"Strawberry":52,"Potion Belt":70,"NeowsBlessing":0,"Happy Flower":182,"Golden Idol":7,"Blue Candle":43,"Charon\u0027s Ashes":43,"PreservedInsect":92,"White Beast Statue":152,"Mercury Hourglass":190,"Calling Bell":43,"Strange Spoon":121,"Anchor":7,"Bronze Scales":43,"Mark of Pain":115,"Turnip":182}]},"card_choices":[{"not_picked":["Warcry","Iron Wave"],"picked":"Shrug It Off","floor":1.0},{"not_picked":["Body Slam","Twin Strike"],"picked":"Disarm","floor":5.0},{"not_picked":["Body Slam","Flex"],"picked":"Clothesline","floor":6.0},{"not_picked":["Sword Boomerang","Anger"],"picked":"Metallicize","floor":8.0},{"not_picked":["Ghostly Armor","Rage"],"picked":"Impervious","floor":12.0},{"not_picked":["Evolve","True Grit"],"picked":"Fire Breathing","floor":13.0},{"not_picked":["Infernal Blade","Cleave"],"picked":"Shrug It Off","floor":14.0},{"not_picked":["Exhume","Double Tap"],"picked":"Barricade","floor":16.0},{"not_picked":["Havoc","Cleave"],"picked":"Carnage+1","floor":18.0},{"not_picked":["Carnage","Thunderclap+1"],"picked":"Iron Wave","floor":19.0},{"not_picked":["Armaments","Sword Boomerang+1"],"picked":"Body Slam","floor":22},{"not_picked":["Hemokinesis","Flex","Wild Strike"],"picked":"SKIP","floor":23},{"not_picked":["Armaments","Havoc"],"picked":"Disarm+1","floor":25},{"not_picked":["Heavy Blade","Shrug It Off"],"picked":"Ghostly Armor","floor":28},{"not_picked":["Combust","Feed","Thunderclap"],"picked":"SKIP","floor":30},{"not_picked":["Dual Wield","Heavy Blade","Headbutt"],"picked":"SKIP","floor":31},{"not_picked":["Offering","Feed"],"picked":"Impervious","floor":33},{"not_picked":["Anger+1","Rupture+1","Ghostly Armor"],"picked":"SKIP","floor":35},{"not_picked":["Cleave","Pommel Strike","Clash"],"picked":"SKIP","floor":37},{"not_picked":["Flex","Thunderclap+1","Second Wind"],"picked":"SKIP","floor":41},{"not_picked":["Rupture","Warcry","Pommel Strike+1"],"picked":"SKIP","floor":44},{"not_picked":["Flex","Headbutt","Blood for Blood+1"],"picked":"SKIP","floor":47},{"not_picked":["Dropkick","Limit Break"],"picked":"Reaper","floor":54}],"player_experience":1241036,"relics_obtained":[{"floor":6.0,"key":"Ancient Tea Set"},{"floor":9.0,"key":"Anchor"},{"floor":13.0,"key":"Bag of Preparation"},{"floor":17.0,"key":"Bronze Scales"},{"floor":17.0,"key":"Blue Candle"},{"floor":17.0,"key":"Charon\u0027s Ashes"},{"floor":23,"key":"Torii"},{"floor":26,"key":"Potion Belt"},{"floor":30,"key":"PreservedInsect"},{"floor":41,"key":"CeramicFish"},{"floor":44,"key":"White Beast Statue"},{"floor":48,"key":"Old Coin"},{"floor":54,"key":"Mercury Hourglass"}],"event_choices":[{"damage_healed":0.0,"max_hp_gain":0.0,"max_hp_loss":0.0,"gold_gain":0.0,"cards_transformed":["Strike_R"],"event_name":"Living Wall","player_choice":"Change","floor":2.0,"gold_loss":0.0,"damage_taken":0.0,"cards_obtained":["Flex"]},{"damage_healed":0.0,"max_hp_gain":0.0,"max_hp_loss":0.0,"gold_gain":0.0,"event_name":"Scrap Ooze","player_choice":"Success","floor":3.0,"gold_loss":0.0,"damage_taken":7.0,"relics_obtained":["Vajra"]},{"cards_removed":["Strike_R"],"damage_healed":0.0,"max_hp_gain":0.0,"max_hp_loss":0.0,"gold_gain":0.0,"event_name":"The Cleric","player_choice":"Card Removal","floor":4.0,"gold_loss":50.0,"damage_taken":0.0},{"damage_healed":0.0,"max_hp_gain":0.0,"max_hp_loss":6.0,"gold_gain":0.0,"event_name":"Golden Idol","player_choice":"Lose Max HP","floor":10.0,"gold_loss":0.0,"damage_taken":0.0,"relics_obtained":["Golden Idol"]},{"damage_healed":0.0,"max_hp_gain":0.0,"max_hp_loss":0.0,"gold_gain":0.0,"event_name":"Ghosts","player_choice":"Ignored","floor":21.0,"gold_loss":0.0,"damage_taken":0.0},{"damage_healed":0,"gold_gain":100,"player_choice":"Pray","damage_taken":0,"max_hp_gain":0,"max_hp_loss":0,"event_name":"Golden Shrine","floor":27,"gold_loss":0},{"damage_healed":0,"gold_gain":333,"player_choice":"Gave Idol","damage_taken":0,"max_hp_gain":0,"max_hp_loss":0,"event_name":"The Moai Head","floor":38,"relics_lost":["Golden Idol"],"gold_loss":0},{"damage_healed":0,"gold_gain":0,"player_choice":"Ignored","damage_taken":0,"max_hp_gain":0,"max_hp_loss":0,"event_name":"Mysterious Sphere","floor":46,"gold_loss":0},{"damage_healed":0,"gold_gain":0,"player_choice":"Fight","damage_taken":0,"max_hp_gain":0,"max_hp_loss":0,"event_name":"MindBloom","floor":48,"gold_loss":0}],"is_beta":false,"boss_relics":[{"not_picked":["Astrolabe","Velvet Choker"],"picked":"Calling Bell"},{"not_picked":["Cursed Key","Empty Cage"],"picked":"Mark of Pain"}],"items_purged_floors":[39],"is_endless":false,"potions_floor_spawned":[8,16,18,19,25,28,30,33,35,47,48,54],"killed_by":"The Heart","ascension_level":13}}