{"host":"jegehu1t82aiec5j","time":1614002384,"event":{"mods":["BaseMod","Colored Map","Minty Spire (QoL Compilation)","Relic Stats","StSLib"],"gold_per_floor":[365,365,365,365,383,383,399,438,438,438,474,474,495,121,121,217,217,232,257,257,9,25,25,60,75,128,128,153,28,28,28,28,121,121,141,141,162,162,94,94,134,134,134,134,148,1,1,15,15,15],"floor_reached":51,"language":"ENG","playtime":3953,"items_purged":["Strike_R","Strike_R","Strike_R"],"score":1139,"play_id":"9e68bc65-7b79-44d0-af04-5966a388ce27","local_time":"20210222085944","is_ascension_mode":true,"campfire_choices":[{"floor":6,"key":"REST"},{"floor":10,"key":"REST"},{"data":"Fire Breathing","floor":15,"key":"SMITH"},{"data":"Disarm","floor":23,"key":"SMITH"},{"data":"True Grit","floor":27,"key":"SMITH"},{"floor":30,"key":"REST"},{"floor":32,"key":"REST"},{"floor":40,"key":"REST"},{"floor":44,"key":"REST"},{"floor":47,"key":"REST"},{"floor":49,"key":"REST"}],"circlet_count":0,"master_deck":["AscendersBane","Strike_R+1","Defend_R","Defend_R","Defend_R+1","Defend_R","Bash","Clothesline","Twin Strike+1","Thunderclap+1","Whirlwind+1","True Grit+1","Pommel Strike+1","Fire Breathing+1","Brutality","Shrug It Off","Disarm+1","Pommel Strike+1","Ghostly Armor","Reaper+1","Feel No Pain+1","Rupture","Battle Trance+1","Shrug It Off","Heavy Blade+1","Spot Weakness","Disarm+1","Shrug It Off"],"relics":["Burning Blood","WarpedTongs","Molten Egg 2","Golden Idol","Gremlin Horn","Dream Catcher","Mercury Hourglass","Medical Kit","SlaversCollar","FaceOfCleric","Chemical X","Kunai","Tiny Chest","Fusion Hammer","Dead Branch","Darkstone Periapt","Orichalcum","Toolbox"],"acts_visited":["Exordium","TheCity","TheBeyond"],"potions_floor_usage":[11,11,22,41],"damage_taken":[{"damage":0,"enemies":"Cultist","floor":1,"turns":3},{"damage":6,"enemies":"2 Louse","floor":5,"turns":3},{"damage":7,"enemies":"Jaw Worm","floor":7,"turns":2},{"damage":24,"enemies":"Gremlin Nob","floor":8,"turns":4},{"damage":19,"enemies":"Lagavulin","floor":11,"turns":6},{"damage":0,"enemies":"Looter","floor":13,"turns":2},{"damage":7,"enemies":"Slime Boss","floor":16,"turns":7},{"damage":5,"enemies":"3 Byrds","floor":18,"turns":3},{"damage":22,"enemies":"Shell Parasite","floor":19,"turns":8},{"damage":3,"enemies":"Shelled Parasite and Fungi","floor":22,"turns":5},{"damage":8,"enemies":"Gremlin Leader","floor":24,"turns":4},{"damage":18,"enemies":"Centurion and Healer","floor":25,"turns":5},{"damage":11,"enemies":"Snecko","floor":28,"turns":5},{"damage":40,"enemies":"Collector","floor":33,"turns":9},{"damage":11,"enemies":"3 Darklings","floor":35,"turns":4},{"damage":0,"enemies":"3 Shapes","floor":37,"turns":5},{"damage":42,"enemies":"Giant Head","floor":41,"turns":9},{"damage":12,"enemies":"Maw","floor":45,"turns":8},{"damage":1,"enemies":"Jaw Worm Horde","floor":48,"turns":3},{"damage":76,"enemies":"Donu and Deca","floor":50,"turns":9}],"seed_played":"-766886355298486498","potions_obtained":[{"floor":5,"key":"Explosive Potion"},{"floor":7,"key":"ColorlessPotion"},{"floor":12,"key":"Weak Potion"},{"floor":12,"key":"Block Potion"},{"floor":18,"key":"LiquidMemories"},{"floor":22,"key":"FairyPotion"},{"floor":41,"key":"Fire Potion"}],"is_trial":false,"path_per_floor":["M","?","?","?","M","R","M","E","T","R","E","?","M","$","R","B",null,"M","M","?","$","M","R","E","M","T","R","M","$","R","$","R","B",null,"M","?","M","?","$","R","E","T","T","R","M","$","R","M","R","B",null],"character_chosen":"IRONCLAD","items_purchased":["True Grit","Pommel Strike+1","Medical Kit","Fire Breathing","Chemical X","Rupture","Toolbox"],"campfire_rested":8,"item_purchase_floors":[14,14,14,14,21,39,46],"current_hp_per_floor":[56,33,22,22,22,42,41,23,23,43,30,30,36,36,36,35,60,61,45,45,45,49,49,48,37,37,37,33,33,54,54,72,39,65,69,69,75,71,71,71,45,45,45,66,73,73,73,74,74,41],"gold":15,"neow_bonus":"TWO_FIFTY_GOLD","is_daily":false,"chose_seed":false,"campfire_upgraded":3,"win_rate":0.0,"timestamp":1614002384,"path_taken":["M","?","?","?","?","R","M","E","T","R","E","?","?","?","R","BOSS","M","M","?","$","M","R","E","?","T","R","M","$","R","?","R","BOSS","M","?","M","?","$","R","E","?","T","R","M","$","R","M","R","BOSS"],"items_purchased_type":["Card","Card","Relic","Card","Relic","Card","Relic"],"build_version":"2020-12-22","purchased_purges":3,"victory":true,"max_hp_per_floor":[75,75,75,68,68,68,68,68,68,68,68,68,68,68,68,68,68,68,68,68,68,69,69,70,71,71,71,72,72,72,72,72,73,73,74,74,75,71,71,71,72,72,72,72,73,73,73,74,74,75],"relic_stats":{"Darkstone Periapt":0,"Gremlin Horn":[21,21],"counters":[20,104],"Golden Idol":131,"Dead Branch":[14],"Orichalcum":[6],"Medical Kit":[0],"Burning Blood":105,"WarpedTongs":[98],"Mercury Hourglass":[291],"Dream Catcher":7,"FaceOfCleric":11,"Tiny Chest":1,"Chemical X":[26],"Kunai":[13],"obtain_stats":[{"Darkstone Periapt":42,"Gremlin Horn":8,"Golden Idol":4,"Dead Branch":41,"Orichalcum":43,"Medical Kit":14,"Burning Blood":0,"WarpedTongs":0,"Mercury Hourglass":11,"SlaversCollar":17,"Dream Catcher":9,"FaceOfCleric":20,"Toolbox":46,"Molten Egg 2":3,"Tiny Chest":26,"Fusion Hammer":34,"Chemical X":21,"Kunai":24},{"Darkstone Periapt":17,"Gremlin Horn":4,"Golden Idol":1,"Dead Branch":17,"Orichalcum":17,"Medical Kit":6,"Burning Blood":0,"WarpedTongs":0,"Mercury Hourglass":5,"SlaversCollar":7,"Dream Catcher":4,"FaceOfCleric":9,"Toolbox":18,"Molten Egg 2":1,"Tiny Chest":12,"Fusion Hammer":14,"Chemical X":9,"Kunai":11},{"Darkstone Periapt":84,"Gremlin Horn":12,"Golden Idol":3,"Dead Branch":84,"Orichalcum":84,"Medical Kit":20,"Burning Blood":0,"WarpedTongs":0,"Mercury Hourglass":18,"SlaversCollar":27,"Dream Catcher":12,"FaceOfCleric":38,"Toolbox":92,"Molten Egg 2":3,"Tiny Chest":52,"Fusion Hammer":66,"Chemical X":38,"Kunai":47}]},"card_choices":[{"not_picked":["Second Wind","Blood for Blood"],"picked":"Clothesline","floor":1},{"not_picked":["True Grit","Sentinel"],"picked":"Twin Strike+1","floor":5},{"not_picked":["Cleave+1","Sword Boomerang+1"],"picked":"Thunderclap+1","floor":7},{"not_picked":["Evolve","Body Slam+1","Thunderclap+1"],"picked":"SKIP","floor":8},{"not_picked":["Sentinel","Evolve"],"picked":"Whirlwind+1","floor":10},{"not_picked":["Cleave+1","Armaments","Headbutt+1"],"picked":"SKIP","floor":11},{"not_picked":["Twin Strike+1","Juggernaut","Clothesline+1"],"picked":"SKIP","floor":13},{"not_picked":["Berserk","Corruption"],"picked":"Brutality","floor":16},{"not_picked":["Armaments","Combust","Flex"],"picked":"SKIP","floor":18},{"not_picked":["Wild Strike+1","Havoc"],"picked":"Shrug It Off","floor":19},{"not_picked":["Wild Strike+1","Thunderclap+1"],"picked":"Disarm","floor":22},{"not_picked":["Heavy Blade+1","Perfected Strike+1"],"picked":"Pommel Strike+1","floor":24},{"not_picked":["Wild Strike+1","Brutality"],"picked":"Ghostly Armor","floor":25},{"not_picked":["Dual Wield","Reckless Charge+1","Body Slam+1"],"picked":"SKIP","floor":28},{"not_picked":["Bludgeon+1","Berserk"],"picked":"Reaper+1","floor":33},{"not_picked":["Wild Strike+1","Heavy Blade+1","Anger+1"],"picked":"SKIP","floor":35},{"not_picked":["Havoc","Clothesline+1"],"picked":"Feel No Pain+1","floor":37},{"not_picked":["Iron Wave+1","True Grit+1"],"picked":"Battle Trance+1","floor":40},{"not_picked":["Armaments+1","Sentinel"],"picked":"Shrug It Off","floor":41},{"not_picked":["Thunderclap+1","Headbutt+1"],"picked":"Heavy Blade+1","floor":44},{"not_picked":["Burning Pact+1","Second Wind+1","Whirlwind+1"],"picked":"SKIP","floor":45},{"not_picked":["Double Tap","Clash+1"],"picked":"Spot Weakness","floor":47},{"not_picked":["Headbutt+1","Pommel Strike+1"],"picked":"Disarm+1","floor":48},{"not_picked":["Havoc","Clash+1"],"picked":"Shrug It Off","floor":49}],"player_experience":2625638,"relics_obtained":[{"floor":8,"key":"Gremlin Horn"},{"floor":9,"key":"Dream Catcher"},{"floor":11,"key":"Mercury Hourglass"},{"floor":24,"key":"Kunai"},{"floor":26,"key":"Tiny Chest"},{"floor":41,"key":"Dead Branch"},{"floor":42,"key":"Darkstone Periapt"},{"floor":43,"key":"Orichalcum"}],"event_choices":[{"damage_healed":0,"gold_gain":0,"player_choice":"Entered Light","damage_taken":23,"max_hp_gain":0,"max_hp_loss":0,"event_name":"Shining Light","floor":2,"gold_loss":0,"cards_upgraded":["Strike_R","Defend_R"]},{"damage_healed":0,"gold_gain":0,"player_choice":"Success","damage_taken":11,"relics_obtained":["Molten Egg 2"],"max_hp_gain":0,"max_hp_loss":0,"event_name":"Scrap Ooze","floor":3,"gold_loss":0},{"damage_healed":0,"gold_gain":0,"player_choice":"Lose Max HP","damage_taken":0,"relics_obtained":["Golden Idol"],"max_hp_gain":0,"max_hp_loss":7,"event_name":"Golden Idol","floor":4,"gold_loss":0},{"damage_healed":0,"gold_gain":0,"player_choice":"Got Potions","damage_taken":0,"max_hp_gain":0,"max_hp_loss":0,"event_name":"Lab","floor":12,"gold_loss":0},{"damage_healed":0,"gold_gain":0,"player_choice":"Trade","damage_taken":0,"relics_obtained":["FaceOfCleric"],"max_hp_gain":0,"max_hp_loss":0,"event_name":"FaceTrader","floor":20,"gold_loss":0},{"cards_removed":["Strike_R"],"damage_healed":0,"gold_gain":0,"player_choice":"Removed Attack","damage_taken":0,"max_hp_gain":0,"max_hp_loss":0,"event_name":"Falling","floor":36,"gold_loss":0},{"damage_healed":0,"gold_gain":0,"player_choice":"Max HP","damage_taken":0,"max_hp_gain":0,"max_hp_loss":4,"event_name":"Winding Halls","floor":38,"gold_loss":0}],"is_beta":false,"boss_relics":[{"not_picked":["Black Blood","Tiny House"],"picked":"SlaversCollar"},{"not_picked":["Empty Cage","Black Star"],"picked":"Fusion Hammer"}],"items_purged_floors":[14,21,29],"is_endless":false,"potions_floor_spawned":[5,7,13,16,18,22,25,33,35,41],"ascension_level":15}}