{"host":"xsuxkwaivmtd234a","time":1614024568,"event":{"mods":["BaseMod","Bestiary","Colored Map","Minty Spire (QoL Compilation)","Relic Stats","StSLib"],"gold_per_floor":[113,113,113,125,145,171,189,189,189,229,251,21,21,21],"floor_reached":13,"language":"ENG","playtime":489,"items_purged":["Strike_B"],"score":143,"play_id":"6535be99-310b-48c9-abf9-28e66fde215b","local_time":"20210222150928","is_ascension_mode":true,"campfire_choices":[],"circlet_count":0,"master_deck":["AscendersBane","Strike_B","Strike_B","Strike_B","Defend_B","Defend_B","Defend_B","Defend_B","Zap","Dualcast","Sweeping Beam+1","Static Discharge","Turbo","Self Repair","Genetic Algorithm","Double Energy","Ball Lightning"],"relics":["Cracked Core","PreservedInsect","Girya","CaptainsWheel","Cables","CeramicFish","OrangePellets"],"acts_visited":["Exordium"],"potions_floor_usage":[10,11],"damage_taken":[{"damage":0.0,"enemies":"Small Slimes","floor":1.0,"turns":4.0},{"damage":7.0,"enemies":"Jaw Worm","floor":4.0,"turns":3.0},{"damage":6.0,"enemies":"Cultist","floor":5.0,"turns":3.0},{"damage":26.0,"enemies":"Gremlin Nob","floor":6.0,"turns":4.0},{"damage":22.0,"enemies":"Exordium Thugs","floor":7.0,"turns":4.0},{"damage":5,"enemies":"Lagavulin","floor":10,"turns":5},{"damage":10,"enemies":"Exordium Wildlife","floor":11,"turns":5},{"damage":13,"enemies":"Gremlin Nob","floor":13,"turns":3}],"seed_played":"4872011314404493121","potions_obtained":[{"floor":6.0,"key":"Explosive Potion"},{"floor":7.0,"key":"Dexterity Potion"}],"is_trial":false,"path_per_floor":["M","?","T","M","M","E","M","?","T","E","M","$","E"],"character_chosen":"DEFECT","items_purchased":["OrangePellets"],"campfire_rested":0,"item_purchase_floors":[12],"current_hp_per_floor":[68,68,68,61,55,29,14,14,14,16,13,13,0,0],"gold":21,"neow_bonus":"RANDOM_COMMON_RELIC","is_daily":false,"chose_seed":false,"campfire_upgraded":0,"win_rate":0.0,"timestamp":1614024568,"path_taken":["M","?","?","M","M","E","M","?","T","E","M","?","E"],"items_purchased_type":["Relic"],"build_version":"2020-12-22","purchased_purges":1,"victory":false,"max_hp_per_floor":[75,75,75,75,75,75,75,75,75,75,75,75,75,75],"relic_stats":{"OrangePellets":[0],"counters":[8,31],"CeramicFish":18,"PreservedInsect":73,"obtain_stats":[{"Girya":3,"OrangePellets":12,"CaptainsWheel":6,"CeramicFish":10,"PreservedInsect":0,"Cracked Core":0,"Cables":9},{"Girya":1,"OrangePellets":7,"CaptainsWheel":4,"CeramicFish":6,"PreservedInsect":0,"Cracked Core":0,"Cables":5},{"Girya":4,"OrangePellets":28,"CaptainsWheel":14,"CeramicFish":23,"PreservedInsect":0,"Cracked Core":0,"Cables":18}],"Cables":[9,9,0,0,0]},"card_choices":[{"not_picked":["Coolheaded","Leap"],"picked":"Sweeping Beam","floor":1.0},{"not_picked":["Coolheaded","Steam Power"],"picked":"Static Discharge","floor":4.0},{"not_picked":["Redo","Barrage"],"picked":"Turbo","floor":5.0},{"not_picked":["Conserve Battery","Streamline"],"picked":"Self Repair","floor":6.0},{"not_picked":["Rebound","Redo"],"picked":"Genetic Algorithm","floor":7.0},{"not_picked":["Hologram","Capacitor"],"picked":"Double Energy","floor":10},{"not_picked":["Hologram","Beam Cell"],"picked":"Ball Lightning","floor":11}],"player_experience":1344594,"relics_obtained":[{"floor":3.0,"key":"Girya"},{"floor":6.0,"key":"CaptainsWheel"},{"floor":9.0,"key":"Cables"},{"floor":10,"key":"CeramicFish"}],"event_choices":[{"damage_healed":0.0,"max_hp_gain":0.0,"max_hp_loss":0.0,"gold_gain":0.0,"event_name":"Living Wall","player_choice":"Grow","floor":2.0,"gold_loss":0.0,"damage_taken":0.0,"cards_upgraded":["Sweeping Beam"]},{"damage_healed":0.0,"max_hp_gain":0.0,"max_hp_loss":0.0,"gold_gain":0.0,"event_name":"Shining Light","player_choice":"Ignored","floor":8.0,"gold_loss":0.0,"damage_taken":0.0}],"is_beta":false,"boss_relics":[],"items_purged_floors":[12],"is_endless":false,"potions_floor_spawned":[6,7],"killed_by":"Gremlin Nob","ascension_level":10}}