{"host":"5bsc0nab6whpyrbj","time":1614031039,"event":{"mods":["BaseMod","Highlight Path","Minty Spire (QoL Compilation)"],"gold_per_floor":[117,134,144,144,419,419,439,296,296,310,385,397,408,419,419,419,419],"floor_reached":16,"language":"ENG","playtime":372,"items_purged":[],"score":121,"play_id":"32993d8a-bf83-454a-94e8-dc7696638b09","local_time":"20210222165719","is_ascension_mode":false,"campfire_choices":[{"data":"Ball Lightning","floor":6.0,"key":"SMITH"},{"floor":15.0,"key":"REST"}],"circlet_count":0,"master_deck":["Strike_B","Strike_B","Strike_B","Strike_B","Defend_B","Defend_B","Defend_B","Defend_B","Zap","Dualcast","White Noise","Ball Lightning+1","Regret","Leap","Barrage","Barrage","Barrage","Barrage"],"relics":["Cracked Core","NeowsBlessing","Gremlin Horn","Ancient Tea Set","Incense Burner"],"acts_visited":["Exordium"],"potions_floor_usage":[],"damage_taken":[{"damage":0.0,"enemies":"Cultist","floor":1.0,"turns":1.0},{"damage":0.0,"enemies":"2 Louse","floor":2.0,"turns":1.0},{"damage":0.0,"enemies":"Jaw Worm","floor":3.0,"turns":1.0},{"damage":16.0,"enemies":"Blue Slaver","floor":7.0,"turns":3.0},{"damage":12.0,"enemies":"Lots of Slimes","floor":10.0,"turns":4.0},{"damage":9.0,"enemies":"Red Slaver","floor":12.0,"turns":3.0},{"damage":12.0,"enemies":"Looter","floor":13.0,"turns":3.0},{"damage":30.0,"enemies":"Gremlin Gang","floor":14.0,"turns":4.0},{"damage":45,"enemies":"The Guardian","floor":16,"turns":6}],"seed_played":"2352691226203551529","potions_obtained":[{"floor":1.0,"key":"FearPotion"},{"floor":7.0,"key":"DuplicationPotion"},{"floor":10.0,"key":"SteroidPotion"},{"floor":12.0,"key":"FairyPotion"},{"floor":13.0,"key":"Swift Potion"}],"is_trial":false,"path_per_floor":["M","M","M","T","?","R","M","$","T","M","?","M","M","M","R","B"],"character_chosen":"DEFECT","items_purchased":["Ancient Tea Set"],"campfire_rested":1,"item_purchase_floors":[8],"current_hp_per_floor":[75,75,75,75,75,75,59,59,59,47,36,27,15,22,44,0,0],"gold":419,"neow_bonus":"THREE_ENEMY_KILL","is_daily":false,"chose_seed":false,"campfire_upgraded":1,"win_rate":0.0,"timestamp":1614031039,"path_taken":["M","M","?","?","?","R","M","$","T","?","?","M","M","M","R","BOSS"],"items_purchased_type":["Relic"],"build_version":"2020-12-22","purchased_purges":0,"victory":false,"max_hp_per_floor":[75,75,75,75,75,75,75,75,75,75,75,75,75,75,75,75,75],"card_choices":[{"not_picked":["Hello World","Barrage"],"picked":"White Noise","floor":1.0},{"not_picked":["Stack","Blizzard","Turbo"],"picked":"SKIP","floor":2.0},{"not_picked":["Hologram","Melter"],"picked":"Ball Lightning","floor":3.0},{"not_picked":["Steam","Coolheaded"],"picked":"Leap","floor":7.0},{"not_picked":["Scrape","Stack"],"picked":"Barrage","floor":10.0},{"not_picked":["Fusion","Multi-Cast"],"picked":"Barrage","floor":12.0},{"not_picked":["Stack","Sweeping Beam"],"picked":"Barrage","floor":13.0},{"not_picked":["Stack","Conserve Battery"],"picked":"Barrage","floor":14.0}],"player_experience":100616,"relics_obtained":[{"floor":4.0,"key":"Gremlin Horn"},{"floor":9.0,"key":"Incense Burner"}],"event_choices":[{"damage_healed":0.0,"max_hp_gain":0.0,"max_hp_loss":0.0,"gold_gain":275.0,"event_name":"Golden Shrine","player_choice":"Desecrate","floor":5.0,"gold_loss":0.0,"damage_taken":0.0,"cards_obtained":["Regret"]},{"damage_healed":0.0,"max_hp_gain":0.0,"max_hp_loss":0.0,"gold_gain":75.0,"event_name":"World of Goop","player_choice":"Gather Gold","floor":11.0,"gold_loss":0.0,"damage_taken":11.0}],"is_beta":false,"boss_relics":[],"items_purged_floors":[],"is_endless":false,"potions_floor_spawned":[1,7,10,12,13],"killed_by":"The Guardian","ascension_level":0}}