{"host":"etdvqcaukayomjhd","time":1614021714,"event":{"mods":["AchievementEnabler","Act Like it!","BaseMod","BetterRewards","Colored Powertips","Hermit","Infinite Spire","Minty Spire (QoL Compilation)","Quick Restart","Replay The Spire","Spicy Shops","StSLib","The Animator","Waifu the Spire"],"gold_per_floor":[112,187,137,155,172,172,196,27,27,27,27,61,61,80,80,179,179,190,210,210,210,140,173,52,89,112,124,136,148,160,207,294,401,413,441,467,116,197,197,197,197,197,222,233,263,294,294,327,327,327,327,327,477,503,503,503],"floor_reached":55,"language":"ENG","playtime":4406,"items_purged":[],"score":1313,"play_id":"b63e802a-9308-4433-ad97-2e88baa2275b","local_time":"20210222202154","is_ascension_mode":true,"campfire_choices":[{"data":"animator:Emilia","floor":6.0,"key":"SMITH"},{"data":"animator:Boros","floor":11.0,"key":"SMITH"},{"floor":28.0,"key":"REST"},{"data":"animator:Saitama","floor":30.0,"key":"SMITH"},{"floor":40,"key":"RECALL"},{"data":"animator:Greed","floor":42,"key":"SMITH"},{"data":"animator:Lelouch","floor":47,"key":"SMITH"},{"data":"animator:Eris","floor":49,"key":"SMITH"},{"data":"animator:MumenRider","floor":52,"key":"SMITH"}],"circlet_count":0,"master_deck":["animator:Strike_OnePunchMan+1","animator:Defend_OnePunchMan+1","animator:Strike+1","animator:Strike+1","animator:Defend+1","animator:Defend+1","animator:Genos","animator:MumenRider+1","animator:Lelouch+1","animator:Saitama+1","animator:Emilia+1","animator:Cocytus+1","animator:Benimaru+1","animator:Sloth+1","animator:Cocytus+1","animator:Mitsuba+1","animator:Boros+1","animator:Kira+1","animator:DolaSchwi+1","animator:Rimuru","animator:Mitsuba+1","animator:Yuuichirou+1","animator:DolaSchwi+1","animator:KyokoSakura+1","animator:MetalKnight+1","animator:Lancer+1","animator:MumenRider+1","animator:Cocytus+1","animator:Greed+1","animator:Shalltear+1","animator:Darkness+1","animator:Genos+1","animator:MumenRider+1","ReplayTheSpireMod:IOU","animator:Azekura+1"],"relics":["animator:LivingPicture","animator:TheMissingPiece","animator:PurgingStone","WingedGreaves","Molten Egg 2","animator:OldCoffin","Juzu Bracelet","Replay:Baseball","Lee\u0027s Waffle","Brimstone","Matryoshka","infinitespire:Blanks Blanky","animator:CursedBlade","Thread and Needle","Centennial Puzzle","Replay:WaspNest","Happy Flower","MawBank","Lantern","Gambling Chip","animator:HolyGrailRelic","animator:EngravedStaff","Vajra","PreservedInsect","infinitespire:Beetle Shell","ReplayTheSpireMod:Ring of Collecting","Pantograph","Ring of Misfortune","Ancient Tea Set","Eternal Feather","Akabeko","ReplayTheSpireMod:CursedCoin","Replay:Rubber Ducky"],"acts_visited":["Exordium","TheCity","TheBeyond","TheEnding"],"potions_floor_usage":[],"damage_taken":[{"damage":4.0,"enemies":"Small Slimes","floor":1.0,"turns":1.0},{"damage":0.0,"enemies":"2 Louse","floor":4.0,"turns":2.0},{"damage":9.0,"enemies":"Jaw Worm","floor":5.0,"turns":2.0},{"damage":0.0,"enemies":"2 Fungi Beasts","floor":7.0,"turns":2.0},{"damage":0.0,"enemies":"3 Sentries","floor":12.0,"turns":3.0},{"damage":0.0,"enemies":"Lots of Slimes","floor":14.0,"turns":3.0},{"damage":9.0,"enemies":"Fading Forest","floor":16.0,"turns":8.0},{"damage":8.0,"enemies":"Shell Parasite","floor":18.0,"turns":3.0},{"damage":9.0,"enemies":"2 Thieves","floor":19.0,"turns":3.0},{"damage":25.0,"enemies":"Slavers","floor":23.0,"turns":5.0},{"damage":26.0,"enemies":"Gremlin Leader","floor":25.0,"turns":4.0},{"damage":9.0,"enemies":"animator:HornedBat","floor":31.0,"turns":4.0},{"damage":23.0,"enemies":"Automaton","floor":33.0,"turns":6.0},{"damage":1.0,"enemies":"3 Darklings","floor":35.0,"turns":3.0},{"damage":5.0,"enemies":"3 Shapes","floor":36.0,"turns":4.0},{"damage":0,"enemies":"Spire Growth","floor":44,"turns":2},{"damage":0,"enemies":"Giant Head","floor":45,"turns":4},{"damage":3,"enemies":"Nemesis","floor":46,"turns":5},{"damage":7,"enemies":"Giant Head","floor":48,"turns":4},{"damage":14,"enemies":"Awakened One","floor":50,"turns":8},{"damage":0,"enemies":"Shield and Spear","floor":54,"turns":4},{"damage":88,"enemies":"The Heart","floor":55,"turns":5}],"seed_played":"4363037624433193624","potions_obtained":[{"floor":1.0,"key":"Elixir"},{"floor":7.0,"key":"SteroidPotion"},{"floor":10.0,"key":"Block Potion"},{"floor":31.0,"key":"GamblersBrew"},{"floor":33.0,"key":"Swift Potion"},{"floor":38.0,"key":"FairyPotion"}],"is_trial":false,"path_per_floor":["M","?","?","M","M","R","M","$","T","?","R","E","?","M","R","B",null,"M","M","?","?","$","E","$","E","T","?","R","?","R","E","R","B",null,"M","M","$","?","?","R","?","R","T","M","E","E","R","E","R","B",null,"R","$","E","B"],"character_chosen":"THE_ANIMATOR","items_purchased":["WingedGreaves","animator:Lelouch","animator:Saitama","Molten Egg 2","animator:OldCoffin","Juzu Bracelet","animator:Emilia","Replay:Baseball","Lee\u0027s Waffle","Brimstone","animator:Cocytus+1","animator:Kira","Thread and Needle","Replay:WaspNest","animator:EngravedStaff","Vajra","ReplayTheSpireMod:CursedCoin"],"campfire_rested":1,"item_purchase_floors":[0,0,0,0,0,0,0,0,0,0,0,8,22,24,37,37,53],"current_hp_per_floor":[69,58,58,58,49,49,49,49,49,49,49,49,49,49,73,71,73,65,56,56,56,56,37,37,11,11,11,73,73,73,69,69,46,81,81,79,79,79,79,79,79,79,79,78,75,72,72,68,72,64,69,69,69,66,0,0],"gold":503,"neow_bonus":"","is_daily":false,"chose_seed":false,"campfire_upgraded":7,"win_rate":0.0,"timestamp":1614021714,"path_taken":["M","?","?","M","M","R","M","?","T","?","R","E","?","M","R","BOSS","M","M","?","?","?","E","$","E","T","?","R","?","R","E","R","BOSS","M","M","$","?","?","R","?","R","T","M","E","E","R","E","R","BOSS","R","$","E","BOSS"],"items_purchased_type":["Relic","Card","Card","Relic","Relic","Relic","Card","Relic","Relic","Relic","Card","Card","Relic","Relic","Relic","Relic","Relic"],"build_version":"2020-12-22","purchased_purges":0,"victory":false,"max_hp_per_floor":[73,73,73,73,73,73,73,73,73,73,73,73,73,73,73,73,73,73,73,73,73,73,73,73,73,73,73,73,73,73,73,73,73,81,81,81,81,81,81,81,81,81,81,78,75,72,72,72,72,69,69,69,69,66,63,63],"card_choices":[{"not_picked":["animator:LizardPriest","animator:Hakurou+1"],"picked":"animator:Sloth+1","floor":1.0},{"not_picked":["animator:YaoHaDucy+1","animator:GoblinSlayer+1"],"picked":"animator:Cocytus+1","floor":4.0},{"not_picked":["animator:ElricEdward+1","animator:Ara+1"],"picked":"animator:Mitsuba+1","floor":5.0},{"not_picked":["animator:Sonic","animator:Tatsumaki"],"picked":"animator:Boros","floor":7.0},{"not_picked":["animator:ChaikaBohdan+1","animator:ChlammyZell"],"picked":"animator:DolaSchwi+1","floor":12.0},{"not_picked":["animator:DolaCouronne","animator:Caster","animator:Gluttony"],"picked":"SKIP","floor":14.0},{"not_picked":["animator:ChaikaTrabant+1","animator:AcuraShin+1"],"picked":"animator:Rimuru","floor":16.0},{"not_picked":["animator:Benimaru+1","animator:PandorasActor"],"picked":"animator:Mitsuba+1","floor":18.0},{"not_picked":["animator:HiiragiShinya","animator:CrowleyEusford+1"],"picked":"animator:Yuuichirou+1","floor":19.0},{"not_picked":["animator:Laby+1","animator:Bozes+1"],"picked":"animator:DolaSchwi+1","floor":23.0},{"not_picked":["animator:RoyMustang+1","animator:Elsword+1"],"picked":"animator:KyokoSakura+1","floor":25.0},{"not_picked":["animator:UneriGinkaku+1","animator:Eve"],"picked":"animator:Lancer+1","floor":31.0},{"not_picked":["animator:Albedo+1","animator:FeridBathory"],"picked":"animator:Eris","floor":33.0},{"not_picked":["animator:SilverFang","animator:Tatsumaki"],"picked":"animator:MumenRider+1","floor":35.0},{"not_picked":["animator:Ciel+1","animator:ElricAlphonse"],"picked":"animator:Cocytus+1","floor":36.0},{"not_picked":["animator:IrohaTamaki+1","animator:Cocytus+1"],"picked":"animator:Greed","floor":38.0},{"not_picked":["animator:SilverFang","animator:Guy"],"picked":"animator:Shalltear+1","floor":38.0},{"not_picked":["animator:Scar+1","animator:Caster"],"picked":"animator:Darkness+1","floor":44},{"not_picked":["animator:ZankiKiguchi+1","animator:DolaRiku"],"picked":"animator:Genos+1","floor":45},{"not_picked":["animator:Tatsumaki","animator:SilverFang"],"picked":"animator:MumenRider+1","floor":46},{"not_picked":["animator:Tyuule","animator:Shigure+1","animator:IrohaTamaki+1"],"picked":"SKIP","floor":48},{"not_picked":["animator:Albedo+1","animator:TsurugaMeisai+1"],"picked":"animator:Azekura+1","floor":54}],"player_experience":401821,"relics_obtained":[{"floor":9.0,"key":"Matryoshka"},{"floor":12.0,"key":"Regal Pillow"},{"floor":23.0,"key":"Centennial Puzzle"},{"floor":25.0,"key":"Happy Flower"},{"floor":26.0,"key":"MawBank"},{"floor":26.0,"key":"Lantern"},{"floor":31.0,"key":"Gambling Chip"},{"floor":38.0,"key":"PreservedInsect"},{"floor":38.0,"key":"infinitespire:Beetle Shell"},{"floor":39,"key":"ReplayTheSpireMod:Ring of Collecting"},{"floor":41,"key":"Pantograph"},{"floor":43,"key":"Ring of Misfortune"},{"floor":45,"key":"Ancient Tea Set"},{"floor":46,"key":"Eternal Feather"},{"floor":48,"key":"Akabeko"},{"floor":54,"key":"Replay:Rubber Ducky"}],"event_choices":[{"damage_healed":0.0,"max_hp_gain":0.0,"max_hp_loss":0.0,"gold_gain":75.0,"event_name":"World of Goop","player_choice":"Gather Gold","floor":2.0,"gold_loss":0.0,"damage_taken":11.0},{"cards_removed":["animator:Defend"],"damage_healed":0.0,"max_hp_gain":0.0,"max_hp_loss":0.0,"gold_gain":0.0,"event_name":"The Cleric","player_choice":"Card Removal","floor":3.0,"gold_loss":50.0,"damage_taken":0.0},{"damage_healed":0.0,"max_hp_gain":0.0,"max_hp_loss":0.0,"gold_gain":0.0,"event_name":"Lab","player_choice":"Got Potions","floor":10.0,"gold_loss":0.0,"damage_taken":0.0},{"damage_healed":0.0,"max_hp_gain":0.0,"max_hp_loss":0.0,"gold_gain":0.0,"event_name":"Back to Basics","player_choice":"Simplicity","floor":20.0,"gold_loss":0.0,"damage_taken":0.0,"cards_upgraded":["animator:Strike_OnePunchMan","animator:Defend_OnePunchMan","animator:Strike","animator:Strike","animator:Strike","animator:Defend","animator:Defend"]},{"damage_healed":0.0,"max_hp_gain":0.0,"max_hp_loss":0.0,"gold_gain":0.0,"event_name":"Vampires","player_choice":"Ignored","floor":21.0,"gold_loss":0.0,"damage_taken":0.0},{"cards_removed":["animator:Strike"],"damage_healed":0.0,"max_hp_gain":0.0,"max_hp_loss":0.0,"gold_gain":0.0,"event_name":"Wheel of Change","player_choice":"Card Removal","floor":27.0,"gold_loss":0.0,"damage_taken":0.0},{"damage_healed":0.0,"max_hp_gain":0.0,"max_hp_loss":0.0,"gold_gain":0.0,"event_name":"The Library","player_choice":"Read","floor":29.0,"gold_loss":0.0,"damage_taken":0.0,"cards_obtained":["animator:MetalKnight"]},{"damage_healed":0,"gold_gain":0,"player_choice":"Relic","damage_taken":0,"max_hp_gain":0,"max_hp_loss":0,"event_name":"Wheel of Change","floor":41,"gold_loss":0}],"is_beta":false,"boss_relics":[{"not_picked":["SacredBark","Cursed Key"],"picked":"animator:CursedBlade"},{"not_picked":["Astrolabe","SlaversCollar"],"picked":"animator:HolyGrailRelic"}],"items_purged_floors":[],"is_endless":false,"potions_floor_spawned":[1,7,16,31,33,35,48,54],"killed_by":"The Heart","ascension_level":3}}