{"host":"c64dsqyrqv0ei9yn","time":1614000352,"event":{"mods":["Act Like it!","Arknights","BaseMod","Bestiary","CapriCore","Chen","Colored Map","Colored Powertips","Curses Come First","Hermit","Koishi","LagranYue(ùfäiòNÅEåé)","MarisaÅiñ∂âJÅ@ñÇóùçπÅj","Minty Spire (QoL Compilation)","Prisma Mod","Random Character Button","ReimuÅiîé??öÎÅj","RemiliaÅiÂQïƒ‰ª?Åj","StSLib","The Administrix","The Alterego","The Immortal","The Marked","The Saiyan","The Senshi","The Servant 0.9.4","The Wild Card","TheSwordswoman","Waifu the Spire","WarShipGirlsR/??è≠èóR mod","slay the spire mod where everything is the same but ironclad has a cowboy hat"],"gold_per_floor":[15,32,44,58,68,68,94,111,111,111,12,32,32,47,47,142,142,152,152,172,96,110,110,143,157,157,157,157,172,172,203,203,304,304,321,333,333,345,24,24,35,35,35,35,49,102,102,117,117,117,117],"floor_reached":50,"language":"ENG","playtime":3175,"items_purged":["theWildCard:Sakuya"],"score":543,"play_id":"f3a3a9e4-572a-480c-af81-a3817c25e46d","local_time":"20210222132552","is_ascension_mode":false,"campfire_choices":[{"data":"theWildCard:ArcaneArts","floor":6,"key":"SMITH"},{"floor":10,"key":"REST"},{"data":"theWildCard:PowerOfTheArcana","floor":13,"key":"SMITH"},{"data":"theWildCard:StingingStrike","floor":15,"key":"SMITH"},{"data":"theWildCard:ArchaicAssault","floor":23,"key":"SMITH"},{"data":"theWildCard:Safeguard","floor":27,"key":"SMITH"},{"floor":32,"key":"REST"},{"data":"theWildCard:TheUniverse","floor":40,"key":"SMITH"},{"floor":42,"key":"REST"},{"floor":44,"key":"REST"},{"floor":49,"key":"REST"}],"circlet_count":0,"master_deck":["theWildCard:BasicStrike","theWildCard:BasicStrike","theWildCard:BasicDefend","theWildCard:BasicDefend","theWildCard:BasicDefend","theWildCard:BasicDefend","theWildCard:CallToAdventure","theWildCard:Arsene","theWildCard:SeveringSlash","theWildCard:ArcaneArts+1","theWildCard:Michael","theWildCard:Polydeuces","theWildCard:ArcanaArtistry","theWildCard:Metatron","theWildCard:Unburden","theWildCard:PowerOfTheArcana+1","theWildCard:StalwartBlade","theWildCard:ArchaicAssault+1","theWildCard:StingingStrike+1","theWildCard:FinalHour","theWildCard:UnendingRitual","theWildCard:MagicalMight","theWildCard:Safeguard+1","theWildCard:TheUniverse+1","theWildCard:Safeguard+1","Panache"],"relics":["theWildCard:VelvetContract","Nunchaku","MealTicket","LagranYue:SoulBurningRelic","alterego_mod:SomeoneToFightFor","Pear","Calipers","Red Mask","Busted Crown","Question Card","Shuriken","CatCart"],"acts_visited":["Exordium","TheCity","TheBeyond"],"potions_floor_usage":[7,22,48,50],"damage_taken":[{"damage":7,"enemies":"Small Slimes","floor":1,"turns":5},{"damage":0,"enemies":"2 Louse","floor":2,"turns":4},{"damage":0,"enemies":"Jaw Worm","floor":3,"turns":3},{"damage":1,"enemies":"Exordium Wildlife","floor":4,"turns":2},{"damage":0,"enemies":"3 Louse","floor":5,"turns":1},{"damage":26,"enemies":"Gremlin Nob","floor":7,"turns":4},{"damage":3,"enemies":"2 Fungi Beasts","floor":8,"turns":3},{"damage":16,"enemies":"Gremlin Gang","floor":12,"turns":3},{"damage":2,"enemies":"Looter","floor":14,"turns":2},{"damage":0,"enemies":"Slime Boss","floor":16,"turns":6},{"damage":32,"enemies":"2 Thieves","floor":18,"turns":3},{"damage":0,"enemies":"Chosen","floor":20,"turns":3},{"damage":0,"enemies":"Snecko","floor":22,"turns":2},{"damage":27,"enemies":"Slavers","floor":24,"turns":2},{"damage":0,"enemies":"Chosen and Byrds","floor":25,"turns":4},{"damage":10,"enemies":"Snake Plant","floor":29,"turns":6},{"damage":16,"enemies":"Masked Bandits","floor":31,"turns":4},{"damage":43,"enemies":"Automaton","floor":33,"turns":6},{"damage":32,"enemies":"3 Darklings","floor":35,"turns":5},{"damage":31,"enemies":"3 Shapes","floor":36,"turns":3},{"damage":8,"enemies":"Jaw Worm Horde","floor":38,"turns":3},{"damage":48,"enemies":"Spire Growth","floor":41,"turns":4},{"damage":0,"enemies":"Writhing Mass","floor":45,"turns":6},{"damage":22,"enemies":"Orin","floor":46,"turns":7},{"damage":34,"enemies":"Transient","floor":48,"turns":5},{"damage":61,"enemies":"Awakened One","floor":50,"turns":3}],"seed_played":"1579653016081834006","potions_obtained":[{"floor":4,"key":"Dexterity Potion"},{"floor":5,"key":"Fire Potion"},{"floor":14,"key":"PowerPotion"},{"floor":16,"key":"Swift Potion"},{"floor":24,"key":"GrandPatriotsElixir:ReiMu"}],"is_trial":false,"path_per_floor":["M","M","M","M","M","R","E","M","T","R","$","M","R","M","R","B",null,"M","?","M","$","M","R","E","M","T","R","?","M","?","?","R","B",null,"M","M","?","M","$","R","M","R","T","R","M","?","?","M","R","B"],"character_chosen":"THE_WILD_CARD","items_purchased":["theWildCard:PowerOfTheArcana","theWildCard:StalwartBlade","theWildCard:MagicalMight","Question Card"],"campfire_rested":5,"item_purchase_floors":[11,11,21,39],"current_hp_per_floor":[65,65,65,64,64,64,38,35,35,56,71,55,55,53,53,53,72,40,40,46,60,66,66,66,66,66,66,66,56,56,40,63,38,82,68,37,37,47,61,61,13,36,36,59,65,43,43,9,32,0,0],"gold":117,"neow_bonus":"TWENTY_PERCENT_HP_BONUS","is_daily":false,"chose_seed":false,"campfire_upgraded":6,"win_rate":0.0,"timestamp":1614000352,"path_taken":["M","M","M","M","M","R","E","M","T","R","$","M","R","M","R","BOSS","M","?","M","$","M","R","E","M","T","R","?","M","?","?","R","BOSS","M","M","?","M","$","R","M","R","T","R","M","?","?","M","R","BOSS"],"items_purchased_type":["Card","Card","Card","Relic"],"build_version":"2020-12-22","purchased_purges":1,"victory":false,"max_hp_per_floor":[72,72,72,72,72,72,72,72,72,72,72,72,72,72,72,72,72,72,72,72,72,72,72,82,82,82,82,82,82,82,82,82,82,82,82,82,82,82,82,82,82,82,82,82,82,82,82,82,82,82,82],"card_choices":[{"not_picked":["theWildCard:Proficiency","theWildCard:Providence"],"picked":"theWildCard:SeveringSlash","floor":1},{"not_picked":["theWildCard:Proficiency","theWildCard:BladeOfGenerations"],"picked":"theWildCard:ArcaneArts","floor":2},{"not_picked":["theWildCard:EnergizedStroke","theWildCard:Patience"],"picked":"theWildCard:Michael","floor":3},{"not_picked":["theWildCard:Lucifer","theWildCard:Patience"],"picked":"theWildCard:Polydeuces","floor":4},{"not_picked":["theWildCard:SeveringSlash","theWildCard:Sakuya"],"picked":"theWildCard:ArcanaArtistry","floor":5},{"not_picked":["theWildCard:Proficiency","theWildCard:Sakuya"],"picked":"theWildCard:Metatron","floor":7},{"not_picked":["theWildCard:Providence","theWildCard:TheGreatSeal"],"picked":"theWildCard:Unburden","floor":8},{"not_picked":["theWildCard:BladeOfGenerations","theWildCard:Providence"],"picked":"theWildCard:ArchaicAssault","floor":12},{"not_picked":["theWildCard:BladeOfGenerations","theWildCard:Michael"],"picked":"theWildCard:StingingStrike","floor":14},{"not_picked":["theWildCard:Deicide","theWildCard:Lucifer"],"picked":"theWildCard:FinalHour","floor":16},{"not_picked":["theWildCard:Proficiency","theWildCard:StalwartBlade"],"picked":"theWildCard:Sakuya","floor":18},{"not_picked":["theWildCard:MasterPlan","theWildCard:PowerOfTheArcana"],"picked":"theWildCard:UnendingRitual","floor":20},{"not_picked":["theWildCard:Patience","theWildCard:MasterPlan","theWildCard:EnergizedStroke+1"],"picked":"SKIP","floor":22},{"not_picked":["theWildCard:StalwartBlade","theWildCard:ShieldOfMany","theWildCard:SacrificialStroke"],"picked":"SKIP","floor":24},{"not_picked":["theWildCard:Unburden","theWildCard:ArcanaArtistry"],"picked":"theWildCard:Safeguard","floor":25},{"not_picked":["theWildCard:ArcaneArts","theWildCard:EnergizedStroke","theWildCard:Michael"],"picked":"SKIP","floor":29},{"not_picked":["theWildCard:Deicide","theWildCard:Desolation"],"picked":"theWildCard:TheUniverse","floor":33},{"not_picked":[],"picked":"theWildCard:Safeguard+1","floor":35},{"not_picked":["theWildCard:ArchaicAssault+1"],"picked":"SKIP","floor":36},{"not_picked":[],"picked":"Panache","floor":37},{"not_picked":["theWildCard:Sakuya"],"picked":"SKIP","floor":38},{"not_picked":["theWildCard:StingingStrike+1","theWildCard:SacrificialStroke+1"],"picked":"SKIP","floor":41},{"not_picked":["theWildCard:StingingStrike+1","theWildCard:Michael"],"picked":"SKIP","floor":45},{"not_picked":["theWildCard:EnergyTheft+1","theWildCard:PaleRider+1"],"picked":"SKIP","floor":48}],"player_experience":139510,"relics_obtained":[{"floor":7,"key":"Nunchaku"},{"floor":9,"key":"MealTicket"},{"floor":24,"key":"Pear"},{"floor":26,"key":"Calipers"},{"floor":31,"key":"Red Mask"},{"floor":43,"key":"Shuriken"},{"floor":46,"key":"CatCart"}],"event_choices":[{"damage_healed":0,"gold_gain":0,"player_choice":"Choice 2","damage_taken":0,"relics_obtained":["alterego_mod:SomeoneToFightFor"],"max_hp_gain":0,"max_hp_loss":0,"event_name":"Secret Garden","floor":19,"gold_loss":0},{"cards_removed":["theWildCard:BasicStrike"],"damage_healed":0,"gold_gain":0,"player_choice":"Elegance","damage_taken":0,"max_hp_gain":0,"max_hp_loss":0,"event_name":"Back to Basics","floor":28,"gold_loss":0},{"damage_healed":0,"gold_gain":0,"player_choice":"Ignored","damage_taken":0,"max_hp_gain":0,"max_hp_loss":0,"event_name":"The Mausoleum","floor":30,"gold_loss":0},{"damage_healed":0,"gold_gain":0,"player_choice":"Fought Bandits","damage_taken":0,"max_hp_gain":0,"max_hp_loss":0,"event_name":"Masked Bandits","floor":31,"gold_loss":0},{"damage_healed":0,"gold_gain":0,"player_choice":"Memory 1","damage_taken":0,"max_hp_gain":0,"max_hp_loss":0,"event_name":"SensoryStone","floor":37,"gold_loss":0},{"damage_healed":0,"gold_gain":0,"player_choice":"Fight","damage_taken":0,"max_hp_gain":0,"max_hp_loss":0,"event_name":"OrinTheCat","floor":46,"gold_loss":0},{"cards_removed":["theWildCard:BasicStrike"],"damage_healed":0,"gold_gain":0,"player_choice":"Removed Attack","damage_taken":0,"max_hp_gain":0,"max_hp_loss":0,"event_name":"Falling","floor":47,"gold_loss":0}],"is_beta":false,"boss_relics":[{"not_picked":["Sozu","Astrolabe"],"picked":"LagranYue:SoulBurningRelic"},{"not_picked":["Runic Dome","Empty Cage"],"picked":"Busted Crown"}],"items_purged_floors":[39],"is_endless":false,"potions_floor_spawned":[4,5,14,16,20,24,33,35,38,46],"killed_by":"Awakened One","ascension_level":0}}