{"host":"njb27ds59h4j3ikk","time":1614019036,"event":{"mods":["AchievementEnabler","BaseMod","Better Altar","Better Match","Better Note","Better Sensory Stone","Better Skull","Better Third Choice","BetterRewards","Downfall","Hermit","Hubris","Minty Spire (QoL Compilation)","Permanent Neow","Quarter Circle Forward PUNCH!","Quick Restart","Rare Cards Sparkle","Replay The Spire","Shop Mod","StSLib","Trackpad","Transform Curses"],"gold_per_floor":[112,37,312,323,133,167,185,199,199,127,127,157,169,169,169,267,267,279,279,294,43,57,57,92,109,109,109,136,153,180,59,59,158,158,175,175,192,210,255,282,282,308,335,335,370,370,370,387,387,387,387,387,0,35,35],"floor_reached":56,"language":"ENG","playtime":2838,"items_purged":[],"score":2348,"play_id":"93af0a80-5c04-4302-8a12-2474c915a6d1","local_time":"20210222133716","is_ascension_mode":true,"campfire_choices":[{"floor":11.0,"key":"REST"},{"data":"hermit:Determination","floor":15.0,"key":"SMITH"},{"data":"hermit:Dissolve","floor":23.0,"key":"SMITH"},{"floor":27.0,"key":"RECALL"},{"data":"hermit:Coalescence","floor":32.0,"key":"SMITH"},{"floor":41,"key":"REST"},{"floor":44,"key":"REST"},{"floor":47,"key":"REST"},{"floor":49,"key":"REST"},{"floor":52,"key":"REST"}],"circlet_count":0,"master_deck":["hermit:Strike_Hermit+1","hermit:Strike_Hermit","hermit:Strike_Hermit+1","hermit:Strike_Hermit","hermit:Defend_Hermit+1","hermit:Defend_Hermit","hermit:Defend_Hermit","hermit:Defend_Hermit","hermit:Snapshot","hermit:Covet+1","hermit:Misfire+1","hermit:Desperado+1","Panacea+1","hermit:RoundhouseKick+1","hermit:Desperado","Regret","hermit:Deadeye+1","hermit:Gestalt","hermit:Headshot","hermit:SprayPray","hermit:Determination+1","hermit:HoleUp","hermit:FlashPowder+1","Parasite","hermit:Dissolve+1","hermit:PistolWhip","hermit:WideOpen+1","hermit:Misfire","hermit:Ricochet","hermit:Grudge+1","hermit:Dive+1","hermit:DeadOrAlive","hermit:Enervate+1","hermit:Midnight+1","hermit:Brawl+1","hermit:BigShot+1","hermit:Quickdraw+1","hubris:DuctTapeCard","hermit:Manifest+1","hermit:Virtue+1","hermit:Determination","hermit:NoHoldsBarred","hermit:BodyArmor+1"],"relics":["hermit:Momento","hubris:PeanutButter","champ:Barbells","Durian","Darkstone Periapt","Kunai","hubris:GlazedTorus","hermit:CharredGlove","hubris:Backtick","The Courier","ReplayTheSpireMod:Ninjato","Strawberry","Replay:Bottled Flurry","Happy Flower","Bag of Preparation","Lee\u0027s Waffle","Fusion Hammer","Lizard Tail","Replay:Towering Pillar of Hats","qcfpunch:Black_Training_Shirt","hubris:DuctTape","trackpad:IceCube","Bronze Scales"],"acts_visited":["Exordium","TheCity","TheBeyond","TheEnding"],"potions_floor_usage":[40,40,40,42,55,55,55],"damage_taken":[{"damage":0.0,"enemies":"Cultist","floor":1.0,"turns":3.0},{"damage":0.0,"enemies":"Jaw Worm","floor":4.0,"turns":3.0},{"damage":42.0,"enemies":"Gremlin Nob","floor":6.0,"turns":5.0},{"damage":0.0,"enemies":"2 Louse","floor":7.0,"turns":1.0},{"damage":4.0,"enemies":"Red Slaver","floor":8.0,"turns":3.0},{"damage":3.0,"enemies":"Replay:BlueRogue","floor":12.0,"turns":4.0},{"damage":1.0,"enemies":"Blue Slaver","floor":13.0,"turns":3.0},{"damage":28.0,"enemies":"Hexaghost","floor":16.0,"turns":7.0},{"damage":10.0,"enemies":"3 Byrds","floor":18.0,"turns":3.0},{"damage":6.0,"enemies":"Chosen","floor":20.0,"turns":5.0},{"damage":10.0,"enemies":"Centurion and Healer","floor":22.0,"turns":6.0},{"damage":2.0,"enemies":"Replay:Snechameleon","floor":24.0,"turns":4.0},{"damage":0.0,"enemies":"Snake Plant","floor":25.0,"turns":3.0},{"damage":0.0,"enemies":"Gremlin Leader","floor":28.0,"turns":4.0},{"damage":2.0,"enemies":"Shelled Parasite and Fungi","floor":29.0,"turns":4.0},{"damage":0.0,"enemies":"Replay:Snechameleon","floor":30.0,"turns":4.0},{"damage":1.0,"enemies":"Pondfish","floor":33.0,"turns":7.0},{"damage":12.0,"enemies":"3 Shapes","floor":35.0,"turns":2.0},{"damage":1.0,"enemies":"3 Darklings","floor":37.0,"turns":3.0},{"damage":2.0,"enemies":"Transient","floor":38.0,"turns":5.0},{"damage":1.0,"enemies":"2 Orb Walkers","floor":39.0,"turns":4.0},{"damage":66,"enemies":"Nemesis","floor":40,"turns":5},{"damage":36,"enemies":"Reptomancer","floor":42,"turns":4},{"damage":21,"enemies":"Giant Head","floor":45,"turns":6},{"damage":0,"enemies":"Maw","floor":48,"turns":6},{"damage":14,"enemies":"hubris:GrandSnecko","floor":50,"turns":15},{"damage":47,"enemies":"Shield and Spear","floor":54,"turns":5},{"damage":102,"enemies":"The Heart","floor":55,"turns":8}],"seed_played":"7024081500756268111","potions_obtained":[{"floor":1.0,"key":"Toxic Potion"},{"floor":7.0,"key":"SneckoOil"},{"floor":12.0,"key":"FearPotion"},{"floor":16.0,"key":"hermit:BlackBile"},{"floor":22.0,"key":"hermit:Tonic"},{"floor":24.0,"key":"SteroidPotion"},{"floor":30.0,"key":"Adrenaline Potion"},{"floor":33.0,"key":"LifebloodPotion"},{"floor":36.0,"key":"EntropicBrew"},{"floor":39.0,"key":"DuplicationPotion"},{"floor":40,"key":"hermit:BlackBile"}],"is_trial":false,"path_per_floor":["M","?","?","M","$","E","M","M","T","$","R","E","M","?","R","B",null,"M","?","M","$","M","R","E","M","T","R","E","M","E","$","R","B",null,"M","?","M","M","?","E","R","E","T","R","E","?","R","M","R","B",null,"R","$","E","B",null],"character_chosen":"HERMIT","items_purchased":["hubris:PeanutButter","champ:Barbells","hermit:Misfire","Darkstone Periapt","ReplayTheSpireMod:Necrogeddon","hermit:Determination","ReplayTheSpireMod:Ninjato","hermit:Misfire","Lee\u0027s Waffle","trackpad:IceCube","hermit:Determination","hermit:NoHoldsBarred","Guardian:BlockOnCardUsePotion","SkillPotion","BlessingOfTheForge"],"campfire_rested":6,"item_purchase_floors":[0,0,0,0,5,10,21,21,31,53,53,53,53,53,53],"current_hp_per_floor":[80,80,86,86,86,44,44,40,40,40,65,62,61,88,88,60,84,74,102,96,96,86,86,91,91,91,91,91,89,89,116,116,115,116,104,104,103,101,100,34,68,32,32,66,45,45,79,79,113,99,112,116,116,69,25],"gold":35,"neow_bonus":"","is_daily":false,"chose_seed":false,"campfire_upgraded":3,"win_rate":0.0,"timestamp":1614019036,"path_taken":["M","?","?","?","?","E","M","?","T","$","R","E","M","?","R","BOSS","M","?","M","$","M","R","E","M","T","R","E","M","E","$","R","BOSS","M","?","?","M","?","E","R","E","T","R","E","?","R","M","R","BOSS","R","$","E","BOSS"],"items_purchased_type":["Relic","Relic","Card","Relic","Card","Card","Relic","Card","Relic","Relic","Card","Card","Potion","Potion","Potion"],"build_version":"2020-12-22","purchased_purges":0,"victory":true,"max_hp_per_floor":[80,80,86,86,86,86,86,86,86,86,86,86,86,92,92,92,92,92,102,102,102,102,102,109,109,109,109,109,109,109,116,116,116,116,116,116,116,116,116,116,116,116,116,116,116,116,116,116,116,116,116,116,116,116,116],"card_choices":[{"not_picked":["hermit:Ricochet","hermit:CalledShot"],"picked":"hermit:Desperado","floor":1.0},{"not_picked":["Jack Of All Trades","Deep Breath"],"picked":"Panacea","floor":2.0},{"not_picked":["hermit:Roughhouse","hermit:FatalDesire"],"picked":"hermit:RoundhouseKick","floor":2.0},{"not_picked":["hermit:BodyArmor","hermit:CalledShot"],"picked":"hermit:Desperado","floor":2.0},{"not_picked":["hermit:LowProfile","hermit:WideOpen"],"picked":"hermit:Deadeye","floor":4.0},{"not_picked":["hermit:Glare","hermit:FatalDesire"],"picked":"hermit:Gestalt","floor":6.0},{"not_picked":["hermit:Vantage","hermit:Misfire"],"picked":"hermit:Headshot","floor":7.0},{"not_picked":["hermit:HoleUp","hermit:Dive"],"picked":"hermit:SprayPray","floor":8.0},{"not_picked":["hermit:DeadMansHand","hermit:Deadeye"],"picked":"hermit:HoleUp","floor":12.0},{"not_picked":["hermit:ItchyTrigger","hermit:SprayPray"],"picked":"hermit:FlashPowder","floor":13.0},{"not_picked":["hermit:HeroicBravado","hermit:OverwhelmingPower"],"picked":"hermit:Dissolve","floor":16.0},{"not_picked":["hermit:SprayPray","hermit:Vantage+1"],"picked":"hermit:PistolWhip","floor":18.0},{"not_picked":["hermit:DeadMansHand","hermit:Enervate"],"picked":"hermit:WideOpen+1","floor":20.0},{"not_picked":["hermit:Vantage","hermit:CursedWeapon","hermit:Showdown"],"picked":"SKIP","floor":22.0},{"not_picked":["hermit:Headshot","hermit:Showdown"],"picked":"hermit:Ricochet","floor":24.0},{"not_picked":["hermit:Brawl+1","hermit:CursedWeapon"],"picked":"hermit:Grudge+1","floor":25.0},{"not_picked":["hermit:Magnum","hermit:TrackingShot+1"],"picked":"hermit:Dive+1","floor":28.0},{"not_picked":["hermit:Misfire","hermit:Quickdraw","hermit:HoleUp"],"picked":"SKIP","floor":29.0},{"not_picked":["hermit:Manifest","hermit:Combo"],"picked":"hermit:Coalescence","floor":30.0},{"not_picked":["hermit:Purgatory","hermit:FatalDesire"],"picked":"hermit:DeadOrAlive","floor":33.0},{"not_picked":["hermit:Feint","hermit:Dive"],"picked":"hermit:Enervate+1","floor":35.0},{"not_picked":["hermit:Deadeye","hermit:Shortfuse+1"],"picked":"hermit:Midnight+1","floor":37.0},{"not_picked":["hermit:Cheat+1","hermit:Ricochet"],"picked":"hermit:Manifest+1","floor":38.0},{"not_picked":["hermit:Quickdraw","hermit:FullyLoaded"],"picked":"hermit:Brawl+1","floor":39.0},{"not_picked":["hermit:Dive","hermit:HoleUp"],"picked":"hermit:BigShot+1","floor":40},{"not_picked":["hermit:Dive","hermit:Midnight+1"],"picked":"hermit:Quickdraw+1","floor":42},{"not_picked":["hermit:DeadOrAlive","hermit:BodyArmor"],"picked":"hermit:Manifest+1","floor":45},{"not_picked":["hermit:GoldenBullet","hermit:BodyArmor"],"picked":"hermit:Virtue+1","floor":48},{"not_picked":["hermit:Grudge+1","hermit:Glare"],"picked":"hermit:BodyArmor+1","floor":54}],"player_experience":1392687,"relics_obtained":[{"floor":6.0,"key":"Kunai"},{"floor":9.0,"key":"hubris:GlazedTorus"},{"floor":12.0,"key":"hermit:CharredGlove"},{"floor":24.0,"key":"Strawberry"},{"floor":26.0,"key":"Replay:Bottled Flurry"},{"floor":28.0,"key":"Happy Flower"},{"floor":30.0,"key":"Bag of Preparation"},{"floor":39.0,"key":"Lizard Tail"},{"floor":40,"key":"Replay:Towering Pillar of Hats"},{"floor":42,"key":"qcfpunch:Black_Training_Shirt"},{"floor":45,"key":"hubris:DuctTape"},{"floor":54,"key":"Bronze Scales"}],"event_choices":[{"damage_healed":0.0,"max_hp_gain":0.0,"max_hp_loss":0.0,"gold_gain":0.0,"event_name":"betterMatch:BetterMatch","player_choice":"1","floor":2.0,"gold_loss":0.0,"damage_taken":0.0,"cards_obtained":["betterMatch:ColorlessUncommonCard","betterMatch:RareCard","betterMatch:CommonCard"]},{"damage_healed":0.0,"max_hp_gain":0.0,"max_hp_loss":0.0,"gold_gain":275.0,"event_name":"Golden Shrine","player_choice":"Desecrate","floor":3.0,"gold_loss":0.0,"damage_taken":0.0,"cards_obtained":["Regret"]},{"damage_healed":21.0,"max_hp_gain":0.0,"max_hp_loss":0.0,"gold_gain":0.0,"event_name":"Mushrooms","player_choice":"Healed and dodged fight","floor":14.0,"gold_loss":0.0,"damage_taken":0.0,"cards_obtained":["Parasite"]},{"cards_removed":["ReplayTheSpireMod:Necrogeddon"],"damage_healed":18.0,"max_hp_gain":10.0,"max_hp_loss":0.0,"gold_gain":0.0,"event_name":"Bonfire Elementals","player_choice":"Offered Rare","floor":19.0,"gold_loss":0.0,"damage_taken":0.0},{"damage_healed":0.0,"max_hp_gain":0.0,"max_hp_loss":0.0,"gold_gain":0.0,"event_name":"Lab","player_choice":"Got Potions","floor":36.0,"gold_loss":0.0,"damage_taken":0.0},{"damage_healed":0.0,"max_hp_gain":0.0,"max_hp_loss":0.0,"gold_gain":0.0,"event_name":"Mysterious Sphere","player_choice":"Fight","floor":39.0,"gold_loss":0.0,"damage_taken":0.0},{"damage_healed":0,"gold_gain":0,"player_choice":"Ignored","damage_taken":0,"max_hp_gain":0,"max_hp_loss":0,"event_name":"Fountain of Cleansing","floor":46,"gold_loss":0}],"is_beta":false,"boss_relics":[{"not_picked":["Velvet Choker","Philosopher\u0027s Stone"],"picked":"hubris:Backtick"},{"not_picked":["SacredBark","hermit:ClaspedLocket"],"picked":"Fusion Hammer"}],"items_purged_floors":[],"is_endless":false,"potions_floor_spawned":[1,7,12,16,22,24,30,33,39,40],"ascension_level":5}}