{"host":"snampf0t8p8psf53","time":1614029229,"event":{"mods":["AchievementEnabler","BaseMod","Bestiary","Curses Come First","DeckTracker","Downfall","Marisa????????","Minty Spire (QoL Compilation)","Permanent Neow","Replay The Spire","StSLib","SuperFastMode","The Servant 0.9.4"],"gold_per_floor":[197,207,207,222,240,78,78,89,108,93,112,131,142,155,171,273,273,173,188,206,206,191,191,191,208,208,254,271,271,271,271],"floor_reached":29,"language":"ENG","playtime":1546,"items_purged":[],"score":248,"play_id":"99e9e8d3-435d-4311-9023-be27c66a1354","local_time":"20210222132709","is_ascension_mode":false,"campfire_choices":[{"floor":18,"key":"RECALL"}],"circlet_count":0,"master_deck":["Slimebound:Strike_Slimebound","Slimebound:Strike_Slimebound","Slimebound:Strike_Slimebound","Slimebound:Tackle","Slimebound:Defend_Slimebound","Slimebound:Defend_Slimebound","Slimebound:Defend_Slimebound","Slimebound:Defend_Slimebound","Slimebound:Split","Slimebound:CorrosiveSpit","Slimebound:RejuvenatingLick","Slimebound:RejuvenatingLick","Slimebound:LivingWall","Slimebound:RainOfGoop","Slimebound:Schlurp","Slimebound:TongueLash","Slimebound:Dissolve","Slimebound:ItLooksTasty","Slimebound:RejuvenatingLick","Slimebound:Schlurp","Slimebound:SamplingLick","Slimebound:MegaLick","Slimebound:ItLooksTasty","Slimebound:Schlurp","Slimebound:Schlurp+1","Normality"],"relics":["Slimebound:AbsorbEndCombat","Bag of Marbles","Slimebound:TarBlob","downfall:HeartBlessingBlue","MutagenicStrength","Thread and Needle","Ring of Searing","Ring of Fangs","ReplayTheSpireMod:TigerMarble"],"acts_visited":["Exordium","TheCity"],"potions_floor_usage":[22],"damage_taken":[{"damage":7,"enemies":"2 Louse","floor":2,"turns":4},{"damage":1,"enemies":"Cultist","floor":4,"turns":3},{"damage":1,"enemies":"Jaw Worm","floor":5,"turns":3},{"damage":13,"enemies":"downfall:FleeingMerchant","floor":6,"turns":4},{"damage":0,"enemies":"downfall:LooterAlt","floor":8,"turns":3},{"damage":9,"enemies":"Exordium Thugs","floor":9,"turns":3},{"damage":10,"enemies":"downfall:FleeingMerchant","floor":10,"turns":4},{"damage":4,"enemies":"Exordium Wildlife","floor":11,"turns":2},{"damage":2,"enemies":"3 Louse","floor":12,"turns":3},{"damage":2,"enemies":"Blue Slaver","floor":13,"turns":2},{"damage":0,"enemies":"2 Fungi Beasts","floor":14,"turns":3},{"damage":10,"enemies":"downfall:LooterAlt","floor":15,"turns":2},{"damage":30,"enemies":"IC_STATUS_ARCHETYPE","floor":16,"turns":8},{"damage":2,"enemies":"Spheric Guardian","floor":19,"turns":3},{"damage":3,"enemies":"Chosen","floor":20,"turns":3},{"damage":19,"enemies":"downfall:FleeingMerchant","floor":22,"turns":4},{"damage":11,"enemies":"Snecko","floor":25,"turns":4},{"damage":19,"enemies":"Shelled Parasite and Fungi","floor":28,"turns":5},{"damage":55,"enemies":"Gremlin Leader","floor":29,"turns":3}],"seed_played":"-6836209557366919083","potions_obtained":[{"floor":4,"key":"sneckomod:MuddlingPotion"},{"floor":8,"key":"EssenceOfSteel"},{"floor":11,"key":"DistilledChaos"},{"floor":12,"key":"Slimebound:SlimyTonguePotion"},{"floor":28,"key":"Dexterity Potion"}],"is_trial":false,"path_per_floor":["R","M","?","M","M","$","T","M","M","$","M","M","M","M","M","B",null,"R","M","M","?","$","?","T","M","?","T","M","E"],"character_chosen":"SLIMEBOUND","items_purchased":["Slimebound:TongueLash","Slimebound:Dissolve"],"campfire_rested":0,"item_purchase_floors":[6,6],"current_hp_per_floor":[65,60,60,65,65,59,59,61,58,54,54,58,60,65,57,35,65,75,75,74,74,58,58,58,55,55,55,42,0,0,0],"gold":271,"neow_bonus":"RANDOM_COMMON_RELIC","is_daily":false,"chose_seed":false,"campfire_upgraded":0,"win_rate":0.0,"timestamp":1614029229,"path_taken":["R","M","?","M","M","$","T","M","M","$","M","?","M","?","M","BOSS","R","M","M","?","$","?","T","M","?","?","?","E"],"items_purchased_type":["Card","Card"],"build_version":"2020-12-22","purchased_purges":0,"victory":false,"max_hp_per_floor":[65,65,65,65,65,65,65,65,65,65,65,65,65,65,65,65,65,75,75,75,75,75,75,75,75,75,75,75,75,75,75],"card_choices":[{"not_picked":["Slimebound:PressTheAttack","Slimebound:SlimeSpikes"],"picked":"Slimebound:RejuvenatingLick","floor":2},{"not_picked":["Slimebound:SlimeSpikes","Slimebound:SamplingLick"],"picked":"Slimebound:LivingWall","floor":4},{"not_picked":["Slimebound:SlimeBrawl","Slimebound:ForwardTackle"],"picked":"Slimebound:RainOfGoop","floor":5},{"not_picked":["Slimebound:SlimeBrawl","Slimebound:GoopTackle"],"picked":"Slimebound:Schlurp","floor":6},{"not_picked":["Slimebound:BestDefense","Slimebound:Dissolve"],"picked":"Slimebound:ItLooksTasty","floor":8},{"not_picked":["Slimebound:FinishingTackle","Slimebound:GrowthPunch"],"picked":"Slimebound:RejuvenatingLick","floor":9},{"not_picked":["Slimebound:ForwardTackle","Slimebound:SplitAcid","Slimebound:MassRepurpose"],"picked":"SKIP","floor":10},{"not_picked":["Slimebound:FinishingTackle","Slimebound:PressTheAttack","Slimebound:BestDefense"],"picked":"SKIP","floor":11},{"not_picked":["Slimebound:FinishingTackle","Slimebound:Nibble"],"picked":"Slimebound:Schlurp","floor":12},{"not_picked":["Slimebound:FormOfPuddle","Slimebound:FlameTackle","Slimebound:SplitLeeching"],"picked":"SKIP","floor":13},{"not_picked":["Slimebound:LivingWall","Slimebound:SplitBruiser"],"picked":"Slimebound:SamplingLick","floor":14},{"not_picked":["Slimebound:LeechingTouch","Slimebound:BestDefense"],"picked":"Slimebound:MegaLick","floor":15},{"not_picked":["Slimebound:SlimeSpikes","Slimebound:LeechingTouch+1"],"picked":"Slimebound:ItLooksTasty","floor":19},{"not_picked":["Slimebound:RollThrough","Slimebound:LeechEnergy+1","Slimebound:SplitLeeching"],"picked":"SKIP","floor":20},{"not_picked":["Slimebound:Teamwork","Slimebound:SlimeTap"],"picked":"Slimebound:Schlurp","floor":22},{"not_picked":["Slimebound:SlimeBarrage","Slimebound:FlameTackle"],"picked":"Slimebound:Schlurp+1","floor":25},{"not_picked":["Slimebound:ForwardTackle","Slimebound:LeechingTouch","Slimebound:RollThrough"],"picked":"SKIP","floor":28}],"player_experience":173424,"relics_obtained":[{"floor":24,"key":"Thread and Needle"},{"floor":26,"key":"Ring of Searing"},{"floor":26,"key":"Ring of Fangs"},{"floor":27,"key":"ReplayTheSpireMod:TigerMarble"}],"event_choices":[{"damage_healed":0,"gold_gain":0,"player_choice":"Inject Mutagens","damage_taken":0,"relics_obtained":["MutagenicStrength"],"max_hp_gain":0,"max_hp_loss":0,"event_name":"Drug Dealer","floor":23,"gold_loss":0}],"is_beta":false,"boss_relics":[{"not_picked":["Replay:Wanted Poster","Calling Bell"],"picked":"Slimebound:TarBlob"}],"items_purged_floors":[],"is_endless":false,"potions_floor_spawned":[4,8,11,12,13,14,15,20,28],"killed_by":"Gremlin Leader","ascension_level":0}}