{"host":"5xkp6lbjk85sl3i7","time":1614036130,"event":{"mods":["BaseMod","Better Match","Better Note","Colored Powertips","Curses Come First","Hermit","Highlight Path","Minty Spire (QoL Compilation)","Quick Restart","Replay The Spire","StSLib","The Cursed"],"gold_per_floor":[114,2,2,81,81,81,109,109,109,121,165,197,223,263,275,287,287],"floor_reached":16,"language":"ENG","playtime":854,"items_purged":["Delirium"],"score":133,"play_id":"0f23fb19-78f1-49f7-91fa-183d1cd5b01d","local_time":"20210222182210","is_ascension_mode":true,"campfire_choices":[{"data":"hermit:Snapshot","floor":6.0,"key":"SMITH"},{"data":"hermit:Shortfuse","floor":8.0,"key":"SMITH"},{"floor":15.0,"key":"DIG"}],"circlet_count":0,"master_deck":["hermit:Strike_Hermit","hermit:Strike_Hermit+1","hermit:Strike_Hermit+1","hermit:Strike_Hermit","hermit:Defend_Hermit","hermit:Defend_Hermit","hermit:Defend_Hermit","hermit:Defend_Hermit","hermit:Snapshot+1","hermit:Covet","hermit:Quickdraw","hermit:Headshot+1","hermit:Shortfuse+1","hermit:Headshot","hermit:Ricochet","hermit:Glare","hermit:Roulette"],"relics":["hermit:Momento","Pocketwatch","Akabeko","MawBank","Matryoshka","Centennial Puzzle","Tiny Chest"],"acts_visited":["Exordium"],"potions_floor_usage":[],"damage_taken":[{"damage":0.0,"enemies":"Small Slimes","floor":1.0,"turns":3.0},{"damage":20.0,"enemies":"3 Sentries","floor":7.0,"turns":6.0},{"damage":8.0,"enemies":"Gremlin Nob","floor":11.0,"turns":3.0},{"damage":0.0,"enemies":"2 Louse","floor":12.0,"turns":1.0},{"damage":0.0,"enemies":"Jaw Worm","floor":13.0,"turns":1.0},{"damage":15.0,"enemies":"Lagavulin","floor":14.0,"turns":3.0},{"damage":54,"enemies":"Fading Forest","floor":16,"turns":10}],"seed_played":"7298059917023124245","potions_obtained":[{"floor":7.0,"key":"SpeedPotion"},{"floor":11.0,"key":"SkillPotion"},{"floor":12.0,"key":"FearPotion"}],"is_trial":false,"path_per_floor":["M","$","?","?","?","R","E","R","T","$","E","M","M","E","R","B"],"character_chosen":"HERMIT","items_purchased":["hermit:Headshot+1"],"campfire_rested":0,"item_purchase_floors":[2],"current_hp_per_floor":[75,75,75,75,60,60,40,40,40,40,32,32,32,17,17,0,0],"gold":287,"neow_bonus":"ONE_RARE_RELIC","is_daily":false,"chose_seed":false,"campfire_upgraded":2,"win_rate":0.0,"timestamp":1614036130,"path_taken":["M","$","?","?","?","R","E","R","T","$","E","M","M","E","R","BOSS"],"items_purchased_type":["Card"],"build_version":"2020-12-22","purchased_purges":1,"victory":false,"max_hp_per_floor":[75,75,75,75,75,75,75,75,75,75,75,75,75,75,75,75,75],"card_choices":[{"not_picked":["hermit:GhostlyPresence","hermit:CalledShot"],"picked":"hermit:Quickdraw","floor":1.0},{"not_picked":["hermit:LowProfile","hermit:PistolWhip"],"picked":"hermit:Shortfuse","floor":7.0},{"not_picked":["hermit:Snipe","hermit:WideOpen"],"picked":"hermit:Headshot","floor":11.0},{"not_picked":["hermit:CalledShot","hermit:HoleUp"],"picked":"hermit:Ricochet","floor":12.0},{"not_picked":["hermit:Desperado","hermit:Malice"],"picked":"hermit:Glare","floor":13.0},{"not_picked":["hermit:Adapt","hermit:HoleUp"],"picked":"hermit:Roulette","floor":14.0}],"player_experience":759222,"relics_obtained":[{"floor":7.0,"key":"Akabeko"},{"floor":9.0,"key":"MawBank"},{"floor":11.0,"key":"Matryoshka"},{"floor":14.0,"key":"Centennial Puzzle"},{"floor":15.0,"key":"Tiny Chest"}],"event_choices":[{"damage_healed":0.0,"max_hp_gain":0.0,"max_hp_loss":0.0,"gold_gain":79.0,"event_name":"Golden Wing","player_choice":"Gained Gold","floor":4.0,"gold_loss":0.0,"damage_taken":0.0},{"damage_healed":0.0,"max_hp_gain":0.0,"max_hp_loss":0.0,"gold_gain":0.0,"event_name":"Shining Light","player_choice":"Entered Light","floor":5.0,"gold_loss":0.0,"damage_taken":15.0,"cards_upgraded":["hermit:Strike_Hermit","hermit:Strike_Hermit"]}],"is_beta":false,"boss_relics":[],"items_purged_floors":[2],"is_endless":false,"potions_floor_spawned":[7,11,12],"killed_by":"Fading Forest","ascension_level":3}}