{"host":"Tylorde","time":1614037057,"event":{"mods":["BaseMod","Minty Spire (QoL Compilation)","Weighted Paths"],"gold_per_floor":[116,116,76,90,100,100,127,127,209,227,240,274,50,77,77,77,77],"floor_reached":16,"language":"ENG","playtime":816,"items_purged":[],"score":186,"play_id":"2597e71b-9bd2-4152-af47-e44a846fd596","local_time":"20210222153737","is_ascension_mode":true,"campfire_choices":[{"data":"Consecrate","floor":6,"key":"SMITH"},{"data":"Blasphemy","floor":8,"key":"SMITH"},{"floor":15,"key":"REST"}],"circlet_count":0,"master_deck":["AscendersBane","Strike_P","Strike_P","Strike_P","Strike_P","Defend_P","Defend_P","Defend_P","Defend_P","Eruption","Vigilance","Consecrate+1","FearNoEvil","BattleHymn","Blasphemy+1","FlurryOfBlows","Tantrum","EmptyBody","InnerPeace"],"relics":["PureWater","Smiling Mask","Bird Faced Urn","Blue Candle","Matryoshka","ClockworkSouvenir","Regal Pillow"],"acts_visited":["Exordium"],"potions_floor_usage":[7,11,12,14],"damage_taken":[{"damage":14,"enemies":"2 Louse","floor":1,"turns":2},{"damage":11,"enemies":"Small Slimes","floor":4,"turns":2},{"damage":0,"enemies":"Cultist","floor":5,"turns":4},{"damage":21,"enemies":"Gremlin Nob","floor":7,"turns":4},{"damage":5,"enemies":"Red Slaver","floor":10,"turns":4},{"damage":0,"enemies":"Exordium Wildlife","floor":11,"turns":3},{"damage":15,"enemies":"Lagavulin","floor":12,"turns":5},{"damage":5,"enemies":"3 Sentries","floor":14,"turns":4},{"damage":99999,"enemies":"The Guardian","floor":16,"turns":3}],"seed_played":"1847363495719746049","potions_obtained":[{"floor":3,"key":"LiquidMemories"},{"floor":3,"key":"Ambrosia"},{"floor":3,"key":"GamblersBrew"},{"floor":7,"key":"GamblersBrew"},{"floor":12,"key":"Block Potion"}],"is_trial":false,"path_per_floor":["M","?","?","M","M","R","E","R","T","M","M","E","$","E","R","B"],"character_chosen":"WATCHER","items_purchased":["ClockworkSouvenir","Regen Potion"],"campfire_rested":1,"item_purchase_floors":[13,13],"current_hp_per_floor":[58,51,51,40,40,40,19,19,19,16,18,5,5,14,52,0,0],"gold":77,"neow_bonus":"TEN_PERCENT_HP_BONUS","is_daily":false,"chose_seed":false,"campfire_upgraded":2,"win_rate":0.0,"timestamp":1614037057,"path_taken":["M","?","?","M","M","R","E","R","T","?","M","E","$","E","R","BOSS"],"items_purchased_type":["Relic","Potion"],"build_version":"2020-12-18","purchased_purges":0,"victory":false,"max_hp_per_floor":[79,79,79,79,79,79,79,79,79,79,79,79,79,79,79,79,79],"card_choices":[{"not_picked":["SashWhip","FlyingSleeves"],"picked":"Consecrate","floor":1},{"not_picked":["PathToVictory","ClearTheMind"],"picked":"FearNoEvil","floor":4},{"not_picked":["EmptyFist","PathToVictory"],"picked":"BattleHymn","floor":5},{"not_picked":["FollowUp","FlyingSleeves"],"picked":"Blasphemy","floor":7},{"not_picked":["Evaluate","FlyingSleeves"],"picked":"FlurryOfBlows","floor":10},{"not_picked":["DeceiveReality","ForeignInfluence"],"picked":"Tantrum","floor":11},{"not_picked":["EmptyMind","Vengeance"],"picked":"EmptyBody","floor":12},{"not_picked":["Evaluate","Perseverance"],"picked":"InnerPeace","floor":14}],"player_experience":900551,"relics_obtained":[{"floor":7,"key":"Bird Faced Urn"},{"floor":9,"key":"Blue Candle"},{"floor":12,"key":"Matryoshka"},{"floor":14,"key":"Regal Pillow"}],"event_choices":[{"damage_healed":0,"gold_gain":0,"player_choice":"Success","damage_taken":7,"relics_obtained":["Smiling Mask"],"max_hp_gain":0,"max_hp_loss":0,"event_name":"Scrap Ooze","floor":2,"gold_loss":0},{"damage_healed":0,"gold_gain":0,"player_choice":"Bought 3 Potions","damage_taken":0,"max_hp_gain":0,"max_hp_loss":0,"event_name":"The Woman in Blue","floor":3,"gold_loss":0}],"is_beta":true,"boss_relics":[],"items_purged_floors":[],"is_endless":false,"potions_floor_spawned":[5,7,12],"killed_by":"The Guardian","ascension_level":11}}