{"host":"o88u0awh8mkwl1l8","time":1614002467,"event":{"mods":["BaseMod","Colored Map","Highlight Path","Minty Spire (QoL Compilation)","Relic Sorter","Slay-I"],"gold_per_floor":[114,134,152,152,227,257,275,288,288,300,324,336,348,399,411,513,525,551,488,488,501,501],"floor_reached":21,"language":"JPN","playtime":1088,"items_purged":["Injury"],"score":386,"play_id":"b58c01f6-b5e7-4208-98d4-884f2ec9cc96","local_time":"20210222230107","is_ascension_mode":true,"campfire_choices":[{"floor":10.0,"key":"REST"},{"data":"Eruption","floor":13.0,"key":"SMITH"},{"data":"Blasphemy","floor":15.0,"key":"SMITH"}],"circlet_count":0,"master_deck":["AscendersBane","Strike_P","Strike_P","Strike_P","Strike_P","Defend_P","Defend_P","Defend_P","Defend_P","Eruption+1","Vigilance","Meditate","CrushJoints","Tantrum","SandsOfTime","EmptyMind","BowlingBash","Consecrate","Wireheading","Blasphemy+1","DeusExMachina","Halt"],"relics":["PureWater","Lantern","MawBank","Golden Idol","Damaru","VioletLotus"],"acts_visited":["Exordium","TheCity"],"potions_floor_usage":[],"damage_taken":[{"damage":7.0,"enemies":"Jaw Worm","floor":1.0,"turns":3.0},{"damage":3.0,"enemies":"Small Slimes","floor":2.0,"turns":5.0},{"damage":0.0,"enemies":"Cultist","floor":3.0,"turns":2.0},{"damage":11.0,"enemies":"3 Louse","floor":4.0,"turns":3.0},{"damage":5.0,"enemies":"3 Sentries","floor":6.0,"turns":5.0},{"damage":0.0,"enemies":"Large Slime","floor":7.0,"turns":3.0},{"damage":13.0,"enemies":"Exordium Thugs","floor":8.0,"turns":4.0},{"damage":0.0,"enemies":"Exordium Wildlife","floor":11.0,"turns":1.0},{"damage":4.0,"enemies":"Lagavulin","floor":14.0,"turns":4.0},{"damage":13.0,"enemies":"Hexaghost","floor":16.0,"turns":4.0},{"damage":25,"enemies":"Spheric Guardian","floor":18,"turns":4},{"damage":17,"enemies":"3 Byrds","floor":21,"turns":4}],"seed_played":"8722057887296897672","potions_obtained":[{"floor":2.0,"key":"BlessingOfTheForge"},{"floor":3.0,"key":"PowerPotion"},{"floor":8.0,"key":"PowerPotion"},{"floor":11.0,"key":"FearPotion"},{"floor":14.0,"key":"ColorlessPotion"}],"is_trial":false,"path_per_floor":["M","M","M","M","?","E","M","M","T","R","M","?","R","E","R","B",null,"M","$","?","M"],"character_chosen":"WATCHER","items_purchased":[],"campfire_rested":1,"item_purchase_floors":[],"current_hp_per_floor":[60,57,57,46,35,30,30,17,17,39,39,39,39,35,35,22,61,36,36,36,19,19],"gold":501,"neow_bonus":"TEN_PERCENT_HP_BONUS","is_daily":false,"chose_seed":false,"campfire_upgraded":2,"win_rate":0.0,"timestamp":1614002467,"path_taken":["M","M","M","M","?","E","M","M","T","R","M","?","R","E","R","BOSS","M","$","?","M"],"items_purchased_type":[],"build_version":"2020-12-22","purchased_purges":1,"victory":false,"max_hp_per_floor":[74,74,74,74,74,74,74,74,74,74,74,74,74,74,74,74,74,74,74,74,74,74],"card_choices":[{"not_picked":["FlurryOfBlows","Sanctity"],"picked":"Meditate","floor":1.0},{"not_picked":["Prostrate","Perseverance"],"picked":"CrushJoints","floor":2.0},{"not_picked":["Study","MentalFortress"],"picked":"Tantrum","floor":3.0},{"not_picked":["Nirvana","CutThroughFate"],"picked":"SandsOfTime","floor":4.0},{"not_picked":["PathToVictory","JustLucky"],"picked":"EmptyMind","floor":6.0},{"not_picked":["Wireheading","Evaluate"],"picked":"BowlingBash","floor":7.0},{"not_picked":["Vengeance","EmptyBody"],"picked":"Consecrate","floor":8.0},{"not_picked":["ForeignInfluence","WheelKick"],"picked":"Wireheading","floor":11.0},{"not_picked":["LikeWater","Crescendo"],"picked":"Blasphemy","floor":14.0},{"not_picked":["Alpha","Scrawl"],"picked":"DeusExMachina","floor":16.0},{"not_picked":["Adaptation","Weave","Consecrate"],"picked":"SKIP","floor":18}],"player_experience":1331311,"relics_obtained":[{"floor":6.0,"key":"Lantern"},{"floor":9.0,"key":"MawBank"},{"floor":14.0,"key":"Damaru"}],"event_choices":[{"damage_healed":0.0,"max_hp_gain":0.0,"max_hp_loss":0.0,"gold_gain":75.0,"event_name":"World of Goop","player_choice":"Gather Gold","floor":5.0,"gold_loss":0.0,"damage_taken":11.0},{"damage_healed":0.0,"max_hp_gain":0.0,"max_hp_loss":0.0,"gold_gain":0.0,"event_name":"Golden Idol","player_choice":"Take Wound","floor":12.0,"gold_loss":0.0,"damage_taken":0.0,"relics_obtained":["Golden Idol"],"cards_obtained":["Injury"]},{"damage_healed":0,"gold_gain":0,"player_choice":"1 cards matched","damage_taken":0,"max_hp_gain":0,"max_hp_loss":0,"event_name":"Match and Keep!","floor":20,"gold_loss":0,"cards_obtained":["Halt"]}],"is_beta":false,"boss_relics":[{"not_picked":["Tiny House","Busted Crown"],"picked":"VioletLotus"}],"items_purged_floors":[19],"is_endless":false,"potions_floor_spawned":[2,3,4,8,11,14],"killed_by":"3 Byrds","ascension_level":20}}