{"host":"zefmhu9ryehjj4p1","time":1614015275,"event":{"mods":["100% Spire Juice","2.2 Compatiblity","Act Like it!","Aspiration","BaseMod","Beaked The Cultist","Better Note","CapriCore","Colored Powertips","Conspire","DeckTracker","Downfall","Ekko","Elementarium","Friendly Minions","Gensokyo","Hallownest","Hermit","Highlight Path","Hubris","Infinite Spire","Koishi","Luminous","Marisa????????","Minty Spire (QoL Compilation)","Random Character Button","Reimu??????","Reliquary","Replay The Spire","Ruina","Shade Mod","Shapeshifter Mod","StSLib","The Administrix","The Blue Laboratory","The Bug Knight","The Construct","The Cursed","The Gatherer","The Hierophant","The Immortal","The Judge","The Jungle","The Marked","The Mystic","The Runesmith","The Senshi","The Servant 0.9.4","The Vixen","The Wild Card","TheBandit","TheVacant","Wandering Minibosses"],"gold_per_floor":[110,125,200,43,60,60,74,99,178,193,212,212,212,225,225,323,423,396,411,411,425,425,425,425],"floor_reached":22,"language":"ENG","playtime":1357,"items_purged":[],"score":190,"play_id":"8e55bb1d-ec2d-4549-930f-5102cd073875","local_time":"20210222183435","is_ascension_mode":false,"campfire_choices":[{"floor":12,"key":"REST"},{"floor":15,"key":"REST"}],"circlet_count":0,"master_deck":["MokouMod:Strike","MokouMod:Strike","MokouMod:Strike","MokouMod:Strike","MokouMod:Strike","MokouMod:Defend","MokouMod:Defend","MokouMod:Defend","MokouMod:Defend","MokouMod:HeatSpark","MokouMod:Wildfire","MokouMod:WarmUp","MokouMod:RisingSunBarrier","MokouMod:IgnitionBarrier","MokouMod:ScorchingColumn","MokouMod:IndiscriminateIgnition","MokouMod:Singe","MokouMod:WarmUp","MokouMod:Ember","MokouMod:PhoenixForm","MokouMod:CrimsonFlare","MokouMod:IcarusDive"],"relics":["MokouMod:PhoenixFeather","Replay:Wax Seal","Mummified Hand","Replay:Wanted Poster"],"acts_visited":["Exordium","TheCity"],"potions_floor_usage":[8],"damage_taken":[{"damage":2,"enemies":"2 Louse","floor":1,"turns":3},{"damage":8,"enemies":"Jaw Worm","floor":2,"turns":3},{"damage":5,"enemies":"Small Slimes","floor":5,"turns":5},{"damage":13,"enemies":"Red Slaver","floor":7,"turns":5},{"damage":42,"enemies":"Gremlin Nob","floor":8,"turns":5},{"damage":4,"enemies":"Lots of Slimes","floor":10,"turns":3},{"damage":5,"enemies":"Large Slime","floor":11,"turns":5},{"damage":1,"enemies":"3 Louse","floor":14,"turns":4},{"damage":81,"enemies":"The Guardian","floor":16,"turns":14},{"damage":25,"enemies":"2 Thieves","floor":18,"turns":5},{"damage":12,"enemies":"Chosen","floor":19,"turns":4},{"damage":35,"enemies":"Snecko","floor":21,"turns":7},{"damage":32,"enemies":"Centurion and Healer","floor":22,"turns":3}],"seed_played":"-700780932179478585","potions_obtained":[{"floor":1,"key":"blueLaboratory:PolymorphPotion"},{"floor":11,"key":"blueLaboratory:AbyssPotion"},{"floor":14,"key":"ColorlessPotion"}],"is_trial":false,"path_per_floor":["M","M","?","$","M","$","M","E","T","M","M","R","?","M","R","B",null,"M","M","?","M","M"],"character_chosen":"MKU","items_purchased":["MokouMod:RisingSunBarrier","MokouMod:IgnitionBarrier"],"campfire_rested":2,"item_purchase_floors":[4,4],"current_hp_per_floor":[80,72,61,61,56,56,43,1,1,20,15,39,39,38,62,3,82,57,45,45,10,0,0,0],"gold":425,"neow_bonus":"TEN_PERCENT_HP_BONUS","is_daily":false,"chose_seed":false,"campfire_upgraded":0,"win_rate":0.0,"timestamp":1614015275,"path_taken":["M","M","?","$","M","$","M","E","T","M","M","R","?","M","R","BOSS","M","M","?","?","M"],"items_purchased_type":["Card","Card"],"build_version":"2020-12-22","purchased_purges":0,"victory":false,"max_hp_per_floor":[82,82,82,82,82,82,82,82,82,82,82,82,82,82,82,82,82,82,82,82,82,82,82,82],"card_choices":[{"not_picked":["MokouMod:Singe","MokouMod:IcarusDive"],"picked":"MokouMod:Wildfire","floor":1},{"not_picked":["MokouMod:Combust","MokouMod:IcarusDive"],"picked":"MokouMod:WarmUp","floor":2},{"not_picked":["MokouMod:UncontrollableSolarReaction","MokouMod:SearingShot"],"picked":"MokouMod:ScorchingColumn","floor":5},{"not_picked":["MokouMod:UncontrollableSolarReaction","MokouMod:InfernalWave"],"picked":"MokouMod:IndiscriminateIgnition","floor":7},{"not_picked":["MokouMod:Burn","MokouMod:SubterraneanCore","MokouMod:EnchantingBambooForest"],"picked":"SKIP","floor":8},{"not_picked":["MokouMod:Wildfire","MokouMod:IgneousBlow"],"picked":"MokouMod:Singe","floor":10},{"not_picked":["MokouMod:FlareStarter","MokouMod:Scorch"],"picked":"MokouMod:WarmUp","floor":11},{"not_picked":["MokouMod:HeatCyclone","MokouMod:HeatTransfer"],"picked":"MokouMod:Ember","floor":14},{"not_picked":["MokouMod:ExplosiveFlame","MokouMod:SpontaneousHumanCombustion"],"picked":"MokouMod:PhoenixForm","floor":16},{"not_picked":["MokouMod:ShiftIgnition","MokouMod:Sear"],"picked":"MokouMod:CrimsonFlare","floor":18},{"not_picked":["MokouMod:HeatCyclone+1","MokouMod:IgnitionBarrier"],"picked":"MokouMod:IcarusDive","floor":19},{"not_picked":["MokouMod:ImperishableFlame","MokouMod:HeatTransfer+1","MokouMod:Ember"],"picked":"SKIP","floor":21}],"player_experience":196089,"relics_obtained":[{"floor":8,"key":"Replay:Wax Seal"},{"floor":9,"key":"Mummified Hand"}],"event_choices":[{"damage_healed":0,"gold_gain":75,"player_choice":"Gather Gold","damage_taken":11,"max_hp_gain":0,"max_hp_loss":0,"event_name":"World of Goop","floor":3,"gold_loss":0},{"damage_healed":0,"gold_gain":0,"player_choice":"Ignored","damage_taken":0,"max_hp_gain":0,"max_hp_loss":0,"event_name":"betterNote:BetterNote","floor":20,"gold_loss":0,"cards_obtained":["hexamod:BurningTouch"]}],"is_beta":false,"boss_relics":[{"not_picked":["reliquary:RedCape","Black Star"],"picked":"Replay:Wanted Poster"}],"items_purged_floors":[],"is_endless":false,"potions_floor_spawned":[1,5,8,11,14,16,19],"killed_by":"Centurion and Healer","ascension_level":0}}