{"host":"zomvc55eewbqxhwb","time":1614011552,"event":{"mods":["ATMod(阿瑾Mod)","Act Like it!","BaseMod","Conspire","Minty Spire (QoL Compilation)","MostiFishMod","Pale of the Ancients","Relic Stats","Replay The Spire","RumiaBox-露米娅的神秘盒子","Shop Mod","StSLib","TestMod","[IsaacMod]以撒尖塔","【功能Mod】混沌之环修复补丁","【遗物卡牌】REMEMod"],"gold_per_floor":[109,120,139,199,50,0,20,49,75,75,116,116,148,148,180,180,105,105,144,144,154,164,164,164,273,273,296,22,101,101,132,132,212,238,238,383,414,520,520,520,579,625,669,669,669,669,721,731,338,338,338,338,438,438,456,306,328,95,1094,1182,1216,1262,1065,1097,1129,1129,1182,1182,942,453,473,525,470,502,532,539,607,607,607,325,243,457,582,612,177,253,253,317,317,62,62,69],"floor_reached":93,"language":"ZHS","playtime":3838,"items_purged":["Defend_P","Defend_P","Strike_P","Strike_P","AT_WindFlip","BowlingBash","MasterReality+1","Establishment"],"score":3669,"play_id":"7a1105c4-1263-4312-8c25-12d57c47f8d8","local_time":"20210223003232","daily_mods":["Heirloom","Flight"],"is_ascension_mode":true,"campfire_choices":[{"data":"Eruption","floor":10.0,"key":"SMITH"},{"data":"AT_BreakingExtremeWeapon","floor":16.0,"key":"SMITH"},{"floor":18.0,"key":"DIG"},{"floor":23.0,"key":"DIG"},{"data":"AT_RealColorLess","floor":24.0,"key":"SMITH"},{"floor":35.0,"key":"DIG"},{"data":"MostiFishMod:Adaptation","floor":44.0,"key":"SMITH"},{"data":"MasterReality","floor":45.0,"key":"SMITH"},{"floor":46.0,"key":"DIG"},{"floor":51.0,"key":"RECALL"},{"data":"MostiFishMod:Disappear","floor":52.0,"key":"SMITH"},{"floor":79,"key":"DIG"},{"floor":87,"key":"DIG"},{"floor":89,"key":"DIG"}],"circlet_count":0,"master_deck":["AscendersBane","Eruption+1","Vigilance+1","MostiFishMod:EE1D+1","MostiFishMod:EE1D+1","MostiFishMod:EE1D+1","Tantrum+1","MostiFishMod:Disappear+1","WheelKick+1","conspire:SpireCoStock+1","FlurryOfBlows+1","TalkToTheHand+1","Adaptation+1","AT_RealColorLess+1","REME_CRH+1","MostiFishMod:PathToVictory+1","DeusExMachina+1","EmptyMind+1","TalkToTheHand+1","MostiFishMod:Adaptation+1","Ragnarok+1","Prostrate+1","FearNoEvil+1","Omniscience+1","Ragnarok+1","MostiFishMod:EE1D+1","Dark Embrace+1"],"relics":["PureWater","DaveBox","HushsDoor","Void","testmod-CardMagician","testmod-BouquetWithThorns","SecretRecord","SynthV:TestCard","Baka2","Shovel","GodSword3","SalivaCoin","Singing Bowl","MagicDraw4","AnarchistCookbook","testmod-Antiphasic","testmod-SaigiyounoYou","AT_SunfireAegis","Replay:Bottled Snecko","GodSword1","BookOfRevelations","conspire:TopHat","Gremlin Horn","ArrowTower","BrkXgEgg","Replay:Wax Seal","AT_SilvercatRing","testmod-TurbochargingSystem","Nunchaku","OriginationStaff","Happy Flower","AT_BladeRuinedKing","Medical Kit","Akabeko","AT_RedTearstoneRing","Gremlin Food","PrismaticShard","Bag of Preparation","paleoftheancients:Timepiece","paleoftheancients:KeyRelic","Anchor","Letter Opener","paleoftheancients:SoulOfTheBard","AT_GoldPhoenixTree","GodSword4","Habit","MagicDraw2","Bag of Marbles","LastBattle","SSSystem"],"acts_visited":["TheCity","TheBeyond","paleoftheancients:PaleOfTheAncients"],"potions_floor_usage":[92,92,92,92,92,92,92,92,92,92,92,92,92,92,92,92,92,92,92],"damage_taken":[{"damage":0.0,"enemies":"Cultist","floor":1.0,"turns":2.0},{"damage":0.0,"enemies":"Small Slimes","floor":2.0,"turns":1.0},{"damage":0.0,"enemies":"2 Louse","floor":3.0,"turns":2.0},{"damage":0.0,"enemies":"conspire:2 RoseBushes","floor":7.0,"turns":1.0},{"damage":0.0,"enemies":"3 Sentries","floor":8.0,"turns":1.0},{"damage":0.0,"enemies":"Replay:BlueRogue","floor":9.0,"turns":3.0},{"damage":0.0,"enemies":"Gremlin Nob","floor":11.0,"turns":2.0},{"damage":1.0,"enemies":"3 Sentries","floor":13.0,"turns":4.0},{"damage":0.0,"enemies":"Gremlin Nob","floor":15.0,"turns":1.0},{"damage":0.0,"enemies":"3 Sentries","floor":19.0,"turns":4.0},{"damage":0.0,"enemies":"Blue Slaver","floor":21.0,"turns":1.0},{"damage":0.0,"enemies":"2 Fungi Beasts","floor":22.0,"turns":1.0},{"damage":4.0,"enemies":"Fading Forest","floor":25.0,"turns":11.0},{"damage":0.0,"enemies":"Spheric Guardian","floor":27.0,"turns":2.0},{"damage":15.0,"enemies":"Chosen","floor":29.0,"turns":1.0},{"damage":21.0,"enemies":"Snake Plant","floor":31.0,"turns":2.0},{"damage":0.0,"enemies":"Snecko","floor":33.0,"turns":4.0},{"damage":0.0,"enemies":"conspire:Head Lice","floor":34.0,"turns":1.0},{"damage":21.0,"enemies":"Replay:Snechameleon","floor":36.0,"turns":2.0},{"damage":0.0,"enemies":"REME_1_Revenger","floor":37.0,"turns":2.0},{"damage":16.0,"enemies":"Replay:Snechameleon","floor":38.0,"turns":2.0},{"damage":8.0,"enemies":"Slavers","floor":41.0,"turns":1.0},{"damage":0.0,"enemies":"REME_1_Revenger","floor":42.0,"turns":1.0},{"damage":6.0,"enemies":"Gremlin Leader","floor":43.0,"turns":2.0},{"damage":0.0,"enemies":"Centurion and Healer","floor":48.0,"turns":1.0},{"damage":0.0,"enemies":"Collector","floor":53.0,"turns":2.0},{"damage":10.0,"enemies":"3 Darklings","floor":55.0,"turns":1.0},{"damage":0.0,"enemies":"Mind Bloom Boss Battle","floor":57.0,"turns":1.0},{"damage":0.0,"enemies":"Reptomancer","floor":61.0,"turns":3.0},{"damage":0.0,"enemies":"R_Hoarder","floor":62.0,"turns":2.0},{"damage":22,"enemies":"3 Shapes","floor":63,"turns":2},{"damage":0,"enemies":"Reptomancer","floor":64,"turns":1},{"damage":0,"enemies":"Nemesis","floor":65,"turns":1},{"damage":30,"enemies":"R_Hoarder","floor":70,"turns":7},{"damage":0,"enemies":"3 Darklings","floor":71,"turns":1},{"damage":0,"enemies":"Reptomancer","floor":72,"turns":3},{"damage":0,"enemies":"Spire Growth","floor":73,"turns":3},{"damage":0,"enemies":"Writhing Mass","floor":74,"turns":1},{"damage":0,"enemies":"Transient","floor":75,"turns":3},{"damage":35,"enemies":"4 Shapes","floor":77,"turns":1},{"damage":0,"enemies":"Replay:Hell Engine","floor":80,"turns":2},{"damage":0,"enemies":"Donu and Deca","floor":81,"turns":3},{"damage":31,"enemies":"Donu and Deca","floor":82,"turns":1},{"damage":9,"enemies":"Donu and Deca","floor":83,"turns":2},{"damage":0,"enemies":"conspire:MimicChest","floor":84,"turns":2},{"damage":0,"enemies":"conspire:MimicChest","floor":88,"turns":1},{"damage":0,"enemies":"Delirium","floor":92,"turns":3}],"seed_played":"-2924037851358435363","potions_obtained":[{"floor":1.0,"key":"Regen Potion"},{"floor":7.0,"key":"SkillPotion"},{"floor":19.0,"key":"Block Potion"},{"floor":21.0,"key":"Block Potion"},{"floor":25.0,"key":"testmod-SpacePotion"},{"floor":27.0,"key":"Strength Potion"},{"floor":29.0,"key":"Ancient Potion"},{"floor":55.0,"key":"Energy Potion"},{"floor":57.0,"key":"testmod-SpacePotion"},{"floor":63,"key":"Adrenaline Potion"},{"floor":72,"key":"SkillPotion"},{"floor":82,"key":"SteroidPotion"},{"floor":84,"key":"SpeedPotion"}],"is_trial":true,"path_per_floor":["M","M","M","?","$","?","M","E","E","R","E","T","E","T","E","R","?","R","E","?","M","M","R","R","B",null,"M","$","M","?","M","?","M","E","R","E","E","E","T","T","E","E","E","R","R","R","T","M","$","?","R","R","B",null,"M","$","?","$","?","?","E","E","M","E","E","T","T","?","$","E","M","E","M","M","M","$","M","R","R","B","B","M","M","?","$","T","R","M","R","$","?","B",null],"character_chosen":"WATCHER","items_purchased":["WheelKick","MasterReality","Gremlin Horn","Ragnarok","BrkXgEgg","Replay:Wax Seal","Medical Kit","Akabeko","AT_RedTearstoneRing","Omniscience+1","PrismaticShard","GodSword4","Habit","SSSystem","Milkshake"],"campfire_rested":0,"item_purchase_floors":[5,28,49,54,58,58,69,69,69,69,76,85,85,90,90],"current_hp_per_floor":[61,61,61,46,46,46,46,46,48,48,48,48,49,49,1,1,1,1,19,19,23,33,33,33,51,73,84,84,83,83,74,68,68,70,77,64,79,80,80,80,86,95,102,102,102,102,102,105,105,105,105,105,107,98,88,88,100,100,100,85,102,104,92,108,108,108,108,108,108,90,108,114,116,118,120,120,104,104,104,122,122,109,124,126,126,126,126,128,128,128,128,128],"gold":69,"neow_bonus":"","is_daily":false,"chose_seed":false,"campfire_upgraded":6,"win_rate":0.0,"timestamp":1614011552,"path_taken":["M","?","M","?","$","?","M","E","E","R","E","T","E","?","E","R","?","R","E","?","M","M","R","R","BOSS","M","$","M","?","?","?","?","E","R","E","E","E","T","T","E","E","E","R","R","R","?","M","$","?","R","R","BOSS","M","$","?","$","?","?","E","E","M","E","E","T","T","?","?","E","?","E","M","M","M","$","M","R","R","BOSS","BOSS","M","M","?","$","T","R","M","R","$","?","BOSS"],"items_purchased_type":["Card","Card","Relic","Card","Relic","Relic","Relic","Relic","Relic","Card","Relic","Relic","Relic","Relic","Potion"],"build_version":"2020-12-22","purchased_purges":8,"victory":true,"max_hp_per_floor":[68,68,68,68,68,68,68,68,68,68,68,68,70,70,70,70,70,70,72,72,74,80,80,80,80,80,86,86,88,88,90,68,68,70,77,79,81,93,93,93,95,95,103,103,103,103,103,105,105,105,105,105,107,98,98,98,100,100,100,100,102,104,106,108,108,108,108,108,108,110,112,114,116,118,120,120,122,122,122,122,122,124,124,126,126,126,126,128,128,128,128,128],"relic_stats":{"Nunchaku":[11],"Shovel":7,"Singing Bowl":68,"Gremlin Horn":[13,18],"Happy Flower":[11],"counters":[47,100],"Bag of Preparation":[10],"Letter Opener":[140],"Medical Kit":[4],"obtain_stats":[{"AT_ATBox":0,"Gremlin Horn":49,"SSSystem":90,"MagicDraw4":18,"MagicDraw2":86,"Blood Vial":41,"Baka2":2,"Strawberry":35,"Void":0,"Replay:Wax Seal":58,"KeepersGift":0,"AT_RedTearstoneRing":69,"paleoftheancients:KeyRelic":81,"testmod-TestBox":0,"Pear":38,"Happy Flower":65,"Oddly Smooth Stone":15,"BookOfRevelations":43,"AddBug":1,"Letter Opener":81,"AT_SilvercatRing":61,"War Paint":70,"testmod-SaigiyounoYou":26,"Akabeko":69,"paleoftheancients:Timepiece":81,"EE1DDrone":0,"OriginationStaff":64,"GodSword4":85,"HushsDoor":0,"GodSword3":9,"ArrowTower":57,"Meat on the Bone":37,"GodSword1":40,"AnarchistCookbook":19,"DaveBox":0,"Singing Bowl":12,"SecretRecord":1,"Bag of Preparation":79,"paleoftheancients:SoulOfTheBard":83,"testmod-BouquetWithThorns":0,"PrismaticShard":76,"conspire:TopHat":47,"Dream Catcher":46,"Nunchaku":62,"Shovel":8,"Replay:Bottled Snecko":39,"Replay:Drink Me":32,"Gremlin Food":72,"JellyFishMachine":54,"AT_GoldPhoenixTree":84,"testmod-CardMagician":0,"BrkXgEgg":58,"AT_BladeRuinedKing":67,"Baka":1,"testmod-TurbochargingSystem":61,"LastBattle":89,"GoldenEye":42,"Medical Kit":69,"Habit":85,"testmod-Antiphasic":23,"Anchor":81,"SynthV:TestCard":1,"SalivaCoin":11,"Snack Pack":13,"Garlic":66,"Bag of Marbles":87,"PureWater":0,"AT_SunfireAegis":36,"Toy Ornithopter":34,"REME_ComplimentaryCards":0},{"AT_ATBox":0,"Gremlin Horn":25,"SSSystem":46,"MagicDraw4":9,"MagicDraw2":45,"Blood Vial":22,"Baka2":2,"Strawberry":18,"Void":0,"Replay:Wax Seal":28,"KeepersGift":0,"AT_RedTearstoneRing":33,"paleoftheancients:KeyRelic":42,"testmod-TestBox":0,"Pear":21,"Happy Flower":33,"Oddly Smooth Stone":9,"BookOfRevelations":24,"AddBug":1,"Letter Opener":42,"AT_SilvercatRing":29,"War Paint":34,"testmod-SaigiyounoYou":13,"Akabeko":33,"paleoftheancients:Timepiece":42,"EE1DDrone":0,"OriginationStaff":32,"GodSword4":45,"HushsDoor":0,"GodSword3":6,"ArrowTower":28,"Meat on the Bone":20,"GodSword1":21,"AnarchistCookbook":10,"DaveBox":0,"Singing Bowl":7,"SecretRecord":1,"Bag of Preparation":40,"paleoftheancients:SoulOfTheBard":44,"testmod-BouquetWithThorns":0,"PrismaticShard":39,"conspire:TopHat":24,"Dream Catcher":24,"Nunchaku":30,"Shovel":5,"Replay:Bottled Snecko":21,"Replay:Drink Me":16,"Gremlin Food":36,"JellyFishMachine":26,"AT_GoldPhoenixTree":45,"testmod-CardMagician":0,"BrkXgEgg":28,"AT_BladeRuinedKing":33,"Baka":1,"testmod-TurbochargingSystem":29,"LastBattle":46,"GoldenEye":23,"Medical Kit":33,"Habit":45,"testmod-Antiphasic":12,"Anchor":42,"SynthV:TestCard":1,"SalivaCoin":7,"Snack Pack":8,"Garlic":33,"Bag of Marbles":45,"PureWater":0,"AT_SunfireAegis":19,"Toy Ornithopter":18,"REME_ComplimentaryCards":0},{"AT_ATBox":0,"Gremlin Horn":54,"SSSystem":97,"MagicDraw4":16,"MagicDraw2":96,"Blood Vial":50,"Baka2":3,"Strawberry":43,"Void":0,"Replay:Wax Seal":58,"KeepersGift":0,"AT_RedTearstoneRing":67,"paleoftheancients:KeyRelic":91,"testmod-TestBox":0,"Pear":49,"Happy Flower":67,"Oddly Smooth Stone":16,"BookOfRevelations":53,"AddBug":2,"Letter Opener":91,"AT_SilvercatRing":61,"War Paint":74,"testmod-SaigiyounoYou":33,"Akabeko":67,"paleoftheancients:Timepiece":91,"EE1DDrone":0,"OriginationStaff":66,"GodSword4":96,"HushsDoor":0,"GodSword3":10,"ArrowTower":58,"Meat on the Bone":47,"GodSword1":49,"AnarchistCookbook":20,"DaveBox":0,"Singing Bowl":12,"SecretRecord":2,"Bag of Preparation":86,"paleoftheancients:SoulOfTheBard":94,"testmod-BouquetWithThorns":0,"PrismaticShard":85,"conspire:TopHat":53,"Dream Catcher":53,"Nunchaku":63,"Shovel":7,"Replay:Bottled Snecko":49,"Replay:Drink Me":38,"Gremlin Food":78,"JellyFishMachine":56,"AT_GoldPhoenixTree":96,"testmod-CardMagician":0,"BrkXgEgg":58,"AT_BladeRuinedKing":67,"Baka":2,"testmod-TurbochargingSystem":61,"LastBattle":97,"GoldenEye":51,"Medical Kit":67,"Habit":96,"testmod-Antiphasic":22,"Anchor":91,"SynthV:TestCard":2,"SalivaCoin":12,"Snack Pack":15,"Garlic":67,"Bag of Marbles":96,"PureWater":0,"AT_SunfireAegis":45,"Toy Ornithopter":43,"REME_ComplimentaryCards":0}]},"card_choices":[{"not_picked":["Evaluate","REME_Repentance"],"picked":"BowlingBash","floor":1.0},{"not_picked":["Halt","Sanctity","Replay:BluntJabs","Prostrate"],"picked":"Tantrum","floor":2.0},{"not_picked":["PathToVictory","JustLucky","ThirdEye","EmptyFist"],"picked":"MostiFishMod:Disappear","floor":3.0},{"not_picked":["ReachHeaven","MostiFishMod:LegendTransform","Replay:ManipulateFuture","FlyingSleeves","EmptyBody"],"picked":"SKIP","floor":7.0},{"not_picked":["AT_DivineConfetti","Meditate","Replay:Vibes","Replay:Hum"],"picked":"FlurryOfBlows","floor":8.0},{"not_picked":["ThirdEye","Replay:Hum","Pray","PathToVictory"],"picked":"TalkToTheHand","floor":9.0},{"not_picked":["Study","PathToVictory","EmptyMind","EmptyFist","REME_Repentance"],"picked":"SKIP","floor":11.0},{"not_picked":["MostiFishMod:FlowState","Conclude","CrushJoints","Replay:Anticipation","JustLucky"],"picked":"Singing Bowl","floor":13.0},{"not_picked":["CrushJoints","Meditate","JustLucky","FollowUp"],"picked":"Adaptation","floor":15.0},{"not_picked":["SandsOfTime","AT_RealFormLess","MostiFishMod:LegendTransform","Crescendo","Replay:ManipulateFuture"],"picked":"Singing Bowl","floor":19.0},{"not_picked":["Crescendo","Perseverance","CrushJoints","Tantrum","Replay:Vibes"],"picked":"Singing Bowl","floor":21.0},{"not_picked":["AT_RealFormLess","WindmillStrike","CutThroughFate","Meditate"],"picked":"AT_RealColorLess","floor":22.0},{"not_picked":["MostiFishMod:Pointsdynamics","Devotion","ConjureBlade","Brilliance"],"picked":"REME_CRH","floor":25.0},{"not_picked":["SashWhip+1","Consecrate","REME_MusicOfDeath","FlurryOfBlows","FollowUp"],"picked":"Singing Bowl","floor":27.0},{"not_picked":["SashWhip+1","Halt","CarveReality","FollowUp","AT_DivineConfetti"],"picked":"Singing Bowl","floor":27.0},{"not_picked":["Tantrum","Crescendo","AT_RealFormLess","Evaluate","MostiFishMod:Clarity"],"picked":"Singing Bowl","floor":27.0},{"not_picked":["MostiFishMod:Nomercy","Tantrum","Replay:AtTheReady","Replay:ManipulateFuture"],"picked":"MostiFishMod:PathToVictory","floor":27.0},{"not_picked":["Halt","JustLucky","SashWhip","Replay:ManipulateFuture+1","SpiritShield"],"picked":"Singing Bowl","floor":29.0},{"not_picked":["Tantrum","Wireheading","Sanctity+1","Replay:Anticipation","BattleHymn"],"picked":"Singing Bowl","floor":31.0},{"not_picked":["Worship","FollowUp","Consecrate","CarveReality"],"picked":"EmptyMind+1","floor":33.0},{"not_picked":["Collect+1","FollowUp+1","Crescendo","FlyingSleeves+1","Meditate+1"],"picked":"Singing Bowl","floor":34.0},{"not_picked":["ForeignInfluence","Fasting2+1","Prostrate","JustLucky","ThirdEye"],"picked":"Singing Bowl","floor":36.0},{"not_picked":["ThirdEye+1","CutThroughFate","AT_ChampionKick","Replay:BluntJabs+1","FollowUp"],"picked":"Singing Bowl","floor":37.0},{"not_picked":["Replay:AtTheReady","JustLucky","Replay:Vibes","Protect+1","EmptyMind"],"picked":"Singing Bowl","floor":38.0},{"not_picked":["EmptyBody","FlyingSleeves","Meditate","BowlingBash","Protect"],"picked":"Singing Bowl","floor":41.0},{"not_picked":["MostiFishMod:Clarity","Replay:ManipulateFuture","BowlingBash","FearNoEvil"],"picked":"MostiFishMod:Adaptation","floor":42.0},{"not_picked":["Replay:Anticipation","CutThroughFate","Indignation","TalkToTheHand","Adaptation"],"picked":"Singing Bowl","floor":43.0},{"not_picked":["Tantrum","TalkToTheHand","Conclude+1","FlyingSleeves+1","WaveOfTheHand"],"picked":"Singing Bowl","floor":43.0},{"not_picked":["CrushJoints","MostiFishMod:PathToVictory","CutThroughFate","Nirvana","BowlingBash"],"picked":"Singing Bowl","floor":43.0},{"not_picked":["MostiFishMod:FlowState","Swivel","JustLucky","Replay:AtTheReady","FollowUp"],"picked":"Singing Bowl","floor":43.0},{"not_picked":["MostiFishMod:Nomercy","EmptyFist+1","Halt","Replay:ManipulateFuture","Evaluate"],"picked":"Singing Bowl","floor":48.0},{"not_picked":["Vault","DevaForm","SpiritShield","MostiFishMod:StarLaLaLa","AT_RealColorLess"],"picked":"Singing Bowl","floor":53.0},{"not_picked":["FlurryOfBlows","ReachHeaven","EmptyBody","LikeWater+1"],"picked":"Prostrate+1","floor":55.0},{"not_picked":["Consecrate","Replay:Battleflow","CarveReality","AT_RealFormLess+1","Replay:BluntJabs"],"picked":"Singing Bowl","floor":57.0},{"not_picked":["Adaptation","Replay:Cycle","Replay:AtTheReady+1","MostiFishMod:LegendTransform","BowlingBash"],"picked":"Singing Bowl","floor":61.0},{"not_picked":["PathToVictory","REME_WorshipGod+1","JustLucky","FlyingSleeves","CrushJoints"],"picked":"Singing Bowl","floor":62.0},{"not_picked":["ClearTheMind+1","Protect","CrushJoints","MostiFishMod:ScryFuture","Replay:Vibes+1"],"picked":"Singing Bowl","floor":63},{"not_picked":["MostiFishMod:LegendTransform","Replay:BluntJabs","Indignation","Crescendo","MostiFishMod:FlowState"],"picked":"Singing Bowl","floor":64},{"not_picked":["FlurryOfBlows","Consecrate","ThirdEye+1","MostiFishMod:ScryFuture"],"picked":"FearNoEvil","floor":65},{"not_picked":["ForeignInfluence","Evaluate+1","FlurryOfBlows+1","Replay:BluntJabs+1","MostiFishMod:FlowState"],"picked":"Singing Bowl","floor":70},{"not_picked":["Replay:BluntJabs","WindmillStrike+1","Wallop","WaveOfTheHand","FearNoEvil"],"picked":"Singing Bowl","floor":71},{"not_picked":["Indignation","MostiFishMod:OutWit+1","FearNoEvil+1","Prostrate","Consecrate"],"picked":"Singing Bowl","floor":72},{"not_picked":["MostiFishMod:ScryFuture+1","Replay:Battleflow","Prostrate","EmptyBody","JustLucky"],"picked":"Singing Bowl","floor":73},{"not_picked":["Consecrate+1","SashWhip","PathToVictory","ConjureBlade+1","AT_OneInchPunch"],"picked":"Singing Bowl","floor":74},{"not_picked":["JustLucky","Indignation","FlurryOfBlows","REME_Repentance","FollowUp"],"picked":"Singing Bowl","floor":75},{"not_picked":["AT_WindFlip","BowlingBash","Deflect","Lockon","ReplayTheSpireMod:LeadingStrike"],"picked":"Singing Bowl","floor":77},{"not_picked":["MostiFishMod:PushDownKick","Blizzard+1","Scrape+1","Compile Driver","Sucker Punch"],"picked":"Singing Bowl","floor":82},{"not_picked":["Replay:ManipulateFuture","Evaluate","Magnetism+1","Perfected Strike"],"picked":"Dark Embrace","floor":83},{"not_picked":["Capacitor","Conserve Battery","Ball Lightning+1","Flex","Infernal Blade"],"picked":"Singing Bowl","floor":84},{"not_picked":["EmptyBody","Sweeping Beam","Tactician","Consecrate+1","Bouncing Flask+1"],"picked":"Singing Bowl","floor":88}],"player_experience":2638402,"relics_obtained":[{"floor":1.0,"key":"AddBug"},{"floor":1.0,"key":"Baka"},{"floor":1.0,"key":"SynthV:TestCard"},{"floor":2.0,"key":"Baka2"},{"floor":8.0,"key":"Shovel"},{"floor":9.0,"key":"GodSword3"},{"floor":11.0,"key":"SalivaCoin"},{"floor":12.0,"key":"Singing Bowl"},{"floor":13.0,"key":"Snack Pack"},{"floor":15.0,"key":"Oddly Smooth Stone"},{"floor":18.0,"key":"MagicDraw4"},{"floor":19.0,"key":"AnarchistCookbook"},{"floor":23.0,"key":"testmod-Antiphasic"},{"floor":34.0,"key":"Toy Ornithopter"},{"floor":35.0,"key":"Strawberry"},{"floor":36.0,"key":"AT_SunfireAegis"},{"floor":37.0,"key":"Meat on the Bone"},{"floor":38.0,"key":"Pear"},{"floor":39.0,"key":"Replay:Bottled Snecko"},{"floor":40.0,"key":"GodSword1"},{"floor":41.0,"key":"Blood Vial"},{"floor":42.0,"key":"GoldenEye"},{"floor":43.0,"key":"BookOfRevelations"},{"floor":46.0,"key":"Dream Catcher"},{"floor":47.0,"key":"conspire:TopHat"},{"floor":57.0,"key":"ArrowTower"},{"floor":61.0,"key":"AT_SilvercatRing"},{"floor":61.0,"key":"testmod-TurbochargingSystem"},{"floor":62.0,"key":"Nunchaku"},{"floor":64,"key":"OriginationStaff"},{"floor":65,"key":"Happy Flower"},{"floor":66,"key":"Garlic"},{"floor":67,"key":"AT_BladeRuinedKing"},{"floor":70,"key":"War Paint"},{"floor":72,"key":"Gremlin Food"},{"floor":79,"key":"Bag of Preparation"},{"floor":83,"key":"paleoftheancients:SoulOfTheBard"},{"floor":84,"key":"AT_GoldPhoenixTree"},{"floor":86,"key":"MagicDraw2"},{"floor":87,"key":"Bag of Marbles"},{"floor":88,"key":"paleoftheancients:SoulOfTheVixen"},{"floor":89,"key":"LastBattle"}],"event_choices":[{"damage_healed":0.0,"max_hp_gain":0.0,"max_hp_loss":0.0,"gold_gain":0.0,"event_name":"conspire:Investor","player_choice":"Invest 1","floor":6.0,"gold_loss":0.0,"damage_taken":0.0},{"cards_removed":["Defend_P"],"damage_healed":0.0,"max_hp_gain":0.0,"max_hp_loss":0.0,"gold_gain":0.0,"event_name":"The Cleric","player_choice":"Card Removal","floor":17.0,"gold_loss":75.0,"damage_taken":0.0},{"damage_healed":0.0,"max_hp_gain":0.0,"max_hp_loss":0.0,"gold_gain":0.0,"event_name":"Liars Game","player_choice":"Ignored","floor":20.0,"gold_loss":0.0,"damage_taken":0.0},{"damage_healed":0.0,"max_hp_gain":0.0,"max_hp_loss":0.0,"gold_gain":0.0,"event_name":"给自己的盒子","player_choice":"Swap Relic","floor":32.0,"relics_lost":["Replay:Drink Me"],"gold_loss":0.0,"damage_taken":0.0,"relics_obtained":["Replay:Drink Me"]},{"damage_healed":0.0,"max_hp_gain":0.0,"max_hp_loss":0.0,"gold_gain":0.0,"event_name":"MindBloom","player_choice":"Fight","floor":57.0,"gold_loss":0.0,"damage_taken":0.0},{"damage_healed":0.0,"max_hp_gain":0.0,"max_hp_loss":0.0,"gold_gain":999.0,"event_name":"恩洛斯的盘子","player_choice":"Sell","floor":59.0,"relics_lost":["JellyFishMachine"],"gold_loss":0.0,"damage_taken":0.0},{"cards_removed":["AT_BreakingExtremeWeapon"],"damage_healed":0,"gold_gain":0,"player_choice":"Removed Power","damage_taken":0,"max_hp_gain":0,"max_hp_loss":0,"event_name":"Falling","floor":68,"gold_loss":0},{"damage_healed":0,"gold_gain":0,"player_choice":"Copied","damage_taken":0,"max_hp_gain":0,"max_hp_loss":0,"event_name":"Duplicator","floor":78,"gold_loss":0,"cards_obtained":["MostiFishMod:EE1D"]}],"is_beta":false,"boss_relics":[{"not_picked":["MagicMushroom","Ectoplasm"],"picked":"testmod-SaigiyounoYou"},{"not_picked":[]},{"not_picked":["MoonlightInvasionPlan","EasyGame_NEW"],"picked":"JellyFishMachine"},{"not_picked":[]}],"items_purged_floors":[5,28,49,54,56,58,69,76],"is_endless":false,"potions_floor_spawned":[1,7,19,21,25,27,29,31,41,43,55,57,63,72,73,74,75,82,84],"ascension_level":20}}