{"host":"i58uscbei3sy5089","time":1614005246,"event":{"mods":["ATMod(°¢èªMod)","Act Like it!","BaseMod","Challenge The Spire","Colored Powertips","Conspire","Gensokyo","Infinite Spire","Lobotomy","LobotomyExtend","Minty Spire (QoL Compilation)","MostiFishMod","Quick Restart","Replay The Spire","Shop Mod","Spicy Shops","StSLib","TestMod","UnlockEverythingMod","[IsaacMod]ÒÔÈö¼âËþ","¡¾¹¦ÄÜMod¡¿»ìãçÖ®»·ÐÞ¸´²¹¶¡","¡¾ÒÅÎï¿¨ÅÆ¡¿REMEMod","óô»ðÖ¸ÄÏ"],"gold_per_floor":[10,23,103,103,203,203,222,253,253,266,280,15,15,15,15,119,119,636,652,282,282,301,334,334,563,610,610,610,610,610,610,610,711,711,726,297,317,330,283,283,298,330,355,355,355,380,380,398,88,187,187,187],"floor_reached":51,"language":"ZHS","playtime":4789,"items_purged":["MostiFishMod:Neptune","InformationCode","GreenStem","MostiFishMod:TheEndOfMoonlight","SpecialBullet"],"score":1604,"play_id":"b6841096-4645-4318-bfdb-f671f0ea48fa","local_time":"20210222224726","is_ascension_mode":true,"campfire_choices":[{"data":"Adoration","floor":24,"key":"SMITH"},{"data":"MostiFishMod:SparklingWater","floor":40,"key":"SMITH"},{"data":"Adoration","floor":45,"key":"SMITH"},{"data":"DaCapo","floor":47,"key":"SMITH"}],"circlet_count":0,"master_deck":["MostiFishMod:SparklingWater+1","MostiFishMod:FantasySummer","MostiFishMod:NightSea","Gensokyo:RisingWorld+1","MHz","SecurityCode","WallGazer","DaCapo+1","DaCapo+1","DisciplinaryCode","Adoration+1","Adoration+1","DaCapo+1","BlueStar","LongBird","Adoration","AT_EmpoweredMortalDraw"],"relics":["CogitoBucket","testmod-TestBox","HushsDoor","DaveBox","AT_ATBox","REME_ComplimentaryCards","testmod-Fanaticism","MoonlightInvasionPlan","MoneyPower","SynthV:TestCard","LetterFromLob","Calipers","AT_BladeRuinedKing","SkinProphecy","Medical Kit","SynthV:C4","Guide Book","testmod-D¨¦j¨¤vu","Replay:Accelerometer","ReplayFunnel","testmod-EnergyCheck","Omamori","MerchantsRug","AtMidnight","ChangeAnything","RedMistMask","GuppysPaw","Anchor","Gremlin Horn","ChiLing","Chi","Ling","DeadEye","AT_MortalBlade"],"acts_visited":["Exordium","Gensokyo:Gensokyo","TheBeyond","TheBeyond"],"potions_floor_usage":[],"damage_taken":[{"damage":15,"enemies":"Gensokyo:2_Kodama","floor":1,"turns":2},{"damage":13,"enemies":"Gensokyo:Gryphon","floor":2,"turns":2},{"damage":0,"enemies":"Gensokyo:3_Fairies","floor":7,"turns":3},{"damage":5,"enemies":"Gensokyo:Mamizou","floor":8,"turns":3},{"damage":0,"enemies":"Gensokyo:LivingMonolith","floor":10,"turns":1},{"damage":40,"enemies":"Gensokyo:Gryphon_and_Rabbit","floor":11,"turns":3},{"damage":9,"enemies":"Gensokyo:Yukari","floor":16,"turns":6},{"damage":11,"enemies":"Gensokyo:Chomper","floor":18,"turns":4},{"damage":17,"enemies":"Gensokyo:2_Gloops","floor":19,"turns":2},{"damage":45,"enemies":"Gensokyo:Mirror_and_Dog","floor":22,"turns":2},{"damage":12,"enemies":"Gensokyo:Reisen","floor":23,"turns":10},{"damage":6,"enemies":"Gensokyo:Tenshi","floor":25,"turns":2},{"damage":60,"enemies":"Gensokyo:Slime_Group","floor":30,"turns":4},{"damage":14,"enemies":"Gensokyo:Eternal_Rivals","floor":33,"turns":7},{"damage":7,"enemies":"3 Darklings","floor":35,"turns":2},{"damage":4,"enemies":"3 Shapes","floor":37,"turns":3},{"damage":2,"enemies":"Writhing Mass","floor":38,"turns":1},{"damage":2,"enemies":"Spire Growth","floor":41,"turns":4},{"damage":10,"enemies":"Giant Head","floor":42,"turns":2},{"damage":0,"enemies":"Nightmare","floor":46,"turns":1},{"damage":2,"enemies":"Jaw Worm Horde","floor":48,"turns":1},{"damage":15,"enemies":"conspire:OrnateMirror","floor":50,"turns":1}],"seed_played":"4529141094279148306","potions_obtained":[{"floor":2,"key":"PowerPotion"},{"floor":7,"key":"Elixir"},{"floor":38,"key":"Block Potion"},{"floor":41,"key":"Weak Potion"},{"floor":46,"key":"SteroidPotion"},{"floor":50,"key":"DistilledChaos"}],"is_trial":false,"path_per_floor":["M","M","?","?","?","R","M","E","T","M","M","COS","R","?","R","B",null,"M","M","COS","?","M","E","R","E","T","R","?","R","M","?","R","B",null,"M","$","M","M","$","R","M","E","T","?","R","NM","R","M","R","B",null],"character_chosen":"Angela","items_purchased":["DaCapo","Omamori","MerchantsRug","ChiLing","DeadEye"],"campfire_rested":0,"item_purchase_floors":[34,36,36,49,49],"current_hp_per_floor":[70,65,65,58,43,43,51,54,54,62,53,53,53,53,53,50,88,86,78,78,90,83,83,83,91,91,91,91,91,114,99,99,116,107,109,109,111,113,113,113,121,123,123,123,123,125,125,127,127,135,135,135],"gold":187,"neow_bonus":"TWENTY_PERCENT_HP_BONUS","is_daily":false,"chose_seed":false,"campfire_upgraded":4,"win_rate":0.0,"timestamp":1614005246,"path_taken":["M","?","?","?","?","R","M","E","T","?","M","COS","R","?","R","BOSS","M","M","COS","?","M","E","R","E","T","R","?","R","M","?","R","BOSS","M","$","M","M","$","R","M","E","T","?","R","NM","R","M","R","BOSS"],"items_purchased_type":["Card","Relic","Relic","Relic","Relic"],"build_version":"2020-12-22","purchased_purges":5,"victory":false,"max_hp_per_floor":[84,84,84,98,98,98,98,98,98,98,98,98,98,98,98,100,100,102,104,104,104,106,108,108,110,110,110,110,110,114,114,114,116,107,109,109,111,113,113,113,121,123,123,123,123,125,125,127,127,135,135,135],"card_choices":[{"not_picked":["VoidDream","BeautyBeast"],"picked":"MHz","floor":1},{"not_picked":["LifeForTheDareDevil","Penitence"],"picked":"SKIP","floor":1},{"not_picked":["Noise","Lamp","BlackSwan_ego"],"picked":"GreenStem","floor":2},{"not_picked":["ScreamingWedge","Harmony","MagicBullet","Noise"],"picked":"SKIP","floor":7},{"not_picked":["ScreamingWedge","Harmony","MagicBullet","Noise"],"picked":"SKIP","floor":7},{"not_picked":["ShyLook","BeautyBeast"],"picked":"WallGazer","floor":8},{"not_picked":["BlackSwan_ego","CherryBlossom","Beak","Soda"],"picked":"SKIP","floor":8},{"not_picked":["InTheNameOfLoveAndHate","Gaze","Twilight","Noise"],"picked":"SKIP","floor":10},{"not_picked":["FourthMatchFlame","FrostShard","Horn","Logging"],"picked":"SKIP","floor":11},{"not_picked":["GoldRush+1","TheSmile+1","ParadiseLost+1"],"picked":"DaCapo+1","floor":16},{"not_picked":["CENSORED_ego","Twilight","ParadiseLost"],"picked":"DaCapo","floor":16},{"not_picked":["FrostShard","FourthMatchFlame","Moonlight+1","Hypocrisy"],"picked":"SKIP","floor":18},{"not_picked":["CherryBlossom","Horn","Noise","SomewhereSpear"],"picked":"SKIP","floor":19},{"not_picked":["GoldRush","DaCapo","Pinks"],"picked":"Adoration","floor":22},{"not_picked":["Lantern","CUTE","RedEyes","Regret_ego"],"picked":"SKIP","floor":22},{"not_picked":["CENSORED_ego","SwordSharpenedByTears","CherryBlossom","Twilight"],"picked":"SKIP","floor":23},{"not_picked":["Lantern","Hornet","GrinderMk4","Noise"],"picked":"SKIP","floor":25},{"not_picked":["RapturousDream","CherryBlossom","Wingbeat","Logging"],"picked":"SKIP","floor":30},{"not_picked":["Mimicry","TheSmile","Justitia"],"picked":"Adoration","floor":33},{"not_picked":["Wingbeat","GrinderMk4","GreenStem","Tough+1"],"picked":"SKIP","floor":35},{"not_picked":["FeatherOfHonor","Amita","CUTE","BearPaw"],"picked":"SKIP","floor":37},{"not_picked":["Christmas+1","Loneliness+1","Soda+1","RedEyes"],"picked":"SKIP","floor":38},{"not_picked":["Laetitia","NothingThere"],"picked":"BlueStar","floor":41},{"not_picked":["Wingbeat","RedEyes","Beak","Soda+1"],"picked":"SKIP","floor":41},{"not_picked":["Wingbeat","Hypocrisy","Loneliness+1","Harvest"],"picked":"SKIP","floor":42},{"not_picked":["Wingbeat","Hypocrisy","Loneliness+1","Harvest"],"picked":"SKIP","floor":42},{"not_picked":["GrinderMk4","RedEyes","Tough","GreenStem"],"picked":"SKIP","floor":46},{"not_picked":["Harvest","Christmas+1","GreenStem","Reverberation+1"],"picked":"SKIP","floor":48},{"not_picked":["SnowQueen","LaLuna"],"picked":"LongBird","floor":50},{"not_picked":["DaCapo","Pinks","TheSmile"],"picked":"Adoration","floor":50}],"player_experience":632621,"relics_obtained":[{"floor":1,"key":"SynthV:TestCard"},{"floor":1,"key":"LetterFromLob"},{"floor":8,"key":"Calipers"},{"floor":9,"key":"AT_BladeRuinedKing"},{"floor":23,"key":"conspire:Dentures"},{"floor":25,"key":"Replay:Accelerometer"},{"floor":26,"key":"ReplayFunnel"},{"floor":41,"key":"AtMidnight"},{"floor":42,"key":"RedMistMask"},{"floor":42,"key":"GuppysPaw"},{"floor":43,"key":"Anchor"},{"floor":46,"key":"Gremlin Horn"}],"event_choices":[{"damage_healed":0,"gold_gain":0,"player_choice":"Leave","damage_taken":0,"max_hp_gain":0,"max_hp_loss":0,"event_name":"conspire:Investor","floor":14,"gold_loss":0},{"cards_removed":["SpecialBullet"],"damage_healed":0,"gold_gain":0,"player_choice":"Removed Attack","damage_taken":0,"max_hp_gain":0,"max_hp_loss":0,"event_name":"Falling","floor":44,"gold_loss":0}],"is_beta":false,"boss_relics":[{"not_picked":["Busted Crown","testmod-Prudence"],"picked":"Kintsugi"},{"not_picked":[]},{"not_picked":["testmod-TimeTraveler","SacredBark"],"picked":"testmod-EnergyCheck"},{"not_picked":[]},{"not_picked":["RhineCircuit","AT_TrinityForce"],"picked":"AT_MortalBlade"},{"not_picked":[]}],"items_purged_floors":[34,36,36,39,49],"is_endless":true,"potions_floor_spawned":[2,7,11,16,23,25,30,38,41,46,50],"ascension_level":12}}