{"host":"dztixnx9b0gu6w9i","time":1614022161,"event":{"mods":["BaseMod","Bestiary","Minty Spire (QoL Compilation)","Relic Stats","Slay the Relics Exporter","SpireBot","ojb\u0027s Better Paths Mod","ojb\u0027s Info Mod"],"gold_per_floor":[118,132,132,144,144,179,179,192,192,192,192],"floor_reached":10,"language":"ENG","playtime":890,"items_purged":[],"score":136,"play_id":"eb4efceb-8bed-4f4c-b73d-6b6ea37b38d3","local_time":"20210222142921","is_ascension_mode":true,"campfire_choices":[{"data":"Iron Wave","floor":7.0,"key":"SMITH"}],"circlet_count":0,"master_deck":["AscendersBane","Strike_R","Strike_R","Strike_R","Strike_R","Strike_R","Defend_R","Defend_R","Defend_R","Defend_R","Bash","Iron Wave+1","Pommel Strike","Reckless Charge","Decay","Anger","Thunderclap"],"relics":["Burning Blood","MealTicket","Toy Ornithopter"],"acts_visited":["Exordium"],"potions_floor_usage":[10],"damage_taken":[{"damage":0.0,"enemies":"Small Slimes","floor":1.0,"turns":4.0},{"damage":6.0,"enemies":"Jaw Worm","floor":2.0,"turns":4.0},{"damage":1.0,"enemies":"Cultist","floor":4.0,"turns":3.0},{"damage":59.0,"enemies":"3 Sentries","floor":6.0,"turns":11.0},{"damage":0.0,"enemies":"2 Fungi Beasts","floor":8.0,"turns":3.0},{"damage":42,"enemies":"Lagavulin","floor":10,"turns":5}],"seed_played":"315091830347155216","potions_obtained":[{"floor":4.0,"key":"Block Potion"},{"floor":6.0,"key":"Ancient Potion"}],"is_trial":false,"path_per_floor":["M","M","?","M","?","E","R","M","T","E"],"character_chosen":"IRONCLAD","items_purchased":[],"campfire_rested":0,"item_purchase_floors":[],"current_hp_per_floor":[81,81,81,82,82,29,29,35,35,0,0],"gold":192,"neow_bonus":"TEN_PERCENT_HP_BONUS","is_daily":false,"chose_seed":false,"campfire_upgraded":1,"win_rate":0.0,"timestamp":1614022161,"path_taken":["M","M","?","M","?","E","R","M","T","E"],"items_purchased_type":[],"build_version":"2020-12-22","purchased_purges":0,"victory":false,"max_hp_per_floor":[82,82,82,82,82,82,82,82,82,82,82],"relic_stats":{"counters":[6,30],"MealTicket":0,"obtain_stats":[{"MealTicket":6,"Burning Blood":0,"Toy Ornithopter":9},{"MealTicket":4,"Burning Blood":0,"Toy Ornithopter":5},{"MealTicket":22,"Burning Blood":0,"Toy Ornithopter":25}],"Burning Blood":26,"Toy Ornithopter":5},"card_choices":[{"not_picked":["Bloodletting","True Grit"],"picked":"Iron Wave","floor":1.0},{"not_picked":["Sword Boomerang","Flex"],"picked":"Pommel Strike","floor":2.0},{"not_picked":["Sever Soul","Twin Strike"],"picked":"Reckless Charge","floor":4.0},{"not_picked":["Metallicize","Headbutt"],"picked":"Anger","floor":6.0},{"not_picked":["Blood for Blood","Body Slam"],"picked":"Thunderclap","floor":8.0}],"player_experience":8773846,"relics_obtained":[{"floor":6.0,"key":"MealTicket"},{"floor":9.0,"key":"Toy Ornithopter"}],"event_choices":[{"damage_healed":0.0,"max_hp_gain":0.0,"max_hp_loss":0.0,"gold_gain":0.0,"event_name":"Liars Game","player_choice":"Ignored","floor":3.0,"gold_loss":0.0,"damage_taken":0.0},{"damage_healed":0.0,"max_hp_gain":0.0,"max_hp_loss":0.0,"gold_gain":0.0,"event_name":"Wheel of Change","player_choice":"Cursed","floor":5.0,"gold_loss":0.0,"damage_taken":0.0,"cards_obtained":["Decay"]}],"is_beta":false,"boss_relics":[],"items_purged_floors":[],"is_endless":false,"potions_floor_spawned":[4,6],"killed_by":"Lagavulin","ascension_level":20}}