{"host":"8anmd7ibyxevnonj","time":1614005847,"event":{"mods":["BaseMod","Curses Come First","Downfall","Minty Spire (QoL Compilation)","Reliquary","StSLib"],"gold_per_floor":[99,112,132,132,37,37,37,37,37,50,35,50,65,65,84,186,186,186,196,196,25,25,25,51,64,77,89,106,121,121,139,155,155,155,155],"floor_reached":33,"language":"ENG","playtime":4932,"items_purged":[],"score":268,"play_id":"f79c8e93-db87-483c-b2a0-c50da102c045","local_time":"20210222155727","is_ascension_mode":false,"campfire_choices":[{"data":"sneckomod:TailWhip","floor":1,"key":"SMITH"},{"data":"sneckomod:UnknownRareAttack","floor":6,"key":"SMITH"},{"data":"sneckomod:WideSting","floor":18,"key":"SMITH"},{"data":"sneckomod:UnknownRareSkill","floor":23,"key":"SMITH"},{"floor":30,"key":"REST"}],"circlet_count":0,"master_deck":["sneckomod:Strike","sneckomod:Strike","sneckomod:Defend","sneckomod:Defend","sneckomod:Defend","sneckomod:TailWhip+1","sneckomod:SnekBite","sneckomod:Unknown","sneckomod:Unknown","sneckomod:UnknownBlock","sneckomod:WideSting+1","sneckomod:IronFang","sneckomod:UnknownRareAttack+1","sneckomod:UnknownUncommonAttack","sneckomod:UnknownCommonAttack","sneckomod:SerpentIdol","sneckomod:UnknownBoss","sneckomod:QuickMove","sneckomod:UnknownRareSkill+1","sneckomod:UnknownWeak+1","sneckomod:SnakeSap","sneckomod:UnknownClassGREEN+1","sneckomod:UnknownUncommonPower+1","sneckomod:UnknownClassTHE_BRONZE_AUTOMATON","sneckomod:UnknownStrike+1","sneckomod:QuickBite","sneckomod:Nope+1","sneckomod:DiceBlock+1"],"relics":["InkBottle","SlaversCollar","PreservedInsect","Nloth\u0027s Gift","Regal Pillow"],"acts_visited":["Exordium","TheCity"],"potions_floor_usage":[25,27,28,33],"damage_taken":[{"damage":3,"enemies":"Small Slimes","floor":2,"turns":2},{"damage":0,"enemies":"Cultist","floor":3,"turns":2},{"damage":3,"enemies":"downfall:FleeingMerchant","floor":5,"turns":4},{"damage":3,"enemies":"Jaw Worm","floor":10,"turns":3},{"damage":12,"enemies":"downfall:FleeingMerchant","floor":11,"turns":4},{"damage":5,"enemies":"Red Slaver","floor":12,"turns":3},{"damage":9,"enemies":"Blue Slaver","floor":13,"turns":3},{"damage":11,"enemies":"Large Slime","floor":15,"turns":5},{"damage":47,"enemies":"SI_SHIV_ARCHETYPE","floor":16,"turns":10},{"damage":19,"enemies":"3 Byrds","floor":19,"turns":6},{"damage":0,"enemies":"downfall:FleeingMerchant","floor":21,"turns":4},{"damage":13,"enemies":"3 Cultists","floor":25,"turns":5},{"damage":41,"enemies":"Centurion and Healer","floor":26,"turns":8},{"damage":14,"enemies":"Chosen and Byrds","floor":27,"turns":6},{"damage":17,"enemies":"Snake Plant","floor":28,"turns":4},{"damage":14,"enemies":"Centurion and Healer","floor":29,"turns":8},{"damage":13,"enemies":"3 Cultists","floor":31,"turns":5},{"damage":11,"enemies":"Snecko","floor":32,"turns":5},{"damage":58,"enemies":"DF_ARCHETYPE_CLAW","floor":33,"turns":5}],"seed_played":"-2843636119498643992","potions_obtained":[{"floor":4,"key":"Fire Potion"},{"floor":4,"key":"Slimebound:ThreeZeroPotion"},{"floor":4,"key":"GamblersBrew"},{"floor":12,"key":"LiquidMemories"},{"floor":13,"key":"FairyPotion"},{"floor":26,"key":"SteroidPotion"},{"floor":27,"key":"champ:CounterPotion"}],"is_trial":false,"path_per_floor":["R","M","M","?","$","R","T","?","?","M","$","M","M","?","M","B",null,"R","M","?","$","?","R","T","M","M","M","M","M","R","M","M","B"],"character_chosen":"THE_SNECKO","items_purchased":["sneckomod:UnknownRareAttack","PreservedInsect"],"campfire_rested":1,"item_purchase_floors":[5,21],"current_hp_per_floor":[99,96,96,96,93,93,93,93,93,90,78,73,64,69,58,11,104,104,85,85,85,85,85,85,76,42,28,11,30,77,64,53,0,0,0],"gold":155,"neow_bonus":"TEN_PERCENT_HP_BONUS","is_daily":false,"chose_seed":false,"campfire_upgraded":4,"win_rate":0.0,"timestamp":1614005847,"path_taken":["R","M","M","?","?","R","T","?","?","?","?","M","M","?","M","BOSS","R","M","?","?","?","R","T","M","M","?","M","M","R","M","M","BOSS"],"items_purchased_type":["Card","Relic"],"build_version":"2020-12-13","purchased_purges":0,"victory":false,"max_hp_per_floor":[99,99,99,99,99,99,99,99,99,99,99,99,99,104,104,104,104,104,104,104,104,104,104,104,108,108,108,108,108,108,108,108,108,108,108],"card_choices":[{"not_picked":["sneckomod:QuickBite","sneckomod:DiceCrush"],"picked":"sneckomod:UnknownBlock","floor":2},{"not_picked":["sneckomod:UnknownBlock","sneckomod:Unknown1Cost"],"picked":"sneckomod:WideSting","floor":3},{"not_picked":["sneckomod:Unknown0Cost","sneckomod:WideSting"],"picked":"sneckomod:IronFang","floor":5},{"not_picked":["sneckomod:IronFang","sneckomod:RainOfDice"],"picked":"sneckomod:UnknownUncommonAttack","floor":10},{"not_picked":["sneckomod:UnknownX","sneckomod:QuickMove"],"picked":"sneckomod:UnknownCommonAttack","floor":11},{"not_picked":["sneckomod:Unknown1Cost","sneckomod:DiceCrush"],"picked":"sneckomod:SerpentIdol","floor":12},{"not_picked":["sneckomod:UnknownStrike","sneckomod:UnknownUncommonSkill"],"picked":"sneckomod:UnknownBoss","floor":13},{"not_picked":["sneckomod:SoulRoll","sneckomod:UnknownCommonSkill"],"picked":"sneckomod:QuickMove","floor":15},{"not_picked":["sneckomod:DangerNoodle","sneckomod:Mudshield"],"picked":"sneckomod:UnknownRareSkill","floor":16},{"not_picked":["sneckomod:UnknownBlock","sneckomod:QuickMove+1"],"picked":"sneckomod:UnknownWeak+1","floor":19},{"not_picked":["sneckomod:ImprovisedAttack","sneckomod:Unknown1Cost"],"picked":"sneckomod:SnakeSap","floor":21},{"not_picked":["sneckomod:SoulCleanse+1","sneckomod:QuickBite"],"picked":"sneckomod:UnknownClassGREEN+1","floor":25},{"not_picked":["sneckomod:SoulExchange","sneckomod:UnknownClassGREEN+1"],"picked":"sneckomod:UnknownUncommonPower+1","floor":26},{"not_picked":["sneckomod:Unknown0Cost","sneckomod:DiceCrush"],"picked":"sneckomod:UnknownClassTHE_BRONZE_AUTOMATON","floor":27},{"not_picked":["sneckomod:PureSnecko+1","sneckomod:ImprovisedAttack"],"picked":"sneckomod:UnknownStrike+1","floor":28},{"not_picked":["sneckomod:WideSting","sneckomod:Rotation+1"],"picked":"sneckomod:QuickBite","floor":29},{"not_picked":["sneckomod:QuickBite","sneckomod:SoulDraw+1"],"picked":"sneckomod:Nope+1","floor":31},{"not_picked":["sneckomod:UnknownClassTHE_BRONZE_AUTOMATON","sneckomod:WideSting"],"picked":"sneckomod:DiceBlock+1","floor":32}],"player_experience":182525,"relics_obtained":[{"floor":7,"key":"InkBottle"},{"floor":24,"key":"Regal Pillow"}],"event_choices":[{"damage_healed":0,"gold_gain":0,"player_choice":"Got Potions","damage_taken":0,"max_hp_gain":0,"max_hp_loss":0,"event_name":"Lab","floor":4,"gold_loss":0},{"damage_healed":0,"gold_gain":0,"player_choice":"Donut","damage_taken":0,"max_hp_gain":5,"max_hp_loss":0,"event_name":"Big Fish","floor":14,"gold_loss":0}],"is_beta":false,"boss_relics":[{"not_picked":["Snecko Eye","sneckomod:SneckoBoss"],"picked":"SlaversCollar"}],"items_purged_floors":[],"is_endless":false,"potions_floor_spawned":[12,13,19,26,27],"killed_by":"DF_ARCHETYPE_CLAW","ascension_level":0}}