{"host":"sum4dy402bbv9y4o","time":1614025273,"event":{"mods":["Aspiration","BaseMod","Conspire","Highlight Path","Minty Spire (QoL Compilation)","StSLib"],"gold_per_floor":[119,23,23,23,39,39,69,69,69,96,132,178,190,220,232,322,334,334,334,11,11,11,11,11],"floor_reached":23,"language":"ENG","playtime":656,"items_purged":["Injury"],"score":464,"play_id":"f25ff5f9-b224-435b-9058-cecf2d6f8852","local_time":"20210222232113","is_ascension_mode":true,"campfire_choices":[{"data":"Eruption","floor":6,"key":"SMITH"},{"data":"TalkToTheHand","floor":8,"key":"SMITH"},{"data":"Conclude","floor":13,"key":"SMITH"},{"data":"Vigilance","floor":15,"key":"SMITH"}],"circlet_count":0,"master_deck":["AscendersBane","Strike_P","Strike_P","Strike_P","Strike_P","Defend_P","Defend_P","Defend_P","Defend_P","Eruption+1","Vigilance+1","Trip","TalkToTheHand+1","Conclude+1","Halt","EmptyFist+1","FlyingSleeves+1","ReachHeaven+1","Consecrate+1","Consecrate+1","Brilliance+1","FlurryOfBlows+1","FlurryOfBlows+1","Eruption+1","Apotheosis","Adaptation"],"relics":["PureWater","Molten Egg 2","Smiling Mask","Prayer Wheel","MawBank","Odd Mushroom","aspiration:ChemicalBlood","Ectoplasm"],"acts_visited":["Exordium","TheCity"],"potions_floor_usage":[16,16,21,22,23],"damage_taken":[{"damage":0,"enemies":"Jaw Worm","floor":1,"turns":2},{"damage":0,"enemies":"2 Louse","floor":5,"turns":2},{"damage":3,"enemies":"Gremlin Nob","floor":7,"turns":3},{"damage":24,"enemies":"Lagavulin","floor":10,"turns":5},{"damage":0,"enemies":"The Mushroom Lair","floor":11,"turns":1},{"damage":0,"enemies":"Gremlin Nob","floor":12,"turns":2},{"damage":0,"enemies":"Cultist","floor":14,"turns":1},{"damage":14,"enemies":"The Guardian","floor":16,"turns":6},{"damage":13,"enemies":"Shell Parasite","floor":18,"turns":3},{"damage":0,"enemies":"conspire:FuzzyDice","floor":21,"turns":2},{"damage":14,"enemies":"Centurion and Healer","floor":22,"turns":3},{"damage":31,"enemies":"Gremlin Leader","floor":23,"turns":2}],"seed_played":"-7553342312564607741","potions_obtained":[{"floor":10,"key":"EssenceOfSteel"},{"floor":14,"key":"DistilledChaos"},{"floor":22,"key":"LiquidBronze"}],"is_trial":false,"path_per_floor":["M","$","?","?","M","R","E","R","T","E","?","E","R","M","R","B",null,"M","?","$","M","M","E"],"character_chosen":"WATCHER","items_purchased":["Conclude","Halt","Apotheosis","Adaptation","ColorlessPotion"],"campfire_rested":0,"item_purchase_floors":[2,2,20,20,20],"current_hp_per_floor":[61,61,57,57,57,57,54,54,54,30,30,30,30,30,30,16,55,42,42,42,42,28,0,0],"gold":11,"neow_bonus":"RANDOM_COLORLESS","is_daily":false,"chose_seed":false,"campfire_upgraded":4,"win_rate":0.0,"timestamp":1614025273,"path_taken":["M","$","?","?","M","R","E","R","T","E","?","E","R","M","R","BOSS","M","?","$","M","M","E"],"items_purchased_type":["Card","Card","Card","Card","Potion"],"build_version":"2020-12-22","purchased_purges":1,"victory":false,"max_hp_per_floor":[68,68,68,68,68,68,68,68,68,68,68,68,68,68,68,68,68,68,68,68,68,68,68,68],"card_choices":[{"not_picked":["Dark Shackles","Impatience"],"picked":"Trip","floor":0},{"not_picked":["Consecrate","Prostrate"],"picked":"TalkToTheHand","floor":1},{"not_picked":["Crescendo","CarveReality+1"],"picked":"EmptyFist+1","floor":5},{"not_picked":["ForeignInfluence","Perseverance"],"picked":"FlyingSleeves+1","floor":7},{"not_picked":["Study","EmptyMind"],"picked":"ReachHeaven+1","floor":10},{"not_picked":["SignatureMove+1","Wireheading"],"picked":"Consecrate+1","floor":11},{"not_picked":["CutThroughFate+1","Worship","WreathOfFlame"],"picked":"SKIP","floor":12},{"not_picked":["Adaptation","CarveReality+1"],"picked":"Consecrate+1","floor":14},{"not_picked":["ClearTheMind","LikeWater","EmptyFist+1"],"picked":"SKIP","floor":14},{"not_picked":["DevaForm","Wish"],"picked":"Brilliance+1","floor":16},{"not_picked":["Pray","SashWhip+1"],"picked":"FlurryOfBlows+1","floor":18},{"not_picked":["CrushJoints+1","Prostrate"],"picked":"FlurryOfBlows+1","floor":18},{"not_picked":["Sanctity","LikeWater+1","EmptyBody"],"picked":"SKIP","floor":21},{"not_picked":["CutThroughFate+1","ClearTheMind","Vault"],"picked":"SKIP","floor":21},{"not_picked":["SashWhip+1","WreathOfFlame","BattleHymn"],"picked":"SKIP","floor":22},{"not_picked":["PathToVictory","Consecrate+1","FlurryOfBlows+1"],"picked":"SKIP","floor":22}],"player_experience":3134519,"relics_obtained":[{"floor":7,"key":"Smiling Mask"},{"floor":9,"key":"Prayer Wheel"},{"floor":10,"key":"MawBank"},{"floor":11,"key":"Odd Mushroom"},{"floor":12,"key":"aspiration:ChemicalBlood"}],"event_choices":[{"damage_healed":0,"gold_gain":0,"player_choice":"Leave","damage_taken":0,"max_hp_gain":0,"max_hp_loss":0,"event_name":"conspire:Investor","floor":3,"gold_loss":0},{"damage_healed":0,"gold_gain":0,"player_choice":"Fought Mushrooms","damage_taken":0,"max_hp_gain":0,"max_hp_loss":0,"event_name":"Mushrooms","floor":11,"gold_loss":0},{"damage_healed":0,"gold_gain":0,"player_choice":"1 cards matched","damage_taken":0,"max_hp_gain":0,"max_hp_loss":0,"event_name":"Match and Keep!","floor":19,"gold_loss":0,"cards_obtained":["Eruption"]}],"is_beta":false,"boss_relics":[{"not_picked":["Snecko Eye","Fusion Hammer"],"picked":"Ectoplasm"}],"items_purged_floors":[20],"is_endless":false,"potions_floor_spawned":[10,14,22],"killed_by":"Gremlin Leader","ascension_level":20}}