{"host":"d57r1g6l9rdx1vko","time":1614024087,"event":{"mods":["AchievementEnabler","BaseMod","Colored Map","Colored Powertips","GifTheSpireLib","Minty Spire (QoL Compilation)","Replay The Spire","StSLib"],"gold_per_floor":[119,119,41,57,57,57,82,98,98,98,114,125,157,171,171,267,267,284,284,284,298,11,11,38,38,64,64,64],"floor_reached":27,"language":"ZHS","playtime":1320,"items_purged":[],"score":337,"play_id":"98bc900f-9452-4c08-b113-da2a94f3d0da","local_time":"20210223040127","is_ascension_mode":true,"campfire_choices":[{"floor":6.0,"key":"RECALL"},{"floor":10.0,"key":"REST"},{"floor":15.0,"key":"REST"},{"data":"Vault","floor":23.0,"key":"SMITH"}],"circlet_count":0,"master_deck":["Strike_P","Strike_P","Strike_P","Defend_P+1","Defend_P","Defend_P+1","Vigilance+1","Tantrum+1","Wallop","FlyingSleeves","EmptyFist","Halt","EmptyBody","CutThroughFate","Vault+1","FlyingSleeves","LessonLearned","Meditate+1","Swivel+1","Replay:LoomingThreat+1"],"relics":["Sozu","TeardropLocket","Replay:Wax Seal","Empty Cage","Replay:Purple Gloves","Frozen Egg 2","Smiling Mask"],"acts_visited":["Exordium","TheCity"],"potions_floor_usage":[],"damage_taken":[{"damage":0.0,"enemies":"Small Slimes","floor":1.0,"turns":2.0},{"damage":0.0,"enemies":"2 Louse","floor":4.0,"turns":2.0},{"damage":44.0,"enemies":"Lagavulin","floor":7.0,"turns":6.0},{"damage":0.0,"enemies":"Cultist","floor":8.0,"turns":2.0},{"damage":1.0,"enemies":"Exordium Wildlife","floor":11.0,"turns":4.0},{"damage":0.0,"enemies":"Blue Slaver","floor":12.0,"turns":3.0},{"damage":16.0,"enemies":"Gremlin Nob","floor":13.0,"turns":5.0},{"damage":0.0,"enemies":"Exordium Thugs","floor":14.0,"turns":2.0},{"damage":14.0,"enemies":"Hexaghost","floor":16.0,"turns":9.0},{"damage":0.0,"enemies":"Spheric Guardian","floor":18.0,"turns":3.0},{"damage":0.0,"enemies":"3 Byrds","floor":21.0,"turns":4.0},{"damage":38.0,"enemies":"Gremlin Leader","floor":24.0,"turns":7.0},{"damage":22,"enemies":"Slavers","floor":27,"turns":5}],"seed_played":"-5063211580382829632","potions_obtained":[],"is_trial":false,"path_per_floor":["M","?","$","M","?","R","E","M","T","R","M","M","E","M","R","B",null,"M","?","?","M","$","R","E","$","T","E"],"character_chosen":"WATCHER","items_purchased":["Wallop","Replay:Purple Gloves"],"campfire_rested":2,"item_purchase_floors":[3,22],"current_hp_per_floor":[65,51,51,51,51,51,7,7,7,28,27,27,11,11,32,18,59,59,59,59,59,59,59,21,21,21,0,0],"gold":64,"neow_bonus":"BOSS_RELIC","is_daily":false,"chose_seed":false,"campfire_upgraded":1,"win_rate":0.0,"timestamp":1614024087,"path_taken":["M","?","$","M","?","R","E","?","T","R","M","M","E","M","R","BOSS","M","?","?","?","$","R","E","$","T","E"],"items_purchased_type":["Card","Relic"],"build_version":"2020-12-22","purchased_purges":0,"victory":false,"max_hp_per_floor":[72,72,72,72,72,72,72,72,72,72,72,72,72,72,72,72,72,72,72,72,72,72,72,72,72,72,72,72],"card_choices":[{"not_picked":["Replay:AtTheReady","BowlingBash"],"picked":"Tantrum","floor":1.0},{"not_picked":["WheelKick","SashWhip"],"picked":"FlyingSleeves","floor":4.0},{"not_picked":["CrushJoints","WheelKick"],"picked":"EmptyFist","floor":7.0},{"not_picked":["FlyingSleeves","Replay:BluntJabs"],"picked":"Halt","floor":8.0},{"not_picked":["ClearTheMind","EmptyMind"],"picked":"EmptyBody","floor":11.0},{"not_picked":["EmptyBody","PathToVictory"],"picked":"CutThroughFate","floor":12.0},{"not_picked":["Adaptation","JustLucky"],"picked":"Vault","floor":13.0},{"not_picked":["CarveReality","CutThroughFate"],"picked":"FlyingSleeves","floor":14.0},{"not_picked":["Alpha","Replay:LoomingThreat"],"picked":"LessonLearned","floor":16.0},{"not_picked":["FlyingSleeves","FollowUp"],"picked":"Meditate+1","floor":18.0},{"not_picked":["FlyingSleeves","ThirdEye"],"picked":"Swivel+1","floor":21.0},{"not_picked":["SashWhip","ForeignInfluence"],"picked":"Replay:LoomingThreat+1","floor":24.0}],"player_experience":127263,"relics_obtained":[{"floor":7.0,"key":"TeardropLocket"},{"floor":13.0,"key":"Replay:Wax Seal"},{"floor":24.0,"key":"Frozen Egg 2"},{"floor":26.0,"key":"Smiling Mask"}],"event_choices":[{"damage_healed":0.0,"max_hp_gain":0.0,"max_hp_loss":0.0,"gold_gain":0.0,"event_name":"Shining Light","player_choice":"Entered Light","floor":2.0,"gold_loss":0.0,"damage_taken":14.0,"cards_upgraded":["Vigilance","Defend_P"]},{"cards_removed":["Eruption"],"damage_healed":0.0,"max_hp_gain":0.0,"max_hp_loss":0.0,"gold_gain":0.0,"event_name":"Purifier","player_choice":"Purged","floor":5.0,"gold_loss":0.0,"damage_taken":0.0},{"damage_healed":0.0,"max_hp_gain":0.0,"max_hp_loss":0.0,"gold_gain":0.0,"event_name":"Ghosts","player_choice":"Ignored","floor":19.0,"gold_loss":0.0,"damage_taken":0.0},{"damage_healed":0.0,"max_hp_gain":0.0,"max_hp_loss":0.0,"gold_gain":0.0,"event_name":"The Woman in Blue","player_choice":"Bought 0 Potions","floor":20.0,"gold_loss":0.0,"damage_taken":0.0}],"is_beta":false,"boss_relics":[{"not_picked":["ChewingGum","SacredBark"],"picked":"Empty Cage"}],"items_purged_floors":[],"is_endless":false,"potions_floor_spawned":[4,14,18],"killed_by":"Slavers","ascension_level":8}}