{"host":"sav7uxregyirlf69","time":1614009994,"event":{"mods":["AchievementEnabler","BaseMod","Colored Map","DeckTracker","Keyboard Shortcuts","Minty Spire (QoL Compilation)","READ ME - Guardian Mod","StSLib","SuperFastMode"],"gold_per_floor":[112,112,122,197,209,209,224,224,224,242,242,242],"floor_reached":11,"language":"KOR","playtime":178,"items_purged":[],"score":130,"play_id":"735e5ad4-bcd3-4063-87f1-d826b7a87a5e","local_time":"20210223010634","is_ascension_mode":true,"campfire_choices":[{"data":"Cloak And Dagger","floor":6,"key":"SMITH"},{"data":"Noxious Fumes","floor":8,"key":"SMITH"}],"circlet_count":0,"master_deck":["AscendersBane","Strike_G","Strike_G","Strike_G","Strike_G","Strike_G","Defend_G","Defend_G","Defend_G","Defend_G","Survivor","Neutralize","Burst","Noxious Fumes+1","Cloak And Dagger+1","Backflip","Poisoned Stab","Quick Slash"],"relics":["Ring of the Snake"],"acts_visited":["Exordium"],"potions_floor_usage":[11],"damage_taken":[{"damage":2,"enemies":"Small Slimes","floor":1,"turns":5},{"damage":5,"enemies":"2 Louse","floor":3,"turns":5},{"damage":9,"enemies":"Jaw Worm","floor":5,"turns":5},{"damage":12,"enemies":"3 Louse","floor":7,"turns":4},{"damage":3,"enemies":"Large Slime","floor":10,"turns":6},{"damage":31,"enemies":"Gremlin Nob","floor":11,"turns":3}],"seed_played":"6364711246803348912","potions_obtained":[{"floor":7,"key":"BlessingOfTheForge"}],"is_trial":false,"path_per_floor":["M","?","M","?","M","R","M","R","T","M","E"],"character_chosen":"THE_SILENT","items_purchased":[],"campfire_rested":0,"item_purchase_floors":[],"current_hp_per_floor":[57,62,57,46,37,37,25,25,25,22,0,0],"gold":242,"neow_bonus":"TRANSFORM_CARD","is_daily":false,"chose_seed":false,"campfire_upgraded":2,"win_rate":0.0,"timestamp":1614009994,"path_taken":["M","?","M","?","M","R","M","R","T","M","E"],"items_purchased_type":[],"build_version":"2020-12-22","purchased_purges":0,"victory":false,"max_hp_per_floor":[66,71,71,71,71,71,71,71,71,71,71,71],"card_choices":[{"not_picked":["Blade Dance","Poisoned Stab"],"picked":"Noxious Fumes","floor":1},{"not_picked":["Distraction","Reflex"],"picked":"Cloak And Dagger","floor":3},{"not_picked":["Underhanded Strike","Noxious Fumes"],"picked":"Backflip","floor":5},{"not_picked":["Concentrate","Dash"],"picked":"Poisoned Stab","floor":7},{"not_picked":["Backflip","Prepared"],"picked":"Quick Slash","floor":10}],"player_experience":1653927,"relics_obtained":[],"event_choices":[{"damage_healed":0,"gold_gain":0,"player_choice":"Donut","damage_taken":0,"max_hp_gain":5,"max_hp_loss":0,"event_name":"Big Fish","floor":2,"gold_loss":0},{"damage_healed":0,"gold_gain":75,"player_choice":"Gather Gold","damage_taken":11,"max_hp_gain":0,"max_hp_loss":0,"event_name":"World of Goop","floor":4,"gold_loss":0}],"is_beta":false,"boss_relics":[],"items_purged_floors":[],"is_endless":false,"potions_floor_spawned":[7],"killed_by":"Gremlin Nob","ascension_level":20}}