{"host":"ut3qe46kys7sl3ey","time":1614036665,"event":{"mods":["2.2 Compatiblity","AchievementEnabler","Bard","BaseMod","Bestiary","Better Altar","Better Match","Better Note","Better Sensory Stone","Better Skull","Better Third Choice","BetterRewards","Block Reminder","Colored Map","Colored Powertips","Curses Come First","DeckTracker","Downfall","Energized Spire","Friendly Minions","Highlight Path","Hubris","Infinite Spire","Minty Spire (QoL Compilation)","Permanent Neow","Quick Restart","Random Character Button","Relic Sorter","Relic Stats","Reliquary","Replay The Spire","StSLib","The Blue Laboratory","The Bug Knight","The Construct","The Cursed","The Jungle","The Mystic","The Spell Scribe","Unceasing Turn Reminder","Unknown Chances","Wandering Minibosses"],"gold_per_floor":[13,33,51,67,67,111,111,111,111,132,132,59,90,103,103,103,103],"floor_reached":16,"language":"ENG","playtime":1103,"items_purged":[],"score":112,"play_id":"658905f9-09ba-4778-9105-da7248f9fdc7","local_time":"20210223013105","is_ascension_mode":false,"campfire_choices":[{"data":"Mirror Shield","floor":7,"key":"SMITH"},{"data":"Storm","floor":11,"key":"SMITH"},{"floor":15,"key":"REST"}],"circlet_count":0,"master_deck":["Strike_B","Strike_B","Defend_B","Defend_B","Defend_B","Defend_B","Zap","Dualcast","Mirror Shield+1","Stack","ReplaySolidLightProjector+1","Darkness","Redo","Leap","Storm+1","ReplayTheSpireMod:Calculation Training","Turbo","Redo"],"relics":["Cracked Core","Golden Idol","construct:BoolHorns","Snack Pack","hubris:TenFootPole","Prayer Wheel"],"acts_visited":["Exordium"],"potions_floor_usage":[],"damage_taken":[{"damage":0,"enemies":"Cultist","floor":1,"turns":4},{"damage":0,"enemies":"2 Louse","floor":2,"turns":3},{"damage":6,"enemies":"Jaw Worm","floor":3,"turns":4},{"damage":3,"enemies":"Large Slime","floor":4,"turns":7},{"damage":6,"enemies":"Replay:BlueRogue","floor":6,"turns":5},{"damage":3,"enemies":"Gremlin Gang","floor":10,"turns":4},{"damage":15,"enemies":"Lagavulin","floor":13,"turns":6},{"damage":11,"enemies":"Looter","floor":14,"turns":7},{"damage":36,"enemies":"Slime Boss","floor":16,"turns":10}],"seed_played":"-4693517065573612024","potions_obtained":[{"floor":1,"key":"blueLaboratory:BottleOfRum"},{"floor":10,"key":"blueLaboratory:TrueEctoplasm"},{"floor":13,"key":"blueLaboratory:PyrophylliteBrew"}],"is_trial":false,"path_per_floor":["M","M","M","M","?","E","R","?","T","M","R","$","E","M","R_BF","B"],"character_chosen":"DEFECT","items_purchased":["ReplayTheSpireMod:Calculation Training"],"campfire_rested":1,"item_purchase_floors":[12],"current_hp_per_floor":[75,75,69,66,48,42,42,42,42,39,39,39,24,13,35,0,0],"gold":103,"neow_bonus":"TRANSFORM_TWO_CARDS","is_daily":false,"chose_seed":false,"campfire_upgraded":2,"win_rate":0.0,"timestamp":1614036665,"path_taken":["M","M","M","?","?","E","R","?","T","M","R","?","E","M","R_BF","BOSS"],"items_purchased_type":["Card"],"build_version":"2020-12-22","purchased_purges":0,"victory":false,"max_hp_per_floor":[75,75,75,75,75,75,75,75,75,75,75,75,75,75,75,75,75],"relic_stats":{"counters":[9,50],"Golden Idol":22,"Prayer Wheel":1,"obtain_stats":[{"construct:BoolHorns":6,"Golden Idol":5,"Prayer Wheel":14,"Snack Pack":9,"hubris:TenFootPole":13,"Cracked Core":0},{"construct:BoolHorns":5,"Golden Idol":4,"Prayer Wheel":8,"Snack Pack":5,"hubris:TenFootPole":7,"Cracked Core":0},{"construct:BoolHorns":23,"Golden Idol":18,"Prayer Wheel":37,"Snack Pack":23,"hubris:TenFootPole":33,"Cracked Core":0}]},"card_choices":[{"not_picked":["Hologram","ReplayTheSpireMod:Repulse"],"picked":"ReplaySolidLightProjector","floor":1},{"not_picked":["Compile Driver","Coolheaded"],"picked":"Darkness","floor":2},{"not_picked":["Coolheaded","Stack","Undo"],"picked":"SKIP","floor":3},{"not_picked":["Conserve Battery","Biased Cognition"],"picked":"Redo","floor":4},{"not_picked":["Conserve Battery","Go for the Eyes"],"picked":"Leap","floor":6},{"not_picked":["Ball Lightning","BasicCrystalCard"],"picked":"Storm","floor":10},{"not_picked":["Streamline","Beam Cell"],"picked":"ReplayTheSpireMod:Fabricate Wheel","floor":13},{"not_picked":["Streamline","Barrage"],"picked":"Turbo","floor":14},{"not_picked":["Hologram","Gash"],"picked":"Redo","floor":14}],"player_experience":216912,"relics_obtained":[{"floor":6,"key":"construct:BoolHorns"},{"floor":9,"key":"Snack Pack"},{"floor":13,"key":"hubris:TenFootPole"}],"event_choices":[{"damage_healed":0,"gold_gain":0,"player_choice":"Take Damage","damage_taken":18,"relics_obtained":["Golden Idol"],"max_hp_gain":0,"max_hp_loss":0,"event_name":"Golden Idol","floor":5,"gold_loss":0}],"is_beta":false,"boss_relics":[],"items_purged_floors":[],"is_endless":false,"potions_floor_spawned":[1,10,13],"killed_by":"Slime Boss","ascension_level":0}}