{"host":"sav7uxregyirlf69","time":1614006276,"event":{"mods":["AchievementEnabler","BaseMod","Colored Map","DeckTracker","Keyboard Shortcuts","Minty Spire (QoL Compilation)","READ ME - Guardian Mod","StSLib","SuperFastMode"],"gold_per_floor":[119,135,146,71,82,82,101,26,26,52,64,106,118,130,142,154,154],"floor_reached":16,"language":"KOR","playtime":179,"items_purged":["Strike_G"],"score":220,"play_id":"45076bfd-ceaf-487d-9145-af0f087c14bf","local_time":"20210223000436","is_ascension_mode":true,"campfire_choices":[{"data":"Dagger Spray","floor":6.0,"key":"SMITH"},{"data":"Neutralize","floor":11.0,"key":"SMITH"},{"floor":15,"key":"REST"}],"circlet_count":0,"master_deck":["AscendersBane","Strike_G","Strike_G","Strike_G","Strike_G","Defend_G","Defend_G","Defend_G","Defend_G","Survivor","Neutralize+1","Dagger Spray+1","Blade Dance","Blur","Footwork+1"],"relics":["Ring of the Snake","NeowsBlessing","Frozen Egg 2","MawBank","Peace Pipe"],"acts_visited":["Exordium"],"potions_floor_usage":[12],"damage_taken":[{"damage":0.0,"enemies":"Cultist","floor":1.0,"turns":1.0},{"damage":0.0,"enemies":"Jaw Worm","floor":2.0,"turns":1.0},{"damage":0.0,"enemies":"Small Slimes","floor":3.0,"turns":1.0},{"damage":7.0,"enemies":"3 Louse","floor":5.0,"turns":4.0},{"damage":1.0,"enemies":"2 Fungi Beasts","floor":7.0,"turns":2.0},{"damage":7.0,"enemies":"3 Sentries","floor":10.0,"turns":4.0},{"damage":43,"enemies":"Gremlin Nob","floor":12,"turns":5},{"damage":22,"enemies":"Hexaghost","floor":16,"turns":9}],"seed_played":"3790060942628452890","potions_obtained":[{"floor":5.0,"key":"DuplicationPotion"},{"floor":10.0,"key":"Weak Potion"}],"is_trial":false,"path_per_floor":["M","M","M","$","M","R","M","?","T","E","R","E","?","?","R","B"],"character_chosen":"THE_SILENT","items_purchased":[],"campfire_rested":1,"item_purchase_floors":[],"current_hp_per_floor":[59,59,59,59,52,52,51,51,51,44,44,1,1,1,20,0,0],"gold":154,"neow_bonus":"THREE_ENEMY_KILL","is_daily":false,"chose_seed":false,"campfire_upgraded":2,"win_rate":0.0,"timestamp":1614006276,"path_taken":["M","M","?","$","M","R","M","?","T","E","R","E","?","?","R","BOSS"],"items_purchased_type":[],"build_version":"2020-12-22","purchased_purges":1,"victory":false,"max_hp_per_floor":[66,66,66,66,66,66,66,66,66,66,66,66,66,66,66,66,66],"card_choices":[{"not_picked":["Acrobatics","Dodge and Roll","Setup"],"picked":"SKIP","floor":1.0},{"not_picked":["All Out Attack","Backflip"],"picked":"Dagger Spray","floor":2.0},{"not_picked":["Acrobatics","Underhanded Strike"],"picked":"Blade Dance","floor":3.0},{"not_picked":["Dodge and Roll","Bane","Backflip"],"picked":"SKIP","floor":5.0},{"not_picked":["Bane","Slice","Calculated Gamble"],"picked":"SKIP","floor":7.0},{"not_picked":["Dagger Throw","Backflip"],"picked":"Blur","floor":10.0},{"not_picked":["A Thousand Cuts+1","Slice"],"picked":"Footwork+1","floor":12}],"player_experience":1650521,"relics_obtained":[{"floor":9.0,"key":"Frozen Egg 2"},{"floor":10.0,"key":"MawBank"},{"floor":12,"key":"Peace Pipe"}],"event_choices":[{"cards_removed":["Defend_G"],"damage_healed":0.0,"max_hp_gain":0.0,"max_hp_loss":0.0,"gold_gain":0.0,"event_name":"The Cleric","player_choice":"Card Removal","floor":8.0,"gold_loss":75.0,"damage_taken":0.0},{"damage_healed":0,"gold_gain":0,"player_choice":"Searched \u00270\u0027 times","damage_taken":0,"max_hp_gain":0,"max_hp_loss":0,"event_name":"Dead Adventurer","floor":13,"gold_loss":0},{"damage_healed":0,"gold_gain":0,"player_choice":"Ignored","damage_taken":0,"max_hp_gain":0,"max_hp_loss":0,"event_name":"Shining Light","floor":14,"gold_loss":0}],"is_beta":false,"boss_relics":[],"items_purged_floors":[4],"is_endless":false,"potions_floor_spawned":[5,10],"killed_by":"Hexaghost","ascension_level":20}}