{"host":"96dqtlax74dz00hw","time":1614028086,"event":{"mods":["Bard","BaseMod","Better Altar","ChefMod","Colored Powertips","Downfall","Hermit","Minty Spire (QoL Compilation)","Permanent Neow","Rare Cards Sparkle","StSLib","The Cursed","The Disciple","The Edgeheg","The IronCluck","The Problem Sleuth"],"gold_per_floor":[11,11,25,41,64,102,102,117,164,164,164,12,12,28,28,28,28],"floor_reached":16,"language":"ENG","playtime":909,"items_purged":[],"score":102,"play_id":"ca106958-ff56-41bd-a863-6f15f0e48c47","local_time":"20210222130806","is_ascension_mode":false,"campfire_choices":[{"data":"hermit:FullyLoaded","floor":7,"key":"SMITH"},{"data":"hermit:Showdown","floor":10,"key":"SMITH"},{"data":"hermit:Showdown","floor":13,"key":"SMITH"},{"data":"hermit:FlashPowder","floor":15,"key":"SMITH"}],"circlet_count":0,"master_deck":["hermit:Strike_Hermit","hermit:Strike_Hermit","hermit:Strike_Hermit","hermit:Defend_Hermit","hermit:Defend_Hermit","hermit:Defend_Hermit","hermit:Snapshot","hermit:Covet","hermit:FullyLoaded+1","hermit:Deadeye","hermit:Vantage","Injury","hermit:Headshot","hermit:Showdown+1","hermit:Showdown+1","hermit:FlashPowder+1","Regret"],"relics":["hermit:Momento","Golden Idol","Blood Vial","Tiny Chest","Blue Candle","Medical Kit"],"acts_visited":["Exordium"],"potions_floor_usage":[6,16,16],"damage_taken":[{"damage":0,"enemies":"2 Louse","floor":1,"turns":2},{"damage":3,"enemies":"Small Slimes","floor":3,"turns":3},{"damage":1,"enemies":"Jaw Worm","floor":4,"turns":2},{"damage":13,"enemies":"Red Slaver","floor":5,"turns":3},{"damage":19,"enemies":"Lagavulin","floor":6,"turns":5},{"damage":3,"enemies":"3 Louse","floor":8,"turns":4},{"damage":10,"enemies":"Looter","floor":14,"turns":2},{"damage":41,"enemies":"Slime Boss","floor":16,"turns":6}],"seed_played":"-8562565664082234428","potions_obtained":[{"floor":5,"key":"PowerPotion"},{"floor":6,"key":"champ:CounterPotion"},{"floor":14,"key":"SteroidPotion"}],"is_trial":false,"path_per_floor":["M","?","M","M","M","E","R","M","T","R","?","$","R","M","R","B"],"character_chosen":"HERMIT","items_purchased":["Medical Kit"],"campfire_rested":0,"item_purchase_floors":[12],"current_hp_per_floor":[75,75,72,71,58,39,39,38,38,38,38,38,38,30,30,0,0],"gold":28,"neow_bonus":"TRANSFORM_TWO_CARDS","is_daily":false,"chose_seed":false,"campfire_upgraded":4,"win_rate":0.0,"timestamp":1614028086,"path_taken":["M","?","M","M","M","E","R","M","T","R","?","$","R","M","R","BOSS"],"items_purchased_type":["Relic"],"build_version":"2020-12-22","purchased_purges":0,"victory":false,"max_hp_per_floor":[75,75,75,75,75,75,75,75,75,75,75,75,75,75,75,75,75],"card_choices":[{"not_picked":["hermit:LowProfile","hermit:PistolWhip"],"picked":"hermit:Vantage","floor":1},{"not_picked":["hermit:LowProfile","hermit:Malice"],"picked":"hermit:Headshot","floor":3},{"not_picked":["hermit:LuckOfTheDraw","hermit:Ricochet"],"picked":"hermit:Showdown","floor":4},{"not_picked":["hermit:Gestalt","hermit:ItchyTrigger"],"picked":"hermit:Showdown","floor":5},{"not_picked":["hermit:Dive","hermit:BigShot","hermit:TakeAim"],"picked":"SKIP","floor":6},{"not_picked":["hermit:HoleUp","hermit:NoHoldsBarred"],"picked":"hermit:FlashPowder","floor":8},{"not_picked":["hermit:Desperado","hermit:BigShot","hermit:Snipe"],"picked":"SKIP","floor":14}],"player_experience":926043,"relics_obtained":[{"floor":6,"key":"Blood Vial"},{"floor":9,"key":"Tiny Chest"}],"event_choices":[{"damage_healed":0,"gold_gain":0,"player_choice":"Take Wound","damage_taken":0,"relics_obtained":["Golden Idol"],"max_hp_gain":0,"max_hp_loss":0,"event_name":"Golden Idol","floor":2,"gold_loss":0,"cards_obtained":["Injury"]},{"damage_healed":0,"gold_gain":0,"player_choice":"Box","damage_taken":0,"relics_obtained":["Blue Candle"],"max_hp_gain":0,"max_hp_loss":0,"event_name":"Big Fish","floor":11,"gold_loss":0,"cards_obtained":["Regret"]}],"is_beta":false,"boss_relics":[],"items_purged_floors":[],"is_endless":false,"potions_floor_spawned":[5,6,14],"killed_by":"Slime Boss","ascension_level":0}}