{"host":"zwfzlkwql9nyrw94","time":1614037282,"event":{"mods":["AchievementEnabler","BaseMod","Colored Map","Grow up Mod","Highlight Path","Minty Spire (QoL Compilation)","Remove Card Discount Mod"],"gold_per_floor":[18,18,0,0,16,16,16,35,81,81,81,122,42,60,60,181,181,201,216,216,240,263,299,299,122,122,156,187,35,56,87,87,217,217,236,236,259,19,19,57,57,80,106,119,142,176,176,214,214,214,214,214,65,99,99],"floor_reached":56,"language":"ENG","playtime":2911,"items_purged":["Strike_G","Strike_G","Defend_G","Defend_G","Defend_G","Strike_G","Defend_G","Strike_G","Defend_G","Strike_G","Survivor+1","Night Terror+1","Blur+1"],"score":1630,"play_id":"8bf82879-7f90-4cb7-aad4-f22d1b396128","local_time":"20210222174122","is_ascension_mode":true,"campfire_choices":[{"data":"Heel Hook","floor":6,"key":"SMITH"},{"data":"Survivor","floor":10,"key":"SMITH"},{"data":"Terror","floor":15,"key":"SMITH"},{"data":"Night Terror","floor":24,"key":"SMITH"},{"data":"Heel Hook","floor":32,"key":"SMITH"},{"data":"Blind","floor":41,"key":"SMITH"},{"floor":47,"key":"RECALL"}],"circlet_count":0,"master_deck":["Neutralize+1","Sadistic Nature+1","Heel Hook+1","Heel Hook+1","Terror+1","Finisher+1","Panache+1","Blind+1","Panache+1"],"relics":["Ring of the Snake","Golden Idol","Potion Belt","Shuriken","Orichalcum","WristBlade","Ancient Tea Set","Pantograph","Boot","Red Mask","Sling","Bottled Tornado","Coffee Dripper","Bag of Preparation","Thread and Needle","PreservedInsect","Lizard Tail","DollysMirror","Ornamental Fan"],"acts_visited":["Exordium","TheCity","TheBeyond","TheEnding"],"potions_floor_usage":[50,55,55,55,55],"damage_taken":[{"damage":2,"enemies":"Small Slimes","floor":1,"turns":4},{"damage":0,"enemies":"Jaw Worm","floor":5,"turns":2},{"damage":0,"enemies":"Cultist","floor":8,"turns":2},{"damage":36,"enemies":"3 Sentries","floor":12,"turns":7},{"damage":0,"enemies":"Exordium Wildlife","floor":14,"turns":1},{"damage":0,"enemies":"Slime Boss","floor":16,"turns":4},{"damage":0,"enemies":"2 Thieves","floor":18,"turns":1},{"damage":4,"enemies":"3 Byrds","floor":19,"turns":2},{"damage":0,"enemies":"Shelled Parasite and Fungi","floor":21,"turns":1},{"damage":0,"enemies":"Snecko","floor":22,"turns":1},{"damage":5,"enemies":"Slavers","floor":23,"turns":3},{"damage":0,"enemies":"Gremlin Leader","floor":27,"turns":1},{"damage":0,"enemies":"Masked Bandits","floor":28,"turns":1},{"damage":0,"enemies":"Chosen and Byrds","floor":30,"turns":1},{"damage":0,"enemies":"Slavers","floor":31,"turns":1},{"damage":0,"enemies":"Champ","floor":33,"turns":1},{"damage":9,"enemies":"3 Shapes","floor":35,"turns":1},{"damage":0,"enemies":"3 Darklings","floor":37,"turns":1},{"damage":0,"enemies":"Nemesis","floor":40,"turns":1},{"damage":6,"enemies":"4 Shapes","floor":42,"turns":1},{"damage":0,"enemies":"Spire Growth","floor":44,"turns":1},{"damage":0,"enemies":"Jaw Worm Horde","floor":45,"turns":1},{"damage":0,"enemies":"Giant Head","floor":46,"turns":1},{"damage":0,"enemies":"Reptomancer","floor":48,"turns":1},{"damage":6,"enemies":"Time Eater","floor":50,"turns":2},{"damage":0,"enemies":"Shield and Spear","floor":54,"turns":1},{"damage":82,"enemies":"The Heart","floor":55,"turns":5}],"seed_played":"-1904361825722118848","potions_obtained":[{"floor":5,"key":"Strength Potion"},{"floor":14,"key":"Dexterity Potion"},{"floor":19,"key":"Fire Potion"},{"floor":21,"key":"FearPotion"},{"floor":28,"key":"Swift Potion"},{"floor":31,"key":"FearPotion"},{"floor":42,"key":"FearPotion"}],"is_trial":false,"path_per_floor":["M","?","$","?","M","R","?","M","T","R","?","E","$","M","R","B",null,"M","M","?","M","M","E","R","$","T","E","?","$","M","E","R","B",null,"M","?","M","$","?","E","R","M","T","M","M","E","R","E","R","B",null,"R","$","E","B",null],"character_chosen":"THE_SILENT","items_purchased":["Heel Hook","Panache","Sling","Blind","Bag of Preparation","DollysMirror"],"campfire_rested":0,"item_purchase_floors":[13,25,29,38,38,53],"current_hp_per_floor":[88,98,108,118,128,138,113,123,133,143,153,127,137,147,157,167,250,260,266,276,286,296,301,311,321,331,341,351,361,371,381,391,410,420,421,431,441,451,461,471,481,485,495,505,515,525,535,545,555,574,590,600,610,620,548],"gold":99,"neow_bonus":"RANDOM_COLORLESS_2","is_daily":false,"chose_seed":false,"campfire_upgraded":6,"win_rate":0.0,"timestamp":1614037282,"path_taken":["M","?","$","?","?","R","?","M","T","R","?","E","$","M","R","BOSS","M","?","?","M","M","E","R","?","T","E","?","$","M","E","R","BOSS","M","?","?","$","?","E","R","M","T","?","M","E","R","E","R","BOSS","R","$","E","BOSS"],"items_purchased_type":["Card","Card","Relic","Card","Relic","Relic"],"build_version":"2020-12-22","purchased_purges":13,"victory":true,"max_hp_per_floor":[90,100,110,120,130,140,150,160,170,180,190,200,210,220,230,240,250,260,270,280,290,300,310,320,330,340,350,360,370,380,390,400,410,420,430,440,450,460,470,480,490,500,510,520,530,540,550,560,570,580,590,600,610,620,630],"card_choices":[{"not_picked":["The Bomb","Chrysalis"],"picked":"Sadistic Nature","floor":0},{"not_picked":["Cloak And Dagger","Blade Dance"],"picked":"Heel Hook","floor":1},{"not_picked":["Acrobatics","Prepared","Flechettes"],"picked":"SKIP","floor":5},{"not_picked":["Cloak And Dagger","Blade Dance","Flying Knee"],"picked":"SKIP","floor":8},{"not_picked":["Skewer","Dodge and Roll","Underhanded Strike"],"picked":"SKIP","floor":12},{"not_picked":["Flechettes","Prepared"],"picked":"Terror","floor":14},{"not_picked":["Tools of the Trade","Unload"],"picked":"Night Terror","floor":16},{"not_picked":["Blade Dance","Crippling Poison","Cloak And Dagger"],"picked":"SKIP","floor":18},{"not_picked":["All Out Attack","Reflex","Quick Slash+1"],"picked":"SKIP","floor":19},{"not_picked":["Blade Dance","Poisoned Stab+1","Well Laid Plans"],"picked":"SKIP","floor":21},{"not_picked":["Prepared","Bane"],"picked":"Finisher+1","floor":22},{"not_picked":["Outmaneuver","Infinite Blades+1","Predator"],"picked":"SKIP","floor":23},{"not_picked":["Bane","Slice","Flying Knee"],"picked":"SKIP","floor":27},{"not_picked":["Deadly Poison","Crippling Poison","Choke+1"],"picked":"SKIP","floor":30},{"not_picked":["Catalyst+1","Endless Agony","Backstab"],"picked":"SKIP","floor":31},{"not_picked":["Well Laid Plans","Masterful Stab+1","Deflect+1"],"picked":"SKIP","floor":35},{"not_picked":["Sucker Punch","Distraction","Bane"],"picked":"SKIP","floor":37},{"not_picked":["Acrobatics+1","Dash","Sucker Punch+1"],"picked":"SKIP","floor":40},{"not_picked":["Backflip","Outmaneuver","Backstab"],"picked":"SKIP","floor":42},{"not_picked":["Expertise+1","Underhanded Strike+1","Riddle With Holes+1"],"picked":"SKIP","floor":44},{"not_picked":["Outmaneuver+1","Riddle With Holes","Underhanded Strike+1"],"picked":"SKIP","floor":45},{"not_picked":["Bane+1","Endless Agony+1"],"picked":"Blur+1","floor":46},{"not_picked":["Predator+1","Well Laid Plans+1","Finisher"],"picked":"SKIP","floor":48},{"not_picked":["Infinite Blades+1","Underhanded Strike+1","Dodge and Roll"],"picked":"SKIP","floor":54}],"player_experience":179585,"relics_obtained":[{"floor":9,"key":"Potion Belt"},{"floor":12,"key":"Orichalcum"},{"floor":23,"key":"Ancient Tea Set"},{"floor":26,"key":"Pantograph"},{"floor":27,"key":"Boot"},{"floor":28,"key":"Red Mask"},{"floor":31,"key":"Bottled Tornado"},{"floor":40,"key":"Thread and Needle"},{"floor":46,"key":"PreservedInsect"},{"floor":48,"key":"Lizard Tail"},{"floor":54,"key":"Ornamental Fan"}],"event_choices":[{"damage_healed":0,"gold_gain":0,"player_choice":"Grow","damage_taken":0,"max_hp_gain":0,"max_hp_loss":0,"event_name":"Living Wall","floor":2,"gold_loss":0,"cards_upgraded":["Neutralize"]},{"damage_healed":0,"gold_gain":0,"player_choice":"Forge","damage_taken":0,"max_hp_gain":0,"max_hp_loss":0,"event_name":"Accursed Blacksmith","floor":4,"gold_loss":0,"cards_upgraded":["Sadistic Nature"]},{"damage_healed":0,"gold_gain":0,"player_choice":"Take Damage","damage_taken":35,"relics_obtained":["Golden Idol"],"max_hp_gain":0,"max_hp_loss":0,"event_name":"Golden Idol","floor":7,"gold_loss":0},{"damage_healed":0,"gold_gain":0,"player_choice":"Gave Potion","damage_taken":0,"relics_obtained":["Shuriken"],"max_hp_gain":0,"max_hp_loss":0,"event_name":"WeMeetAgain","floor":11,"gold_loss":0},{"damage_healed":0,"gold_gain":0,"player_choice":"Ignored","damage_taken":0,"max_hp_gain":0,"max_hp_loss":0,"event_name":"NoteForYourself","floor":20,"gold_loss":0},{"damage_healed":0,"gold_gain":0,"player_choice":"Fought Bandits","damage_taken":0,"max_hp_gain":0,"max_hp_loss":0,"event_name":"Masked Bandits","floor":28,"gold_loss":0},{"damage_healed":0,"gold_gain":0,"player_choice":"Upgraded","damage_taken":0,"max_hp_gain":0,"max_hp_loss":0,"event_name":"Upgrade Shrine","floor":36,"gold_loss":0,"cards_upgraded":["Panache"]},{"damage_healed":0,"gold_gain":0,"player_choice":"0 cards matched","damage_taken":0,"max_hp_gain":0,"max_hp_loss":0,"event_name":"Match and Keep!","floor":39,"gold_loss":0,"cards_obtained":[]},{"damage_healed":0,"gold_gain":0,"player_choice":"0 cards matched","damage_taken":0,"max_hp_gain":0,"max_hp_loss":0,"event_name":"Match and Keep!","floor":39,"gold_loss":0,"cards_obtained":[]}],"is_beta":false,"boss_relics":[{"not_picked":["Runic Dome","Calling Bell"],"picked":"WristBlade"},{"not_picked":["Sozu","Runic Pyramid"],"picked":"Coffee Dripper"}],"items_purged_floors":[3,3,3,3,3,3,3,3,3,13,25,25,53],"is_endless":false,"potions_floor_spawned":[5,14,19,21,28,31,33,35,42,45,48],"ascension_level":1}}