{"host":"f5n4tidiz2n5sooh","time":1614002168,"event":{"mods":["BaseMod","Colored Map","Minty Spire (QoL Compilation)","Relic Stats","StSLib"],"gold_per_floor":[109,120,135,135,153,153,21,21,21],"floor_reached":8,"language":"ENG","playtime":285,"items_purged":["Strike_G"],"score":96,"play_id":"b1a55f2f-1218-47cf-850e-acfe8dbffa47","local_time":"20210222075608","is_ascension_mode":true,"campfire_choices":[],"circlet_count":0,"master_deck":["AscendersBane","Strike_G","Strike_G","Strike_G","Defend_G","Defend_G","Defend_G","Defend_G","Defend_G","Survivor","Neutralize","Night Terror","Dagger Throw","Quick Slash","Endless Agony","Night Terror"],"relics":["Ring of the Snake"],"acts_visited":["Exordium"],"potions_floor_usage":[8],"damage_taken":[{"damage":2,"enemies":"Cultist","floor":1,"turns":5},{"damage":5,"enemies":"2 Louse","floor":2,"turns":5},{"damage":5,"enemies":"Small Slimes","floor":3,"turns":4},{"damage":9,"enemies":"Red Slaver","floor":5,"turns":5},{"damage":45,"enemies":"Gremlin Nob","floor":8,"turns":4}],"seed_played":"-1073270734292761538","potions_obtained":[],"is_trial":false,"path_per_floor":["M","M","M","?","M","?","$","E"],"character_chosen":"THE_SILENT","items_purchased":["Fire Potion"],"campfire_rested":0,"item_purchase_floors":[7],"current_hp_per_floor":[57,52,47,47,38,43,43,0,0],"gold":21,"neow_bonus":"ONE_RANDOM_RARE_CARD","is_daily":false,"chose_seed":false,"campfire_upgraded":0,"win_rate":0.0,"timestamp":1614002168,"path_taken":["M","M","M","?","M","?","$","E"],"items_purchased_type":["Potion"],"build_version":"2020-12-22","purchased_purges":1,"victory":false,"max_hp_per_floor":[66,66,66,66,66,71,71,71,71],"relic_stats":{"counters":[5,23],"obtain_stats":[{"Ring of the Snake":0},{"Ring of the Snake":0},{"Ring of the Snake":0}],"Ring of the Snake":[10]},"card_choices":[{"not_picked":["Slice","Prepared"],"picked":"Dagger Throw","floor":1},{"not_picked":["Backflip","Dodge and Roll"],"picked":"Quick Slash","floor":2},{"not_picked":["Sucker Punch","Accuracy"],"picked":"Endless Agony","floor":3},{"not_picked":["Deadly Poison","Outmaneuver","Infinite Blades"],"picked":"SKIP","floor":5}],"player_experience":2076034,"relics_obtained":[],"event_choices":[{"damage_healed":0,"gold_gain":0,"cards_transformed":["Strike_G"],"player_choice":"Change","damage_taken":0,"max_hp_gain":0,"max_hp_loss":0,"event_name":"Living Wall","floor":4,"gold_loss":0,"cards_obtained":["Night Terror"]},{"damage_healed":0,"gold_gain":0,"player_choice":"Donut","damage_taken":0,"max_hp_gain":5,"max_hp_loss":0,"event_name":"Big Fish","floor":6,"gold_loss":0}],"is_beta":false,"boss_relics":[],"items_purged_floors":[7],"is_endless":false,"potions_floor_spawned":[],"killed_by":"Gremlin Nob","ascension_level":20}}