{"host":"oqyakm3e5m4kt4l3","time":1614031758,"event":{"mods":["2.2 Compatiblity","AchievementEnabler","BaseMod","Better Altar","Better Match","Better Note","Better Sensory Stone","Better Skull","Better Third Choice","BetterRewards","Colored Map","Colored Powertips","Minty Spire (QoL Compilation)","Permanent Neow","Quick Restart","Rare Cards Sparkle","Shop Mod","StSLib","Synergy Search"],"gold_per_floor":[112,112,112,124,135,135,164,164,244,278,292,317,328,338,338,338,338],"floor_reached":16,"language":"ENG","playtime":723,"items_purged":[],"score":207,"play_id":"5c2c2773-4105-4f90-81e4-59b08e1007b9","local_time":"20210222170918","is_ascension_mode":true,"campfire_choices":[{"data":"Disarm","floor":6.0,"key":"SMITH"},{"data":"Bash","floor":8.0,"key":"SMITH"},{"data":"Entrench","floor":15,"key":"SMITH"}],"circlet_count":0,"master_deck":["AscendersBane","Strike_R","Strike_R","Strike_R","Strike_R","Strike_R","Defend_R","Defend_R","Defend_R","Defend_R","Bash+1","Headbutt","Disarm+1","Cleave","Entrench+1","Body Slam","Havoc","Clash","Exhume","Warcry"],"relics":["Burning Blood","NeowsBlessing","Anchor","PreservedInsect","White Beast Statue","Orichalcum","Strawberry"],"acts_visited":["Exordium"],"potions_floor_usage":[12,12,13,14,16],"damage_taken":[{"damage":0.0,"enemies":"2 Louse","floor":1.0,"turns":1.0},{"damage":0.0,"enemies":"Small Slimes","floor":4.0,"turns":1.0},{"damage":0.0,"enemies":"Cultist","floor":5.0,"turns":2.0},{"damage":55.0,"enemies":"3 Sentries","floor":7.0,"turns":10.0},{"damage":28.0,"enemies":"Lagavulin","floor":10.0,"turns":9.0},{"damage":0,"enemies":"Gremlin Gang","floor":11,"turns":2},{"damage":10,"enemies":"3 Sentries","floor":12,"turns":4},{"damage":0,"enemies":"Looter","floor":13,"turns":2},{"damage":1,"enemies":"Red Slaver","floor":14,"turns":3},{"damage":53,"enemies":"The Guardian","floor":16,"turns":16}],"seed_played":"-3392167529562515992","potions_obtained":[{"floor":1.0,"key":"Dexterity Potion"},{"floor":4.0,"key":"DistilledChaos"},{"floor":5.0,"key":"BloodPotion"},{"floor":10.0,"key":"ColorlessPotion"},{"floor":11,"key":"Swift Potion"},{"floor":12,"key":"Fire Potion"},{"floor":13,"key":"Weak Potion"},{"floor":14,"key":"AttackPotion"}],"is_trial":false,"path_per_floor":["M","?","?","M","M","R","E","R","T","E","M","E","M","M","R","B"],"character_chosen":"IRONCLAD","items_purchased":[],"campfire_rested":0,"item_purchase_floors":[],"current_hp_per_floor":[74,74,74,75,75,75,26,26,26,19,25,28,34,39,39,0,0],"gold":338,"neow_bonus":"THREE_ENEMY_KILL","is_daily":false,"chose_seed":false,"campfire_upgraded":3,"win_rate":0.0,"timestamp":1614031758,"path_taken":["M","?","?","M","?","R","E","R","T","E","M","E","M","M","R","BOSS"],"items_purchased_type":[],"build_version":"2020-12-22","purchased_purges":0,"victory":false,"max_hp_per_floor":[75,75,75,75,75,75,75,75,75,75,75,82,82,82,82,82,82],"card_choices":[{"not_picked":["Metallicize","Body Slam"],"picked":"Headbutt","floor":1.0},{"not_picked":["Warcry","Pummel"],"picked":"Disarm","floor":4.0},{"not_picked":["True Grit","Dual Wield"],"picked":"Cleave","floor":5.0},{"not_picked":["Dark Embrace","Headbutt"],"picked":"Entrench","floor":7.0},{"not_picked":["Brutality","Clothesline"],"picked":"Body Slam","floor":10.0},{"not_picked":["Twin Strike","Sword Boomerang"],"picked":"Havoc","floor":11},{"not_picked":["Body Slam","Blood for Blood"],"picked":"Clash","floor":12},{"not_picked":["Clothesline","Power Through"],"picked":"Exhume","floor":13},{"not_picked":["Body Slam","Perfected Strike"],"picked":"Warcry","floor":14}],"player_experience":568073,"relics_obtained":[{"floor":7.0,"key":"PreservedInsect"},{"floor":9.0,"key":"White Beast Statue"},{"floor":10.0,"key":"Orichalcum"},{"floor":12,"key":"Strawberry"}],"event_choices":[{"damage_healed":74.0,"max_hp_gain":0.0,"max_hp_loss":75.0,"gold_gain":0.0,"event_name":"betterThird:BetterShining","player_choice":"Embrace Burn","floor":2.0,"gold_loss":0.0,"damage_taken":0.0},{"cards_removed":["Burn"],"damage_healed":0.0,"max_hp_gain":0.0,"max_hp_loss":0.0,"gold_gain":0.0,"event_name":"WeMeetAgain","player_choice":"Gave Card","floor":3.0,"gold_loss":0.0,"damage_taken":0.0,"relics_obtained":["Anchor"]}],"is_beta":false,"boss_relics":[],"items_purged_floors":[],"is_endless":false,"potions_floor_spawned":[1,4,5,10,11,12,13,14],"killed_by":"The Guardian","ascension_level":14}}