{"host":"7eytxr1oawi6r5nr","time":1614009722,"event":{"mods":["Act Like it!","BaseMod","Better Third Choice","Curses Come First","Dark Map","Hermit","Hubris","Ironclad Rager","Minty Spire (QoL Compilation)","Permanent Neow","Quick Restart","Rare Cards Sparkle","Relic Filter Mod","Reliquary","Replay The Spire","Ruina","StSLib","The Cursed","The Disciple","The Forsaken","The IronCluck","The Runesmith","The Servant 0.9.4","Wide Potions"],"gold_per_floor":[110,126,144,144,157,186,186,206,206,206,206,131,141,141,141,246,246,260,138,151,170,187,187,187,187,259,282,282,282,88,101,101,101,101],"floor_reached":33,"language":"ENG","playtime":3089,"items_purged":["Strike_R","Pain","Writhe"],"score":334,"play_id":"03ffaf96-0434-46b8-81a0-4f91eef0f537","local_time":"20210222160202","is_ascension_mode":true,"campfire_choices":[{"floor":7.0,"key":"REST"},{"data":"Disarm","floor":11.0,"key":"SMITH"},{"floor":15.0,"key":"RECALL"},{"data":"Hemogenesis","floor":23.0,"key":"SMITH"},{"data":"Metallicize","floor":28.0,"key":"SMITH"},{"data":"ReplayReversal","floor":32,"key":"SMITH"}],"circlet_count":0,"master_deck":["Strike_R","Strike_R","Strike_R","Strike_R","Defend_R","Defend_R","Defend_R","Defend_R","Bash","Uppercut","Carnage","Sword Boomerang","Hemokinesis","Battle Trance","Disarm+1","Metallicize+1","Burning Pact","Feed","Sickly","ReplayTheSpireMod:Doomed","SwitchThreat","ReplayTheSpireMod:Muscle Training","Shrug It Off","Hemogenesis+1","ReplayTheSpireMod:Stacked+1","Dark Embrace","ReplayReversal+1"],"relics":["Burning Blood","Durian","Question Card","Thread and Needle","WarpedTongs","Replay:Ancient Bell","Red Skull","Ornamental Fan","hubris:BundleOfHerbs","hubris:Icosahedron","ruina:Goodbye","Pear"],"acts_visited":["Exordium","Exordium"],"potions_floor_usage":[],"damage_taken":[{"damage":10.0,"enemies":"Cultist","floor":1.0,"turns":5.0},{"damage":0.0,"enemies":"2 Louse","floor":2.0,"turns":4.0},{"damage":7.0,"enemies":"Jaw Worm","floor":3.0,"turns":2.0},{"damage":14.0,"enemies":"3 Louse","floor":5.0,"turns":3.0},{"damage":37.0,"enemies":"3 Sentries","floor":6.0,"turns":8.0},{"damage":5.0,"enemies":"Blue Slaver","floor":8.0,"turns":2.0},{"damage":0.0,"enemies":"Large Slime","floor":13.0,"turns":5.0},{"damage":22.0,"enemies":"The Guardian","floor":16.0,"turns":12.0},{"damage":17.0,"enemies":"ruina:BadWolf","floor":18.0,"turns":6.0},{"damage":27.0,"enemies":"ruina:Nosferatu","floor":20.0,"turns":8.0},{"damage":26.0,"enemies":"ruina:KingOfGreed","floor":21.0,"turns":9.0},{"damage":23.0,"enemies":"ruina:QueenOfHate","floor":22.0,"turns":6.0},{"damage":50,"enemies":"ruina:KnightOfDespair","floor":31,"turns":8},{"damage":85,"enemies":"ruina:Red_and_Wolf","floor":33,"turns":15}],"seed_played":"-3831935839288423989","potions_obtained":[{"floor":3.0,"key":"Energy Potion"},{"floor":6.0,"key":"SpeedPotion"},{"floor":8.0,"key":"Fire Potion"},{"floor":18.0,"key":"Regen Potion"},{"floor":21.0,"key":"AttackPotion"}],"is_trial":false,"path_per_floor":["M","M","M","?","M","E","R","M","T","?","R","$","M","?","R","B",null,"M","$","M","M","M","R","?","?","T","T","R","?","$","M","R","B"],"character_chosen":"IRONCLAD","items_purchased":["Shrug It Off","Dark Embrace"],"campfire_rested":1,"item_purchase_floors":[19,30],"current_hp_per_floor":[57,63,62,62,54,23,48,49,49,49,49,49,55,55,55,39,74,63,63,42,37,25,25,25,25,35,35,35,35,35,51,51,0,0],"gold":101,"neow_bonus":"ONE_RARE_RELIC","is_daily":false,"chose_seed":false,"campfire_upgraded":4,"win_rate":0.0,"timestamp":1614009722,"path_taken":["M","M","M","?","M","E","R","M","T","?","R","$","M","?","R","BOSS","M","$","?","M","M","R","?","?","T","?","R","?","?","M","R","BOSS"],"items_purchased_type":["Card","Card"],"build_version":"2020-12-22","purchased_purges":3,"victory":false,"max_hp_per_floor":[85,85,85,85,85,85,85,85,85,85,85,85,85,85,85,85,85,85,85,85,85,85,85,85,85,95,95,95,95,95,95,95,95,95],"card_choices":[{"not_picked":["Anger","Sword Boomerang"],"picked":"Uppercut","floor":1.0},{"not_picked":["Massacre","True Grit"],"picked":"Carnage","floor":2.0},{"not_picked":["ReplayReversal","Pommel Strike"],"picked":"Sword Boomerang","floor":3.0},{"not_picked":["Replay:Undeath\u0027s Touch","Wild Strike"],"picked":"Battle Trance","floor":5.0},{"not_picked":["Replay:Undeath\u0027s Touch","Seeing Red"],"picked":"Disarm","floor":6.0},{"not_picked":["Wild Strike","Burning Pact","Cleave"],"picked":"Metallicize","floor":8.0},{"not_picked":["Thunderclap","Sword Boomerang","Combust"],"picked":"Burning Pact","floor":13.0},{"not_picked":["Double Tap","Barricade","Limit Break"],"picked":"Feed","floor":16.0},{"not_picked":["CurseOfTheBell","theForsaken:PlagueCurse","Overencumbered"],"picked":"Sickly","floor":17.0},{"not_picked":["Languid","Sickly","Overencumbered"],"picked":"ReplayTheSpireMod:Doomed","floor":17.0},{"not_picked":["hubris:Sloth","Amnesia","hubris:Lust"],"picked":"SwitchThreat","floor":17.0},{"not_picked":["Clothesline","ReplayTheSpireMod:Strike From Hell+1","Armaments+1"],"picked":"ReplayTheSpireMod:Muscle Training","floor":18.0},{"not_picked":["Wild Strike+1","Body Slam","Rampage","Heavy Blade+1"],"picked":"SKIP","floor":20.0},{"not_picked":["Anger","Fire Breathing+1","Replay:Undeath\u0027s Touch"],"picked":"Hemogenesis","floor":21.0},{"not_picked":["Body Slam","Replay:Undeath\u0027s Touch","Anger"],"picked":"ReplayTheSpireMod:Stacked+1","floor":22.0},{"not_picked":["Pommel Strike","Entrench+1","Thunderclap"],"picked":"ReplayReversal","floor":31}],"player_experience":200503,"relics_obtained":[{"floor":6.0,"key":"Question Card"},{"floor":9.0,"key":"Thread and Needle"},{"floor":26.0,"key":"Pear"}],"event_choices":[{"damage_healed":0.0,"max_hp_gain":0.0,"max_hp_loss":0.0,"gold_gain":0.0,"event_name":"Accursed Blacksmith","player_choice":"Rummage","floor":14.0,"gold_loss":0.0,"damage_taken":0.0,"relics_obtained":["WarpedTongs"],"cards_obtained":["Pain"]}],"is_beta":false,"boss_relics":[{"not_picked":["reliquary:KinkedSpring","hubris:RunicObelisk"],"picked":"Replay:Ancient Bell"},{"not_picked":["reliquary:WeakTea","hubris:SlimyHat"],"picked":"Red Skull"},{"not_picked":["reliquary:NewFriend","Shuriken"],"picked":"Ornamental Fan"},{"not_picked":["Unceasing Top","Replay:Multitool"],"picked":"hubris:BundleOfHerbs"}],"items_purged_floors":[12,19,30],"is_endless":false,"potions_floor_spawned":[3,6,8,18,21],"killed_by":"ruina:Red_and_Wolf","ascension_level":5}}