{"host":"f2zkc2gsfwbibc34","time":1614024395,"event":{"mods":["AchievementEnabler","BaseMod","Better Note","Colored Map","Colored Powertips","Defuse TimeMaze Blight","Minty Spire (QoL Compilation)","Permanent Neow","StSLib","SuperFastMode","The Servant 0.9.4"],"gold_per_floor":[119,219,231,2216,1658,1658,1673,1707,1730,1730,1316,1316,1316,791,791,896,896,910,910,533,551,551,551,563,614,614,614,332,48,48,64,64,167,167,180,180,180,80,80,80,91,101,101,116,133,20,70,81,81,81],"floor_reached":51,"language":"ENG","playtime":1179,"items_purged":["Strike_S","Strike_S","Strike_S","Defend_S","Defend_S","Defend_S","Barrier"],"score":1134,"play_id":"836a497f-d077-4cb2-b656-1dce0833e85c","local_time":"20210222210635","is_ascension_mode":true,"campfire_choices":[{"data":"MoonPhase","floor":6,"key":"SMITH"},{"data":"Hightail","floor":10,"key":"SMITH"},{"data":"Revamp","floor":12,"key":"SMITH"},{"data":"MurderousAura","floor":15,"key":"SMITH"},{"data":"MurderousAura","floor":23,"key":"SMITH"},{"data":"Spin","floor":27,"key":"SMITH"},{"data":"KillingDoll","floor":32,"key":"SMITH"},{"data":"Initiator","floor":40,"key":"SMITH"},{"data":"BottledTime","floor":49,"key":"SMITH"}],"circlet_count":0,"master_deck":["KidneyShot","Exchange","SpecialFormula","BottledTime","Revamp+1","TheWorld","MoonPhase+1","Spin+1","Hightail+1","BestPractice","LightFlow","DoubleEdge","BottledTime+1","MurderousAura+1","SpecialFormula","Master of Strategy","MurderousAura+1","Hightail+1","SurpressingFire","SurpressingFire","KillingDoll+1","Sadistic Nature+1","Initiator+1","BottledTime","Rearm+1"],"relics":["Uniform","Incense Burner","Medical Kit","Mummified Hand","Dream Catcher","Membership Card","Darkstone Periapt","Letter Opener","Bag of Preparation","Happy Flower","Orichalcum","Ancient Tea Set","Toolbox","Eternal Feather","ClockworkSouvenir","Sundial","Philosopher\u0027s Stone","Lantern","Vajra","Orrery","Blood Vial","Mercury Hourglass","Ornamental Fan","Bag of Marbles","Blue Candle","Busted Crown","Omamori","Torii"],"acts_visited":["Exordium","TheCity","TheBeyond"],"potions_floor_usage":[3,50,50,50],"damage_taken":[{"damage":7,"enemies":"Jaw Worm","floor":1,"turns":4},{"damage":0,"enemies":"Cultist","floor":3,"turns":4},{"damage":12,"enemies":"Small Slimes","floor":7,"turns":3},{"damage":0,"enemies":"3 Sentries","floor":8,"turns":3},{"damage":0,"enemies":"Hexaghost","floor":16,"turns":5},{"damage":0,"enemies":"2 Thieves","floor":18,"turns":2},{"damage":0,"enemies":"Shell Parasite","floor":21,"turns":3},{"damage":8,"enemies":"Centurion and Healer","floor":24,"turns":2},{"damage":0,"enemies":"Snake Plant","floor":31,"turns":2},{"damage":0,"enemies":"Champ","floor":33,"turns":6},{"damage":0,"enemies":"3 Darklings","floor":35,"turns":1},{"damage":1,"enemies":"3 Shapes","floor":41,"turns":2},{"damage":0,"enemies":"Transient","floor":42,"turns":5},{"damage":0,"enemies":"Writhing Mass","floor":44,"turns":2},{"damage":0,"enemies":"Spire Growth","floor":45,"turns":1},{"damage":0,"enemies":"Mind Bloom Boss Battle","floor":47,"turns":4},{"damage":0,"enemies":"3 Darklings","floor":48,"turns":2},{"damage":0,"enemies":"Awakened One","floor":50,"turns":6}],"seed_played":"-272258916223144399","potions_obtained":[{"floor":1,"key":"Strength Potion"},{"floor":7,"key":"Weak Potion"},{"floor":8,"key":"CultistPotion"},{"floor":22,"key":"AttackPotion"}],"is_trial":false,"path_per_floor":["M","?","M","$","$","R","M","E","T","R","$","R","?","$","R","B",null,"M","?","$","M","?","R","M","T","T","R","$","$","?","M","R","B",null,"M","?","?","$","?","R","M","M","T","M","M","$","?","M","R","B",null],"character_chosen":"THE_SERVANT","items_purchased":["Revamp","Medical Kit","Mummified Hand","Dream Catcher","Membership Card","Darkstone Periapt","Letter Opener","TheWorld","MoonPhase","Spin","Orichalcum","Ancient Tea Set","BestPractice","LightFlow","DoubleEdge","BottledTime","Toolbox","Eternal Feather","MurderousAura","SpecialFormula","Master of Strategy","ClockworkSouvenir","Sundial","Lantern","SurpressingFire","Barrier","Vajra","Orrery","Ornamental Fan","KillingDoll","Bag of Marbles","Sadistic Nature","Blue Candle"],"campfire_rested":0,"item_purchase_floors":[4,4,4,4,5,5,5,5,5,5,11,11,11,11,11,11,11,14,14,14,14,14,14,20,20,20,20,20,28,28,29,29,29],"current_hp_per_floor":[40,40,45,45,45,45,38,43,43,43,43,43,43,43,55,65,65,65,65,65,65,65,65,57,57,57,65,65,65,65,65,65,65,65,65,65,65,65,65,65,65,65,65,65,65,65,65,65,65,65],"gold":81,"neow_bonus":"ONE_RARE_RELIC","is_daily":false,"chose_seed":false,"campfire_upgraded":9,"win_rate":0.0,"timestamp":1614024395,"path_taken":["M","?","M","?","$","R","M","E","T","R","$","R","?","?","R","BOSS","M","?","$","?","?","R","M","?","T","R","?","$","?","M","R","BOSS","M","?","?","$","?","R","?","M","T","M","M","$","?","M","R","BOSS"],"items_purchased_type":["Card","Relic","Relic","Relic","Relic","Relic","Relic","Card","Card","Card","Relic","Relic","Card","Card","Card","Card","Relic","Relic","Card","Card","Card","Relic","Relic","Relic","Card","Card","Relic","Relic","Relic","Card","Relic","Card","Relic"],"build_version":"2020-12-22","purchased_purges":7,"victory":true,"max_hp_per_floor":[65,65,65,65,65,65,65,65,65,65,65,65,65,65,65,65,65,65,65,65,65,65,65,65,65,65,65,65,65,65,65,65,65,65,65,65,65,65,65,65,65,65,65,65,65,65,65,65,65,65],"card_choices":[{"not_picked":["TimeWarp","Revamp"],"picked":"SpecialFormula","floor":1},{"not_picked":["Ricochet","DualDimension"],"picked":"BottledTime","floor":3},{"not_picked":["Deadline","FastForward","Shuttle"],"picked":"SKIP","floor":7},{"not_picked":["Ricochet","Reset"],"picked":"Hightail","floor":8},{"not_picked":["ForgedInTime","Deny"],"picked":"MurderousAura","floor":16},{"not_picked":["Deadline","InstantArmor+1"],"picked":"Hightail+1","floor":18},{"not_picked":["TimeWarp","DancingSilver"],"picked":"SurpressingFire","floor":21},{"not_picked":["TimeTheft","GearUp","Unruled"],"picked":"SKIP","floor":24},{"not_picked":["Gouge","Alleviate","Potential+1"],"picked":"SKIP","floor":31},{"not_picked":["Duplication","Dilation"],"picked":"Initiator","floor":33},{"not_picked":["Foresight"],"picked":"SKIP","floor":35},{"not_picked":["Manipulate"],"picked":"SKIP","floor":41},{"not_picked":["Ricochet"],"picked":"SKIP","floor":42},{"not_picked":[],"picked":"BottledTime","floor":44},{"not_picked":[],"picked":"Rearm+1","floor":45},{"not_picked":["Unruled"],"picked":"SKIP","floor":48}],"player_experience":117143,"relics_obtained":[{"floor":8,"key":"Bag of Preparation"},{"floor":9,"key":"Happy Flower"},{"floor":25,"key":"Blood Vial"},{"floor":26,"key":"Mercury Hourglass"},{"floor":43,"key":"Omamori"},{"floor":47,"key":"Torii"}],"event_choices":[{"damage_healed":0,"gold_gain":100,"player_choice":"Pray","damage_taken":0,"max_hp_gain":0,"max_hp_loss":0,"event_name":"Golden Shrine","floor":2,"gold_loss":0},{"damage_healed":0,"gold_gain":0,"player_choice":"Ignored","damage_taken":0,"max_hp_gain":0,"max_hp_loss":0,"event_name":"Liars Game","floor":13,"gold_loss":0},{"cards_removed":["Defend_S"],"damage_healed":0,"gold_gain":0,"player_choice":"Offered Basic","damage_taken":0,"max_hp_gain":0,"max_hp_loss":0,"event_name":"Bonfire Elementals","floor":19,"gold_loss":0},{"damage_healed":0,"gold_gain":0,"player_choice":"Got Potions","damage_taken":0,"max_hp_gain":0,"max_hp_loss":0,"event_name":"Lab","floor":22,"gold_loss":0},{"damage_healed":0,"gold_gain":0,"player_choice":"Upgraded","damage_taken":0,"max_hp_gain":0,"max_hp_loss":0,"event_name":"Upgrade Shrine","floor":30,"gold_loss":0,"cards_upgraded":["Sadistic Nature"]},{"cards_removed":["Strike_S"],"damage_healed":0,"gold_gain":0,"player_choice":"Removed Attack","damage_taken":0,"max_hp_gain":0,"max_hp_loss":0,"event_name":"Falling","floor":36,"gold_loss":0},{"damage_healed":0,"gold_gain":0,"player_choice":"Memory 1","damage_taken":0,"max_hp_gain":0,"max_hp_loss":0,"event_name":"SensoryStone","floor":37,"gold_loss":0},{"damage_healed":0,"gold_gain":0,"player_choice":"Bought 0 Potions","damage_taken":0,"max_hp_gain":0,"max_hp_loss":0,"event_name":"The Woman in Blue","floor":39,"gold_loss":0},{"damage_healed":0,"gold_gain":0,"player_choice":"Fight","damage_taken":0,"max_hp_gain":0,"max_hp_loss":0,"event_name":"MindBloom","floor":47,"gold_loss":0}],"is_beta":false,"boss_relics":[{"not_picked":["Fusion Hammer","Tiny House"],"picked":"Philosopher\u0027s Stone"},{"not_picked":["Black Star","SacredBark"],"picked":"Busted Crown"}],"items_purged_floors":[4,5,11,20,28,38,46],"is_endless":false,"potions_floor_spawned":[1,7,8,31,44,47],"ascension_level":4}}