{"host":"yx5rao87132cy5xq","time":1614012397,"event":{"mods":["2.2 Compatiblity","AchievementEnabler","BaseMod","Bestiary","Colored Map","Colored Powertips","Highlight Path","Minty Spire (QoL Compilation)","Quick Restart","Relic Stats","Slay-I","SuperFastMode"],"gold_per_floor":[118,132,132,150,162,192,192,192,245,245,210,227,255,255,255,327,327,301,319,319,319,387,387,407,418,418,428,440,470,470,395,395,469,469,487,304,304,329,329,329,329,341,368,368,379,430,430,443,443,443],"floor_reached":51,"language":"ENG","playtime":6366,"items_purged":["Barricade"],"score":1244,"play_id":"d73e983e-30ac-4507-bc13-155507e55f55","local_time":"20210222174637","is_ascension_mode":true,"campfire_choices":[{"floor":10.0,"key":"REST"},{"data":"Rampage","floor":15.0,"key":"SMITH"},{"floor":23.0,"key":"REST"},{"data":"Berserk","floor":32,"key":"SMITH"},{"data":"Barricade","floor":41,"key":"SMITH"},{"data":"Uppercut","floor":47,"key":"SMITH"},{"data":"True Grit","floor":49,"key":"SMITH"}],"circlet_count":0,"master_deck":["AscendersBane","Bash","Infernal Blade","Rampage+1","Headbutt","True Grit+1","Uppercut+1","Berserk+1","Disarm+1","Offering+1","Shrug It Off+1","Necronomicurse","Ghostly Armor+1","Havoc+1","Metallicize+1","Shrug It Off+1","Seeing Red+1","Barricade+1","Sentinel+1","Second Wind+1","Sever Soul","Warcry+1","Anger+1","Bludgeon+1","Rage+1","Entrench+1","True Grit+1","Headbutt+1","Armaments+1","Disarm+1","Shockwave+1"],"relics":["Burning Blood","Tiny Chest","Paper Frog","Magic Flower","Toxic Egg 2","TungstenRod","Akabeko","InkBottle","Pantograph","Runic Cube","Self Forming Clay","Necronomicon","Meat on the Bone","Bag of Marbles","Lizard Tail","Eternal Feather","Pandora\u0027s Box","Bird Faced Urn","Mercury Hourglass","Art of War","Whetstone"],"acts_visited":["Exordium","TheCity","TheBeyond"],"potions_floor_usage":[29,33,45,50,50],"damage_taken":[{"damage":14.0,"enemies":"Jaw Worm","floor":1.0,"turns":4.0},{"damage":17.0,"enemies":"Cultist","floor":2.0,"turns":5.0},{"damage":4.0,"enemies":"Small Slimes","floor":4.0,"turns":4.0},{"damage":12.0,"enemies":"Looter","floor":5.0,"turns":3.0},{"damage":41.0,"enemies":"3 Sentries","floor":6.0,"turns":10.0},{"damage":16.0,"enemies":"Exordium Wildlife","floor":12.0,"turns":3.0},{"damage":21.0,"enemies":"Lagavulin","floor":13.0,"turns":7.0},{"damage":16.0,"enemies":"The Guardian","floor":16.0,"turns":9.0},{"damage":29.0,"enemies":"2 Thieves","floor":18.0,"turns":4.0},{"damage":32.0,"enemies":"3 Byrds","floor":19.0,"turns":6.0},{"damage":7,"enemies":"Centurion and Healer","floor":24,"turns":5},{"damage":12,"enemies":"Snecko","floor":25,"turns":3},{"damage":4,"enemies":"Snake Plant","floor":27,"turns":2},{"damage":5,"enemies":"Centurion and Healer","floor":28,"turns":4},{"damage":14,"enemies":"Gremlin Leader","floor":29,"turns":4},{"damage":67,"enemies":"Collector","floor":33,"turns":6},{"damage":6,"enemies":"Orb Walker","floor":35,"turns":2},{"damage":12,"enemies":"Mind Bloom Boss Battle","floor":38,"turns":7},{"damage":27,"enemies":"3 Darklings","floor":42,"turns":4},{"damage":13,"enemies":"Maw","floor":45,"turns":5},{"damage":16,"enemies":"Writhing Mass","floor":48,"turns":3},{"damage":39,"enemies":"Time Eater","floor":50,"turns":9}],"seed_played":"-8099288443561180640","potions_obtained":[{"floor":1.0,"key":"Regen Potion"},{"floor":2.0,"key":"Regen Potion"},{"floor":13.0,"key":"Fire Potion"},{"floor":16.0,"key":"Swift Potion"},{"floor":28,"key":"Weak Potion"},{"floor":29,"key":"SteroidPotion"},{"floor":33,"key":"SteroidPotion"},{"floor":38,"key":"PowerPotion"},{"floor":45,"key":"Dexterity Potion"}],"is_trial":false,"path_per_floor":["M","M","?","M","M","E","T","T","T","R","?","M","E","T","R","B",null,"M","M","T","?","T","R","M","M","T","M","M","E","T","?","R","B",null,"M","$","?","?","T","?","R","M","T","?","M","T","R","M","R","B",null],"character_chosen":"IRONCLAD","items_purchased":["Energy Potion","True Grit+1"],"campfire_rested":2,"item_purchase_floors":[36,36],"current_hp_per_floor":[60,49,49,51,54,19,19,19,19,41,59,52,40,40,40,68,73,53,30,30,13,13,35,55,52,52,57,61,56,56,56,71,35,65,68,68,68,72,72,72,75,60,60,60,65,65,71,64,71,47],"gold":443,"neow_bonus":"RANDOM_COMMON_RELIC","is_daily":false,"chose_seed":false,"campfire_upgraded":5,"win_rate":0.0,"timestamp":1614012397,"path_taken":["M","M","?","?","M","E","?","?","T","R","?","?","E","?","R","BOSS","M","M","?","?","?","R","?","M","T","M","M","E","?","?","R","BOSS","M","$","?","?","?","?","R","?","T","?","M","?","R","M","R","BOSS"],"items_purchased_type":["Potion","Card"],"build_version":"2020-12-22","purchased_purges":1,"victory":true,"max_hp_per_floor":[75,75,75,75,75,75,75,75,75,75,75,75,75,75,75,75,75,75,75,75,75,75,75,75,75,75,75,75,75,75,75,75,75,75,75,75,75,75,75,75,75,75,75,71,71,71,71,71,71,71],"relic_stats":{"counters":[22,109],"Self Forming Clay":[105],"Magic Flower":[79],"Eternal Feather":31,"Whetstone":["Anger","Bludgeon"],"Burning Blood":183,"Mercury Hourglass":[66],"Lizard Tail":0,"Pantograph":46,"Bird Faced Urn":[18],"Tiny Chest":5,"Pandora\u0027s Box":["Sentinel","Second Wind","Barricade","Sever Soul","Warcry","Anger","Bludgeon","Rage"],"Necronomicon":[36],"Art of War":[2],"obtain_stats":[{"Self Forming Clay":20,"Magic Flower":6,"Eternal Feather":30,"Whetstone":46,"Burning Blood":0,"Akabeko":9,"Mercury Hourglass":39,"Lizard Tail":29,"Pantograph":14,"Bird Faced Urn":38,"Tiny Chest":0,"Pandora\u0027s Box":34,"Necronomicon":21,"Bag of Marbles":26,"Art of War":43,"Toxic Egg 2":7,"TungstenRod":8,"InkBottle":13,"Paper Frog":3,"Runic Cube":17,"Meat on the Bone":22},{"Self Forming Clay":10,"Magic Flower":5,"Eternal Feather":15,"Whetstone":20,"Burning Blood":0,"Akabeko":5,"Mercury Hourglass":18,"Lizard Tail":15,"Pantograph":7,"Bird Faced Urn":18,"Tiny Chest":0,"Pandora\u0027s Box":16,"Necronomicon":10,"Bag of Marbles":12,"Art of War":19,"Toxic Egg 2":5,"TungstenRod":5,"InkBottle":7,"Paper Frog":2,"Runic Cube":8,"Meat on the Bone":10},{"Self Forming Clay":55,"Magic Flower":26,"Eternal Feather":73,"Whetstone":97,"Burning Blood":0,"Akabeko":26,"Mercury Hourglass":88,"Lizard Tail":73,"Pantograph":36,"Bird Faced Urn":88,"Tiny Chest":0,"Pandora\u0027s Box":79,"Necronomicon":55,"Bag of Marbles":63,"Art of War":92,"Toxic Egg 2":26,"TungstenRod":26,"InkBottle":36,"Paper Frog":9,"Runic Cube":45,"Meat on the Bone":55}],"TungstenRod":72,"InkBottle":[28],"Runic Cube":[46],"Meat on the Bone":36},"card_choices":[{"not_picked":["Warcry","Cleave"],"picked":"Infernal Blade","floor":1.0},{"not_picked":["Sword Boomerang","Heavy Blade"],"picked":"Rampage","floor":2.0},{"not_picked":["Shrug It Off","Dropkick"],"picked":"Headbutt","floor":4.0},{"not_picked":["Anger","Havoc"],"picked":"True Grit","floor":5.0},{"not_picked":["Intimidate","Clash"],"picked":"Uppercut","floor":6.0},{"not_picked":["Sword Boomerang","Havoc+1"],"picked":"Berserk","floor":12.0},{"not_picked":["Thunderclap","Heavy Blade"],"picked":"Disarm+1","floor":13.0},{"not_picked":["Reaper","Bludgeon"],"picked":"Offering+1","floor":16.0},{"not_picked":["Body Slam","Thunderclap+1"],"picked":"Pommel Strike+1","floor":18.0},{"not_picked":["Whirlwind","Rampage"],"picked":"Shrug It Off+1","floor":19.0},{"not_picked":["Burning Pact+1","Inflame"],"picked":"Ghostly Armor+1","floor":24},{"not_picked":["Perfected Strike","Hemokinesis"],"picked":"Havoc+1","floor":25},{"not_picked":["Anger","Pommel Strike"],"picked":"Metallicize+1","floor":27},{"not_picked":["Pommel Strike","Havoc+1"],"picked":"Shrug It Off+1","floor":28},{"not_picked":["Flex+1","Rampage"],"picked":"Seeing Red+1","floor":29},{"not_picked":["Bludgeon","Offering+1"],"picked":"Barricade","floor":33},{"not_picked":["Flex+1","Ghostly Armor+1"],"picked":"Entrench+1","floor":35},{"not_picked":["Cleave","Bloodletting+1"],"picked":"Headbutt+1","floor":38},{"not_picked":["Carnage","Flex+1"],"picked":"Armaments+1","floor":42},{"not_picked":["Headbutt","Iron Wave"],"picked":"Disarm+1","floor":45},{"not_picked":["Blood for Blood+1","Heavy Blade+1"],"picked":"Shockwave+1","floor":48}],"player_experience":1118947,"relics_obtained":[{"floor":6.0,"key":"Magic Flower"},{"floor":7.0,"key":"Toxic Egg 2"},{"floor":8.0,"key":"TungstenRod"},{"floor":9.0,"key":"Akabeko"},{"floor":13.0,"key":"InkBottle"},{"floor":14.0,"key":"Pantograph"},{"floor":20.0,"key":"Self Forming Clay"},{"floor":21.0,"key":"Necronomicon"},{"floor":22.0,"key":"Meat on the Bone"},{"floor":26,"key":"Bag of Marbles"},{"floor":29,"key":"Lizard Tail"},{"floor":30,"key":"Eternal Feather"},{"floor":38,"key":"Bird Faced Urn"},{"floor":39,"key":"Mercury Hourglass"},{"floor":43,"key":"Art of War"},{"floor":46,"key":"Whetstone"}],"event_choices":[{"damage_healed":0.0,"max_hp_gain":0.0,"max_hp_loss":0.0,"gold_gain":0.0,"event_name":"WeMeetAgain","player_choice":"Gave Potion","floor":3.0,"gold_loss":0.0,"damage_taken":0.0,"relics_obtained":["Paper Frog"]},{"damage_healed":18.0,"max_hp_gain":0.0,"max_hp_loss":0.0,"gold_gain":0.0,"event_name":"The Cleric","player_choice":"Healed","floor":11.0,"gold_loss":35.0,"damage_taken":0.0},{"damage_healed":0.0,"max_hp_gain":0.0,"max_hp_loss":0.0,"gold_gain":0.0,"event_name":"Cursed Tome","player_choice":"Obtained Book","floor":21.0,"gold_loss":0.0,"damage_taken":21.0},{"cards_removed":["Strike_R"],"damage_healed":0,"gold_gain":0,"player_choice":"Gave Gold","damage_taken":0,"max_hp_gain":0,"max_hp_loss":0,"event_name":"Beggar","floor":31,"gold_loss":75},{"cards_removed":["Pommel Strike"],"damage_healed":0,"gold_gain":0,"player_choice":"Removed Attack","damage_taken":0,"max_hp_gain":0,"max_hp_loss":0,"event_name":"Falling","floor":37,"gold_loss":0},{"damage_healed":0,"gold_gain":0,"player_choice":"Fight","damage_taken":0,"max_hp_gain":0,"max_hp_loss":0,"event_name":"MindBloom","floor":38,"gold_loss":0},{"damage_healed":0,"gold_gain":0,"player_choice":"Ignored","damage_taken":0,"max_hp_gain":0,"max_hp_loss":0,"event_name":"Mysterious Sphere","floor":40,"gold_loss":0},{"damage_healed":0,"gold_gain":0,"player_choice":"Max HP","damage_taken":0,"max_hp_gain":0,"max_hp_loss":4,"event_name":"Winding Halls","floor":44,"gold_loss":0}],"is_beta":false,"boss_relics":[{"not_picked":["Velvet Choker","Cursed Key"],"picked":"Runic Cube"},{"not_picked":["Philosopher\u0027s Stone","Coffee Dripper"],"picked":"Pandora\u0027s Box"}],"items_purged_floors":[36],"is_endless":false,"potions_floor_spawned":[1,2,13,16,28,29,33,38,45],"ascension_level":19}}