{"host":"sim2kxx81cjsn49b","time":1614014272,"event":{"mods":["ATMod(°¢èªMod)","BaseMod","Minty Spire (QoL Compilation)","RumiaBox-Â¶Ã×æ«µÄÉñÃØºÐ×Ó","StSLib","TestMod","¡¾¹¦ÄÜMod¡¿»ìãçÖ®»·ÐÞ¸´²¹¶¡","¡¾ÒÅÎï¿¨ÅÆ¡¿REMEMod"],"gold_per_floor":[116,134,151,151,76,108,129,161,161,161,130,174,264,264,264,396,396,476,75,75,105,105],"floor_reached":21,"language":"ZHS","playtime":880,"items_purged":["ConjureBlade+1"],"score":444,"play_id":"1b10b0a3-da27-47d5-92fa-ca3f22eab513","local_time":"20210223011752","is_ascension_mode":true,"campfire_choices":[{"data":"AT_OneInchPunch","floor":10.0,"key":"SMITH"},{"floor":15.0,"key":"REST"}],"circlet_count":0,"master_deck":["AscendersBane","AT_IchimonjiDouble","AT_EssenceShift","Wallop","Adaptation","AT_OneInchPunch+1","Establishment","Wish+1","LessonLearned","Wish+1","Scrawl+1","DevaForm","MasterReality+1","Establishment","Swivel+1","Scrawl+1","InnerPeace+1","Necronomicurse"],"relics":["PureWater","AT_ATBox","testmod-TestBox","REME_ComplimentaryCards","testmod-OneHitWonder","NeowsBlessing","Baka","Ice Cream","Ice Cream","Toxic Egg 2","testmod-BlackFramedGlasses","Odd Mushroom","SumBook","testmod-IntensifyImprint","HornCleat","REME_LowDesire","Bronze Scales","Akabeko","Anchor","ClockworkSouvenir","Necronomicon"],"acts_visited":["Exordium","TheCity"],"potions_floor_usage":[16],"damage_taken":[{"damage":0.0,"enemies":"Jaw Worm","floor":1.0,"turns":1.0},{"damage":0.0,"enemies":"2 Louse","floor":2.0,"turns":1.0},{"damage":0.0,"enemies":"Small Slimes","floor":3.0,"turns":1.0},{"damage":23.0,"enemies":"Lagavulin","floor":6.0,"turns":5.0},{"damage":21.0,"enemies":"The Mushroom Lair","floor":7.0,"turns":4.0},{"damage":0.0,"enemies":"Gremlin Nob","floor":8.0,"turns":2.0},{"damage":0.0,"enemies":"2 Fungi Beasts","floor":11.0,"turns":2.0},{"damage":0.0,"enemies":"Looter","floor":12.0,"turns":4.0},{"damage":20.0,"enemies":"3 Sentries","floor":13.0,"turns":4.0},{"damage":8,"enemies":"The Guardian","floor":16,"turns":8},{"damage":28,"enemies":"Spheric Guardian","floor":18,"turns":3},{"damage":21,"enemies":"Shell Parasite","floor":21,"turns":3}],"seed_played":"-2173268095559153591","potions_obtained":[{"floor":3.0,"key":"SpeedPotion"},{"floor":11.0,"key":"SkillPotion"},{"floor":13.0,"key":"Energy Potion"}],"is_trial":false,"path_per_floor":["M","M","M","?","?","E","?","E","T","R","M","M","E","?","R","B",null,"M","$","?","M"],"character_chosen":"WATCHER","items_purchased":["Anchor","ClockworkSouvenir"],"campfire_rested":1,"item_purchase_floors":[19,19],"current_hp_per_floor":[61,61,61,56,56,33,16,18,18,18,20,24,8,8,28,28,58,33,33,12,0,0],"gold":105,"neow_bonus":"THREE_ENEMY_KILL","is_daily":false,"chose_seed":false,"campfire_upgraded":1,"win_rate":0.0,"timestamp":1614014272,"path_taken":["M","M","M","?","?","E","?","E","T","R","M","M","E","?","R","BOSS","M","$","?","M"],"items_purchased_type":["Relic","Relic"],"build_version":"2020-12-22","purchased_purges":1,"victory":false,"max_hp_per_floor":[68,68,68,68,68,68,68,68,68,68,68,68,68,68,68,68,68,68,68,68,68,68],"card_choices":[{"not_picked":["Consecrate","Halt"],"picked":"Wallop","floor":1.0},{"not_picked":["Halt","Worship","FollowUp"],"picked":"SKIP","floor":2.0},{"not_picked":["FollowUp","REME_Repentance"],"picked":"Adaptation","floor":3.0},{"not_picked":["EmptyFist","FollowUp"],"picked":"AT_OneInchPunch","floor":6.0},{"not_picked":["FollowUp","REME_Repentance+1","Prostrate+1"],"picked":"SKIP","floor":8.0},{"not_picked":["FollowUp","REME_Repentance+1","Prostrate+1"],"picked":"SKIP","floor":8.0},{"not_picked":["Swivel+1","FollowUp","Halt+1"],"picked":"SKIP","floor":11.0},{"not_picked":["FollowUp","Halt+1"],"picked":"Swivel+1","floor":11.0},{"not_picked":["Establishment","Wireheading","SashWhip"],"picked":"SKIP","floor":12.0},{"not_picked":["FollowUp","Evaluate+1","ClearTheMind+1"],"picked":"SKIP","floor":13.0},{"not_picked":["LessonLearned","REME_CRH+1"],"picked":"Scrawl+1","floor":16},{"not_picked":["EmptyFist","Weave","testmod-WeaknessCounterattack+1"],"picked":"InnerPeace+1","floor":18}],"player_experience":632915,"relics_obtained":[{"floor":1.0,"key":"Baka"},{"floor":2.0,"key":"Ice Cream"},{"floor":2.0,"key":"Ice Cream"},{"floor":6.0,"key":"testmod-BlackFramedGlasses"},{"floor":7.0,"key":"Odd Mushroom"},{"floor":8.0,"key":"SumBook"},{"floor":9.0,"key":"testmod-IntensifyImprint"},{"floor":13.0,"key":"HornCleat"},{"floor":17,"key":"Bronze Scales"},{"floor":17,"key":"Akabeko"},{"floor":20,"key":"Necronomicon"}],"event_choices":[{"damage_healed":0.0,"max_hp_gain":0.0,"max_hp_loss":0.0,"gold_gain":0.0,"event_name":"Scrap Ooze","player_choice":"Success","floor":4.0,"gold_loss":0.0,"damage_taken":5.0,"relics_obtained":["Toxic Egg 2"]},{"cards_removed":["Defend_P"],"damage_healed":0.0,"max_hp_gain":0.0,"max_hp_loss":0.0,"gold_gain":0.0,"event_name":"The Cleric","player_choice":"Card Removal","floor":5.0,"gold_loss":75.0,"damage_taken":0.0},{"damage_healed":0.0,"max_hp_gain":0.0,"max_hp_loss":0.0,"gold_gain":0.0,"event_name":"Mushrooms","player_choice":"Fought Mushrooms","floor":7.0,"gold_loss":0.0,"damage_taken":0.0},{"damage_healed":0.0,"max_hp_gain":0.0,"max_hp_loss":0.0,"gold_gain":0.0,"event_name":"Shining Light","player_choice":"Ignored","floor":14.0,"gold_loss":0.0,"damage_taken":0.0},{"damage_healed":0,"gold_gain":0,"player_choice":"Obtained Book","damage_taken":21,"max_hp_gain":0,"max_hp_loss":0,"event_name":"Cursed Tome","floor":20,"gold_loss":0}],"is_beta":false,"boss_relics":[{"not_picked":["REME_ChargedStone","SlaversCollar"],"picked":"REME_LowDesire"}],"items_purged_floors":[19],"is_endless":false,"potions_floor_spawned":[3,11,13],"killed_by":"Shell Parasite","ascension_level":20}}