{"host":"l1pzlbpva2o8t11s","time":1614001932,"event":{"mods":["AchievementEnabler","BaseMod","Block Reminder","Colored Map","Minty Spire (QoL Compilation)","Random Character Button","Relic Stats","Replay The Spire","StSLib","The Jungle"],"gold_per_floor":[109,8,8,26,26,26,41,41,41,41,116,130,130,130,130,232,232,244,261,37,37,37,72,72,72,72],"floor_reached":25,"language":"ENG","playtime":1016,"items_purged":["Strike_B"],"score":217,"play_id":"aae1e0d7-7113-4130-bc66-55c16b9b73ea","local_time":"20210222145212","is_ascension_mode":true,"campfire_choices":[{"data":"Capacitor","floor":6,"key":"SMITH"},{"data":"Ball Lightning","floor":8,"key":"SMITH"},{"data":"Zap","floor":10,"key":"SMITH"},{"data":"Dualcast","floor":13,"key":"SMITH"},{"data":"Defend_B","floor":15,"key":"SMITH"}],"circlet_count":0,"master_deck":["Strike_B","Strike_B","Defend_B+1","Defend_B","Defend_B","Defend_B","Zap+1","Dualcast+1","Capacitor+1","Ball Lightning+1","Delirium","Rainbow","Compile Driver","Loop","Shame","Loop"],"relics":["Cracked Core","NeowsBlessing","Ring of Fury","Ring of Misfortune","HornCleat","Runic Pyramid","TheAbacus","Ginger","Replay:Towering Pillar of Hats"],"acts_visited":["Exordium","TheCity"],"potions_floor_usage":[12,16],"damage_taken":[{"damage":0,"enemies":"2 Louse","floor":1,"turns":1},{"damage":0,"enemies":"Small Slimes","floor":4,"turns":1},{"damage":0,"enemies":"Jaw Worm","floor":7,"turns":1},{"damage":0,"enemies":"Exordium Wildlife","floor":12,"turns":1},{"damage":19,"enemies":"Hexaghost","floor":16,"turns":9},{"damage":6,"enemies":"Chosen","floor":18,"turns":4},{"damage":0,"enemies":"Spheric Guardian","floor":19,"turns":3},{"damage":58,"enemies":"Slavers","floor":23,"turns":7},{"damage":0,"enemies":"Shelled Parasite and Fungi","floor":25,"turns":1}],"seed_played":"-2685186441591416244","potions_obtained":[{"floor":1,"key":"Fire Potion"},{"floor":12,"key":"AttackPotion"},{"floor":16,"key":"Venom Potion"},{"floor":19,"key":"Venom Potion"},{"floor":23,"key":"Fire Potion"}],"is_trial":false,"path_per_floor":["M","$","?","M","$","R","M","R","T","R","?","M","R","?","R","B",null,"M","M","$","?","?","E","$","M"],"character_chosen":"DEFECT","items_purchased":["Ball Lightning","Loop","TheAbacus"],"campfire_rested":0,"item_purchase_floors":[2,20,20],"current_hp_per_floor":[75,75,75,75,75,75,75,75,75,75,64,64,64,64,64,45,75,69,69,69,69,69,11,11,11,11],"gold":72,"neow_bonus":"THREE_ENEMY_KILL","is_daily":false,"chose_seed":false,"campfire_upgraded":5,"win_rate":0.0,"timestamp":1614001932,"path_taken":["M","$","?","M","$","R","M","R","T","R","?","M","R","?","R","BOSS","M","M","$","?","?","E","?","?"],"items_purchased_type":["Card","Card","Relic"],"build_version":"2020-12-22","purchased_purges":1,"victory":false,"max_hp_per_floor":[75,75,75,75,75,75,75,75,75,75,75,75,75,75,75,75,75,75,75,75,75,75,75,75,75,75],"relic_stats":{"TheAbacus":[12],"counters":[9,28],"Ginger":[2],"obtain_stats":[{"HornCleat":9,"TheAbacus":20,"NeowsBlessing":0,"Replay:Towering Pillar of Hats":23,"Ring of Misfortune":3,"Ring of Fury":3,"Ginger":21,"Cracked Core":0,"Runic Pyramid":17},{"HornCleat":3,"TheAbacus":7,"NeowsBlessing":0,"Replay:Towering Pillar of Hats":8,"Ring of Misfortune":1,"Ring of Fury":1,"Ginger":7,"Cracked Core":0,"Runic Pyramid":5},{"HornCleat":3,"TheAbacus":20,"NeowsBlessing":0,"Replay:Towering Pillar of Hats":27,"Ring of Misfortune":1,"Ring of Fury":1,"Ginger":20,"Cracked Core":0,"Runic Pyramid":13}]},"card_choices":[{"not_picked":["Recycle","Turbo"],"picked":"Capacitor","floor":1},{"not_picked":["Stack","Auto Shields","Blizzard"],"picked":"SKIP","floor":4},{"not_picked":["Self Repair","Barrage","Consume"],"picked":"SKIP","floor":7},{"not_picked":["Barrage","Crystallizer","Steam Power"],"picked":"SKIP","floor":12},{"not_picked":["Core Surge","Hyperbeam"],"picked":"Rainbow","floor":16},{"not_picked":["Heatsinks","Leap+1"],"picked":"Compile Driver","floor":18},{"not_picked":["Melter","ReplayTheSpireMod:Repulse","Hello World"],"picked":"SKIP","floor":19},{"not_picked":["Rebound+1","Barrage"],"picked":"Loop","floor":23}],"player_experience":195803,"relics_obtained":[{"floor":3,"key":"Ring of Fury"},{"floor":3,"key":"Ring of Misfortune"},{"floor":9,"key":"HornCleat"},{"floor":23,"key":"Replay:Towering Pillar of Hats"}],"event_choices":[{"damage_healed":0,"gold_gain":75,"player_choice":"Gather Gold","damage_taken":11,"max_hp_gain":0,"max_hp_loss":0,"event_name":"World of Goop","floor":11,"gold_loss":0},{"damage_healed":0,"gold_gain":0,"player_choice":"Stole Relic","damage_taken":0,"relics_obtained":["Ginger"],"max_hp_gain":0,"max_hp_loss":0,"event_name":"Addict","floor":21,"gold_loss":0,"cards_obtained":["Shame"]},{"damage_healed":0,"gold_gain":0,"player_choice":"Ignored","damage_taken":0,"max_hp_gain":0,"max_hp_loss":0,"event_name":"Cursed Tome","floor":22,"gold_loss":0}],"is_beta":false,"boss_relics":[{"not_picked":["SacredBark","FrozenCore"],"picked":"Runic Pyramid"}],"items_purged_floors":[2],"is_endless":false,"potions_floor_spawned":[1,12,16,19,23],"killed_by":"Shelled Parasite and Fungi","ascension_level":1}}