{"host":"1dhlu4qzehvrzpot","time":1614008192,"event":{"mods":["2.2 Compatiblity","AchievementEnabler","BaseMod","Block Reminder","Minty Spire (QoL Compilation)","Permanent Neow","Quick Restart","Rare Cards Sparkle","Relic Stats","Say the Spire","Slay-I","StSLib","SuperFastMode"],"gold_per_floor":[112,112,137,212,387,387,411,436,436,436,133,152,193,193,193,313,313,327,327,327],"floor_reached":19,"language":"ENG","playtime":396,"items_purged":["Doubt"],"score":307,"play_id":"c379d5fe-5c74-432b-bfe5-6d4054fcbd63","local_time":"20210222163632","is_ascension_mode":true,"campfire_choices":[{"data":"Creative AI","floor":6.0,"key":"SMITH"},{"data":"Force Field","floor":10.0,"key":"SMITH"},{"data":"Heatsinks","floor":15.0,"key":"SMITH"}],"circlet_count":0,"master_deck":["AscendersBane","Strike_B","Strike_B","Strike_B","Strike_B","Defend_B","Defend_B","Defend_B","Defend_B","Zap","Dualcast","Creative AI+1","Force Field+1","Injury","Coolheaded","Heatsinks+1","Static Discharge","Regret","Defragment"],"relics":["Cracked Core","Golden Idol","Boot","TheAbacus","Cables","Vajra","SacredBark"],"acts_visited":["TheCity"],"potions_floor_usage":[18,19],"damage_taken":[{"damage":1.0,"enemies":"Small Slimes","floor":1.0,"turns":4.0},{"damage":7.0,"enemies":"Jaw Worm","floor":3.0,"turns":2.0},{"damage":8.0,"enemies":"2 Louse","floor":7.0,"turns":3.0},{"damage":9.0,"enemies":"Blue Slaver","floor":8.0,"turns":5.0},{"damage":7.0,"enemies":"2 Fungi Beasts","floor":12.0,"turns":5.0},{"damage":0.0,"enemies":"Lagavulin","floor":13.0,"turns":10.0},{"damage":22.0,"enemies":"Hexaghost","floor":16.0,"turns":6.0},{"damage":9,"enemies":"3 Byrds","floor":18,"turns":2},{"damage":29,"enemies":"Masked Bandits","floor":19,"turns":3}],"seed_played":"-6314577684367105100","potions_obtained":[{"floor":1.0,"key":"FearPotion"},{"floor":7.0,"key":"PotionOfCapacity"},{"floor":13.0,"key":"LiquidBronze"},{"floor":18,"key":"Weak Potion"}],"is_trial":false,"path_per_floor":["M","?","M","?","?","R","M","M","T","R","$","M","E","?","R","B",null,"M","?"],"character_chosen":"DEFECT","items_purchased":["Heatsinks","TheAbacus"],"campfire_rested":0,"item_purchase_floors":[11,11],"current_hp_per_floor":[67,67,60,49,49,49,41,32,32,32,32,25,25,25,25,3,52,43,14,14],"gold":327,"neow_bonus":"THREE_RARE_CARDS","is_daily":false,"chose_seed":false,"campfire_upgraded":3,"win_rate":0.0,"timestamp":1614008192,"path_taken":["M","?","M","?","?","R","M","M","T","R","$","?","E","?","R","BOSS","M","?"],"items_purchased_type":["Card","Relic"],"build_version":"2020-12-22","purchased_purges":1,"victory":false,"max_hp_per_floor":[68,68,68,68,68,68,68,68,68,68,68,68,68,68,68,68,68,68,68,68],"relic_stats":{"TheAbacus":[54],"counters":[9,40],"Golden Idol":62,"Boot":[2],"obtain_stats":[{"TheAbacus":11,"Golden Idol":2,"SacredBark":17,"Vajra":14,"Cracked Core":0,"Boot":9,"Cables":13},{"TheAbacus":4,"Golden Idol":1,"SacredBark":7,"Vajra":6,"Cracked Core":0,"Boot":4,"Cables":6},{"TheAbacus":14,"Golden Idol":4,"SacredBark":35,"Vajra":29,"Cracked Core":0,"Boot":14,"Cables":29}],"Cables":[11,11,0,0,0]},"card_choices":[{"not_picked":["Thunder Strike","Amplify"],"picked":"Creative AI","floor":0.0},{"not_picked":["Beam Cell","Leap"],"picked":"Force Field","floor":1.0},{"not_picked":["Gash","Undo","Rebound"],"picked":"SKIP","floor":3.0},{"not_picked":["Sweeping Beam","Compile Driver","Hyperbeam"],"picked":"SKIP","floor":7.0},{"not_picked":["Fusion","Lockon"],"picked":"Coolheaded","floor":8.0},{"not_picked":["Turbo","Leap"],"picked":"Static Discharge","floor":12.0},{"not_picked":["Static Discharge","Chaos","Coolheaded"],"picked":"SKIP","floor":13.0},{"not_picked":["Go for the Eyes","Leap"],"picked":"Defragment","floor":18}],"player_experience":562638,"relics_obtained":[{"floor":9.0,"key":"Boot"},{"floor":13.0,"key":"Cables"}],"event_choices":[{"damage_healed":0.0,"max_hp_gain":0.0,"max_hp_loss":0.0,"gold_gain":0.0,"event_name":"Golden Idol","player_choice":"Take Wound","floor":2.0,"gold_loss":0.0,"damage_taken":0.0,"relics_obtained":["Golden Idol"],"cards_obtained":["Injury"]},{"damage_healed":0.0,"max_hp_gain":0.0,"max_hp_loss":0.0,"gold_gain":75.0,"event_name":"World of Goop","player_choice":"Gather Gold","floor":4.0,"gold_loss":0.0,"damage_taken":11.0},{"damage_healed":0.0,"max_hp_gain":0.0,"max_hp_loss":0.0,"gold_gain":175.0,"event_name":"Liars Game","player_choice":"AGREE","floor":5.0,"gold_loss":0.0,"damage_taken":0.0,"cards_obtained":["Doubt"]},{"damage_healed":0.0,"max_hp_gain":0.0,"max_hp_loss":0.0,"gold_gain":0.0,"event_name":"Big Fish","player_choice":"Box","floor":14.0,"gold_loss":0.0,"damage_taken":0.0,"relics_obtained":["Vajra"],"cards_obtained":["Regret"]},{"damage_healed":0,"gold_gain":0,"player_choice":"Fought Bandits","damage_taken":0,"max_hp_gain":0,"max_hp_loss":0,"event_name":"Masked Bandits","floor":19,"gold_loss":0}],"is_beta":false,"boss_relics":[{"not_picked":["Coffee Dripper","Runic Dome"],"picked":"SacredBark"}],"items_purged_floors":[11],"is_endless":false,"potions_floor_spawned":[1,7,13,18],"killed_by":"Masked Bandits","ascension_level":12}}