{"host":"en4narc5947t7k9n","time":1614007659,"event":{"mods":["AchievementEnabler","BaseMod","Colored Map","Minty Spire (QoL Compilation)","SuperFastMode"],"gold_per_floor":[111,111,30,50,50,83,94,149,149,170,170,190,190,203,203,203,203],"floor_reached":16,"language":"KOR","playtime":970,"items_purged":[],"score":125,"play_id":"aa5de98a-4e20-4299-bf01-9ce31a42790f","local_time":"20210223002739","is_ascension_mode":false,"campfire_choices":[{"floor":11,"key":"RECALL"},{"data":"Noxious Fumes","floor":13,"key":"SMITH"},{"data":"Blade Dance","floor":15,"key":"SMITH"}],"circlet_count":0,"master_deck":["Strike_G","Strike_G","Strike_G","Defend_G","Defend_G","Defend_G","Defend_G","Defend_G","Survivor","Neutralize","Calculated Gamble","Prepared","Noxious Fumes+1","Blade Dance","Strike_G","Acrobatics","Bane","Blade Dance+1","Reflex","Catalyst","Calculated Gamble"],"relics":["Ring of the Snake","NeowsBlessing","Bottled Lightning","Bag of Marbles","Potion Belt","Odd Mushroom"],"acts_visited":["Exordium"],"potions_floor_usage":[8,10,14,16],"damage_taken":[{"damage":0,"enemies":"2 Louse","floor":1,"turns":1},{"damage":0,"enemies":"Small Slimes","floor":4,"turns":1},{"damage":0,"enemies":"3 Sentries","floor":6,"turns":1},{"damage":1,"enemies":"Cultist","floor":7,"turns":4},{"damage":54,"enemies":"Lagavulin Event","floor":8,"turns":8},{"damage":3,"enemies":"The Mushroom Lair","floor":10,"turns":3},{"damage":1,"enemies":"Blue Slaver","floor":12,"turns":2},{"damage":0,"enemies":"2 Fungi Beasts","floor":14,"turns":1},{"damage":14,"enemies":"Slime Boss","floor":16,"turns":6}],"seed_played":"7301581992461460501","potions_obtained":[{"floor":6,"key":"LiquidBronze"},{"floor":8,"key":"Explosive Potion"},{"floor":10,"key":"Strength Potion"},{"floor":14,"key":"SteroidPotion"}],"is_trial":false,"path_per_floor":["M","?","$","M","?","E","M","?","T","?","R","M","R","M","R","B"],"character_chosen":"THE_SILENT","items_purchased":["Noxious Fumes"],"campfire_rested":0,"item_purchase_floors":[3],"current_hp_per_floor":[70,70,70,70,70,70,69,15,15,12,12,11,11,11,11,0,0],"gold":203,"neow_bonus":"THREE_ENEMY_KILL","is_daily":false,"chose_seed":false,"campfire_upgraded":2,"win_rate":0.0,"timestamp":1614007659,"path_taken":["M","?","$","M","?","E","?","?","T","?","R","M","R","M","R","BOSS"],"items_purchased_type":["Card"],"build_version":"2020-12-22","purchased_purges":0,"victory":false,"max_hp_per_floor":[70,70,70,70,70,70,70,70,70,70,70,70,70,70,70,70,70],"card_choices":[{"not_picked":["Deflect","Concentrate"],"picked":"Calculated Gamble","floor":1},{"not_picked":["Setup","Flying Knee"],"picked":"Blade Dance","floor":4},{"not_picked":["Flying Knee","Riddle With Holes"],"picked":"Acrobatics","floor":6},{"not_picked":["Tactician","Cloak And Dagger"],"picked":"Bane","floor":7},{"not_picked":["Calculated Gamble","Prepared"],"picked":"Blade Dance","floor":8},{"not_picked":["Eviscerate","Flying Knee"],"picked":"Reflex","floor":10},{"not_picked":["PiercingWail","Tools of the Trade"],"picked":"Catalyst","floor":12},{"not_picked":["Sucker Punch","Dagger Throw"],"picked":"Calculated Gamble","floor":14}],"player_experience":162991,"relics_obtained":[{"floor":6,"key":"Bottled Lightning"},{"floor":8,"key":"Bag of Marbles"},{"floor":9,"key":"Potion Belt"},{"floor":10,"key":"Odd Mushroom"}],"event_choices":[{"damage_healed":0,"gold_gain":0,"cards_transformed":["Strike_G"],"player_choice":"Change","damage_taken":0,"max_hp_gain":0,"max_hp_loss":0,"event_name":"Living Wall","floor":2,"gold_loss":0,"cards_obtained":["Prepared"]},{"cards_removed":["Strike_G"],"damage_healed":0,"gold_gain":0,"player_choice":"Took Card","damage_taken":0,"max_hp_gain":0,"max_hp_loss":0,"event_name":"NoteForYourself","floor":5,"gold_loss":0,"cards_obtained":["Strike_G"]},{"damage_healed":0,"gold_gain":0,"player_choice":"Searched \u00271\u0027 times","damage_taken":0,"max_hp_gain":0,"max_hp_loss":0,"event_name":"Dead Adventurer","floor":8,"gold_loss":0},{"damage_healed":0,"gold_gain":0,"player_choice":"Fought Mushrooms","damage_taken":0,"max_hp_gain":0,"max_hp_loss":0,"event_name":"Mushrooms","floor":10,"gold_loss":0}],"is_beta":false,"boss_relics":[],"items_purged_floors":[],"is_endless":false,"potions_floor_spawned":[6,8,10,14],"killed_by":"Slime Boss","ascension_level":0}}