{"host":"crmowuwgj9wiiaqp","time":1614018664,"event":{"mods":["Act Like it!","Astrologer","Aya Shameimaru","Bard","BaseMod","ChefMod","Colored Map","Hermit","Mathematician","Mathemortician","Minty Spire (QoL Compilation)","QueenMod","Relic Stats","Ruina","Spire Arcade","StSLib","Wide Potions"],"gold_per_floor":[109,128,13,30,43,43,43,43,94,107,138,159,159,179,179,179,179],"floor_reached":16,"language":"ENG","playtime":1228,"items_purged":["MortAttackStrike"],"score":129,"play_id":"ad6972fe-00bc-4883-8673-3f598afaf3f3","local_time":"20210222113104","is_ascension_mode":false,"campfire_choices":[{"data":"MortAttackExtractSpirit","floor":6,"key":"SMITH"},{"data":"MortAttackCombo","floor":8,"key":"SMITH"},{"floor":15,"key":"REST"}],"circlet_count":0,"master_deck":["MortAttackStrike","MortAttackStrike","MortSkillDefend","MortSkillDefend","MortSkillDefend","MortSkillDefend","MortAttackMaim","MortAttackLacerate","MortAttackCombo+1","MortAttackCombo","MortSkillVigil","MortAttackExtractSpirit+1","MortAttackSideKick","MortSkillAmplify"],"relics":["GuardianSpirit","CeramicFish","Pen Nib","Golden Idol"],"acts_visited":["Exordium"],"potions_floor_usage":[11,16],"damage_taken":[{"damage":0,"enemies":"Small Slimes","floor":1,"turns":3},{"damage":0,"enemies":"2 Louse","floor":2,"turns":3},{"damage":0,"enemies":"Cultist","floor":4,"turns":3},{"damage":0,"enemies":"Blue Slaver","floor":5,"turns":4},{"damage":0,"enemies":"Looter","floor":10,"turns":4},{"damage":0,"enemies":"Lagavulin","floor":11,"turns":7},{"damage":0,"enemies":"Large Slime","floor":12,"turns":5},{"damage":12,"enemies":"Lots of Slimes","floor":14,"turns":5},{"damage":46,"enemies":"The Guardian","floor":16,"turns":12}],"seed_played":"6697932921324568925","potions_obtained":[{"floor":10,"key":"EssenceOfSteel"},{"floor":11,"key":"FearPotion"}],"is_trial":false,"path_per_floor":["M","M","$","M","M","R","?","R","T","M","E","M","?","M","R","B"],"character_chosen":"MORT","items_purchased":["MortAttackCombo"],"campfire_rested":1,"item_purchase_floors":[3],"current_hp_per_floor":[55,55,55,55,55,55,55,55,55,55,55,55,42,30,46,0,0],"gold":179,"neow_bonus":"TEN_PERCENT_HP_BONUS","is_daily":false,"chose_seed":false,"campfire_upgraded":2,"win_rate":0.0,"timestamp":1614018664,"path_taken":["M","M","$","M","M","R","?","R","T","M","E","M","?","M","R","BOSS"],"items_purchased_type":["Card"],"build_version":"2020-12-22","purchased_purges":1,"victory":false,"max_hp_per_floor":[55,55,55,55,55,55,55,55,55,55,55,55,55,55,55,55,55],"relic_stats":{"counters":[9,46],"Golden Idol":4,"CeramicFish":9,"Pen Nib":[4],"obtain_stats":[{"Golden Idol":13,"CeramicFish":9,"GuardianSpirit":0,"Pen Nib":11},{"Golden Idol":7,"CeramicFish":4,"GuardianSpirit":0,"Pen Nib":6},{"Golden Idol":29,"CeramicFish":13,"GuardianSpirit":0,"Pen Nib":24}]},"card_choices":[{"not_picked":["MortAttackFeint","MortSkillSummonCaster"],"picked":"MortAttackLacerate","floor":1},{"not_picked":["MortAttackGash","MortSkillHeal"],"picked":"MortAttackCombo","floor":2},{"not_picked":["MortAttackSideKick","MortSkillExertion"],"picked":"MortSkillVigil","floor":4},{"not_picked":["MortSkillAsh","MortSkillShelter"],"picked":"MortAttackExtractSpirit","floor":5},{"not_picked":["MortAttackDecrescendo","MortSkillAsh","MortAttackLacerate"],"picked":"SKIP","floor":10},{"not_picked":["MortAttackWretch","MortSkillResurrection","MortSkillMultiheal"],"picked":"SKIP","floor":11},{"not_picked":["MortSkillMultiheal","MortSkillAsh"],"picked":"MortSkillAmplify","floor":12},{"not_picked":["MortAttackBurn","MortSkillDiplomacy","MortSkillHex"],"picked":"SKIP","floor":14}],"player_experience":1435520,"relics_obtained":[{"floor":9,"key":"CeramicFish"},{"floor":11,"key":"Pen Nib"}],"event_choices":[{"damage_healed":0,"gold_gain":0,"cards_transformed":["MortAttackStrike"],"player_choice":"Change","damage_taken":0,"max_hp_gain":0,"max_hp_loss":0,"event_name":"Living Wall","floor":7,"gold_loss":0,"cards_obtained":["MortAttackSideKick"]},{"damage_healed":0,"gold_gain":0,"player_choice":"Take Damage","damage_taken":13,"relics_obtained":["Golden Idol"],"max_hp_gain":0,"max_hp_loss":0,"event_name":"Golden Idol","floor":13,"gold_loss":0}],"is_beta":false,"boss_relics":[],"items_purged_floors":[3],"is_endless":false,"potions_floor_spawned":[10,11,12,14],"killed_by":"The Guardian","ascension_level":0}}