{"host":"5dhwd44u3dydylwe","time":1614002429,"event":{"mods":["AchievementEnabler","BaseMod","BetterRewards","Dota2Spire","Duelist Mod","GifTheSpireLib","Hubris","Minty Spire (QoL Compilation)","Shop Mod","StSLib","Wandering Minibosses"],"gold_per_floor":[137,151,151,151,151,151,187,187,187,201,201,201,37,55,98,98,98,248,248,337,337,337,433,433,446,461,484,484,498,533,533,574,574,574,574,590,590,633,558,585,585,683,683,708,708,739,739,1072,1101,754,767,767,767,819,819,851,851,877,888,251,251,251,251,251,79,109,109],"floor_reached":68,"language":"ENG","playtime":6244,"items_purged":["theDuelist:GravityWarrior","theDuelist:GhostrickWitch","theDuelist:PoisonousWinds","theDuelist:GiantTrunade","theDuelist:Wightprince+1","theDuelist:PerfectMachineKing+1"],"score":3700,"play_id":"855a1ed9-c7c9-48fb-975f-89e6309fd33f","local_time":"20210222220029","is_ascension_mode":true,"campfire_choices":[{"floor":6.0,"key":"RECALL"},{"data":"theDuelist:GemArmadillo","floor":9.0,"key":"SMITH"},{"data":"theDuelist:DefenseDraw","floor":17.0,"key":"SMITH"},{"data":"theDuelist:FrostflameDragon","floor":19.0,"key":"SMITH"},{"data":"theDuelist:MetalArmoredBug","floor":22.0,"key":"SMITH"}],"circlet_count":0,"master_deck":["theDuelist:Slushy+1","theDuelist:DefenseDraw+4","theDuelist:GemArmadillo+1","theDuelist:SpikedGillman+1","theDuelist:Fissure+1","theDuelist:MirrorForce+1","theDuelist:FossilSkullConvoy+1","theDuelist:MirrorForce+1","theDuelist:RareSpireMetronome+1","theDuelist:FrostflameDragon+1","AscendersBane","theDuelist:MetalArmoredBug+1","theDuelist:RarePowerMetronome+1","Secret Technique+1","theDuelist:ShiranuiSolitaire+1","theDuelist:PsiCurse","theDuelist:UltraPolymerization+1","theDuelist:CelticGuardian+1","theDuelist:MultiplicationOfAnts+1","theDuelist:Fissure+1","theDuelist:MultiplicationOfAnts+1","theDuelist:AncientGearWorkshop+1","theDuelist:RainbowFlower+1","theDuelist:MiraculousDescent+1","theDuelist:SpiralSpearStrike+1","theDuelist:Raigeki+1"],"relics":["theDuelist:MillenniumPuzzle","theDuelist:CardPoolRelic","theDuelist:CardPoolBasicRelic","theDuelist:BoosterPackPoolRelic","theDuelist:CardPoolAddRelic","theDuelist:CardPoolMinusRelic","theDuelist:CardPoolSaveRelic","theDuelist:CardPoolOptionsRelic","theDuelist:SolderToken","Lee\u0027s Waffle","Dota2Spire:EtherealBlade","Juzu Bracelet","hubris:EmptyBottle","Anchor","Whetstone","Potion Belt","theDuelist:ElectricBurst","theDuelist:MerchantNecklace","Happy Flower","theDuelist:MillenniumArmor","Toxic Egg 2","Cables","Pantograph","theDuelist:MetronomeRelicB","theDuelist:MillenniumRod","Coffee Dripper","Fusion Hammer","Dota2Spire:MantaStyle","Dream Catcher","Frozen Egg 2","hubris:Towel","theDuelist:SummonAnchor","Astrolabe","wanderingMiniBosses:Blackblade","hubris:MedicalManual","theDuelist:MillenniumPrayerbook","Dota2Spire:EchoSabre","Dota2Spire:ArcaneBoots","Paper Frog","Shuriken","Membership Card","Sundial","theDuelist:TributeEggRelic","Medical Kit","War Paint","Dota2Spire:Butterfly"],"acts_visited":["Exordium","TheCity","TheBeyond","TheEnding"],"potions_floor_usage":[49,49,67,67,67,67],"damage_taken":[{"damage":6.0,"enemies":"Small Slimes","floor":1.0,"turns":4.0},{"damage":0.0,"enemies":"2 Louse","floor":2.0,"turns":6.0},{"damage":8.0,"enemies":"3 Sentries","floor":7.0,"turns":5.0},{"damage":0.0,"enemies":"Cultist","floor":10.0,"turns":5.0},{"damage":0.0,"enemies":"Blue Slaver","floor":14.0,"turns":5.0},{"damage":8.0,"enemies":"Gremlin Nob","floor":15.0,"turns":3.0},{"damage":4.0,"enemies":"Slime Boss","floor":20.0,"turns":8.0},{"damage":0.0,"enemies":"Slime Boss","floor":23.0,"turns":8.0},{"damage":1.0,"enemies":"2 Thieves","floor":25.0,"turns":2.0},{"damage":0.0,"enemies":"Spheric Guardian","floor":26.0,"turns":2.0},{"damage":5.0,"enemies":"Shelled Parasite and Fungi","floor":27.0,"turns":6.0},{"damage":0.0,"enemies":"Snecko","floor":29.0,"turns":6.0},{"damage":0.0,"enemies":"theDuelist:KaibaA2","floor":30.0,"turns":4.0},{"damage":0.0,"enemies":"Book of Stabbing","floor":32.0,"turns":2.0},{"damage":0.0,"enemies":"Centurion and Healer","floor":36.0,"turns":3.0},{"damage":0.0,"enemies":"theDuelist:KaibaA2","floor":38.0,"turns":4.0},{"damage":0.0,"enemies":"Sentry and Sphere","floor":40.0,"turns":5.0},{"damage":0.0,"enemies":"Collector","floor":42.0,"turns":6.0},{"damage":1,"enemies":"Orb Walker","floor":44,"turns":8},{"damage":0,"enemies":"Mind Bloom Boss Battle","floor":46,"turns":4},{"damage":0,"enemies":"Nemesis","floor":49,"turns":8},{"damage":0,"enemies":"3 Shapes","floor":51,"turns":2},{"damage":0,"enemies":"Giant Head","floor":56,"turns":6},{"damage":18,"enemies":"Reptomancer","floor":58,"turns":5},{"damage":0,"enemies":"Jaw Worm Horde","floor":59,"turns":3},{"damage":6,"enemies":"Donu and Deca","floor":62,"turns":3},{"damage":9,"enemies":"Shield and Spear","floor":66,"turns":4},{"damage":44,"enemies":"The Heart","floor":67,"turns":7}],"seed_played":"-3574932165296571976","potions_obtained":[{"floor":1.0,"key":"theDuelist:FlamingBottle"},{"floor":10.0,"key":"theDuelist:LavaBottle"},{"floor":15.0,"key":"Strength Potion"},{"floor":20.0,"key":"SteroidPotion"},{"floor":44,"key":"Fruit Juice"},{"floor":49,"key":"Swift Potion"},{"floor":56,"key":"DuplicationPotion"}],"is_trial":false,"path_per_floor":["M","M","?","?","?","R","E","?","R","M","T","T","$","M","E","?","R","?","R","B",null,"R","B",null,"M","M","M","?","M","E","R","E","T","?","?","M","R","E","?","M","R","B",null,"M","?","?","?","?","E","$","M","R","T","T","?","E","R","E","M","$","R","B",null,"R","$","E","B",null],"character_chosen":"THE_DUELIST","items_purchased":["theDuelist:SolderToken","Lee\u0027s Waffle","Dota2Spire:EtherealBlade","Juzu Bracelet","theDuelist:MirrorForce","hubris:EmptyBottle","Anchor","theDuelist:RainbowFlower","Whetstone","Potion Belt","theDuelist:ElectricBurst","theDuelist:MerchantNecklace","Happy Flower","theDuelist:MetronomeRelicB","theDuelist:MiraculousDescent+1","theDuelist:SpikedGillman","Membership Card","Sundial","theDuelist:TributeEggRelic","theDuelist:UltraPolymerization+1","Medical Kit","War Paint"],"campfire_rested":0,"item_purchase_floors":[0,0,0,0,0,0,0,0,0,0,0,0,0,13,50,50,60,60,60,60,65,65],"current_hp_per_floor":[71,71,45,45,40,40,32,32,32,32,32,32,32,32,24,24,24,24,24,45,45,45,70,75,74,74,69,69,69,69,69,69,69,69,69,69,69,69,69,69,69,77,77,76,76,77,77,77,87,87,87,87,87,87,87,87,87,69,69,69,69,81,86,86,86,77,43],"gold":109,"neow_bonus":"","is_daily":false,"chose_seed":false,"campfire_upgraded":4,"win_rate":0.0,"timestamp":1614002429,"path_taken":["M","M","?","?","?","R","E","?","R","M","T","T","$","M","E","?","R","?","R","BOSS","R","BOSS","M","M","M","?","M","E","R","E","T","?","?","M","R","E","?","M","R","BOSS","M","?","?","?","?","E","$","M","R","T","T","?","E","R","E","M","$","R","BOSS","R","$","E","BOSS"],"items_purchased_type":["Relic","Relic","Relic","Relic","Card","Relic","Relic","Card","Relic","Relic","Relic","Relic","Relic","Relic","Card","Card","Relic","Relic","Relic","Card","Relic","Relic"],"build_version":"2020-12-22","purchased_purges":6,"victory":true,"max_hp_per_floor":[77,77,77,77,77,77,77,77,77,77,77,77,77,77,77,77,77,77,77,77,77,77,77,77,77,77,77,77,77,77,77,77,77,77,77,77,77,77,77,77,77,77,77,77,77,77,77,77,87,87,87,87,87,87,87,87,87,87,87,87,87,87,87,87,87,87,87],"card_choices":[{"not_picked":["theDuelist:WormWarlord","theDuelist:LabyrinthWall","theDuelist:BlackPendant","theDuelist:Sangan"],"picked":"theDuelist:GemArmadillo","floor":1.0},{"not_picked":["theDuelist:ForbiddenLance+1","theDuelist:Hinotama+1","theDuelist:Wiretap","theDuelist:SpiralSpearStrike+1"],"picked":"theDuelist:DefenseDraw","floor":2.0},{"not_picked":["theDuelist:NeoMagic","theDuelist:VampireGrimson","theDuelist:CyberDragonNachster+1","theDuelist:SpellMetronome+1","theDuelist:ArsenalBug+1"],"picked":"SKIP","floor":7.0},{"not_picked":["theDuelist:AtomicScrapDragon+1","theDuelist:InfernityDoomDragon+1","theDuelist:NaturiaStrawberry+1"],"picked":"SKIP","floor":10.0},{"not_picked":["theDuelist:MadSwordBeast","theDuelist:EagleShark","theDuelist:CelticGuardian","theDuelist:JiraiGumo","theDuelist:SpikedGillman"],"picked":"SKIP","floor":14.0},{"not_picked":["theDuelist:RarePowerMetronome","theDuelist:IgnisHeat","theDuelist:SteamTrainKing","theDuelist:DewlorenTigerKing"],"picked":"theDuelist:RareSpireMetronome+1","floor":15.0},{"not_picked":["theDuelist:IgnisHeat","theDuelist:SteamTrainKing","theDuelist:MultiplicationOfAnts+1","theDuelist:Raigeki"],"picked":"theDuelist:FossilSkullConvoy+1","floor":23.0},{"not_picked":["theDuelist:PerfectMachineKing","theDuelist:RareSpireMetronome+1","theDuelist:GolemSentry+1","theDuelist:HeavyMetalRaiders","theDuelist:StormSparks"],"picked":"SKIP","floor":25.0},{"not_picked":["theDuelist:Grasschopper","theDuelist:CelticGuardian","theDuelist:BlockGolem+1","theDuelist:MagicHoleGolem+1","theDuelist:BabyDragon+1"],"picked":"SKIP","floor":26.0},{"not_picked":["theDuelist:DrivenDaredevil","theDuelist:EgoBoost+1","theDuelist:EagleShark+1","theDuelist:BeeListSoldier+1","theDuelist:CocoonEvolution+1"],"picked":"SKIP","floor":27.0},{"not_picked":["theDuelist:BlueRoseDragon+1","theDuelist:WeepingIdol+1","theDuelist:CyberDragonNachster+1","theDuelist:ShiranuiSolitaire+1","theDuelist:BabyDragon+1"],"picked":"SKIP","floor":29.0},{"not_picked":["theDuelist:MadSwordBeast","theDuelist:VampireGrimson","theDuelist:Beatraptor","theDuelist:DrivenDaredevil+1"],"picked":"theDuelist:CelticGuardian+1","floor":30.0},{"not_picked":["theDuelist:DrivenDaredevil","theDuelist:CobraJar+1","theDuelist:BeeListSoldier","theDuelist:RainbowFlower","theDuelist:HeavyMechSupportArmor+1"],"picked":"SKIP","floor":32.0},{"not_picked":["Blind+1","Magnetism+1","Purity+1"],"picked":"Secret Technique+1","floor":36.0},{"not_picked":["theDuelist:ArmedDragon10","theDuelist:SteamTrainKing","theDuelist:DewlorenTigerKing","theDuelist:Raigeki"],"picked":"theDuelist:MultiplicationOfAnts+1","floor":38.0},{"not_picked":["theDuelist:AbyssalKingshark","theDuelist:NaturiaStrawberry"],"picked":"theDuelist:Raigeki","floor":40.0},{"not_picked":["theDuelist:RareMonsterMetronome+1","theDuelist:SteamTrainKing","theDuelist:MasterMagmaBlacksmith+1","theDuelist:MultiplicationOfAnts+1"],"picked":"theDuelist:RarePowerMetronome+1","floor":42.0},{"not_picked":["theDuelist:Sangan","theDuelist:EarthEffigy+1","theDuelist:GolemSentry+1","theDuelist:EvilswarmHeliotrope"],"picked":"theDuelist:Fissure","floor":44},{"not_picked":["theDuelist:DefenseDraw+1","theDuelist:GhostrickVanish+1","theDuelist:BlastWithChain","theDuelist:HauntedShrine+1"],"picked":"theDuelist:MirrorForce+1","floor":44},{"not_picked":["theDuelist:AbyssalKingshark+1","theDuelist:CosmicHorrorGangiel+1","theDuelist:InfernityDoomDragon","theDuelist:SteamTrainKing"],"picked":"theDuelist:SpiralSpearStrike","floor":45},{"not_picked":["theDuelist:CyberEltanin+1","theDuelist:AncientPixieDragon+1","theDuelist:TornadoDragon+1","theDuelist:CyberDragonNachster+1","theDuelist:CyberDragonVier+1"],"picked":"SKIP","floor":49},{"not_picked":["theDuelist:CyberEltanin+1","theDuelist:AncientPixieDragon+1","theDuelist:TornadoDragon+1","theDuelist:CyberDragonNachster+1","theDuelist:CyberDragonVier+1"],"picked":"SKIP","floor":49},{"not_picked":["theDuelist:BattleOx+1","theDuelist:BigFire+1","theDuelist:EvilswarmHeliotrope","theDuelist:RainbowOverdragon+1"],"picked":"theDuelist:Fissure+1","floor":51},{"not_picked":["theDuelist:IgnisHeat+1","theDuelist:RareMonsterMetronome+1","theDuelist:DewlorenTigerKing","theDuelist:MasterMagmaBlacksmith+1"],"picked":"theDuelist:PerfectMachineKing","floor":56},{"not_picked":["theDuelist:MiraculousDescent+1","theDuelist:ReinforceTruth+1","theDuelist:DefenseDraw+1","theDuelist:MirrorForce+1","theDuelist:HauntedShrine+1"],"picked":"SKIP","floor":58},{"not_picked":["theDuelist:RareMonsterMetronome+1","theDuelist:HiddenArmory+1"],"picked":"theDuelist:MultiplicationOfAnts+1","floor":59},{"not_picked":["theDuelist:BlackPtera+1","theDuelist:RainbowFlower+1","theDuelist:MadSwordBeast+1","theDuelist:Beatraptor+1","theDuelist:Anthrosaurus+1"],"picked":"SKIP","floor":66}],"player_experience":271614,"relics_obtained":[{"floor":7.0,"key":"Toxic Egg 2"},{"floor":11.0,"key":"Cables"},{"floor":12.0,"key":"Pantograph"},{"floor":15.0,"key":"theDuelist:MillenniumRod"},{"floor":30.0,"key":"Dota2Spire:MantaStyle"},{"floor":32.0,"key":"Dream Catcher"},{"floor":33.0,"key":"Frozen Egg 2"},{"floor":38.0,"key":"theDuelist:SummonAnchor"},{"floor":44,"key":"wanderingMiniBosses:Blackblade"},{"floor":46,"key":"hubris:MedicalManual"},{"floor":49,"key":"Dota2Spire:EchoSabre"},{"floor":54,"key":"Dota2Spire:ArcaneBoots"},{"floor":56,"key":"Paper Frog"},{"floor":58,"key":"Shuriken"},{"floor":66,"key":"Dota2Spire:Butterfly"}],"event_choices":[{"damage_healed":0.0,"max_hp_gain":0.0,"max_hp_loss":0.0,"gold_gain":0.0,"event_name":"Golden Idol","player_choice":"Take Damage","floor":3.0,"gold_loss":0.0,"damage_taken":26.0,"relics_obtained":["Golden Idol"]},{"damage_healed":0.0,"max_hp_gain":0.0,"max_hp_loss":0.0,"gold_gain":0.0,"event_name":"Living Wall","player_choice":"Grow","floor":4.0,"gold_loss":0.0,"damage_taken":0.0,"cards_upgraded":["theDuelist:MirrorForce"]},{"damage_healed":0.0,"max_hp_gain":0.0,"max_hp_loss":0.0,"gold_gain":0.0,"event_name":"Scrap Ooze","player_choice":"Success","floor":5.0,"gold_loss":0.0,"damage_taken":5.0,"relics_obtained":["theDuelist:MillenniumArmor"]},{"damage_healed":0.0,"max_hp_gain":0.0,"max_hp_loss":0.0,"gold_gain":0.0,"cards_transformed":["theDuelist:BlueEyesUltimate"],"event_name":"Transmorgrifier","player_choice":"Transformed","floor":8.0,"gold_loss":0.0,"damage_taken":0.0,"cards_obtained":["theDuelist:AncientGearWorkshop"]},{"damage_healed":0.0,"max_hp_gain":0.0,"max_hp_loss":0.0,"gold_gain":0.0,"event_name":"Relic Duplicator","player_choice":"Leave","duelist":true,"floor":16.0,"gold_loss":0.0,"damage_taken":0.0},{"damage_healed":0.0,"max_hp_gain":0.0,"max_hp_loss":0.0,"gold_gain":150.0,"event_name":"Liars Game","player_choice":"AGREE","floor":18.0,"gold_loss":0.0,"damage_taken":0.0,"cards_obtained":["Doubt"]},{"damage_healed":0.0,"max_hp_gain":0.0,"max_hp_loss":0.0,"gold_gain":0.0,"event_name":"Upgrade Shrine","player_choice":"Upgraded","floor":28.0,"gold_loss":0.0,"damage_taken":0.0,"cards_upgraded":["theDuelist:DefenseDraw"]},{"damage_healed":0.0,"max_hp_gain":0.0,"max_hp_loss":0.0,"gold_gain":0.0,"event_name":"Ghosts","player_choice":"Ignored","floor":35.0,"gold_loss":0.0,"damage_taken":0.0},{"cards_removed":["Doubt"],"damage_healed":0.0,"max_hp_gain":0.0,"max_hp_loss":0.0,"gold_gain":0.0,"event_name":"Beggar","player_choice":"Gave Gold","floor":39.0,"gold_loss":75.0,"damage_taken":0.0},{"damage_healed":0,"gold_gain":0,"player_choice":"Memory 1","damage_taken":0,"max_hp_gain":0,"max_hp_loss":0,"event_name":"SensoryStone","floor":45,"gold_loss":0},{"damage_healed":0,"gold_gain":0,"player_choice":"Fight","damage_taken":0,"max_hp_gain":0,"max_hp_loss":0,"event_name":"MindBloom","floor":46,"gold_loss":0},{"damage_healed":0,"gold_gain":0,"player_choice":"Took item - Received: Millennium Prayerbook","duelist":true,"damage_taken":0,"max_hp_gain":0,"max_hp_loss":0,"event_name":"Millennium Items","floor":47,"gold_loss":0},{"damage_healed":0,"gold_gain":333,"player_choice":"Gave Idol","damage_taken":0,"max_hp_gain":0,"max_hp_loss":0,"event_name":"The Moai Head","floor":48,"relics_lost":["Golden Idol"],"gold_loss":0},{"damage_healed":0,"gold_gain":0,"player_choice":"0 cards matched","damage_taken":0,"max_hp_gain":0,"max_hp_loss":0,"event_name":"Match and Keep!","floor":55,"gold_loss":0,"cards_obtained":[]}],"is_beta":false,"boss_relics":[{"not_picked":["theDuelist:MillenniumKey","hubris:BlackHole"],"picked":"Coffee Dripper"},{"not_picked":["Pandora\u0027s Box","Runic Dome"],"picked":"Fusion Hammer"},{"not_picked":["Sozu","Snecko Eye"],"picked":"Astrolabe"}],"items_purged_floors":[0,0,0,0,50,60],"is_endless":false,"potions_floor_spawned":[1,10,15,20,26,29,40,44,49,56],"ascension_level":16}}