{"host":"mzi5fmi0sxohsdsn","time":1614035059,"event":{"mods":["AchievementEnabler","BaseMod","DeckTracker","Filter the Spire","Hero for Fun","Minty Spire (QoL Compilation)","Quick Restart","Relic Filter Mod","Remove Card Discount Mod","Shop Mod","StSLib","Synergy Search"],"gold_per_floor":[109,129,146,160,179,179,179,179,179,179,207,217,234,252,252,356,356,367,367,386,405,420,452,452,466,490,490,510,542,555,566,566,670,670,686,686,131,131,82,95,120,120,120,130,148,148,148,158,158,158,158,158,1,32,32,32],"floor_reached":55,"language":"RUS","playtime":3180,"items_purged":["Strike_R","Defend_R","Defend_R","Defend_R"],"score":747,"play_id":"7012581c-ff28-4636-90a4-a9dde318b9c1","local_time":"20210223060419","is_ascension_mode":false,"campfire_choices":[{"data":"Cleave","floor":6.0,"key":"SMITH"},{"data":"Spot Weakness","floor":8.0,"key":"SMITH"},{"data":"Twin Strike","floor":10.0,"key":"SMITH"},{"data":"Feed","floor":15.0,"key":"SMITH"},{"data":"Barricade","floor":24.0,"key":"SMITH"},{"floor":27.0,"key":"RECALL"},{"data":"Iron Wave","floor":32.0,"key":"SMITH"},{"data":"Shrug It Off","floor":42.0,"key":"SMITH"},{"data":"Metallicize","floor":46.0,"key":"SMITH"},{"data":"Flame Barrier","floor":49.0,"key":"SMITH"},{"data":"Demon Form","floor":52.0,"key":"SMITH"}],"circlet_count":0,"master_deck":["Strike_R+1","Strike_R+1","Bash","Cleave+1","Twin Strike+1","Cleave+1","Spot Weakness+1","Feed+1","Flex","Twin Strike","Barricade+1","Seeing Red+1","Armaments","Flex+1","Flame Barrier+1","Metallicize+1","Sentinel","Pommel Strike","Iron Wave+1","Demon Form+1","Pommel Strike+1","Metallicize+1","Rampage","Shrug It Off+1","Rampage","Parasite","Infernal Blade+1","Pommel Strike+1","Thunderclap","Flex+1"],"relics":["Burning Blood","Nunchaku","Lizard Tail","Kunai","Coffee Dripper","CaptainsWheel","Red Skull","Whetstone","Empty Cage","Ice Cream","Bottled Lightning","Self Forming Clay"],"acts_visited":["Exordium","TheCity","TheBeyond","TheEnding"],"potions_floor_usage":[],"damage_taken":[{"damage":7.0,"enemies":"Small Slimes","floor":1.0,"turns":5.0},{"damage":1.0,"enemies":"Cultist","floor":2.0,"turns":3.0},{"damage":6.0,"enemies":"2 Louse","floor":3.0,"turns":4.0},{"damage":0.0,"enemies":"Looter","floor":4.0,"turns":3.0},{"damage":5.0,"enemies":"Lots of Slimes","floor":5.0,"turns":3.0},{"damage":17.0,"enemies":"3 Sentries","floor":11.0,"turns":5.0},{"damage":0.0,"enemies":"3 Louse","floor":12.0,"turns":1.0},{"damage":0.0,"enemies":"Gremlin Gang","floor":13.0,"turns":2.0},{"damage":6.0,"enemies":"Large Slime","floor":14.0,"turns":4.0},{"damage":36.0,"enemies":"The Guardian","floor":16.0,"turns":8.0},{"damage":33.0,"enemies":"3 Byrds","floor":18.0,"turns":5.0},{"damage":5.0,"enemies":"Chosen","floor":20.0,"turns":4.0},{"damage":29.0,"enemies":"Snake Plant","floor":21.0,"turns":5.0},{"damage":17.0,"enemies":"Centurion and Healer","floor":22.0,"turns":5.0},{"damage":17.0,"enemies":"Gremlin Leader","floor":23.0,"turns":4.0},{"damage":0.0,"enemies":"3 Cultists","floor":25.0,"turns":5.0},{"damage":0.0,"enemies":"Snecko","floor":28.0,"turns":4.0},{"damage":11.0,"enemies":"Book of Stabbing","floor":29.0,"turns":6.0},{"damage":7.0,"enemies":"Cultist and Chosen","floor":30.0,"turns":5.0},{"damage":12.0,"enemies":"Centurion and Healer","floor":31.0,"turns":5.0},{"damage":20.0,"enemies":"Champ","floor":33.0,"turns":11.0},{"damage":16.0,"enemies":"Orb Walker","floor":35.0,"turns":4.0},{"damage":6.0,"enemies":"3 Shapes","floor":40.0,"turns":3.0},{"damage":71.0,"enemies":"Nemesis","floor":41.0,"turns":7.0},{"damage":16.0,"enemies":"Maw","floor":44.0,"turns":7.0},{"damage":24.0,"enemies":"Writhing Mass","floor":45.0,"turns":5.0},{"damage":20.0,"enemies":"Sphere and 2 Shapes","floor":48.0,"turns":5.0},{"damage":50.0,"enemies":"Time Eater","floor":50.0,"turns":10.0},{"damage":92,"enemies":"Shield and Spear","floor":54,"turns":8},{"damage":61,"enemies":"The Heart","floor":55,"turns":5}],"seed_played":"-5341583049520681275","potions_obtained":[{"floor":1.0,"key":"Fire Potion"},{"floor":2.0,"key":"Block Potion"},{"floor":14.0,"key":"SteroidPotion"},{"floor":16.0,"key":"SmokeBomb"},{"floor":18.0,"key":"Weak Potion"},{"floor":25.0,"key":"Regen Potion"},{"floor":28.0,"key":"Weak Potion"},{"floor":29.0,"key":"BloodPotion"},{"floor":33.0,"key":"ColorlessPotion"},{"floor":48.0,"key":"ElixirPotion"}],"is_trial":false,"path_per_floor":["M","M","M","M","M","R","?","R","T","R","E","M","M","M","R","B",null,"M","?","M","M","M","E","R","M","T","R","M","E","M","M","R","B",null,"M","?","$","?","$","M","E","R","T","M","M","R","?","M","R","B",null,"R","$","E","B"],"character_chosen":"IRONCLAD","items_purchased":["Metallicize","Rampage","Bandage Up","Ice Cream","Shrug It Off","FairyPotion","Thunderclap"],"campfire_rested":0,"item_purchase_floors":[37,37,37,37,39,53,53],"current_hp_per_floor":[79,80,80,80,80,80,80,80,80,80,69,75,83,83,83,53,83,60,60,61,42,31,20,20,30,30,30,48,47,50,44,44,30,103,93,93,93,93,93,97,53,53,53,43,25,25,25,15,15,28,111,111,111,25,0,0],"gold":32,"neow_bonus":"RANDOM_COMMON_RELIC","is_daily":false,"chose_seed":false,"campfire_upgraded":10,"win_rate":0.0,"timestamp":1614035059,"path_taken":["M","M","M","M","M","R","?","R","T","R","E","M","M","M","R","BOSS","M","?","M","M","M","E","R","?","T","R","M","E","M","M","R","BOSS","M","?","$","?","$","M","E","R","T","M","M","R","?","M","R","BOSS","R","$","E","BOSS"],"items_purchased_type":["Card","Card","Card","Relic","Card","Potion","Card"],"build_version":"2020-12-22","purchased_purges":4,"victory":false,"max_hp_per_floor":[80,80,80,80,80,80,80,80,80,80,80,80,83,83,83,83,83,87,87,87,91,91,91,91,95,95,95,95,99,103,103,103,103,103,103,103,103,103,103,107,107,107,107,107,107,107,107,111,111,111,111,111,111,111,111,111],"card_choices":[{"not_picked":["Iron Wave","Thunderclap"],"picked":"Cleave","floor":1.0},{"not_picked":["Heavy Blade","Warcry"],"picked":"Twin Strike","floor":2.0},{"not_picked":["Impervious","Clash","Clothesline"],"picked":"SKIP","floor":3.0},{"not_picked":["Clash","Intimidate"],"picked":"Cleave","floor":4.0},{"not_picked":["Searing Blow","Body Slam"],"picked":"Spot Weakness","floor":5.0},{"not_picked":["Cleave","Reaper"],"picked":"Feed","floor":11.0},{"not_picked":["Perfected Strike","Dropkick"],"picked":"Flex","floor":12.0},{"not_picked":["Dual Wield","Body Slam"],"picked":"Twin Strike","floor":13.0},{"not_picked":["Flame Barrier","Sever Soul","Wild Strike"],"picked":"SKIP","floor":14.0},{"not_picked":["Limit Break","Brutality"],"picked":"Barricade","floor":16.0},{"not_picked":["Rage","Clothesline"],"picked":"Seeing Red+1","floor":18.0},{"not_picked":["Sever Soul","Iron Wave"],"picked":"Armaments","floor":20.0},{"not_picked":["Perfected Strike","Sword Boomerang","Power Through"],"picked":"SKIP","floor":21.0},{"not_picked":["Intimidate","Clothesline+1"],"picked":"Flex+1","floor":22.0},{"not_picked":["Clash","Shockwave"],"picked":"Flame Barrier","floor":23.0},{"not_picked":["Carnage","Sentinel"],"picked":"Metallicize","floor":25.0},{"not_picked":["Clash","Wild Strike"],"picked":"Sentinel","floor":28.0},{"not_picked":["Searing Blow","Second Wind"],"picked":"Pommel Strike","floor":29.0},{"not_picked":["Clash","Headbutt"],"picked":"Iron Wave","floor":30.0},{"not_picked":["Bloodletting","Berserk","Clash"],"picked":"SKIP","floor":31.0},{"not_picked":["Corruption","Bludgeon"],"picked":"Demon Form","floor":33.0},{"not_picked":["Searing Blow","Sword Boomerang+1"],"picked":"Pommel Strike+1","floor":35.0},{"not_picked":["Rage","Iron Wave+1"],"picked":"Rampage","floor":40.0},{"not_picked":["Perfected Strike","Anger","Barricade"],"picked":"SKIP","floor":41.0},{"not_picked":["Armaments","Havoc+1","Heavy Blade"],"picked":"SKIP","floor":44.0},{"not_picked":["Anger+1","Evolve+1"],"picked":"Infernal Blade+1","floor":45.0},{"not_picked":["Clash+1","Hemokinesis"],"picked":"Pommel Strike+1","floor":48.0},{"not_picked":["Sentinel","Bloodletting+1"],"picked":"Flex+1","floor":54}],"player_experience":190887,"relics_obtained":[{"floor":9.0,"key":"Lizard Tail"},{"floor":11.0,"key":"Kunai"},{"floor":23.0,"key":"CaptainsWheel"},{"floor":26.0,"key":"Red Skull"},{"floor":29.0,"key":"Whetstone"},{"floor":41.0,"key":"Bottled Lightning"},{"floor":54,"key":"Self Forming Clay"}],"event_choices":[{"damage_healed":0.0,"max_hp_gain":0.0,"max_hp_loss":0.0,"gold_gain":0.0,"event_name":"Accursed Blacksmith","player_choice":"Forge","floor":7.0,"gold_loss":0.0,"damage_taken":0.0,"cards_upgraded":["Cleave"]},{"cards_removed":["Strike_R"],"damage_healed":0.0,"max_hp_gain":0.0,"max_hp_loss":0.0,"gold_gain":0.0,"event_name":"Bonfire Elementals","player_choice":"Offered Basic","floor":19.0,"gold_loss":0.0,"damage_taken":0.0},{"damage_healed":0.0,"max_hp_gain":0.0,"max_hp_loss":0.0,"gold_gain":0.0,"event_name":"SensoryStone","player_choice":"Memory 1","floor":36.0,"gold_loss":0.0,"damage_taken":0.0},{"cards_removed":["Bandage Up"],"damage_healed":0.0,"max_hp_gain":0.0,"max_hp_loss":0.0,"gold_gain":0.0,"event_name":"Falling","player_choice":"Removed Skill","floor":38.0,"gold_loss":0.0,"damage_taken":0.0},{"damage_healed":0.0,"max_hp_gain":0.0,"max_hp_loss":0.0,"gold_gain":0.0,"event_name":"Upgrade Shrine","player_choice":"Upgraded","floor":47.0,"gold_loss":0.0,"damage_taken":0.0,"cards_upgraded":["Metallicize"]}],"is_beta":false,"boss_relics":[{"not_picked":["Ectoplasm","Snecko Eye"],"picked":"Coffee Dripper"},{"not_picked":["Fusion Hammer","Philosopher\u0027s Stone"],"picked":"Empty Cage"}],"items_purged_floors":[37,37,37,37],"is_endless":false,"potions_floor_spawned":[1,2,14,16,18,25,28,29,33,35,40,48],"killed_by":"The Heart","ascension_level":0}}