{"host":"Doisman","time":1614033986,"event":{"mods":["AchievementEnabler","BaseMod","Better Note","Curses Come First","Minty Spire (QoL Compilation)","Permanent Neow","Quick Restart","Relic Stats","Replay The Spire","StSLib","slay the spire mod where everything is the same but ironclad has a cowboy hat"],"gold_per_floor":[117,67,80,80,98,127,127,159,159,159,170,190,23,41,41,146,146,163,173,187,187,210,244,256,300,361,389,50,83,93,3,3,106,106,116,136,186,35,48,48,74,74,74,94,94,16,16,16,16,34,34,34],"floor_reached":53,"language":"ENG","playtime":1504,"items_purged":["Strike_B"],"score":711,"play_id":"f04a9dcd-609e-4bc7-960a-3996e4a421eb","local_time":"20210222164626","is_ascension_mode":true,"campfire_choices":[{"data":"Zap","floor":7,"key":"SMITH"},{"data":"Ball Lightning","floor":10,"key":"SMITH"},{"data":"Strike_B","floor":15,"key":"PURGE"},{"data":"ReplayTheSpireMod:Omega Cannon","floor":24,"key":"SMITH"},{"data":"Seek","floor":32,"key":"SMITH"},{"data":"Go for the Eyes","floor":40,"key":"SMITH"},{"data":"Glacier","floor":42,"key":"SMITH"},{"data":"Loop","floor":49,"key":"SMITH"},{"data":"Loop","floor":51,"key":"SMITH"}],"circlet_count":0,"master_deck":["Defend_B+1","Defend_B+1","Defend_B+1","Defend_B+1","Zap+1","Rebound+1","Ball Lightning+1","Ball Lightning","Coolheaded+1","Cold Snap","Go for the Eyes+1","ReplayTheSpireMod:Omega Cannon+1","Sweeping Beam","Glacier+1","Doom and Gloom+1","Seek+1","Glacier","Leap","Beam Cell+1","Hologram+1","Coolheaded+1","Loop+1","Loop+1"],"relics":["Busted Crown","Replay:Ringing Soul","Onion Ring","Replay:Bottled Eggs","Blue Doll","Velvet Choker","ReplayTheSpireMod:Lightbulb","MawBank","Replay:Bottled Snecko","Lantern","Replay:Frozen Program","Potion Belt","Runic Pyramid","TungstenRod","Vajra","Boot","Carrot"],"acts_visited":["Exordium","TheCity","TheBeyond"],"potions_floor_usage":[6,16,18,23,29,33,44,52,52,52,52,52],"damage_taken":[{"damage":0,"enemies":"2 Louse","floor":1,"turns":2},{"damage":1,"enemies":"Jaw Worm","floor":3,"turns":3},{"damage":0,"enemies":"Small Slimes","floor":5,"turns":2},{"damage":14,"enemies":"Gremlin Nob","floor":6,"turns":3},{"damage":16,"enemies":"Lagavulin","floor":8,"turns":4},{"damage":0,"enemies":"Exordium Thugs","floor":11,"turns":4},{"damage":0,"enemies":"Looter","floor":12,"turns":2},{"damage":0,"enemies":"2 Fungi Beasts","floor":14,"turns":2},{"damage":2,"enemies":"Hexaghost","floor":16,"turns":8},{"damage":2,"enemies":"2 Thieves","floor":18,"turns":2},{"damage":0,"enemies":"3 Byrds","floor":19,"turns":1},{"damage":5,"enemies":"Snake Plant","floor":20,"turns":4},{"damage":0,"enemies":"Replay:Snechameleon","floor":23,"turns":4},{"damage":5,"enemies":"Slavers","floor":25,"turns":2},{"damage":0,"enemies":"Snecko","floor":27,"turns":3},{"damage":13,"enemies":"Replay:Snechameleon","floor":29,"turns":4},{"damage":2,"enemies":"Cultist and Chosen","floor":30,"turns":2},{"damage":24,"enemies":"Collector","floor":33,"turns":7},{"damage":0,"enemies":"3 Darklings","floor":35,"turns":1},{"damage":7,"enemies":"3 Shapes","floor":36,"turns":1},{"damage":2,"enemies":"Mind Bloom Boss Battle","floor":37,"turns":7},{"damage":0,"enemies":"3 Darklings","floor":39,"turns":2},{"damage":6,"enemies":"Reptomancer","floor":41,"turns":6},{"damage":0,"enemies":"Spire Growth","floor":44,"turns":2},{"damage":0,"enemies":"Jaw Worm Horde","floor":50,"turns":3},{"damage":42,"enemies":"Replay:Hell Engine","floor":52,"turns":16}],"seed_played":"5209409356618323236","potions_obtained":[{"floor":1,"key":"LiquidMemories"},{"floor":5,"key":"LiquidBronze"},{"floor":6,"key":"FearPotion"},{"floor":8,"key":"Ancient Potion"},{"floor":16,"key":"LiquidMemories"},{"floor":19,"key":"Milkshake"},{"floor":25,"key":"SteroidPotion"},{"floor":29,"key":"Strength Potion"},{"floor":30,"key":"Explosive Potion"},{"floor":36,"key":"SkillPotion"},{"floor":37,"key":"Dexterity Potion"},{"floor":39,"key":"Explosive Potion"},{"floor":50,"key":"PotionOfCapacity"}],"is_trial":false,"path_per_floor":["M","?","M","?","M","E","R","E","T","R","M","M","$","M","R","B",null,"M","M","M","?","T","E","R","E","T","M","$","E","M","?","R","B",null,"M","M","?","$","M","R","E","R","T","M","?","$","PTL","PTL","R","M","R","B",null],"character_chosen":"DEFECT","items_purchased":["Blue Doll","Cold Snap","Seek","Glacier","Replay:Frozen Program","Vajra","Coolheaded+1","Loop"],"campfire_rested":0,"item_purchase_floors":[13,13,28,28,28,38,46,46],"current_hp_per_floor":[75,75,74,74,74,60,60,44,44,44,47,50,53,56,56,57,90,91,94,89,89,89,92,92,87,87,87,90,77,75,75,75,51,102,105,98,96,96,96,96,93,93,93,96,96,99,99,99,99,99,99,57],"gold":34,"neow_bonus":"BOSS_RELIC","is_daily":false,"chose_seed":false,"campfire_upgraded":8,"win_rate":0.0,"timestamp":1614033986,"path_taken":["M","?","M","?","M","E","R","E","T","R","M","M","$","M","R","BOSS","M","M","M","?","?","E","R","E","T","M","$","E","M","?","R","BOSS","M","M","?","$","M","R","E","R","T","M","?","$","PTL","PTL","R","M","R","BOSS"],"items_purchased_type":["Relic","Card","Card","Card","Relic","Relic","Card","Card"],"build_version":"2020-12-18","purchased_purges":1,"victory":true,"max_hp_per_floor":[75,75,75,75,75,75,75,75,75,75,78,81,84,87,87,90,90,93,96,96,96,96,99,99,99,99,99,102,102,102,102,102,102,102,105,105,105,105,105,105,108,108,108,111,111,114,114,114,114,114,114,114],"relic_stats":{"Busted Crown":50,"counters":[26,97],"MawBank":60,"Boot":[25],"obtain_stats":[{"Potion Belt":29,"Lantern":26,"Carrot":43,"Velvet Choker":17,"Vajra":38,"Blue Doll":13,"MawBank":23,"Boot":41,"Replay:Ringing Soul":6,"Busted Crown":0,"Replay:Frozen Program":28,"Onion Ring":8,"Replay:Bottled Snecko":25,"Replay:Bottled Eggs":9,"Cracked Core":0,"ReplayTheSpireMod:Lightbulb":22,"TungstenRod":37,"Runic Pyramid":34},{"Potion Belt":16,"Lantern":14,"Carrot":23,"Velvet Choker":9,"Vajra":21,"Blue Doll":7,"MawBank":13,"Boot":23,"Replay:Ringing Soul":4,"Busted Crown":0,"Replay:Frozen Program":15,"Onion Ring":5,"Replay:Bottled Snecko":14,"Replay:Bottled Eggs":5,"Cracked Core":0,"ReplayTheSpireMod:Lightbulb":12,"TungstenRod":21,"Runic Pyramid":18},{"Potion Belt":50,"Lantern":43,"Carrot":76,"Velvet Choker":30,"Vajra":68,"Blue Doll":20,"MawBank":41,"Boot":76,"Replay:Ringing Soul":10,"Busted Crown":0,"Replay:Frozen Program":46,"Onion Ring":14,"Replay:Bottled Snecko":43,"Replay:Bottled Eggs":14,"Cracked Core":0,"ReplayTheSpireMod:Lightbulb":37,"TungstenRod":68,"Runic Pyramid":59}],"TungstenRod":10},"card_choices":[{"not_picked":["Turbo"],"picked":"SKIP","floor":1},{"not_picked":["Scrape"],"picked":"SKIP","floor":3},{"not_picked":[],"picked":"Ball Lightning","floor":5},{"not_picked":["Recycle"],"picked":"SKIP","floor":6},{"not_picked":["BasicCrystalCard"],"picked":"SKIP","floor":8},{"not_picked":[],"picked":"Ball Lightning","floor":11},{"not_picked":[],"picked":"Coolheaded","floor":12},{"not_picked":[],"picked":"Go for the Eyes","floor":14},{"not_picked":[],"picked":"ReplayTheSpireMod:Omega Cannon","floor":16},{"not_picked":[],"picked":"Sweeping Beam","floor":18},{"not_picked":[],"picked":"Glacier","floor":19},{"not_picked":["Gash"],"picked":"SKIP","floor":20},{"not_picked":[],"picked":"Doom and Gloom+1","floor":23},{"not_picked":["Recycle"],"picked":"SKIP","floor":25},{"not_picked":["Aggregate+1"],"picked":"SKIP","floor":27},{"not_picked":["Force Field"],"picked":"SKIP","floor":29},{"not_picked":["Turbo"],"picked":"SKIP","floor":30},{"not_picked":[],"picked":"Leap","floor":35},{"not_picked":["Scrape+1"],"picked":"SKIP","floor":36},{"not_picked":["Rebound"],"picked":"SKIP","floor":39},{"not_picked":[],"picked":"Beam Cell+1","floor":41},{"not_picked":[],"picked":"Hologram+1","floor":44},{"not_picked":["Stack+1"],"picked":"SKIP","floor":50}],"player_experience":781762,"relics_obtained":[{"floor":6,"key":"Replay:Ringing Soul"},{"floor":8,"key":"Onion Ring"},{"floor":9,"key":"Replay:Bottled Eggs"},{"floor":22,"key":"ReplayTheSpireMod:Lightbulb"},{"floor":23,"key":"MawBank"},{"floor":25,"key":"Replay:Bottled Snecko"},{"floor":26,"key":"Lantern"},{"floor":29,"key":"Potion Belt"},{"floor":37,"key":"TungstenRod"},{"floor":41,"key":"Boot"},{"floor":43,"key":"Carrot"}],"event_choices":[{"cards_removed":["Strike_B"],"damage_healed":0,"gold_gain":0,"player_choice":"Card Removal","damage_taken":0,"max_hp_gain":0,"max_hp_loss":0,"event_name":"The Cleric","floor":2,"gold_loss":50},{"damage_healed":0,"gold_gain":0,"player_choice":"Bought 0 Potions","damage_taken":0,"max_hp_gain":0,"max_hp_loss":0,"event_name":"The Woman in Blue","floor":21,"gold_loss":0},{"cards_removed":["Strike_B"],"damage_healed":0,"gold_gain":0,"player_choice":"Upgrade and Remove","damage_taken":0,"max_hp_gain":0,"max_hp_loss":0,"event_name":"Designer","floor":31,"gold_loss":90,"cards_upgraded":["Coolheaded"]},{"damage_healed":0,"gold_gain":0,"player_choice":"Fight","damage_taken":0,"max_hp_gain":0,"max_hp_loss":0,"event_name":"MindBloom","floor":37,"gold_loss":0},{"damage_healed":0,"gold_gain":0,"player_choice":"Ignored","damage_taken":0,"max_hp_gain":0,"max_hp_loss":0,"event_name":"Tomb of Lord Red Mask","floor":45,"gold_loss":0}],"is_beta":true,"boss_relics":[{"not_picked":["Inserter","Tiny House"],"picked":"Velvet Choker"},{"not_picked":["Black Star","Sozu"],"picked":"Runic Pyramid"}],"items_purged_floors":[28],"is_endless":false,"potions_floor_spawned":[1,5,6,8,16,19,25,29,30,36,37,39,50],"ascension_level":1}}