{"host":"una2udiqbar5tkr3","time":1614033494,"event":{"mods":["Act Like it!","Aspiration","BaseMod","Beaked The Cultist","BetterRewards","Colored Map","Colored Powertips","Conspire","DeckTracker","Halation","Highlight Path","Hubris","Infinite Spire","Minty Spire (QoL Compilation)","Replay The Spire","StSLib","The Animator","The Servant 0.9.4","Trackpad"],"gold_per_floor":[110,124,124,124,147,147,175,175,175,192,216,229,74,93,93,93,93],"floor_reached":16,"language":"SPA","playtime":3696,"items_purged":[],"score":104,"play_id":"98546d07-0f5e-4431-a006-844bb739423d","local_time":"20210222233814","is_ascension_mode":false,"campfire_choices":[{"data":"animator:Darkness","floor":6,"key":"SMITH"},{"data":"animator:Eris","floor":8,"key":"SMITH"},{"data":"animator:Vanir","floor":15,"key":"SMITH"}],"circlet_count":0,"master_deck":["animator:Strike_Konosuba","animator:Defend_Konosuba","animator:Strike","animator:Strike","animator:Strike","animator:Defend","animator:Defend","animator:Defend","animator:Kazuma","animator:Aqua","animator:SilverFang","animator:Darkness+1","animator:Eris+1","animator:Mitsurugi","animator:Shuna","animator:Vanir+1"],"relics":["animator:LivingPicture","animator:TheMissingPiece","animator:PurgingStone","Oddly Smooth Stone","ReplayTheSpireMod:Shallot","Frozen Eye"],"acts_visited":["Exordium"],"potions_floor_usage":[7,11,11,16],"damage_taken":[{"damage":0,"enemies":"Small Slimes","floor":1,"turns":6},{"damage":9,"enemies":"infinitespire:Voidling","floor":2,"turns":7},{"damage":22,"enemies":"Jaw Worm","floor":5,"turns":11},{"damage":23,"enemies":"3 Sentries","floor":7,"turns":21},{"damage":0,"enemies":"Gremlin Gang","floor":10,"turns":9},{"damage":0,"enemies":"3 Louse","floor":11,"turns":8},{"damage":0,"enemies":"Exordium Wildlife","floor":12,"turns":6},{"damage":0,"enemies":"Red Slaver","floor":14,"turns":4},{"damage":74,"enemies":"Slime Boss","floor":16,"turns":13}],"seed_played":"-7183502979392108727","potions_obtained":[{"floor":1,"key":"Swift Potion"},{"floor":5,"key":"Energy Potion"},{"floor":7,"key":"animator:FalseLifePotion"},{"floor":10,"key":"Languid Potion"}],"is_trial":false,"path_per_floor":["M","M","?","$","M","R","E","R","T","M","M","M","$","M","R","B"],"character_chosen":"THE_ANIMATOR","items_purchased":["Frozen Eye"],"campfire_rested":0,"item_purchase_floors":[13],"current_hp_per_floor":[72,72,72,72,52,52,32,32,32,40,48,56,56,65,65,0,0],"gold":93,"neow_bonus":"TEN_PERCENT_HP_BONUS","is_daily":false,"chose_seed":false,"campfire_upgraded":3,"win_rate":0.0,"timestamp":1614033494,"path_taken":["M","M","?","$","M","R","E","R","T","?","M","M","$","M","R","BOSS"],"items_purchased_type":["Relic"],"build_version":"2020-12-22","purchased_purges":0,"victory":false,"max_hp_per_floor":[72,72,72,72,72,72,73,73,73,73,73,73,73,74,74,74,74],"card_choices":[{"not_picked":["animator:Ain","animator:Illya"],"picked":"animator:Caster","floor":1},{"not_picked":["animator:Geryuganshoop","animator:IrohaTamaki"],"picked":"animator:SilverFang","floor":2},{"not_picked":["animator:Verdia","animator:Evileye"],"picked":"animator:Darkness","floor":5},{"not_picked":["animator:Vanir","animator:Aqua"],"picked":"animator:Eris","floor":7},{"not_picked":["animator:DwarfShaman","animator:Raven","animator:Aisha"],"picked":"SKIP","floor":10},{"not_picked":["animator:YuiTsuruno","animator:Ain"],"picked":"animator:Mitsurugi","floor":11},{"not_picked":["animator:SayakaMiki","animator:Aqua"],"picked":"animator:Shuna","floor":12},{"not_picked":["animator:Mitsurugi","animator:Verdia"],"picked":"animator:Vanir","floor":14}],"player_experience":709888,"relics_obtained":[{"floor":7,"key":"Oddly Smooth Stone"},{"floor":9,"key":"ReplayTheSpireMod:Shallot"}],"event_choices":[{"cards_removed":["animator:Caster"],"damage_healed":0,"gold_gain":0,"player_choice":"Offered Uncommon","damage_taken":0,"max_hp_gain":0,"max_hp_loss":0,"event_name":"Bonfire Elementals","floor":3,"gold_loss":0}],"is_beta":false,"boss_relics":[],"items_purged_floors":[],"is_endless":false,"potions_floor_spawned":[1,5,7,10],"killed_by":"Slime Boss","ascension_level":0}}