{"host":"188x3om7sf6mgxv1","time":1614024163,"event":{"mods":["BaseMod","Block Reminder","Jorbs\u0027s Wanderer Trilogy","Minty Spire (QoL Compilation)","Relic Stats","StSLib"],"gold_per_floor":[116,130,130,230,250,250,276,276,330,3,21,55,65,85,85,188,188,202,217,217,217,47,47,72,72,98,98,131,230,260,220,220,322,322,334,13,63,78,78,109,109,109,162,162,193,0,17,29,29,29,29,29,29,58,58,58],"floor_reached":55,"language":"ENG","playtime":2377,"items_purged":["Strike_R","Strike_R"],"score":1221,"play_id":"49447a29-1332-4ee5-b8ee-1390f7dac595","local_time":"20210222150243","is_ascension_mode":true,"campfire_choices":[{"data":"Uppercut","floor":6.0,"key":"SMITH"},{"data":"Feed","floor":8.0,"key":"SMITH"},{"data":"True Grit","floor":15.0,"key":"SMITH"},{"data":"Rage","floor":23.0,"key":"SMITH"},{"data":"J.A.X.","floor":25.0,"key":"SMITH"},{"floor":27.0,"key":"REST"},{"data":"Limit Break","floor":32.0,"key":"SMITH"},{"floor":42.0,"key":"RECALL"},{"floor":44.0,"key":"DIG"},{"data":"Feel No Pain","floor":49.0,"key":"SMITH"},{"floor":52.0,"key":"DIG"}],"circlet_count":0,"master_deck":["AscendersBane","Strike_R+1","Strike_R+1","Defend_R+1","Defend_R","Defend_R+1","Defend_R","Bash","Uppercut+1","Cleave","Blood for Blood","Feed+1","True Grit+1","Offering","Exhume","Flex","J.A.X.+1","Rage+1","Feel No Pain","Limit Break+1","True Grit","Corruption","Feel No Pain+1","Flex","Shockwave","Rupture+1","Sentinel","Anger","Burning Pact+1","Seeing Red","Spot Weakness+1","Whirlwind+1"],"relics":["Runic Dome","Strawberry","Orichalcum","Gremlin Horn","Turnip","Runic Pyramid","War Paint","Anchor","Du-Vu Doll","Blue Candle","Philosopher\u0027s Stone","OrangePellets","Shovel","Meat on the Bone","TungstenRod","Mercury Hourglass","Frozen Eye","Bottled Tornado","Vajra"],"acts_visited":["Exordium","TheCity","TheBeyond","TheEnding"],"potions_floor_usage":[],"damage_taken":[{"damage":0.0,"enemies":"2 Louse","floor":1.0,"turns":3.0},{"damage":0.0,"enemies":"Cultist","floor":2.0,"turns":3.0},{"damage":0.0,"enemies":"Small Slimes","floor":5.0,"turns":3.0},{"damage":8.0,"enemies":"Gremlin Nob","floor":7.0,"turns":3.0},{"damage":2.0,"enemies":"3 Louse","floor":11.0,"turns":4.0},{"damage":8.0,"enemies":"3 Sentries","floor":12.0,"turns":6.0},{"damage":0.0,"enemies":"2 Fungi Beasts","floor":13.0,"turns":2.0},{"damage":4.0,"enemies":"Red Slaver","floor":14.0,"turns":3.0},{"damage":18.0,"enemies":"Slime Boss","floor":16.0,"turns":7.0},{"damage":8.0,"enemies":"Chosen","floor":18.0,"turns":3.0},{"damage":13.0,"enemies":"Spheric Guardian","floor":19.0,"turns":4.0},{"damage":20.0,"enemies":"Book of Stabbing","floor":24.0,"turns":4.0},{"damage":29.0,"enemies":"Slavers","floor":28.0,"turns":5.0},{"damage":16.0,"enemies":"Book of Stabbing","floor":30.0,"turns":4.0},{"damage":120.0,"enemies":"Collector","floor":33.0,"turns":8.0},{"damage":9.0,"enemies":"Orb Walker","floor":35.0,"turns":5.0},{"damage":9.0,"enemies":"Mind Bloom Boss Battle","floor":37.0,"turns":5.0},{"damage":21.0,"enemies":"3 Shapes","floor":38.0,"turns":4.0},{"damage":23.0,"enemies":"Reptomancer","floor":40.0,"turns":6.0},{"damage":27.0,"enemies":"Giant Head","floor":45.0,"turns":8.0},{"damage":7.0,"enemies":"Spire Growth","floor":47.0,"turns":4.0},{"damage":17.0,"enemies":"3 Darklings","floor":48.0,"turns":4.0},{"damage":35.0,"enemies":"Donu and Deca","floor":50.0,"turns":7.0},{"damage":113.0,"enemies":"Shield and Spear","floor":54.0,"turns":7.0},{"damage":45,"enemies":"The Heart","floor":55,"turns":5}],"seed_played":"-8553107992732351090","potions_obtained":[{"floor":1.0,"key":"BloodPotion"},{"floor":2.0,"key":"FairyPotion"},{"floor":5.0,"key":"SteroidPotion"},{"floor":31.0,"key":"HeartOfIron"},{"floor":31.0,"key":"LiquidMemories"},{"floor":35.0,"key":"Energy Potion"},{"floor":37.0,"key":"BloodPotion"},{"floor":45.0,"key":"Regen Potion"}],"is_trial":false,"path_per_floor":["M","M","?","?","M","R","E","R","T","$","M","E","M","M","R","B",null,"M","M","?","?","$","R","E","R","T","R","E","?","E","?","R","B",null,"M","$","?","M","?","E","?","R","T","R","E","$","M","M","R","B",null,"R","$","E","B"],"character_chosen":"IRONCLAD","items_purchased":["Gremlin Horn","Rage","OrangePellets","Feel No Pain","Flex","Shockwave","Seeing Red","Frozen Eye"],"campfire_rested":1,"item_purchase_floors":[10,22,36,36,36,36,46,46],"current_hp_per_floor":[72,72,56,56,56,56,55,55,55,55,57,53,57,53,53,39,87,83,74,74,74,74,74,58,58,58,92,71,71,59,84,84,14,99,94,94,93,76,76,53,53,53,53,53,70,70,79,78,78,59,129,129,129,44,0,0],"gold":58,"neow_bonus":"BOSS_RELIC","is_daily":false,"chose_seed":false,"campfire_upgraded":7,"win_rate":0.0,"timestamp":1614024163,"path_taken":["M","M","?","?","M","R","E","R","T","$","M","E","M","?","R","BOSS","M","M","?","?","$","R","E","R","T","R","E","?","E","?","R","BOSS","M","?","?","M","?","E","?","R","T","R","E","?","M","M","R","BOSS","R","$","E","BOSS"],"items_purchased_type":["Relic","Card","Relic","Card","Card","Card","Card","Relic"],"build_version":"2020-12-22","purchased_purges":2,"victory":false,"max_hp_per_floor":[80,80,80,80,80,80,87,87,87,87,91,95,99,99,99,103,103,107,111,111,111,111,111,115,115,115,115,123,123,127,127,127,127,127,131,131,139,143,143,143,136,136,136,136,140,140,144,148,148,152,152,152,152,156,156,156],"relic_stats":{"OrangePellets":[10],"Shovel":2,"Gremlin Horn":[23,23],"counters":[25,117],"Blue Candle":[3],"Turnip":[12],"Orichalcum":[78],"War Paint":["Defend_R","Defend_R"],"obtain_stats":[{"Gremlin Horn":10,"Blue Candle":30,"Vajra":54,"Orichalcum":9,"War Paint":24,"Bottled Tornado":52,"Burning Blood":0,"Mercury Hourglass":45,"Du-Vu Doll":28,"Runic Dome":0,"OrangePellets":36,"Frozen Eye":46,"Anchor":26,"Shovel":37,"Strawberry":7,"Philosopher\u0027s Stone":34,"Turnip":12,"TungstenRod":44,"Runic Pyramid":17,"Meat on the Bone":40},{"Gremlin Horn":4,"Blue Candle":14,"Vajra":24,"Orichalcum":4,"War Paint":12,"Bottled Tornado":23,"Burning Blood":0,"Mercury Hourglass":20,"Du-Vu Doll":13,"Runic Dome":0,"OrangePellets":16,"Frozen Eye":20,"Anchor":12,"Shovel":17,"Strawberry":4,"Philosopher\u0027s Stone":15,"Turnip":6,"TungstenRod":19,"Runic Pyramid":9,"Meat on the Bone":19},{"Gremlin Horn":12,"Blue Candle":54,"Vajra":112,"Orichalcum":12,"War Paint":45,"Bottled Tornado":105,"Burning Blood":0,"Mercury Hourglass":90,"Du-Vu Doll":50,"Runic Dome":0,"OrangePellets":67,"Frozen Eye":90,"Anchor":45,"Shovel":72,"Strawberry":12,"Philosopher\u0027s Stone":62,"Turnip":22,"TungstenRod":82,"Runic Pyramid":34,"Meat on the Bone":82}],"TungstenRod":60,"Meat on the Bone":60,"Mercury Hourglass":[87]},"card_choices":[{"not_picked":["Whirlwind","Armaments"],"picked":"Uppercut","floor":1.0},{"not_picked":["Heavy Blade","Sentinel"],"picked":"Cleave","floor":2.0},{"not_picked":["Armaments","Sword Boomerang"],"picked":"Blood for Blood","floor":5.0},{"not_picked":["Thunderclap","Shrug It Off"],"picked":"Feed","floor":7.0},{"not_picked":["Heavy Blade","Wild Strike","Combust"],"picked":"SKIP","floor":11.0},{"not_picked":["Headbutt","Body Slam"],"picked":"True Grit","floor":12.0},{"not_picked":["Headbutt","Clothesline","Thunderclap"],"picked":"SKIP","floor":13.0},{"not_picked":["Warcry","Thunderclap"],"picked":"Offering","floor":14.0},{"not_picked":["Fiend Fire","Berserk"],"picked":"Exhume","floor":16.0},{"not_picked":["Iron Wave","Reckless Charge"],"picked":"Flex","floor":18.0},{"not_picked":["Infernal Blade+1","Sword Boomerang","Warcry+1"],"picked":"SKIP","floor":19.0},{"not_picked":["Wild Strike","Burning Pact"],"picked":"Feel No Pain","floor":24.0},{"not_picked":["Rage","Dual Wield"],"picked":"Limit Break","floor":28.0},{"not_picked":["Dual Wield","Blood for Blood"],"picked":"True Grit","floor":30.0},{"not_picked":["Berserk","Barricade"],"picked":"Corruption","floor":33.0},{"not_picked":["Second Wind","Clash+1","Havoc+1"],"picked":"SKIP","floor":35.0},{"not_picked":["Clash","Rage+1"],"picked":"Rupture+1","floor":37.0},{"not_picked":["Havoc","Warcry"],"picked":"Sentinel","floor":38.0},{"not_picked":["Armaments+1","Pommel Strike+1"],"picked":"Anger","floor":40.0},{"not_picked":["Sentinel+1","Shrug It Off"],"picked":"Burning Pact+1","floor":45.0},{"not_picked":["Thunderclap+1","Carnage+1","Anger+1"],"picked":"SKIP","floor":47.0},{"not_picked":["Feel No Pain","Feed"],"picked":"Spot Weakness+1","floor":48.0},{"not_picked":["Rampage","Thunderclap+1"],"picked":"Whirlwind+1","floor":54.0}],"player_experience":107743,"relics_obtained":[{"floor":7.0,"key":"Strawberry"},{"floor":9.0,"key":"Orichalcum"},{"floor":12.0,"key":"Turnip"},{"floor":24.0,"key":"War Paint"},{"floor":26.0,"key":"Anchor"},{"floor":28.0,"key":"Du-Vu Doll"},{"floor":30.0,"key":"Blue Candle"},{"floor":37.0,"key":"Shovel"},{"floor":40.0,"key":"Meat on the Bone"},{"floor":44.0,"key":"TungstenRod"},{"floor":45.0,"key":"Mercury Hourglass"},{"floor":52.0,"key":"Bottled Tornado"},{"floor":54.0,"key":"Vajra"}],"event_choices":[{"damage_healed":0.0,"max_hp_gain":0.0,"max_hp_loss":0.0,"gold_gain":0.0,"event_name":"Shining Light","player_choice":"Entered Light","floor":3.0,"gold_loss":0.0,"damage_taken":16.0,"cards_upgraded":["Strike_R","Strike_R"]},{"damage_healed":0.0,"max_hp_gain":0.0,"max_hp_loss":0.0,"gold_gain":100.0,"event_name":"Golden Shrine","player_choice":"Pray","floor":4.0,"gold_loss":0.0,"damage_taken":0.0},{"damage_healed":0.0,"max_hp_gain":0.0,"max_hp_loss":0.0,"gold_gain":0.0,"event_name":"The Mausoleum","player_choice":"Ignored","floor":20.0,"gold_loss":0.0,"damage_taken":0.0},{"damage_healed":0.0,"max_hp_gain":0.0,"max_hp_loss":0.0,"gold_gain":0.0,"event_name":"Drug Dealer","player_choice":"Obtain J.A.X.","floor":21.0,"gold_loss":0.0,"damage_taken":0.0,"cards_obtained":["J.A.X."]},{"damage_healed":0.0,"max_hp_gain":0.0,"max_hp_loss":0.0,"gold_gain":99.0,"event_name":"Nest","player_choice":"Stole From Cult","floor":29.0,"gold_loss":0.0,"damage_taken":0.0},{"damage_healed":0.0,"max_hp_gain":0.0,"max_hp_loss":0.0,"gold_gain":0.0,"event_name":"The Woman in Blue","player_choice":"Bought 3 Potions","floor":31.0,"gold_loss":0.0,"damage_taken":0.0},{"damage_healed":0.0,"max_hp_gain":0.0,"max_hp_loss":0.0,"gold_gain":0.0,"event_name":"MindBloom","player_choice":"Fight","floor":37.0,"gold_loss":0.0,"damage_taken":0.0},{"cards_removed":["Strike_R"],"damage_healed":0.0,"max_hp_gain":0.0,"max_hp_loss":0.0,"gold_gain":0.0,"event_name":"Falling","player_choice":"Removed Attack","floor":39.0,"gold_loss":0.0,"damage_taken":0.0},{"damage_healed":0.0,"max_hp_gain":0.0,"max_hp_loss":7.0,"gold_gain":0.0,"event_name":"Winding Halls","player_choice":"Max HP","floor":41.0,"gold_loss":0.0,"damage_taken":0.0}],"is_beta":false,"boss_relics":[{"not_picked":["Astrolabe","Coffee Dripper"],"picked":"Runic Pyramid"},{"not_picked":["Mark of Pain","Velvet Choker"],"picked":"Philosopher\u0027s Stone"}],"items_purged_floors":[10,22],"is_endless":false,"potions_floor_spawned":[1,2,5,18,28,35,37,45,48],"killed_by":"The Heart","ascension_level":10}}