{"host":"m1hrbr0uwda4cktq","time":1614013412,"event":{"mods":["BaseMod","BetterRewards","Colored Map","Colored Powertips","Highlight Path","Minty Spire (QoL Compilation)","Shop Mod","SuperFastMode"],"gold_per_floor":[109,109,69,80,90,115,127,127,127],"floor_reached":8,"language":"ENG","playtime":498,"items_purged":[],"score":73,"play_id":"4b700aec-58db-4765-a1ac-e86b8ffb50bf","local_time":"20210222140332","is_ascension_mode":true,"campfire_choices":[],"circlet_count":0,"master_deck":["Strike_B","Strike_B","Strike_B","Strike_B","Defend_B","Defend_B","Defend_B","Defend_B","Zap","Dualcast","Static Discharge","Lockon","Coolheaded","Steam","Compile Driver","Steam","Capacitor","Ball Lightning","Darkness","Coolheaded"],"relics":["Cracked Core","Bird Faced Urn","Turnip","Question Card"],"acts_visited":["Exordium"],"potions_floor_usage":[1],"damage_taken":[{"damage":0,"enemies":"Jaw Worm","floor":1,"turns":2},{"damage":2,"enemies":"Small Slimes","floor":4,"turns":2},{"damage":4,"enemies":"Cultist","floor":5,"turns":3},{"damage":24,"enemies":"3 Sentries","floor":6,"turns":6},{"damage":11,"enemies":"3 Louse","floor":7,"turns":3},{"damage":46,"enemies":"Gremlin Nob","floor":8,"turns":4}],"seed_played":"-2636848356123882129","potions_obtained":[{"floor":1,"key":"Fruit Juice"},{"floor":5,"key":"SmokeBomb"},{"floor":6,"key":"Dexterity Potion"}],"is_trial":false,"path_per_floor":["M","?","$","M","M","E","M","E"],"character_chosen":"DEFECT","items_purchased":["Bird Faced Urn","Static Discharge","Lockon","Coolheaded","Steam","Compile Driver","Capacitor"],"campfire_rested":0,"item_purchase_floors":[0,0,0,0,0,0,3],"current_hp_per_floor":[80,55,55,53,49,29,20,0,0],"gold":127,"neow_bonus":"","is_daily":false,"chose_seed":false,"campfire_upgraded":0,"win_rate":0.0,"timestamp":1614013412,"path_taken":["M","?","$","M","M","E","M","E"],"items_purchased_type":["Relic","Card","Card","Card","Card","Card","Card"],"build_version":"2020-12-22","purchased_purges":0,"victory":false,"max_hp_per_floor":[80,80,80,80,80,80,80,80,80],"card_choices":[{"not_picked":["Scrape","Turbo"],"picked":"Steam","floor":1},{"not_picked":["BootSequence","Beam Cell"],"picked":"Ball Lightning","floor":4},{"not_picked":["Hologram","Undo"],"picked":"Darkness","floor":5},{"not_picked":["Reinforced Body","Fusion","Storm"],"picked":"SKIP","floor":6},{"not_picked":["Steam","Hologram","Ball Lightning"],"picked":"Coolheaded","floor":7}],"player_experience":193437,"relics_obtained":[{"floor":6,"key":"Question Card"}],"event_choices":[{"damage_healed":0,"gold_gain":0,"player_choice":"Success","damage_taken":25,"relics_obtained":["Turnip"],"max_hp_gain":0,"max_hp_loss":0,"event_name":"Scrap Ooze","floor":2,"gold_loss":0}],"is_beta":false,"boss_relics":[],"items_purged_floors":[],"is_endless":false,"potions_floor_spawned":[1,5,6],"killed_by":"Gremlin Nob","ascension_level":5}}