{"host":"1vy6j31128f61x2z","time":1614011314,"event":{"mods":["AchievementEnabler","BaseMod","Colored Powertips","Minty Spire (QoL Compilation)","Permanent Neow"],"gold_per_floor":[115,126,45,45,60,90,90,117,197,226,246,246,262,281,281,382,382,322,322,322,322,322,322],"floor_reached":22,"language":"ENG","playtime":921,"items_purged":[],"score":333,"play_id":"49f99ae9-ebb0-4282-8a02-aba859872d8f","local_time":"20210222112834","is_ascension_mode":true,"campfire_choices":[{"data":"Neutralize","floor":12,"key":"SMITH"},{"data":"Backflip","floor":15,"key":"SMITH"}],"circlet_count":0,"master_deck":["Strike_G","Strike_G","Strike_G","Strike_G","Strike_G","Defend_G","Defend_G","Defend_G","Defend_G","Defend_G","Survivor","Neutralize+1","Deadly Poison+1","Poisoned Stab","Predator","Deadly Poison","Deflect","Slice+1","A Thousand Cuts","Deflect","Outmaneuver","Backflip+1","Burst","Dagger Spray+1","RitualDagger+1"],"relics":["Ring of the Snake","WingedGreaves","Peace Pipe","Boot","Molten Egg 2","StrikeDummy","Bottled Lightning","Ectoplasm","Nilry\u0027s Codex"],"acts_visited":["Exordium","TheCity"],"potions_floor_usage":[6,10,16,20,20],"damage_taken":[{"damage":0,"enemies":"Cultist","floor":1,"turns":4},{"damage":4,"enemies":"Small Slimes","floor":2,"turns":3},{"damage":0,"enemies":"2 Louse","floor":5,"turns":2},{"damage":18,"enemies":"Lagavulin","floor":6,"turns":6},{"damage":24,"enemies":"3 Sentries","floor":8,"turns":8},{"damage":8,"enemies":"Lagavulin","floor":10,"turns":5},{"damage":1,"enemies":"Exordium Thugs","floor":11,"turns":4},{"damage":3,"enemies":"Looter","floor":13,"turns":2},{"damage":0,"enemies":"Exordium Wildlife","floor":14,"turns":3},{"damage":0,"enemies":"Slime Boss","floor":16,"turns":6},{"damage":15,"enemies":"2 Thieves","floor":18,"turns":5},{"damage":0,"enemies":"Spheric Guardian","floor":20,"turns":3},{"damage":18,"enemies":"Snecko","floor":22,"turns":3}],"seed_played":"4138443891799755463","potions_obtained":[{"floor":5,"key":"Block Potion"},{"floor":8,"key":"Swift Potion"},{"floor":10,"key":"SkillPotion"},{"floor":13,"key":"ColorlessPotion"},{"floor":18,"key":"SmokeBomb"}],"is_trial":false,"path_per_floor":["M","M","$","?","M","E","?","E","T","E","M","R","M","M","R","B",null,"M","?","M","?","M"],"character_chosen":"THE_SILENT","items_purchased":["Predator"],"campfire_rested":0,"item_purchase_floors":[3],"current_hp_per_floor":[63,59,59,59,59,41,41,17,17,9,8,8,5,5,5,5,49,34,18,18,12,0,0],"gold":322,"neow_bonus":"ONE_RARE_RELIC","is_daily":false,"chose_seed":false,"campfire_upgraded":2,"win_rate":0.0,"timestamp":1614011314,"path_taken":["M","M","?","?","?","E","?","E","T","E","M","R","M","M","R","BOSS","M","?","M","?","M"],"items_purchased_type":["Card"],"build_version":"2020-12-22","purchased_purges":0,"victory":false,"max_hp_per_floor":[63,63,63,63,63,63,63,63,63,63,63,63,63,63,63,63,63,63,63,63,63,63,63],"card_choices":[{"not_picked":["PiercingWail","Sucker Punch"],"picked":"Deadly Poison","floor":1},{"not_picked":["Sucker Punch","Accuracy"],"picked":"Poisoned Stab","floor":2},{"not_picked":["Distraction","Escape Plan"],"picked":"Deadly Poison","floor":5},{"not_picked":["Poisoned Stab","Heel Hook"],"picked":"Deflect","floor":6},{"not_picked":["Acrobatics","Prepared"],"picked":"Slice+1","floor":8},{"not_picked":["Eviscerate+1","Riddle With Holes+1"],"picked":"A Thousand Cuts","floor":10},{"not_picked":["Setup","Flying Knee+1"],"picked":"Deflect","floor":11},{"not_picked":["Deflect","Deadly Poison"],"picked":"Outmaneuver","floor":13},{"not_picked":["Dodge and Roll","Noxious Fumes"],"picked":"Backflip","floor":14},{"not_picked":["Phantasmal Killer","Die Die Die+1"],"picked":"Burst","floor":16},{"not_picked":["Prepared","Heel Hook+1"],"picked":"Dagger Spray+1","floor":18}],"player_experience":116546,"relics_obtained":[{"floor":4,"key":"Peace Pipe"},{"floor":6,"key":"Boot"},{"floor":8,"key":"Molten Egg 2"},{"floor":9,"key":"StrikeDummy"},{"floor":10,"key":"Bottled Lightning"},{"floor":19,"key":"Nilry\u0027s Codex"}],"event_choices":[{"damage_healed":0,"gold_gain":0,"player_choice":"Relic","damage_taken":0,"max_hp_gain":0,"max_hp_loss":0,"event_name":"Wheel of Change","floor":4,"gold_loss":0},{"damage_healed":0,"gold_gain":0,"player_choice":"Upgraded","damage_taken":0,"max_hp_gain":0,"max_hp_loss":0,"event_name":"Upgrade Shrine","floor":7,"gold_loss":0,"cards_upgraded":["Deadly Poison"]},{"damage_healed":0,"gold_gain":0,"player_choice":"Obtained Book","damage_taken":16,"max_hp_gain":0,"max_hp_loss":0,"event_name":"Cursed Tome","floor":19,"gold_loss":0},{"damage_healed":0,"gold_gain":0,"player_choice":"Joined the Cult","damage_taken":6,"max_hp_gain":0,"max_hp_loss":0,"event_name":"Nest","floor":21,"gold_loss":0,"cards_obtained":["RitualDagger"]}],"is_beta":false,"boss_relics":[{"not_picked":["Tiny House","Ring of the Serpent"],"picked":"Ectoplasm"}],"items_purged_floors":[],"is_endless":false,"potions_floor_spawned":[5,8,10,13,18],"killed_by":"Snecko","ascension_level":6}}