{"host":"sz4vhr3g5wh6zlgr","time":1614007165,"event":{"mods":["2.2 Compatiblity","AchievementEnabler","AlwaysNeverKeys","Ascension Reborn","Bartender","BaseMod","Better Note","BetterRewards","Clawfect","Colored Map","Colored Powertips","Dota2Spire","Faster Ascension Climbing","Highlight Path","Minty Spire (QoL Compilation)","Permanent Neow","Rare Cards Sparkle","Replay The Spire","Shop Mod","StSLib","SuperFastMode","Transform Curses","Uncapped","Unceasing Turn Reminder","[IsaacMod]????"],"gold_per_floor":[235,251,286,309,309,349,362,393,423,463,484,45,45,255,255,376,376,388,388,332,332,346,384,110,151,151,151,165,205,223,235,235,356,356,380,392,392,406,429,463,318,358,358,982,982,982,1617,1617,1617,2217,2217,2217,531,628,1188],"floor_reached":56,"language":"ENG","playtime":3442,"items_purged":["Hallucinations","Doubt"],"score":2165,"play_id":"c3d305a7-4ab6-4bd3-a2d8-41abab0920be","local_time":"20210222114925","is_ascension_mode":true,"campfire_choices":[{"data":"EpicFetus","floor":13,"key":"SMITH"},{"data":"Impatience","floor":15,"key":"SMITH"},{"data":"Defragment","floor":27,"key":"SMITH"},{"data":"Defragment","floor":32,"key":"SMITH"},{"floor":49,"key":"DIG"},{"floor":52,"key":"DIG"}],"circlet_count":0,"master_deck":["Gash+1","Gash+1","Gash+1","Gash+1","Gash+1","Defend_B+1","Defend_B+1","Defend_B+2","Defend_B+1","Defend_B+2","EpicFetus+1","Conserve Battery","Clawfect:ClawSnap","Steam","Loop","Capacitor+1","ReplaySort","Clawfect:ClawCell","BootSequence+1","Heatsinks","Clawfect:ClawForTheEyes+1","Gash","Gash","Glacier","Impatience+1","Capacitor","Core Surge","Chill","EpicFetus+1","FIFO Queue+1","ReplayTheSpireMod:Calculation Training+1","Defragment+1","Defragment+1","Hologram","Clawfect:ClawForOne","Gash","Stack","Clawfect:Clawline+1","Clawfect:ClawLightning","Reboot","Clawfect:ClawCell+1","Clawfect:ClawSnap","Clawfect:Clawline+1","Defragment+1","Clawfect:Clawrage","Clawfect:ClawCell+1","Madness","Madness","Poisoned Strike","Poisoned Strike","Violence","Turbo+1"],"relics":["HushsDoor","Replay:Wanted Poster","GuppysPaw","Lantern","Ring of Hypnosis","ReplayTheSpireMod:Ring of Collecting","Dota2Spire:ShadowBlade","InkBottle","Orichalcum","Calipers","Ring of Fury","Dota2Spire:PowerTreads","Simple Rune","Dota2Spire:ShivaGuard","Durian","Silver_Glasses","GuppysCollar","SatanicBible","Shovel","The Courier","Power_Wrist","StoneCalendar","Happy Flower","UnicornStump","Incense Burner","BlankCard","Ornamental Fan","Darkstone Periapt","ReplayTheSpireMod:Ring of Challenge","BookOfRevelations","TuHaoJin","Sundial","BlankCard","Mercury Hourglass","Replay:Kaleidoscope","ReplayTheSpireMod:ShopPack","Turnip","DataDisk","Replay:Antivirus Software","Bag of Preparation","Pen Nib","Letter Opener","StrikeDummy","Dota2Spire:HeartOfTarrasque","Replay:Bandana","Dota2Spire:BladeMail"],"acts_visited":["Exordium","TheCity","TheBeyond","TheEnding"],"potions_floor_usage":[],"damage_taken":[{"damage":0,"enemies":"2 Louse","floor":1,"turns":3},{"damage":0,"enemies":"Small Slimes","floor":2,"turns":3},{"damage":0,"enemies":"Cultist","floor":4,"turns":3},{"damage":0,"enemies":"3 Sentries","floor":6,"turns":5},{"damage":1,"enemies":"Large Slime","floor":7,"turns":5},{"damage":3,"enemies":"Replay:BlueRogue","floor":8,"turns":4},{"damage":0,"enemies":"Lagavulin","floor":10,"turns":3},{"damage":0,"enemies":"Exordium Thugs","floor":11,"turns":2},{"damage":3,"enemies":"Fading Forest","floor":16,"turns":7},{"damage":0,"enemies":"Spheric Guardian","floor":18,"turns":2},{"damage":0,"enemies":"Shell Parasite","floor":22,"turns":2},{"damage":3,"enemies":"Slavers","floor":23,"turns":3},{"damage":1,"enemies":"Book of Stabbing","floor":25,"turns":3},{"damage":0,"enemies":"Snecko","floor":28,"turns":3},{"damage":0,"enemies":"Replay:Snechameleon","floor":29,"turns":5},{"damage":0,"enemies":"Centurion and Healer","floor":30,"turns":4},{"damage":0,"enemies":"3 Cultists","floor":31,"turns":4},{"damage":0,"enemies":"Collector","floor":33,"turns":2},{"damage":0,"enemies":"3 Darklings","floor":35,"turns":3},{"damage":0,"enemies":"Orb Walker","floor":36,"turns":2},{"damage":0,"enemies":"Spire Growth","floor":38,"turns":3},{"damage":0,"enemies":"3 Darklings","floor":39,"turns":3},{"damage":0,"enemies":"R_Hoarder","floor":40,"turns":4},{"damage":0,"enemies":"Nemesis","floor":42,"turns":3},{"damage":0,"enemies":"Jaw Worm Horde","floor":44,"turns":4},{"damage":0,"enemies":"R_Hoarder","floor":47,"turns":3},{"damage":26,"enemies":"Donu and Deca","floor":50,"turns":5},{"damage":0,"enemies":"Shield and Spear","floor":54,"turns":2},{"damage":0,"enemies":"Delirium","floor":55,"turns":7}],"seed_played":"-6747694855869425754","potions_obtained":[{"floor":1,"key":"FearPotion"},{"floor":2,"key":"AttackPotion"},{"floor":16,"key":"PowerPotion"},{"floor":33,"key":"EntropicBrew"}],"is_trial":false,"path_per_floor":["M","M","?","M","?","E","M","E","T","E","M","$","R","?","R","B",null,"M","?","$","?","M","E","$","E","T","R","M","E","M","M","R","B",null,"M","M","?","M","M","E","$","E","T","M","?","?","E","?","R","B",null,"R","$","E","B",null],"character_chosen":"DEFECT","items_purchased":["Dota2Spire:ShivaGuard","Gash","Glacier","Impatience","Capacitor","GuppysCollar","SatanicBible","Defragment","Hologram","Clawfect:ClawForOne","Ornamental Fan","Replay:Kaleidoscope","ReplayTheSpireMod:ShopPack","Turnip","DataDisk","Replay:Antivirus Software","Bag of Preparation","Pen Nib","Letter Opener","StrikeDummy","Dota2Spire:HeartOfTarrasque","Replay:Bandana"],"campfire_rested":0,"item_purchase_floors":[12,12,12,12,12,17,17,24,24,24,41,53,53,53,53,53,53,53,53,53,53,53],"current_hp_per_floor":[79,79,79,79,79,79,78,75,75,75,75,75,75,75,75,85,65,65,65,65,54,54,51,51,50,50,50,50,50,50,50,50,56,74,74,74,74,74,74,74,74,74,74,74,74,74,74,65,65,45,78,78,86,86,90],"gold":1188,"neow_bonus":"BOSS_RELIC","is_daily":false,"chose_seed":false,"campfire_upgraded":4,"win_rate":0.0,"timestamp":1614007165,"path_taken":["M","M","?","?","?","E","M","E","T","E","M","?","R","?","R","BOSS","M","?","$","?","M","E","$","E","T","R","M","E","M","M","R","BOSS","M","M","?","M","M","E","$","E","T","M","?","?","E","?","R","BOSS","R","$","E","BOSS"],"items_purchased_type":["Relic","Card","Card","Card","Card","Relic","Relic","Card","Card","Card","Relic","Relic","Relic","Relic","Relic","Relic","Relic","Relic","Relic","Relic","Relic","Relic"],"build_version":"2020-12-22","purchased_purges":2,"victory":true,"max_hp_per_floor":[79,79,79,79,79,79,79,79,79,79,79,79,79,79,79,88,65,65,65,65,70,70,70,70,70,70,70,70,70,70,70,70,74,74,74,74,74,74,74,74,74,74,74,74,74,74,74,74,74,78,78,78,86,86,90],"card_choices":[{"not_picked":[],"picked":"EpicFetus","floor":0},{"not_picked":["Chaos","Tempest+1"],"picked":"Conserve Battery","floor":1},{"not_picked":["Time Bomb","ReplayTheSpireMod:Repulse"],"picked":"Clawfect:ClawSnap","floor":2},{"not_picked":["Rebound","ReplayTheSpireMod:GoodbyeWorld+1"],"picked":"Steam","floor":3},{"not_picked":["Clawfect:ClawingBeam","Thunder Strike"],"picked":"Loop","floor":4},{"not_picked":["Clawfect:ClawForTheEyes","Distribution+1"],"picked":"Capacitor+1","floor":6},{"not_picked":["ReplayGash","Rebound+1","Sunder+1"],"picked":"SKIP","floor":6},{"not_picked":["Panic Button+1","Self Repair"],"picked":"ReplaySort","floor":7},{"not_picked":["BasicCrystalCard+1","Fan"],"picked":"Clawfect:ClawCell","floor":8},{"not_picked":["Redo","Panic Button"],"picked":"Clawfect:ClawLightning","floor":8},{"not_picked":["Reprogram+1","Cancel"],"picked":"BootSequence+1","floor":10},{"not_picked":["Clawfect:ClawpileDriver","ElectricPowerLearning"],"picked":"Heatsinks","floor":10},{"not_picked":["Clawfect:ScrapingClaw","Conserve Battery"],"picked":"Clawfect:ClawForTheEyes+1","floor":11},{"not_picked":["Hyperbeam","Mirror Shield"],"picked":"Core Surge","floor":16},{"not_picked":["Conserve Battery+1","Clawfect:ClawingBeam+1"],"picked":"Chill","floor":18},{"not_picked":["Clawfect:ClawingBeam","Auto Shields"],"picked":"FIFO Queue+1","floor":22},{"not_picked":["Crystallizer+1","Amplify"],"picked":"ReplayTheSpireMod:Calculation Training+1","floor":23},{"not_picked":["ReplaySort","Clawfect:ClawLightning"],"picked":"Gash","floor":25},{"not_picked":["Static Discharge","Sunder+1"],"picked":"Stack","floor":28},{"not_picked":["Storm+1","Clawfect:ScrapingClaw+1","Hello World"],"picked":"SKIP","floor":29},{"not_picked":["Storm+1","Clawfect:ScrapingClaw+1","Hello World"],"picked":"SKIP","floor":29},{"not_picked":["Conserve Battery+1","Steam"],"picked":"Clawfect:Clawline+1","floor":30},{"not_picked":["ReplayTheSpireMod:System Scan+1","BootSequence"],"picked":"Clawfect:ClawLightning","floor":31},{"not_picked":["Amplify","Multi-Cast"],"picked":"Reboot","floor":33},{"not_picked":["Clawfect:ClawingBeam+1","BasicCrystalCard+1"],"picked":"Clawfect:ClawCell+1","floor":35},{"not_picked":["Coolheaded","Clawfect:ClawAndTear+1"],"picked":"Clawfect:ClawSnap","floor":36},{"not_picked":["Clawfect:ClawingBeam","Fusion+1","Static Discharge+1"],"picked":"SKIP","floor":38},{"not_picked":["Leap+1","Lockon+1"],"picked":"Clawfect:Clawline+1","floor":39},{"not_picked":["Gash","Tempest"],"picked":"Defragment+1","floor":40},{"not_picked":["Leap","Multi-Cast","Capacitor+1"],"picked":"SKIP","floor":42},{"not_picked":["Turbo+1","Hologram"],"picked":"Clawfect:Clawrage","floor":44},{"not_picked":["Cancel+1","Clawfect:ClawingBeam+1"],"picked":"Clawfect:ClawCell+1","floor":47},{"not_picked":["HandOfGreed","Secret Technique"],"picked":"Poisoned Strike","floor":53},{"not_picked":["Transmutation","Secret Technique"],"picked":"Poisoned Strike","floor":53},{"not_picked":["ReplayTheSpireMod:Private Reserves","Magnetism"],"picked":"Violence","floor":53},{"not_picked":["Leap","Thunder Strike"],"picked":"Turbo+1","floor":54}],"player_experience":1398333,"relics_obtained":[{"floor":2,"key":"Lantern"},{"floor":3,"key":"Diplopia"},{"floor":5,"key":"Ring of Hypnosis"},{"floor":5,"key":"ReplayTheSpireMod:Ring of Collecting"},{"floor":6,"key":"Dota2Spire:ShadowBlade"},{"floor":7,"key":"InkBottle"},{"floor":8,"key":"Orichalcum"},{"floor":9,"key":"Calipers"},{"floor":9,"key":"Ring of Fury"},{"floor":9,"key":"Dota2Spire:PowerTreads"},{"floor":10,"key":"Simple Rune"},{"floor":16,"key":"Durian"},{"floor":23,"key":"Shovel"},{"floor":25,"key":"The Courier"},{"floor":26,"key":"Power_Wrist"},{"floor":26,"key":"StoneCalendar"},{"floor":29,"key":"Happy Flower"},{"floor":31,"key":"UnicornStump"},{"floor":33,"key":"Incense Burner"},{"floor":40,"key":"BlankCard"},{"floor":42,"key":"Darkstone Periapt"},{"floor":43,"key":"ReplayTheSpireMod:Ring of Challenge"},{"floor":43,"key":"BookOfRevelations"},{"floor":47,"key":"TuHaoJin"},{"floor":49,"key":"Sundial"},{"floor":52,"key":"Mercury Hourglass"},{"floor":54,"key":"Dota2Spire:BladeMail"}],"event_choices":[{"damage_healed":0,"gold_gain":175,"player_choice":"AGREE","damage_taken":0,"max_hp_gain":0,"max_hp_loss":0,"event_name":"Liars Game","floor":14,"gold_loss":0,"cards_obtained":["Doubt"]},{"cards_removed":["EpicFetus"],"damage_healed":0,"gold_gain":0,"player_choice":"Take \u0026 Give","damage_taken":0,"max_hp_gain":0,"max_hp_loss":0,"event_name":"betterNote:BetterNote","floor":19,"gold_loss":0,"cards_obtained":["EpicFetus"]},{"damage_healed":0,"gold_gain":0,"player_choice":"Shed Blood","damage_taken":16,"max_hp_gain":5,"max_hp_loss":0,"event_name":"Forgotten Altar","floor":21,"gold_loss":0},{"damage_healed":0,"gold_gain":0,"player_choice":"Ignored","damage_taken":0,"max_hp_gain":0,"max_hp_loss":0,"event_name":"Tomb of Lord Red Mask","floor":45,"gold_loss":0},{"cards_removed":["Clawfect:ClawLightning"],"damage_healed":0,"gold_gain":0,"player_choice":"Removed Attack","damage_taken":0,"max_hp_gain":0,"max_hp_loss":0,"event_name":"Falling","floor":46,"gold_loss":0},{"damage_healed":0,"gold_gain":0,"player_choice":"Embrace Madness","damage_taken":9,"max_hp_gain":0,"max_hp_loss":0,"event_name":"Winding Halls","floor":48,"gold_loss":0,"cards_obtained":["Madness","Madness"]}],"is_beta":false,"boss_relics":[{"not_picked":["Sozu","Ectoplasm"],"picked":"Silver_Glasses"},{"not_picked":[]},{"not_picked":["Snecko Eye","Velvet Choker","Runic Pyramid"]}],"items_purged_floors":[20,24],"is_endless":false,"potions_floor_spawned":[2,6,7,16,23,25,28,29,31,33,38,39,42,47],"ascension_level":0}}