{"host":"xo0glkmxta74xh34","time":1614031713,"event":{"mods":["BaseMod","Downfall","Minty Spire (QoL Compilation)","Reliquary","Replay The Spire","StSLib"],"gold_per_floor":[99,110,125,125,142,172,172,192,192,342,342,367,367,10,26,125,125,125,136,136,148,148,148,148,148],"floor_reached":23,"language":"ENG","playtime":776,"items_purged":[],"score":289,"play_id":"d9e6c9f0-0411-4e12-ac01-d3b2ea7a090d","local_time":"20210222160833","is_ascension_mode":true,"campfire_choices":[{"data":"hexamod:Sear","floor":1.0,"key":"SMITH"},{"data":"hexamod:UnlimitedPower","floor":13,"key":"SMITH"},{"data":"Dramatic Entrance","floor":18,"key":"SMITH"}],"circlet_count":0,"master_deck":["hexamod:Strike","hexamod:Strike","hexamod:Strike","hexamod:Defend","hexamod:Defend","hexamod:Defend","hexamod:Defend","hexamod:Sear+1","hexamod:Float","hexamod:DynamicBlow","hexamod:GhostShield","Parasite","downfall:Icky","hexamod:SpectralAdrenaline+1","hexamod:UnlimitedPower+1","Dramatic Entrance+1","hexamod:FifthSeal","hexamod:FirstSeal","hexamod:ThermalTransfer+1","hexamod:SixthSeal","hexamod:Hexaguard+1"],"relics":["reliquary:WritOfMandamus","Replay:WaspNest","Replay:Kaleidoscope","Mirror","reliquary:Craggleroot"],"acts_visited":["Exordium","TheCity"],"potions_floor_usage":[12,12,16],"damage_taken":[{"damage":9.0,"enemies":"Jaw Worm","floor":2.0,"turns":3.0},{"damage":0.0,"enemies":"Cultist","floor":3.0,"turns":3.0},{"damage":9.0,"enemies":"2 Louse","floor":5.0,"turns":3.0},{"damage":0,"enemies":"downfall:LooterAlt","floor":8,"turns":3},{"damage":12,"enemies":"Lagavulin","floor":12,"turns":3},{"damage":0,"enemies":"downfall:FleeingMerchant","floor":14,"turns":4},{"damage":4,"enemies":"3 Louse","floor":15,"turns":2},{"damage":26,"enemies":"IC_STATUS_ARCHETYPE","floor":16,"turns":5},{"damage":24,"enemies":"Chosen","floor":19,"turns":4},{"damage":21,"enemies":"Shell Parasite","floor":21,"turns":3},{"damage":21,"enemies":"Cultist and Chosen","floor":23,"turns":3}],"seed_played":"-1290698913869600469","potions_obtained":[{"floor":3.0,"key":"Death Potion"},{"floor":12,"key":"Fruit Juice"},{"floor":15,"key":"ColorlessPotion"},{"floor":21,"key":"AttackPotion"}],"is_trial":false,"path_per_floor":["R","M","M","?","M","?","T","M","?","?","?","E","R","$","M","B",null,"R","M","?","M","?","M"],"character_chosen":"THE_SPIRIT","items_purchased":["Mirror","Dramatic Entrance"],"campfire_rested":0,"item_purchase_floors":[14,14],"current_hp_per_floor":[63,54,54,54,45,45,45,45,62,62,62,55,55,55,51,25,63,63,39,39,18,18,0,0,0],"gold":148,"neow_bonus":"BOSS_RELIC","is_daily":false,"chose_seed":false,"campfire_upgraded":3,"win_rate":0.0,"timestamp":1614031713,"path_taken":["R","M","M","?","?","?","T","M","?","?","?","E","R","?","M","BOSS","R","M","?","M","?","M"],"items_purchased_type":["Relic","Card"],"build_version":"2020-12-22","purchased_purges":0,"victory":false,"max_hp_per_floor":[70,70,70,70,70,70,70,70,70,70,70,75,75,75,75,75,75,75,75,75,75,75,75,75,75],"card_choices":[{"not_picked":["hexamod:GhostShield","hexamod:SuperheatedStrike"],"picked":"hexamod:ShieldOfDarkness","floor":2.0},{"not_picked":["hexamod:SpectralAdrenaline","hexamod:FastForward"],"picked":"hexamod:DynamicBlow","floor":3.0},{"not_picked":["hexamod:BurningTouch","hexamod:NightmareGuise"],"picked":"hexamod:GhostShield","floor":5.0},{"not_picked":["hexamod:ShieldOfDarkness","hexamod:GhostLash","hexamod:ThermalTransfer"],"picked":"SKIP","floor":8},{"not_picked":["hexamod:Again","hexamod:SkipABeat"],"picked":"hexamod:UnlimitedPower","floor":12},{"not_picked":["hexamod:SwordOfDarkness","hexamod:PhantomCloak","hexamod:FlameSwitch"],"picked":"SKIP","floor":14},{"not_picked":["hexamod:ThermalTransfer","hexamod:GhostOfSpireFuture","hexamod:Incineration"],"picked":"SKIP","floor":15},{"not_picked":["hexamod:TurnItUp","hexamod:FlameSwitch"],"picked":"hexamod:FifthSeal","floor":16},{"not_picked":["hexamod:SecondSeal","hexamod:FourthSeal"],"picked":"hexamod:FirstSeal","floor":19},{"not_picked":["hexamod:HauntingEcho","hexamod:BacktrackSmack"],"picked":"hexamod:ThermalTransfer+1","floor":19},{"not_picked":["hexamod:FirstSeal","hexamod:SecondSeal"],"picked":"hexamod:SixthSeal","floor":21},{"not_picked":["hexamod:BurningTouch+1","hexamod:HeatMetal"],"picked":"hexamod:Hexaguard+1","floor":21}],"player_experience":543744,"relics_obtained":[{"floor":7,"key":"Replay:WaspNest"},{"floor":12,"key":"Replay:Kaleidoscope"}],"event_choices":[{"cards_removed":["hexamod:Strike"],"damage_healed":0.0,"max_hp_gain":0.0,"max_hp_loss":0.0,"gold_gain":0.0,"event_name":"Bonfire Elementals","player_choice":"Offered Basic","floor":4.0,"gold_loss":0.0,"damage_taken":0.0},{"damage_healed":17,"gold_gain":0,"player_choice":"Healed and dodged fight","damage_taken":0,"max_hp_gain":0,"max_hp_loss":0,"event_name":"Mushrooms","floor":9,"gold_loss":0,"cards_obtained":["Parasite"]}],"is_beta":false,"boss_relics":[{"not_picked":["Abe\u0027s Treasure","Replay:Wanted Poster"],"picked":"reliquary:Craggleroot"}],"items_purged_floors":[],"is_endless":false,"potions_floor_spawned":[3,12,15,21],"killed_by":"Cultist and Chosen","ascension_level":7}}