{"host":"lofekbk9st7qup1x","time":1614002479,"event":{"mods":["Ascension Reborn","BaseMod","BetterRewards","Minty Spire (QoL Compilation)","UnlockEverythingMod"],"gold_per_floor":[115,130,145,159,159,186,186,204,256,256,276,291,310,326,326,425,425,439,421,431,445,31,31,31],"floor_reached":23,"language":"ENG","playtime":1472,"items_purged":[],"score":201,"play_id":"51792fc9-131c-4acc-bb94-af31bb3dd497","local_time":"20210222220119","is_ascension_mode":true,"campfire_choices":[{"floor":7,"key":"RECALL"},{"floor":10,"key":"REST"},{"floor":15,"key":"REST"}],"circlet_count":0,"master_deck":["Strike_R","Strike_R","Strike_R","Strike_R","Strike_R","Defend_R","Defend_R","Bash","Clothesline","Clash","Bloodletting","Shrug It Off","Flex","Barricade","Feel No Pain","Reckless Charge","Seeing Red","Clothesline","Corruption","Sever Soul","Infernal Blade+1","Uppercut","Clash","Hemokinesis","Metallicize"],"relics":["Burning Blood","Bag of Marbles","Centennial Puzzle","Empty Cage","Strange Spoon","Dream Catcher"],"acts_visited":["Exordium","TheCity"],"potions_floor_usage":[16,16,16,16,18,19,23,23],"damage_taken":[{"damage":0,"enemies":"Small Slimes","floor":1,"turns":3},{"damage":4,"enemies":"Cultist","floor":2,"turns":3},{"damage":7,"enemies":"2 Louse","floor":3,"turns":3},{"damage":4,"enemies":"Large Slime","floor":4,"turns":5},{"damage":49,"enemies":"Gremlin Nob","floor":6,"turns":6},{"damage":21,"enemies":"Exordium Thugs","floor":8,"turns":5},{"damage":5,"enemies":"2 Fungi Beasts","floor":11,"turns":3},{"damage":4,"enemies":"Large Slime","floor":12,"turns":8},{"damage":3,"enemies":"Looter","floor":13,"turns":2},{"damage":23,"enemies":"Exordium Wildlife","floor":14,"turns":4},{"damage":45,"enemies":"Hexaghost","floor":16,"turns":13},{"damage":26,"enemies":"Spheric Guardian","floor":18,"turns":7},{"damage":27,"enemies":"2 Thieves","floor":19,"turns":4},{"damage":9,"enemies":"Snecko","floor":20,"turns":6},{"damage":15,"enemies":"Centurion and Healer","floor":21,"turns":2},{"damage":28,"enemies":"Slavers","floor":23,"turns":3}],"seed_played":"4638705978537693908","potions_obtained":[{"floor":6,"key":"SteroidPotion"},{"floor":8,"key":"EntropicBrew"},{"floor":16,"key":"CultistPotion"},{"floor":18,"key":"SkillPotion"},{"floor":20,"key":"Strength Potion"},{"floor":21,"key":"Swift Potion"}],"is_trial":false,"path_per_floor":["M","M","M","M","?","E","R","M","T","R","M","M","M","M","R","B",null,"M","M","M","M","$","E"],"character_chosen":"IRONCLAD","items_purchased":["Strange Spoon","Dream Catcher","Hemokinesis","Metallicize"],"campfire_rested":2,"item_purchase_floors":[22,22,22,22],"current_hp_per_floor":[80,80,79,80,80,37,37,22,22,46,47,49,52,35,59,20,80,60,39,36,27,27,0,0],"gold":31,"neow_bonus":"RANDOM_COMMON_RELIC","is_daily":false,"chose_seed":false,"campfire_upgraded":0,"win_rate":0.0,"timestamp":1614002479,"path_taken":["M","M","M","M","?","E","R","M","T","R","M","M","M","M","R","BOSS","M","M","M","M","$","E"],"items_purchased_type":["Relic","Relic","Card","Card"],"build_version":"2020-12-22","purchased_purges":0,"victory":false,"max_hp_per_floor":[80,80,80,80,80,80,80,80,80,80,80,80,80,80,80,80,80,80,80,80,80,80,80,80],"card_choices":[{"not_picked":["Cleave","Pommel Strike"],"picked":"Clothesline","floor":1},{"not_picked":["Rage","Burning Pact"],"picked":"Clash","floor":2},{"not_picked":["Impervious","Anger"],"picked":"Bloodletting","floor":3},{"not_picked":["Twin Strike","Heavy Blade"],"picked":"Shrug It Off","floor":4},{"not_picked":["Burning Pact","True Grit"],"picked":"Flex","floor":6},{"not_picked":["Bloodletting","Heavy Blade"],"picked":"Barricade","floor":8},{"not_picked":["Cleave","Combust"],"picked":"Feel No Pain","floor":11},{"not_picked":["Clash","Dual Wield"],"picked":"Reckless Charge","floor":12},{"not_picked":["Rampage","Combust"],"picked":"Seeing Red","floor":13},{"not_picked":["Flame Barrier","Heavy Blade"],"picked":"Clothesline","floor":14},{"not_picked":["Reaper","Fiend Fire"],"picked":"Corruption","floor":16},{"not_picked":["Thunderclap","Twin Strike"],"picked":"Sever Soul","floor":18},{"not_picked":["Anger","Body Slam"],"picked":"Infernal Blade+1","floor":19},{"not_picked":["Rupture+1","Iron Wave"],"picked":"Uppercut","floor":20},{"not_picked":["Thunderclap","Warcry"],"picked":"Clash","floor":21}],"player_experience":11241,"relics_obtained":[{"floor":6,"key":"Centennial Puzzle"}],"event_choices":[{"damage_healed":0,"gold_gain":0,"player_choice":"Ignored","damage_taken":0,"max_hp_gain":0,"max_hp_loss":0,"event_name":"NoteForYourself","floor":5,"gold_loss":0}],"is_beta":false,"boss_relics":[{"not_picked":["Snecko Eye","Runic Dome"],"picked":"Empty Cage"}],"items_purged_floors":[],"is_endless":false,"potions_floor_spawned":[6,8,11,16,18,20,21],"killed_by":"Slavers","ascension_level":0}}