{"host":"o9lehcdjc4u6j9un","time":1614005354,"event":{"mods":["Aspiration","BaseMod","Better-Laid Plans","Bossed Relics","Colored Map","Downfall","Gremlin Mod","Hermit","Koishi","Marisa£®ÏF”Í°°ƒß¿Ì…≥£©","Minty Spire (QoL Compilation)","Reimu£®≤©¿ˆ¡È√Œ£©","Remilia£®¿Ÿ√◊¿Ú—«£©","Robot Space Explorer","StSLib","The Alterego","The Hierophant","The Jungle","The Marked","The Runesmith","The Senshi","The Servant 0.9.4","Yakumo Yukari mod","Youmu£®ªÍ∆«—˝√Œ£©","≤–¡Ù÷ÆŒÔ"],"gold_per_floor":[115,133,152,152,77,102,102,277,354,354,367,392,406,432,432,531,531,531,531],"floor_reached":18,"language":"ZHS","playtime":5732,"items_purged":["theMarked:Strike"],"score":189,"play_id":"f12e035b-93aa-41cf-950c-d05326a46d44","local_time":"20210222224914","is_ascension_mode":true,"campfire_choices":[{"floor":7,"key":"REST"},{"data":"theMarked:EmpowerWeapon","floor":15,"key":"SMITH"}],"circlet_count":0,"master_deck":["theMarked:Strike+1","theMarked:Strike","theMarked:Strike","theMarked:Strike","theMarked:Defend","theMarked:Defend","theMarked:Defend","theMarked:Defend","theMarked:SoldierOfQuellstein+1","theMarked:EmpowerWeapon","theMarked:LightningStrikesTwice+1","theMarked:GodGivenPower","theMarked:Polarize","Doubt","theMarked:Static","theMarked:EmpowerWeapon","theMarked:EmpowerWeapon+1","theMarked:Opportunist","theMarked:EternalStudent"],"relics":["theMarked:ArtifactOfAir","Centennial Puzzle","theSenshi:FeatherClipsRelic","Mastiff:ReiMu","theMarked:DemonDagger","aspiration:FutureDiary"],"acts_visited":["Exordium","TheCity"],"potions_floor_usage":[6,12,18],"damage_taken":[{"damage":1,"enemies":"Cultist","floor":1,"turns":3},{"damage":10,"enemies":"Small Slimes","floor":2,"turns":3},{"damage":0,"enemies":"2 Louse","floor":3,"turns":2},{"damage":16,"enemies":"Lagavulin","floor":6,"turns":5},{"damage":0,"enemies":"Looter","floor":11,"turns":3},{"damage":9,"enemies":"Gremlin Nob","floor":12,"turns":4},{"damage":5,"enemies":"3 Louse","floor":13,"turns":4},{"damage":13,"enemies":"Lagavulin","floor":14,"turns":5},{"damage":36,"enemies":"Hexaghost","floor":16,"turns":8},{"damage":18,"enemies":"3 Byrds","floor":18,"turns":5}],"seed_played":"-5630728533986590401","potions_obtained":[{"floor":1,"key":"ZuzhouPotion:ReiMu"},{"floor":3,"key":"SkillPotion"},{"floor":6,"key":"Block Potion"},{"floor":13,"key":"Swift Potion"},{"floor":14,"key":"Regen Potion"}],"is_trial":false,"path_per_floor":["M","M","M","?","$","E","R","?","T","?","M","E","M","E","R","B",null,"M"],"character_chosen":"THE_DEFAULT","items_purchased":[],"campfire_rested":1,"item_purchase_floors":[],"current_hp_per_floor":[78,68,68,52,52,36,59,59,59,59,65,62,63,56,56,26,79,61,61],"gold":531,"neow_bonus":"TEN_PERCENT_HP_BONUS","is_daily":false,"chose_seed":false,"campfire_upgraded":1,"win_rate":0.0,"timestamp":1614005354,"path_taken":["M","M","M","?","$","E","R","?","T","?","M","E","M","E","R","BOSS","M"],"items_purchased_type":[],"build_version":"2020-12-22","purchased_purges":1,"victory":false,"max_hp_per_floor":[79,79,79,79,79,79,79,79,79,79,79,79,79,79,79,79,79,79,79],"card_choices":[{"not_picked":["theMarked:ContemptForTheProud","theMarked:BanishingStrike"],"picked":"theMarked:EmpowerWeapon","floor":1},{"not_picked":["theMarked:Standoff","theMarked:Frustration"],"picked":"theMarked:LightningStrikesTwice","floor":2},{"not_picked":["theMarked:Parkour","theMarked:WastefulAttack"],"picked":"theMarked:GodGivenPower","floor":3},{"not_picked":["theMarked:ElectricStrings","theMarked:Static"],"picked":"theMarked:Polarize","floor":6},{"not_picked":["theMarked:TakeCover","theMarked:WastefulAttack"],"picked":"theMarked:Static","floor":11},{"not_picked":["theMarked:Indomitable","theMarked:ElectricStrings"],"picked":"theMarked:EmpowerWeapon","floor":12},{"not_picked":["theMarked:Aftermath","theMarked:Frustration"],"picked":"theMarked:EmpowerWeapon","floor":13},{"not_picked":["theMarked:FavorableWinds","theMarked:CreepingChasm"],"picked":"theMarked:Opportunist","floor":14},{"not_picked":["theMarked:BiggerThanFate","theMarked:MagusForm"],"picked":"theMarked:EternalStudent","floor":16}],"player_experience":448004,"relics_obtained":[{"floor":6,"key":"Centennial Puzzle"},{"floor":9,"key":"theSenshi:FeatherClipsRelic"},{"floor":12,"key":"Mastiff:ReiMu"},{"floor":14,"key":"theMarked:DemonDagger"}],"event_choices":[{"damage_healed":0,"gold_gain":0,"player_choice":"Entered Light","damage_taken":16,"max_hp_gain":0,"max_hp_loss":0,"event_name":"Shining Light","floor":4,"gold_loss":0,"cards_upgraded":["theMarked:LightningStrikesTwice","theMarked:Strike"]},{"damage_healed":0,"gold_gain":175,"player_choice":"AGREE","damage_taken":0,"max_hp_gain":0,"max_hp_loss":0,"event_name":"Liars Game","floor":8,"gold_loss":0,"cards_obtained":["Doubt"]},{"damage_healed":0,"gold_gain":0,"player_choice":"Upgraded","damage_taken":0,"max_hp_gain":0,"max_hp_loss":0,"event_name":"Upgrade Shrine","floor":10,"gold_loss":0,"cards_upgraded":["theMarked:SoldierOfQuellstein"]}],"is_beta":false,"boss_relics":[{"not_picked":["SacredBark","aspiration:MarisaSkillbook"],"picked":"aspiration:FutureDiary"}],"items_purged_floors":[5],"is_endless":false,"potions_floor_spawned":[1,3,6,13,14],"killed_by":"3 Byrds","ascension_level":1}}