{"host":"jngeqill3bw7azzz","time":1614036223,"event":{"mods":["BaseMod","Highlight Path","Minty Spire (QoL Compilation)","Permanent Neow","Relic Stats"],"gold_per_floor":[113,133,47,59,59,87,99,99,99,99,99,24,35,48,48,48,48],"floor_reached":16,"language":"ENG","playtime":745,"items_purged":["Strike_P"],"score":208,"play_id":"f37fcf59-b30f-453d-a586-7406b07980e8","local_time":"20210222182343","is_ascension_mode":true,"campfire_choices":[{"data":"Adaptation","floor":8,"key":"SMITH"},{"data":"Adaptation","floor":11,"key":"SMITH"},{"data":"Vigilance","floor":15,"key":"SMITH"}],"circlet_count":0,"master_deck":["AscendersBane","Strike_P","Strike_P","Strike_P","Defend_P","Defend_P","Eruption","Vigilance+1","Tantrum","Adaptation+1","Adaptation+1"],"relics":["Empty Cage","Regal Pillow","Gremlin Horn","Molten Egg 2"],"acts_visited":["Exordium"],"potions_floor_usage":[10,13],"damage_taken":[{"damage":0,"enemies":"Cultist","floor":1,"turns":2},{"damage":3,"enemies":"2 Louse","floor":2,"turns":5},{"damage":7,"enemies":"Jaw Worm","floor":4,"turns":3},{"damage":16,"enemies":"Gremlin Nob","floor":6,"turns":3},{"damage":10,"enemies":"Looter","floor":7,"turns":4},{"damage":0,"enemies":"Exordium Thugs","floor":10,"turns":1},{"damage":0,"enemies":"Lots of Slimes","floor":13,"turns":1},{"damage":7,"enemies":"Gremlin Gang","floor":14,"turns":3},{"damage":24,"enemies":"The Guardian","floor":16,"turns":2}],"seed_played":"7121137973368986397","potions_obtained":[{"floor":2,"key":"SmokeBomb"},{"floor":4,"key":"PowerPotion"}],"is_trial":false,"path_per_floor":["M","M","$","M","T","E","M","R","T","M","R","$","M","M","R","B"],"character_chosen":"WATCHER","items_purchased":["Adaptation"],"campfire_rested":0,"item_purchase_floors":[3],"current_hp_per_floor":[61,58,58,51,51,35,25,25,25,25,25,25,25,18,18,0,0],"gold":48,"neow_bonus":"BOSS_RELIC","is_daily":false,"chose_seed":false,"campfire_upgraded":3,"win_rate":0.0,"timestamp":1614036223,"path_taken":["M","M","$","?","?","E","?","R","T","?","R","$","M","M","R","BOSS"],"items_purchased_type":["Card"],"build_version":"2020-12-22","purchased_purges":1,"victory":false,"max_hp_per_floor":[68,68,68,68,68,68,68,68,68,68,68,68,68,68,68,68,68],"relic_stats":{"Regal Pillow":0,"Gremlin Horn":[7,7],"counters":[9,24],"obtain_stats":[{"Regal Pillow":5,"Gremlin Horn":6,"Molten Egg 2":9,"PureWater":0,"Empty Cage":0},{"Regal Pillow":3,"Gremlin Horn":4,"Molten Egg 2":5,"PureWater":0,"Empty Cage":0},{"Regal Pillow":10,"Gremlin Horn":13,"Molten Egg 2":17,"PureWater":0,"Empty Cage":0}]},"card_choices":[{"not_picked":["PathToVictory","Evaluate","SashWhip"],"picked":"SKIP","floor":1},{"not_picked":["Prostrate","Halt"],"picked":"Tantrum","floor":2},{"not_picked":["CutThroughFate","Consecrate","CarveReality"],"picked":"SKIP","floor":4},{"not_picked":["Consecrate","Swivel","ClearTheMind"],"picked":"SKIP","floor":6},{"not_picked":["EmptyBody","BowlingBash"],"picked":"Adaptation","floor":7},{"not_picked":["FlurryOfBlows+1","ConjureBlade","Adaptation"],"picked":"SKIP","floor":13},{"not_picked":["SashWhip+1","EmptyFist+1","Swivel"],"picked":"SKIP","floor":14},{"not_picked":["SashWhip+1","EmptyFist+1","Swivel"],"picked":"SKIP","floor":14}],"player_experience":2687464,"relics_obtained":[{"floor":5,"key":"Regal Pillow"},{"floor":6,"key":"Gremlin Horn"},{"floor":9,"key":"Molten Egg 2"}],"event_choices":[],"is_beta":false,"boss_relics":[],"items_purged_floors":[12],"is_endless":false,"potions_floor_spawned":[2,4,7,10],"killed_by":"The Guardian","ascension_level":20}}