{"host":"nlbr7nnijupf3yfg","time":1614021648,"event":{"mods":["AchievementEnabler","BaseMod","BetterRewards","Card Forge","Colored Powertips","DeckTracker","Downfall","Hubris","Infinite Spire","Minty Spire (QoL Compilation)","Quick Restart","Relic Stats","Replay The Spire","Shop Mod","StSLib","SuperFastMode"],"gold_per_floor":[144,197,372,372,22,112,157,202,202,247,247,337,337,382,382,682,682,627,672,927,972,1017,1107,1152,1197,1197,1197,1197,1197,1287,1332,1332,1632,1632,1632,1632],"floor_reached":35,"language":"ENG","playtime":274,"items_purged":["Doubt"],"score":709,"play_id":"2dd28a89-7766-4599-9c2c-5331d4858cad","local_time":"20210222142048","daily_mods":["Cursed Run","Red Cards","Midas"],"is_ascension_mode":false,"campfire_choices":[{"floor":13.0,"key":"REST"},{"floor":15.0,"key":"REST"},{"floor":27.0,"key":"REST"},{"floor":32.0,"key":"REST"}],"circlet_count":0,"master_deck":["hubris:InfiniteBlow+5387","infinitespire:Collect","hubris:InfiniteBlow+5386","hubris:Gluttony"],"relics":["Cursed Key","Darkstone Periapt","Du-Vu Doll","Hammer of Thor","Seething Fire","Anvil of the Gods","Snack Pack","BargainBundle","Whetstone","Question Card","Replay:Bottled Eggs","Replay:Wax Seal","hubris:TerracottaHorce","Oddly Smooth Stone","infinitespire:Golems Mask","Toy Ornithopter","Black Star"],"acts_visited":["Exordium","TheCity","TheBeyond"],"potions_floor_usage":[35],"damage_taken":[{"damage":6.0,"enemies":"2 Louse","floor":1.0,"turns":2.0},{"damage":0.0,"enemies":"Replay:BlueRogue","floor":6.0,"turns":1.0},{"damage":0.0,"enemies":"Small Slimes","floor":7.0,"turns":1.0},{"damage":0.0,"enemies":"Jaw Worm","floor":8.0,"turns":1.0},{"damage":0.0,"enemies":"2 Fungi Beasts","floor":10.0,"turns":1.0},{"damage":0.0,"enemies":"Gremlin Nob","floor":12.0,"turns":1.0},{"damage":4.0,"enemies":"Gremlin Gang","floor":14.0,"turns":2.0},{"damage":0.0,"enemies":"The Guardian","floor":16.0,"turns":1.0},{"damage":0.0,"enemies":"Chosen","floor":18.0,"turns":1.0},{"damage":0.0,"enemies":"2 Thieves","floor":19.0,"turns":1.0},{"damage":0.0,"enemies":"Chosen and Byrds","floor":21.0,"turns":1.0},{"damage":0.0,"enemies":"Centurion and Healer","floor":22.0,"turns":1.0},{"damage":0.0,"enemies":"Replay:Snechameleon","floor":23.0,"turns":1.0},{"damage":0.0,"enemies":"Snake Plant","floor":24.0,"turns":1.0},{"damage":0.0,"enemies":"Shelled Parasite and Fungi","floor":25.0,"turns":1.0},{"damage":0.0,"enemies":"Nightmare","floor":30.0,"turns":1.0},{"damage":0.0,"enemies":"Centurion and Healer","floor":31.0,"turns":1.0},{"damage":0.0,"enemies":"Champ","floor":33.0,"turns":1.0},{"damage":0,"enemies":"3 Darklings","floor":35,"turns":1}],"seed_played":"-9004314451342404475","potions_obtained":[{"floor":10.0,"key":"Swift Potion"},{"floor":14.0,"key":"Swift Potion"},{"floor":18.0,"key":"Strength Potion"}],"is_trial":false,"path_per_floor":["M","?","?","?","$","E","M","M","T","M","?","E","R","M","R","B",null,"M","M","?","M","M","E","M","M","T","R","$","?","NM","M","R","B",null,"M"],"character_chosen":"DEFECT","items_purchased":["BargainBundle","Whetstone"],"campfire_rested":4,"item_purchase_floors":[5,5],"current_hp_per_floor":[69,69,75,75,75,75,75,75,81,81,81,81,87,83,87,93,93,93,93,93,93,93,93,93,93,99,99,99,99,99,99,99,105,105,105,105],"gold":1632,"neow_bonus":"","is_daily":true,"chose_seed":false,"campfire_upgraded":0,"win_rate":0.0,"timestamp":1614021648,"path_taken":["M","?","?","?","$","E","M","?","T","M","?","E","R","?","R","BOSS","M","M","?","M","M","E","M","M","T","R","$","?","NM","M","R","BOSS","M"],"items_purchased_type":["Relic","Relic"],"build_version":"2020-12-22","purchased_purges":1,"victory":false,"max_hp_per_floor":[75,75,81,81,81,81,81,81,87,87,87,87,87,87,87,93,93,93,93,93,93,93,93,93,93,99,99,99,99,99,99,99,105,105,105,105],"relic_stats":{"Darkstone Periapt":30,"counters":[19,21],"Black Star":0,"Whetstone":["hubris:InfiniteBlow","hubris:InfiniteBlow"],"Cursed Key":2,"Question Card":25,"obtain_stats":[{"Darkstone Periapt":0,"BargainBundle":5,"Oddly Smooth Stone":23,"Hammer of Thor":0,"Seething Fire":0,"Whetstone":5,"Cursed Key":0,"Question Card":6,"hubris:TerracottaHorce":17,"Du-Vu Doll":0,"Anvil of the Gods":0,"infinitespire:Golems Mask":26,"Snack Pack":4,"Black Star":34,"Replay:Bottled Eggs":9,"Replay:Wax Seal":12,"Toy Ornithopter":30},{"Darkstone Periapt":0,"BargainBundle":1,"Oddly Smooth Stone":13,"Hammer of Thor":0,"Seething Fire":0,"Whetstone":1,"Cursed Key":0,"Question Card":2,"hubris:TerracottaHorce":8,"Du-Vu Doll":0,"Anvil of the Gods":0,"infinitespire:Golems Mask":15,"Snack Pack":1,"Black Star":18,"Replay:Bottled Eggs":4,"Replay:Wax Seal":6,"Toy Ornithopter":16},{"Darkstone Periapt":0,"BargainBundle":2,"Oddly Smooth Stone":15,"Hammer of Thor":0,"Seething Fire":0,"Whetstone":2,"Cursed Key":0,"Question Card":3,"hubris:TerracottaHorce":10,"Du-Vu Doll":0,"Anvil of the Gods":0,"infinitespire:Golems Mask":17,"Snack Pack":2,"Black Star":20,"Replay:Bottled Eggs":5,"Replay:Wax Seal":7,"Toy Ornithopter":18}],"Toy Ornithopter":0},"card_choices":[{"not_picked":["Carnage","hubris:SharpeningStone","Armaments"],"picked":"SKIP","floor":1.0},{"not_picked":["Inflame","Abandon"],"picked":"ReplayTheSpireMod:Calculation Training","floor":6.0},{"not_picked":["Armaments","Cleave","Combust","hubris:ReadiedAction"],"picked":"SKIP","floor":7.0},{"not_picked":["hubris:ReadiedAction","Go for the Eyes","FTL","Replay:Undeath\u0027s Touch"],"picked":"SKIP","floor":8.0},{"not_picked":["Gash","Sweeping Beam","Armaments","Hemokinesis"],"picked":"SKIP","floor":10.0},{"not_picked":["Panic Button","Carnage","Reboot","Compile Driver"],"picked":"SKIP","floor":12.0},{"not_picked":["hubris:PowerSurge","Hologram","Heavy Blade","Gash"],"picked":"SKIP","floor":14.0},{"not_picked":["Eclipse","Bludgeon","Demon Form"],"picked":"Echo Form","floor":16.0},{"not_picked":["True Grit","FIFO Queue","Defragment","Anger+1"],"picked":"SKIP","floor":18.0},{"not_picked":["Sword Boomerang","Pummel","Armaments","Shrug It Off"],"picked":"SKIP","floor":19.0},{"not_picked":["Perfected Strike","Barrage","Clash","Redo"],"picked":"SKIP","floor":21.0},{"not_picked":["Shockwave","Cold Snap","Glacier","Consume"],"picked":"SKIP","floor":22.0},{"not_picked":["Capacitor","ReplayTheSpireMod:Stacked+1","Stack","Cold Snap"],"picked":"SKIP","floor":23.0},{"not_picked":["Heavy Blade","Sweeping Beam","Gash","ReplayTheSpireMod:Limb From Limb"],"picked":"SKIP","floor":24.0},{"not_picked":["Gash","BasicCrystalCard","Glacier+1","Sunder+1"],"picked":"SKIP","floor":25.0},{"not_picked":["Warcry","Steam+1","Conserve Battery","Heavy Blade"],"picked":"SKIP","floor":30.0},{"not_picked":["Sword Boomerang","Skim","Conserve Battery","Hologram+1"],"picked":"SKIP","floor":31.0}],"player_experience":119656,"relics_obtained":[{"floor":4.0,"key":"Snack Pack"},{"floor":6.0,"key":"Question Card"},{"floor":9.0,"key":"Replay:Bottled Eggs"},{"floor":12.0,"key":"Replay:Wax Seal"},{"floor":23.0,"key":"Oddly Smooth Stone"},{"floor":26.0,"key":"infinitespire:Golems Mask"},{"floor":30.0,"key":"Toy Ornithopter"}],"event_choices":[{"damage_healed":0.0,"max_hp_gain":0.0,"max_hp_loss":0.0,"gold_gain":53.0,"event_name":"Golden Wing","player_choice":"Gained Gold","floor":2.0,"gold_loss":0.0,"damage_taken":0.0},{"damage_healed":0.0,"max_hp_gain":0.0,"max_hp_loss":0.0,"gold_gain":175.0,"event_name":"Liars Game","player_choice":"AGREE","floor":3.0,"gold_loss":0.0,"damage_taken":0.0,"cards_obtained":["Doubt"]},{"cards_removed":["infinitespire:Collect"],"damage_healed":5.0,"max_hp_gain":0.0,"max_hp_loss":0.0,"gold_gain":0.0,"event_name":"Bonfire Elementals","player_choice":"Offered Special","floor":11.0,"gold_loss":0.0,"damage_taken":0.0},{"damage_healed":0.0,"max_hp_gain":0.0,"max_hp_loss":0.0,"gold_gain":0.0,"event_name":"Upgrade Shrine","player_choice":"Upgraded","floor":29.0,"gold_loss":0.0,"damage_taken":0.0,"cards_upgraded":["hubris:InfiniteBlow"]}],"is_beta":false,"boss_relics":[{"not_picked":["hubris:VirtuousBlindfold","Nuclear Battery"],"picked":"hubris:TerracottaHorce"},{"not_picked":["bronze:MakeshiftBattery","Replay:Drink Me"],"picked":"Black Star"}],"items_purged_floors":[5],"is_endless":true,"potions_floor_spawned":[10,12,14,18,23,24,31,33],"killed_by":"3 Darklings","ascension_level":0}}