{"host":"sr8h12zimc8zi8zs","time":1614001190,"event":{"mods":["2.2 Compatiblity","AchievementEnabler","BaseMod","CapriCore","GifTheSpireLib","Minty Spire (QoL Compilation)","Permanent Neow","Replay The Spire","StSLib"],"gold_per_floor":[114,126,140,153,170,170,170,170,170,170,187,187,199,219,219,321,321,336,536,546,561,69,69,86,116,116,130,130,147,72,90,90,187,187,204,224,184,195,195,195,210,210,210,210,230,316,366,385,385,385,385,385,28,60,60],"floor_reached":56,"language":"KOR","playtime":4605,"items_purged":["Defend_B"],"score":1392,"play_id":"c7fa1831-12f3-4016-ac11-d61e8c4ccd9e","local_time":"20210222223950","is_ascension_mode":false,"campfire_choices":[{"data":"Zap","floor":6.0,"key":"SMITH"},{"data":"Go for the Eyes","floor":8.0,"key":"SMITH"},{"data":"Go for the Eyes","floor":10.0,"key":"SMITH"},{"data":"Thunder Strike","floor":15.0,"key":"SMITH"},{"data":"ReplayTheSpireMod:Brewmster","floor":23.0,"key":"SMITH"},{"floor":32.0,"key":"REST"},{"floor":40.0,"key":"REST"},{"floor":42.0,"key":"RECALL"},{"data":"Thunder Strike","floor":44.0,"key":"SMITH"},{"floor":49.0,"key":"REST"},{"data":"Machine Learning","floor":52.0,"key":"SMITH"}],"circlet_count":0,"master_deck":["Strike_B","Strike_B","Strike_B","Defend_B","Defend_B","Zap+1","Dualcast","Defend_B","Thunder Strike+1","Auto Shields+1","Go for the Eyes+1","Stack","Go for the Eyes+1","Thunder Strike+1","Melter","Thunder Strike","Panic Button","FTL","ReplayTheSpireMod:Brewmster+1","Ball Lightning","Static Discharge+1","Machine Learning+1","Glacier+1","Beam Cell+1","Aggregate+1","Panic Button+1","Double Energy+1","Loop+1","Stack","Leap+1"],"relics":["Cracked Core","Regal Pillow","SacredBark","Ginger","Centennial Puzzle","Counterbalance","Ring of Chaos","FossilizedHelix","Prayer Wheel","Shuriken"],"acts_visited":["Exordium","TheCity","TheBeyond","TheEnding"],"potions_floor_usage":[55,55,55,55],"damage_taken":[{"damage":0.0,"enemies":"Small Slimes","floor":1.0,"turns":3.0},{"damage":0.0,"enemies":"Jaw Worm","floor":2.0,"turns":4.0},{"damage":0.0,"enemies":"2 Louse","floor":3.0,"turns":2.0},{"damage":13.0,"enemies":"Lots of Slimes","floor":4.0,"turns":4.0},{"damage":4.0,"enemies":"Blue Slaver","floor":5.0,"turns":4.0},{"damage":2.0,"enemies":"Looter","floor":11.0,"turns":3.0},{"damage":0.0,"enemies":"Red Slaver","floor":13.0,"turns":4.0},{"damage":17.0,"enemies":"Exordium Thugs","floor":14.0,"turns":5.0},{"damage":14.0,"enemies":"Hexaghost","floor":16.0,"turns":10.0},{"damage":17.0,"enemies":"Chosen","floor":18.0,"turns":8.0},{"damage":39.0,"enemies":"3 Byrds","floor":20.0,"turns":7.0},{"damage":9.0,"enemies":"Sentry and Sphere","floor":21.0,"turns":4.0},{"damage":0.0,"enemies":"Centurion and Healer","floor":24.0,"turns":11.0},{"damage":1.0,"enemies":"Replay:Snechameleon","floor":25.0,"turns":5.0},{"damage":6.0,"enemies":"Snecko","floor":27.0,"turns":6.0},{"damage":13.0,"enemies":"Snake Plant","floor":29.0,"turns":4.0},{"damage":27.0,"enemies":"Shelled Parasite and Fungi","floor":31.0,"turns":5.0},{"damage":38.0,"enemies":"Pondfish","floor":33.0,"turns":8.0},{"damage":12.0,"enemies":"Orb Walker","floor":35.0,"turns":1.0},{"damage":17.0,"enemies":"3 Darklings","floor":36.0,"turns":6.0},{"damage":14.0,"enemies":"Jaw Worm Horde","floor":38.0,"turns":5.0},{"damage":10.0,"enemies":"Sphere and 2 Shapes","floor":41.0,"turns":3.0},{"damage":26.0,"enemies":"Spire Growth","floor":45.0,"turns":4.0},{"damage":0.0,"enemies":"Mind Bloom Boss Battle","floor":47.0,"turns":7.0},{"damage":30.0,"enemies":"Jaw Worm Horde","floor":48.0,"turns":6.0},{"damage":62.0,"enemies":"Donu and Deca","floor":50.0,"turns":9.0},{"damage":39.0,"enemies":"Shield and Spear","floor":54.0,"turns":7.0},{"damage":33,"enemies":"The Heart","floor":55,"turns":6}],"seed_played":"5391140211942950347","potions_obtained":[{"floor":1.0,"key":"ColorlessPotion"},{"floor":2.0,"key":"Strength Potion"},{"floor":14.0,"key":"FairyPotion"},{"floor":20.0,"key":"LifebloodPotion"},{"floor":21.0,"key":"EssenceOfSteel"},{"floor":36.0,"key":"EssenceOfSteel"}],"is_trial":false,"path_per_floor":["M","M","M","M","M","R","?","R","T","R","M","?","M","M","R","B",null,"M","?","M","M","$","R","M","E","T","M","?","M","$","M","R","B",null,"M","M","?","M","?","R","M","R","T","R","M","?","?","M","R","B",null,"R","$","E","B",null],"character_chosen":"DEFECT","items_purchased":["ReplayTheSpireMod:Brewmster","Ginger","ReplayTheSpireMod:Fabricate Wheel","Flashbang","CultistPotion"],"campfire_rested":3,"item_purchase_floors":[22,22,53,53,53],"current_hp_per_floor":[75,75,75,62,58,58,51,51,51,51,49,49,49,32,32,18,75,58,58,19,10,10,10,10,9,9,3,3,35,35,8,45,7,75,63,46,46,32,32,69,59,59,59,59,33,15,15,44,75,13,75,75,75,36,3],"gold":60,"neow_bonus":"THREE_RARE_CARDS","is_daily":false,"chose_seed":false,"campfire_upgraded":7,"win_rate":0.0,"timestamp":1614001190,"path_taken":["M","M","M","M","M","R","?","R","T","R","M","?","M","M","R","BOSS","M","?","?","M","$","R","M","E","T","M","?","?","$","M","R","BOSS","M","M","?","?","?","R","M","R","T","R","?","?","?","M","R","BOSS","R","$","E","BOSS"],"items_purchased_type":["Card","Relic","Card","Potion","Potion"],"build_version":"2020-12-22","purchased_purges":1,"victory":true,"max_hp_per_floor":[75,75,75,75,75,75,75,75,75,75,75,75,75,75,75,75,75,75,75,75,75,75,75,75,75,75,75,75,75,75,75,75,75,75,75,75,75,75,75,75,75,75,75,75,75,75,75,75,75,75,75,75,75,75,75],"card_choices":[{"not_picked":["Creative AI","Hyperbeam"],"picked":"Thunder Strike","floor":0.0},{"not_picked":["Hologram","Compile Driver"],"picked":"Auto Shields","floor":1.0},{"not_picked":["Conserve Battery","BasicCrystalCard"],"picked":"Go for the Eyes","floor":2.0},{"not_picked":["Sweeping Beam","BasicCrystalCard"],"picked":"Stack","floor":3.0},{"not_picked":["Cold Snap","BasicCrystalCard"],"picked":"Go for the Eyes","floor":4.0},{"not_picked":["Barrage","Beam Cell","Force Field"],"picked":"SKIP","floor":5.0},{"not_picked":["Streamline","Cold Snap"],"picked":"Thunder Strike","floor":11.0},{"not_picked":["ReplayTheSpireMod:GoodbyeWorld","Cold Snap"],"picked":"Melter","floor":13.0},{"not_picked":["Rebound","Multi-Cast","BasicCrystalCard"],"picked":"SKIP","floor":14.0},{"not_picked":["Biased Cognition","Hyperbeam"],"picked":"Thunder Strike","floor":16.0},{"not_picked":["Redo","Conserve Battery+1"],"picked":"Panic Button","floor":18.0},{"not_picked":["Storm","Go for the Eyes+1"],"picked":"FTL","floor":20.0},{"not_picked":["Beam Cell","Sunder","BasicCrystalCard"],"picked":"SKIP","floor":21.0},{"not_picked":["ReplaySort","Turbo","Loop"],"picked":"SKIP","floor":24.0},{"not_picked":["ReplayTheSpireMod:Omega Cannon","Glacier"],"picked":"Ball Lightning","floor":25.0},{"not_picked":["Hologram","Panic Button","Turbo"],"picked":"SKIP","floor":27.0},{"not_picked":["Leap","Go for the Eyes","Rebound"],"picked":"SKIP","floor":29.0},{"not_picked":["ReplaySolidLightProjector","Recycle"],"picked":"Static Discharge","floor":31.0},{"not_picked":["Multi-Cast","Core Surge"],"picked":"Machine Learning","floor":33.0},{"not_picked":["Beam Cell","Heatsinks+1"],"picked":"Glacier+1","floor":35.0},{"not_picked":["Steam+1","Coolheaded+1"],"picked":"Beam Cell+1","floor":36.0},{"not_picked":["Rebound","Streamline","Cold Snap+1"],"picked":"SKIP","floor":38.0},{"not_picked":["Steam+1","Recycle+1"],"picked":"Aggregate+1","floor":41.0},{"not_picked":["ReplayTheSpireMod:System Scan","Leap"],"picked":"Panic Button+1","floor":45.0},{"not_picked":["Genetic Algorithm","Coolheaded+1"],"picked":"Double Energy+1","floor":46.0},{"not_picked":["Coolheaded","Blizzard+1"],"picked":"Loop+1","floor":46.0},{"not_picked":["Conserve Battery","Glacier"],"picked":"Stack","floor":46.0},{"not_picked":["Coolheaded+1","Leap","ReplaySort+1"],"picked":"SKIP","floor":48.0},{"not_picked":["Recycle","Conserve Battery+1"],"picked":"Leap+1","floor":54.0}],"player_experience":158228,"relics_obtained":[{"floor":9.0,"key":"Regal Pillow"},{"floor":25.0,"key":"Centennial Puzzle"},{"floor":26.0,"key":"Counterbalance"},{"floor":47.0,"key":"FossilizedHelix"},{"floor":54.0,"key":"Shuriken"}],"event_choices":[{"cards_removed":["Defend_B"],"damage_healed":0.0,"max_hp_gain":0.0,"max_hp_loss":0.0,"gold_gain":0.0,"event_name":"Golden Wing","player_choice":"Card Removal","floor":7.0,"gold_loss":0.0,"damage_taken":7.0},{"damage_healed":0.0,"max_hp_gain":0.0,"max_hp_loss":0.0,"gold_gain":250.0,"event_name":"The Joust","player_choice":"Bet on Owner","floor":19.0,"gold_loss":50.0,"damage_taken":0.0},{"cards_removed":["Strike_B"],"damage_healed":0.0,"max_hp_gain":0.0,"max_hp_loss":0.0,"gold_gain":0.0,"event_name":"Purifier","player_choice":"Purged","floor":28.0,"gold_loss":0.0,"damage_taken":0.0},{"damage_healed":0.0,"max_hp_gain":0.0,"max_hp_loss":0.0,"gold_gain":0.0,"event_name":"Designer","player_choice":"Upgrade","floor":37.0,"gold_loss":40.0,"damage_taken":0.0,"cards_upgraded":["Static Discharge"]},{"damage_healed":0.0,"max_hp_gain":0.0,"max_hp_loss":0.0,"gold_gain":0.0,"event_name":"Accursed Blacksmith","player_choice":"Forge","floor":39.0,"gold_loss":0.0,"damage_taken":0.0,"cards_upgraded":["Auto Shields"]},{"damage_healed":0.0,"max_hp_gain":0.0,"max_hp_loss":0.0,"gold_gain":0.0,"event_name":"MindBloom","player_choice":"Fight","floor":47.0,"gold_loss":0.0,"damage_taken":0.0}],"is_beta":false,"boss_relics":[{"not_picked":["Inserter","Nuclear Battery"],"picked":"SacredBark"},{"not_picked":["Sozu","Astrolabe"],"picked":"Ring of Chaos"}],"items_purged_floors":[30],"is_endless":false,"potions_floor_spawned":[1,2,14,20,21,24,33,36,38,41,47],"ascension_level":0}}