{"host":"6hzrz31j95f2y1pa","time":1614020191,"event":{"mods":["BaseMod","Colored Map","Downfall","Minty Spire (QoL Compilation)","StSLib"],"gold_per_floor":[99,116,116,134,44,44,97,3,38,52,52,52,52],"floor_reached":11,"language":"ENG","playtime":396,"items_purged":["hexamod:Strike"],"score":131,"play_id":"cb8366a7-1fb1-43fe-882f-dd000d4b4bbc","local_time":"20210222135631","is_ascension_mode":true,"campfire_choices":[{"data":"hexamod:Float","floor":1,"key":"SMITH"},{"data":"hexamod:Rewind","floor":6,"key":"SMITH"}],"circlet_count":0,"master_deck":["AscendersBane","hexamod:Strike","hexamod:Strike","hexamod:Strike","hexamod:Defend","hexamod:Defend","hexamod:Defend","hexamod:Sear","hexamod:Float+1","hexamod:EmpoweredFlame","hexamod:NightmareStrike","hexamod:EmpoweredFlame","hexamod:Rewind+1","hexamod:FirstSeal","hexamod:FourthSeal","hexamod:FastForward","hexamod:SpectersWail","hexamod:SwordOfDarkness"],"relics":["hexamod:SpiritBrand","Tiny Chest"],"acts_visited":["Exordium"],"potions_floor_usage":[],"damage_taken":[{"damage":2,"enemies":"Jaw Worm","floor":2,"turns":3},{"damage":0,"enemies":"Cultist","floor":4,"turns":3},{"damage":0,"enemies":"downfall:FleeingMerchant","floor":5,"turns":4},{"damage":5,"enemies":"downfall:FleeingMerchant","floor":8,"turns":4},{"damage":55,"enemies":"3 Sentries","floor":9,"turns":12},{"damage":0,"enemies":"2 Louse","floor":10,"turns":2},{"damage":5,"enemies":"Lagavulin","floor":11,"turns":3}],"seed_played":"5695962601195986551","potions_obtained":[{"floor":10,"key":"hexamod:EctoCoolerPotion"}],"is_trial":false,"path_per_floor":["R","M","?","M","$","R","T","$","E","M","E"],"character_chosen":"THE_SPIRIT","items_purchased":["hexamod:FastForward","hexamod:SpectersWail"],"campfire_rested":0,"item_purchase_floors":[8,8],"current_hp_per_floor":[57,55,55,55,55,55,55,57,2,2,0,0,0],"gold":52,"neow_bonus":"TRANSFORM_CARD","is_daily":false,"chose_seed":false,"campfire_upgraded":2,"win_rate":0.0,"timestamp":1614020191,"path_taken":["R","M","?","M","$","R","T","?","E","M","E"],"items_purchased_type":["Card","Card"],"build_version":"2020-12-22","purchased_purges":1,"victory":false,"max_hp_per_floor":[63,63,63,63,63,63,63,63,63,63,63,63,63],"card_choices":[{"not_picked":["hexamod:InspiringFlames","hexamod:DynamicBlow"],"picked":"hexamod:NightmareStrike","floor":2},{"not_picked":["hexamod:FlamesFromBeyond","hexamod:SuperheatedStrike"],"picked":"hexamod:Rewind","floor":4},{"not_picked":["hexamod:BurningTouch","hexamod:Incineration"],"picked":"hexamod:FirstSeal","floor":5},{"not_picked":["hexamod:GiftsFromTheDead","hexamod:RetreatToShadows"],"picked":"hexamod:FourthSeal","floor":8},{"not_picked":["hexamod:Firestarter","hexamod:ThermalTransfer"],"picked":"hexamod:SwordOfDarkness","floor":9},{"not_picked":["hexamod:FastForward","hexamod:ThirdSeal","hexamod:Firestarter"],"picked":"SKIP","floor":10}],"player_experience":1471822,"relics_obtained":[{"floor":9,"key":"Tiny Chest"}],"event_choices":[],"is_beta":false,"boss_relics":[],"items_purged_floors":[5],"is_endless":false,"potions_floor_spawned":[10],"killed_by":"Lagavulin","ascension_level":17}}