{"host":"ul3z8ex5o8l5j7mh","time":1614020008,"event":{"mods":["2.2 Compatiblity","AchievementEnabler","BaseMod","Bestiary","Colored Map","Colored Powertips","Curses Come First","DeckTracker","Highlight Path","Keyboard Shortcuts","Minty Spire (QoL Compilation)","Relic Sorter","Relic Stats","StSLib","SuperFastMode"],"gold_per_floor":[110,128,128,138,151,151,179,179,179,209,57,57,57,80,80,210,210,235,195,209,229,243,243,243,243],"floor_reached":24,"language":"ENG","playtime":976,"items_purged":[],"score":297,"play_id":"372629dc-288e-4c69-9243-e99bbbb66424","local_time":"20210222195328","is_ascension_mode":true,"campfire_choices":[{"data":"Accuracy","floor":6.0,"key":"SMITH"},{"floor":12.0,"key":"REST"},{"floor":15,"key":"REST"},{"floor":23,"key":"REST"}],"circlet_count":0,"master_deck":["Strike_G","Strike_G","Strike_G","Strike_G","Strike_G","Defend_G","Defend_G","Defend_G","Defend_G","Survivor","Neutralize","Choke+1","Blade Dance","Accuracy+1","Parasite","Deflect","Tactician","Backstab","Cloak And Dagger","Slice","Outmaneuver","Blade Dance","A Thousand Cuts","Flying Knee+1"],"relics":["Ring of the Snake","Matryoshka","Ginger","Akabeko","Happy Flower","Orrery","Golden Idol","Busted Crown"],"acts_visited":["Exordium","TheCity"],"potions_floor_usage":[18,18,20,22,24,24],"damage_taken":[{"damage":4.0,"enemies":"Small Slimes","floor":1.0,"turns":3.0},{"damage":8.0,"enemies":"2 Louse","floor":2.0,"turns":4.0},{"damage":0.0,"enemies":"Cultist","floor":4.0,"turns":2.0},{"damage":1.0,"enemies":"Blue Slaver","floor":5.0,"turns":4.0},{"damage":38.0,"enemies":"Gremlin Nob","floor":7.0,"turns":5.0},{"damage":22.0,"enemies":"Lagavulin","floor":10.0,"turns":5.0},{"damage":0,"enemies":"Exordium Wildlife","floor":14,"turns":3},{"damage":0,"enemies":"Slime Boss","floor":16,"turns":6},{"damage":1,"enemies":"2 Thieves","floor":18,"turns":2},{"damage":1,"enemies":"Spheric Guardian","floor":20,"turns":3},{"damage":17,"enemies":"Centurion and Healer","floor":21,"turns":6},{"damage":31,"enemies":"Snecko","floor":22,"turns":4},{"damage":50,"enemies":"Slavers","floor":24,"turns":4}],"seed_played":"-2196553456485274110","potions_obtained":[{"floor":7.0,"key":"SteroidPotion"},{"floor":10.0,"key":"FearPotion"},{"floor":14,"key":"FearPotion"},{"floor":16,"key":"Fire Potion"},{"floor":18,"key":"Energy Potion"},{"floor":21,"key":"Fire Potion"},{"floor":22,"key":"Strength Potion"}],"is_trial":false,"path_per_floor":["M","M","?","M","M","R","E","?","T","E","$","R","?","M","R","B",null,"M","?","M","M","M","R","E"],"character_chosen":"THE_SILENT","items_purchased":["Orrery"],"campfire_rested":3,"item_purchase_floors":[11],"current_hp_per_floor":[73,65,58,58,57,57,19,38,38,16,16,39,20,20,43,43,77,76,76,75,58,27,50,0,0],"gold":243,"neow_bonus":"TEN_PERCENT_HP_BONUS","is_daily":false,"chose_seed":false,"campfire_upgraded":1,"win_rate":0.0,"timestamp":1614020008,"path_taken":["M","M","?","M","M","R","E","?","T","E","$","R","?","M","R","BOSS","M","?","M","M","?","R","E"],"items_purchased_type":["Relic"],"build_version":"2020-12-22","purchased_purges":0,"victory":false,"max_hp_per_floor":[77,77,77,77,77,77,77,77,77,77,77,77,77,77,77,77,77,77,77,77,77,77,77,77,77],"relic_stats":{"Busted Crown":8,"Happy Flower":[9],"counters":[13,51],"Golden Idol":46,"Ginger":[1],"obtain_stats":[{"Matryoshka":7,"Busted Crown":17,"Happy Flower":10,"Golden Idol":13,"Orrery":11,"Ginger":9,"Akabeko":9,"Ring of the Snake":0},{"Matryoshka":5,"Busted Crown":8,"Happy Flower":6,"Golden Idol":6,"Orrery":6,"Ginger":5,"Akabeko":5,"Ring of the Snake":0},{"Matryoshka":18,"Busted Crown":32,"Happy Flower":23,"Golden Idol":23,"Orrery":23,"Ginger":18,"Akabeko":18,"Ring of the Snake":0}],"Ring of the Snake":[26]},"card_choices":[{"not_picked":["Slice","Outmaneuver"],"picked":"Choke","floor":1.0},{"not_picked":["Backstab","Underhanded Strike"],"picked":"Blade Dance","floor":2.0},{"not_picked":["Finisher","Noxious Fumes"],"picked":"Accuracy","floor":4.0},{"not_picked":["Poisoned Stab","Acrobatics","Backflip"],"picked":"SKIP","floor":5.0},{"not_picked":["Dagger Throw","PiercingWail","Skewer"],"picked":"SKIP","floor":7.0},{"not_picked":["Crippling Poison","Eviscerate"],"picked":"Deflect","floor":10.0},{"not_picked":["Unload","Slice"],"picked":"Tactician","floor":11.0},{"not_picked":["Deadly Poison","Poisoned Stab"],"picked":"Backstab","floor":11.0},{"not_picked":["Crippling Poison","Quick Slash"],"picked":"Cloak And Dagger","floor":11.0},{"not_picked":["All Out Attack","Underhanded Strike"],"picked":"Slice","floor":11.0},{"not_picked":["Sucker Punch","Heel Hook"],"picked":"Outmaneuver","floor":11.0},{"not_picked":["Noxious Fumes","Catalyst"],"picked":"Blade Dance","floor":14},{"not_picked":["Wraith Form v2","Bullet Time"],"picked":"A Thousand Cuts","floor":16},{"not_picked":["Sucker Punch"],"picked":"SKIP","floor":18},{"not_picked":[],"picked":"Flying Knee+1","floor":20},{"not_picked":["Slice"],"picked":"SKIP","floor":21},{"not_picked":["Dagger Throw"],"picked":"SKIP","floor":22}],"player_experience":423199,"relics_obtained":[{"floor":7.0,"key":"Matryoshka"},{"floor":9.0,"key":"Ginger"},{"floor":9.0,"key":"Akabeko"},{"floor":10.0,"key":"Happy Flower"}],"event_choices":[{"cards_removed":["Defend_G"],"damage_healed":0.0,"max_hp_gain":0.0,"max_hp_loss":0.0,"gold_gain":0.0,"event_name":"Golden Wing","player_choice":"Card Removal","floor":3.0,"gold_loss":0.0,"damage_taken":7.0},{"damage_healed":19.0,"max_hp_gain":0.0,"max_hp_loss":0.0,"gold_gain":0.0,"event_name":"Mushrooms","player_choice":"Healed and dodged fight","floor":8.0,"gold_loss":0.0,"damage_taken":0.0,"cards_obtained":["Parasite"]},{"damage_healed":0.0,"max_hp_gain":0.0,"max_hp_loss":0.0,"gold_gain":0.0,"event_name":"Golden Idol","player_choice":"Take Damage","floor":13.0,"gold_loss":0.0,"damage_taken":19.0,"relics_obtained":["Golden Idol"]},{"damage_healed":0,"gold_gain":0,"player_choice":"Upgrade","damage_taken":0,"max_hp_gain":0,"max_hp_loss":0,"event_name":"Designer","floor":19,"gold_loss":40,"cards_upgraded":["Choke"]}],"is_beta":false,"boss_relics":[{"not_picked":["Velvet Choker","Cursed Key"],"picked":"Busted Crown"}],"items_purged_floors":[],"is_endless":false,"potions_floor_spawned":[7,10,14,16,18,21,22],"killed_by":"Slavers","ascension_level":3}}