{"host":"dl909bjyolgrn2uw","time":1614022751,"event":{"mods":["2.2 Compatiblity","AchievementEnabler","BaseMod","Bestiary","Better Altar","Better Note","Better Sensory Stone","Better Skull","Better Vampires","Better-Laid Plans","Colored Powertips","Conspire","Curses Come First","Disable Question Mark Monsters","Displayed Cursed Tome","Downfall","Emptier Cage","Minty Spire (QoL Compilation)","Morshu Shopkeeper","Permanent Neow","Quick Restart","Rare Cards Sparkle","Relic Stats","Shop Mod","Spicy Shops","StSLib","SuperFastMode","Transform Curses"],"gold_per_floor":[99,109,120,134,134,162,162,162,187,87,113,129,142,156,166,263,263,263,280,295,312,329,329,329,339,374,374,388,403,403,403,423,527,527,527,537,555,568,37,37,37,52,52,72,106,106,123,133,149,149],"floor_reached":51,"language":"ENG","playtime":3849,"items_purged":[],"score":843,"play_id":"6d78b63b-34ce-446e-a037-c4c91b2b70fb","local_time":"20210222133911","is_ascension_mode":true,"campfire_choices":[{"data":"Slimebound:Split","floor":1.0,"key":"SMITH"},{"data":"Slimebound:MassRepurpose","floor":8.0,"key":"SMITH"},{"data":"Slimebound:FirmFortitude","floor":10.0,"key":"SMITH"},{"data":"Slimebound:MassRepurpose","floor":18.0,"key":"SMITH"},{"data":"Slimebound:LevelUp","floor":23.0,"key":"SMITH"},{"data":"Slimebound:GoopSpray","floor":27.0,"key":"SMITH"},{"data":"Slimebound:CheckThePlaybook","floor":35.0,"key":"SMITH"},{"data":"expansioncontent:StudyTheSpire","floor":40.0,"key":"SMITH"},{"data":"Slimebound:LeadByExample","floor":43.0,"key":"SMITH"}],"circlet_count":0,"master_deck":["Slimebound:Strike_Slimebound","Slimebound:Strike_Slimebound","Slimebound:Strike_Slimebound","Slimebound:Tackle","Slimebound:Defend_Slimebound","Slimebound:Defend_Slimebound","Slimebound:Defend_Slimebound+1","Slimebound:Defend_Slimebound","Slimebound:Split+1","Slimebound:CorrosiveSpit","Slimebound:MassRepurpose+1","Slimebound:SplitMire","Slimebound:GoopSpray+1","Slimebound:Prepare","Slimebound:MassFeed","Slimebound:SplitSpecialist+1","Slimebound:FirmFortitude+1","Slimebound:SplitSpecialist","Slimebound:LevelUp+1","Slimebound:MassRepurpose+1","Slimebound:ComboTackle","Slimebound:RejuvenatingLick+1","Slimebound:GoopSpray","Slimebound:LeadByExample+1","Slimebound:MegaLick+1","Slimebound:CheckThePlaybook+1","Slimebound:LeechingTouch+1","Slimebound:SplitMire","Slimebound:Recycling","Slimebound:SlimeTap+1","expansioncontent:StudyTheSpire+1","Slimebound:HauntingLick+1","Slimebound:Recollect+1","Slimebound:SplitSpecialist+1","Slimebound:OozeBath","Slimebound:SplitMire+1"],"relics":["Slimebound:AbsorbEndCombat","conspire:GiftBox","Shuriken","Letter Opener","HornCleat","downfall:HeartBlessingGreen","conspire:BottledYoYo","conspire:RoyalGoblet","conspire:DeflatedDodgeball","Oddly Smooth Stone","Bloody Idol","conspire:SeveredTorchhead","War Paint","Bird Faced Urn"],"acts_visited":["Exordium","TheCity","TheBeyond"],"potions_floor_usage":[50,50,50],"damage_taken":[{"damage":10.0,"enemies":"Jaw Worm","floor":2.0,"turns":4.0},{"damage":0.0,"enemies":"conspire:RoseBush","floor":3.0,"turns":3.0},{"damage":0.0,"enemies":"2 Louse","floor":4.0,"turns":4.0},{"damage":6.0,"enemies":"Lagavulin","floor":6.0,"turns":7.0},{"damage":25.0,"enemies":"3 Sentries","floor":9.0,"turns":5.0},{"damage":1.0,"enemies":"Gremlin Nob","floor":11.0,"turns":4.0},{"damage":0.0,"enemies":"Exordium Wildlife","floor":12.0,"turns":3.0},{"damage":0.0,"enemies":"conspire:2 RoseBushes","floor":13.0,"turns":3.0},{"damage":5.0,"enemies":"Blue Slaver","floor":14.0,"turns":3.0},{"damage":0.0,"enemies":"2 Fungi Beasts","floor":15.0,"turns":3.0},{"damage":0.0,"enemies":"WA_ARCHETYPE_RETAIN","floor":16.0,"turns":6.0},{"damage":0.0,"enemies":"Chosen","floor":19.0,"turns":4.0},{"damage":0.0,"enemies":"Spheric Guardian","floor":20.0,"turns":3.0},{"damage":9.0,"enemies":"Snake Plant","floor":21.0,"turns":4.0},{"damage":12.0,"enemies":"Centurion and Healer","floor":22.0,"turns":3.0},{"damage":0.0,"enemies":"Snecko","floor":25.0,"turns":4.0},{"damage":27.0,"enemies":"Slavers","floor":26.0,"turns":5.0},{"damage":8.0,"enemies":"Sentry and Sphere","floor":28.0,"turns":5.0},{"damage":17.0,"enemies":"Snake Plant","floor":29.0,"turns":4.0},{"damage":15.0,"enemies":"Centurion and Healer","floor":32.0,"turns":6.0},{"damage":5.0,"enemies":"SI_MIRROR_ARCHETYPE","floor":33.0,"turns":7.0},{"damage":15.0,"enemies":"Orb Walker","floor":36.0,"turns":4.0},{"damage":8.0,"enemies":"3 Darklings","floor":37.0,"turns":4.0},{"damage":4.0,"enemies":"Transient","floor":38.0,"turns":5.0},{"damage":0.0,"enemies":"downfall:FleeingMerchant","floor":39.0,"turns":4.0},{"damage":5.0,"enemies":"Spire Growth","floor":42.0,"turns":6.0},{"damage":17,"enemies":"4 Shapes","floor":44,"turns":5},{"damage":21,"enemies":"Nemesis","floor":45,"turns":5},{"damage":7,"enemies":"Nemesis","floor":46,"turns":5},{"damage":8,"enemies":"3 Darklings","floor":47,"turns":6},{"damage":0,"enemies":"Spire Growth","floor":48,"turns":4},{"damage":7,"enemies":"Transient","floor":49,"turns":5},{"damage":27,"enemies":"DF_ARCHETYPE_ORBS","floor":50,"turns":8}],"seed_played":"-3065859011597883188","potions_obtained":[{"floor":3.0,"key":"Strength Potion"},{"floor":11.0,"key":"BlessingOfTheForge"},{"floor":13.0,"key":"Regen Potion"},{"floor":20.0,"key":"champ:CounterPotion"},{"floor":22.0,"key":"Regen Potion"},{"floor":26.0,"key":"sneckomod:MuddlingPotion"},{"floor":32.0,"key":"AttackPotion"},{"floor":38.0,"key":"SteroidPotion"},{"floor":42.0,"key":"SmokeBomb"},{"floor":46,"key":"Fire Potion"},{"floor":47,"key":"champ:CounterPotion"}],"is_trial":false,"path_per_floor":["R","M","M","M","?","E","T","R","E","R","E","M","M","M","M","B",null,"R","M","M","M","M","R","T","M","E","R","M","M","?","?","M","B",null,"R","M","M","M","$","R","T","M","R","M","E","?","M","M","M","B",null],"character_chosen":"SLIMEBOUND","items_purchased":["expansioncontent:StudyTheSpire"],"campfire_rested":0,"item_purchase_floors":[39],"current_hp_per_floor":[65,56,60,64,61,59,59,59,51,51,56,65,75,72,77,85,86,86,86,86,83,79,79,79,85,66,66,92,82,82,11,36,44,95,95,89,94,95,95,95,95,95,95,91,83,86,94,95,93,80],"gold":149,"neow_bonus":"ONE_RANDOM_RARE_CARD","is_daily":false,"chose_seed":false,"campfire_upgraded":9,"win_rate":0.0,"timestamp":1614022751,"path_taken":["R","M","M","M","?","E","T","R","E","R","E","M","M","M","M","BOSS","R","M","M","M","M","R","T","M","E","R","M","M","?","?","M","BOSS","R","M","M","M","$","R","T","M","R","M","E","?","M","M","M","BOSS"],"items_purchased_type":["Card"],"build_version":"2020-12-22","purchased_purges":0,"victory":true,"max_hp_per_floor":[65,65,65,65,65,65,65,65,74,74,74,77,83,83,86,86,86,86,86,86,86,92,92,92,92,92,92,92,95,95,95,95,95,95,95,95,95,95,95,95,95,95,95,95,95,95,95,95,95,95],"relic_stats":{"counters":[33,141],"Shuriken":[11],"Bloody Idol":40,"Bird Faced Urn":[18],"Letter Opener":[485],"War Paint":["Slimebound:Defend_Slimebound","Slimebound:SplitSpecialist"],"obtain_stats":[{"conspire:RoyalGoblet":17,"Oddly Smooth Stone":26,"downfall:HeartBlessingGreen":10,"Letter Opener":7,"War Paint":41,"conspire:SeveredTorchhead":34,"conspire:GiftBox":5,"HornCleat":9,"Shuriken":6,"Bloody Idol":31,"Bird Faced Urn":45,"Slimebound:AbsorbEndCombat":0,"conspire:BottledYoYo":11,"conspire:DeflatedDodgeball":24},{"conspire:RoyalGoblet":11,"Oddly Smooth Stone":17,"downfall:HeartBlessingGreen":5,"Letter Opener":4,"War Paint":25,"conspire:SeveredTorchhead":21,"conspire:GiftBox":3,"HornCleat":5,"Shuriken":4,"Bloody Idol":19,"Bird Faced Urn":28,"Slimebound:AbsorbEndCombat":0,"conspire:BottledYoYo":6,"conspire:DeflatedDodgeball":15},{"conspire:RoyalGoblet":42,"Oddly Smooth Stone":63,"downfall:HeartBlessingGreen":22,"Letter Opener":17,"War Paint":100,"conspire:SeveredTorchhead":84,"conspire:GiftBox":10,"HornCleat":22,"Shuriken":17,"Bloody Idol":72,"Bird Faced Urn":114,"Slimebound:AbsorbEndCombat":0,"conspire:BottledYoYo":25,"conspire:DeflatedDodgeball":55}]},"card_choices":[{"not_picked":["Slimebound:LivingWall","Slimebound:RollThrough"],"picked":"Slimebound:SplitMire","floor":2.0},{"not_picked":["Slimebound:ServeAndProtect","Slimebound:LeechingTouch"],"picked":"Slimebound:GoopSpray","floor":3.0},{"not_picked":["Slimebound:LeechEnergy","Slimebound:MinionMaster"],"picked":"Slimebound:Prepare","floor":4.0},{"not_picked":["Slimebound:Recycling","Slimebound:PrepareCrush"],"picked":"Slimebound:MassFeed","floor":5.0},{"not_picked":["Slimebound:Schlurp","Slimebound:GoopTackle"],"picked":"Slimebound:SplitSpecialist","floor":6.0},{"not_picked":["Slimebound:SlimeBarrage","Slimebound:DisruptingSlam"],"picked":"Slimebound:FirmFortitude","floor":9.0},{"not_picked":["Slimebound:ViciousTackle","Slimebound:PressTheAttack","Slimebound:Grow"],"picked":"SKIP","floor":11.0},{"not_picked":["Slimebound:FinishingTackle","Slimebound:PressTheAttack","Slimebound:GoopTackle"],"picked":"SKIP","floor":12.0},{"not_picked":["Slimebound:SlimeBarrage","Slimebound:Recollect"],"picked":"Slimebound:SplitSpecialist","floor":13.0},{"not_picked":["Slimebound:LeechingTouch","Slimebound:Grow","Slimebound:MegaLick"],"picked":"SKIP","floor":14.0},{"not_picked":["Slimebound:ItLooksTasty","Slimebound:Prepare"],"picked":"Slimebound:LevelUp","floor":15.0},{"not_picked":["Slimebound:SelfFormingGoo","Slimebound:Darklings"],"picked":"Slimebound:MassRepurpose","floor":16.0},{"not_picked":["Slimebound:SlimeSpikes","Slimebound:SlimeBarrage","Slimebound:SplitAcid"],"picked":"SKIP","floor":19.0},{"not_picked":["Slimebound:SplitBruiser","Slimebound:Prepare"],"picked":"Slimebound:ComboTackle","floor":20.0},{"not_picked":["Slimebound:GoopTackle","Slimebound:LeechingTouch","Slimebound:MegaLick"],"picked":"SKIP","floor":21.0},{"not_picked":["Slimebound:HungryTackle","Slimebound:SplitMire","Slimebound:Chomp"],"picked":"SKIP","floor":22.0},{"not_picked":["Slimebound:FinishingTackle","Slimebound:MegaLick"],"picked":"Slimebound:RejuvenatingLick+1","floor":25.0},{"not_picked":["Slimebound:Replication","Slimebound:PressTheAttack","Slimebound:ItLooksTasty+1"],"picked":"SKIP","floor":26.0},{"not_picked":["Slimebound:ForwardTackle","Slimebound:WasteNot"],"picked":"Slimebound:GoopSpray","floor":28.0},{"not_picked":["Slimebound:DivideAndConquer","Slimebound:FormOfPuddle"],"picked":"Slimebound:LeadByExample","floor":29.0},{"not_picked":["Slimebound:FinishingTackle","Slimebound:Schlurp"],"picked":"Slimebound:MegaLick+1","floor":32.0},{"not_picked":["Slimebound:RallyTheTroops","Slimebound:DouseInSlime"],"picked":"Slimebound:CheckThePlaybook","floor":33.0},{"not_picked":["Slimebound:Schlurp","Slimebound:Equalize+1"],"picked":"Slimebound:LeechingTouch+1","floor":36.0},{"not_picked":["Slimebound:PressTheAttack+1","Slimebound:RollThrough+1"],"picked":"Slimebound:SplitMire","floor":37.0},{"not_picked":["Slimebound:Prepare","Slimebound:SlimeSpikes+1"],"picked":"Slimebound:Recycling","floor":38.0},{"not_picked":["Slimebound:Nibble+1","Slimebound:Prepare+1"],"picked":"Slimebound:SlimeTap+1","floor":39.0},{"not_picked":["Slimebound:AcidTongue","Slimebound:GoopTackle+1"],"picked":"Slimebound:HauntingLick+1","floor":42.0},{"not_picked":["Slimebound:ServeAndProtect+1","Slimebound:RollThrough"],"picked":"Slimebound:Recollect+1","floor":44},{"not_picked":["Slimebound:Grow+1","Slimebound:Recollect"],"picked":"Slimebound:SplitSpecialist+1","floor":45},{"not_picked":["Slimebound:ItLooksTasty","Slimebound:PressTheAttack"],"picked":"Slimebound:OozeBath","floor":46},{"not_picked":["Slimebound:FlameTackle","Slimebound:Schlurp","Slimebound:ItLooksTasty+1"],"picked":"SKIP","floor":47},{"not_picked":["Slimebound:GoopTackle+1","Slimebound:LivingWall+1"],"picked":"Slimebound:SplitMire+1","floor":48},{"not_picked":["Slimebound:SplitLeeching","Slimebound:LeadByExample","Slimebound:LeechingTouch"],"picked":"SKIP","floor":49}],"player_experience":506774,"relics_obtained":[{"floor":6.0,"key":"Shuriken"},{"floor":7.0,"key":"Letter Opener"},{"floor":9.0,"key":"HornCleat"},{"floor":11.0,"key":"conspire:BottledYoYo"},{"floor":24.0,"key":"conspire:DeflatedDodgeball"},{"floor":26.0,"key":"Oddly Smooth Stone"},{"floor":41.0,"key":"War Paint"},{"floor":45,"key":"Bird Faced Urn"}],"event_choices":[{"damage_healed":0.0,"max_hp_gain":0.0,"max_hp_loss":0.0,"gold_gain":0.0,"event_name":"Scrap Ooze","player_choice":"Success","floor":5.0,"gold_loss":0.0,"damage_taken":3.0,"relics_obtained":["conspire:GiftBox"]},{"cards_removed":["Slimebound:Split"],"damage_healed":0.0,"max_hp_gain":0.0,"max_hp_loss":0.0,"gold_gain":0.0,"event_name":"betterNote:BetterNote","player_choice":"Give","floor":30.0,"gold_loss":0.0,"damage_taken":0.0,"cards_obtained":["None"]},{"damage_healed":0.0,"max_hp_gain":82.0,"max_hp_loss":11.0,"gold_gain":0.0,"event_name":"betterAltar:BetterAltar","player_choice":" Idol Potion ","floor":31.0,"potions_obtained":["betterAltar:AltarPotion"],"relics_lost":[],"gold_loss":0.0,"damage_taken":71.0,"relics_obtained":["Bloody Idol"]}],"is_beta":false,"boss_relics":[{"not_picked":["conspire:SlowCooker","conspire:SpecialSausage"],"picked":"conspire:RoyalGoblet"},{"not_picked":["Coffee Dripper","Fusion Hammer"],"picked":"conspire:SeveredTorchhead"}],"items_purged_floors":[],"is_endless":false,"potions_floor_spawned":[3,11,13,16,20,21,22,26,32,38,42,44,46,47],"ascension_level":1}}