{"host":"s0nrlal5fls38heo","time":1614030064,"event":{"mods":["AchievementEnabler","BaseMod","Colored Powertips","Dark Map","Displayed Cursed Tome","Downfall","Faster Ascension Climbing","GifTheSpireLib","Minty Spire (QoL Compilation)","Permanent Neow","Rare Cards Sparkle","Relic Filter Mod","StSLib"],"gold_per_floor":[0,19,38,23,23,198,198,226,226,226,246,146,178,196,210,308,308,208,223,223,8,8,8,8],"floor_reached":22,"language":"ENG","playtime":918,"items_purged":[],"score":297,"play_id":"170aa943-13b2-43b3-8322-ff360f33a165","local_time":"20210222224104","is_ascension_mode":true,"campfire_choices":[{"data":"Apotheosis","floor":1.0,"key":"SMITH"},{"floor":10.0,"key":"RECALL"},{"data":"hexamod:FlamesFromBeyond","floor":12.0,"key":"SMITH"},{"data":"hexamod:Float","floor":18.0,"key":"SMITH"}],"circlet_count":0,"master_deck":["AscendersBane","hexamod:Strike+1","hexamod:Strike","hexamod:Strike+1","hexamod:Strike+1","hexamod:Defend+1","hexamod:Defend+1","hexamod:Defend","hexamod:Defend+1","hexamod:Sear+1","hexamod:Float+1","Apotheosis+1","hexamod:ShieldOfDarkness+1","hexamod:ApocalypticArmor+1","hexamod:GhostflameBarrier+1","Doubt","hexamod:FlamesFromBeyond+1","hexamod:SixthSeal","hexamod:Hexaguard+1","hexamod:ShieldOfDarkness+1","hexamod:SixthSeal","hexamod:FourthSeal","hexamod:PhantomCloak","hexamod:ThermalTransfer"],"relics":["hexamod:UnbrokenSoul","Meat on the Bone","Slimebound:PreparedRelic","Spirit Poop","downfall:HeartBlessingRed","Lizard Tail","downfall:HeartBlessingGreen","Membership Card"],"acts_visited":["TheCity"],"potions_floor_usage":[19,21,21,21],"damage_taken":[{"damage":0.0,"enemies":"Cultist","floor":2.0,"turns":3.0},{"damage":0.0,"enemies":"Small Slimes","floor":3.0,"turns":4.0},{"damage":0.0,"enemies":"downfall:FleeingMerchant","floor":4.0,"turns":4.0},{"damage":47.0,"enemies":"Gremlin Nob","floor":8.0,"turns":6.0},{"damage":0.0,"enemies":"2 Louse","floor":11.0,"turns":3.0},{"damage":7.0,"enemies":"Lagavulin","floor":13.0,"turns":7.0},{"damage":3.0,"enemies":"Exordium Thugs","floor":14.0,"turns":7.0},{"damage":0.0,"enemies":"2 Fungi Beasts","floor":15.0,"turns":5.0},{"damage":41.0,"enemies":"IC_STATUS_ARCHETYPE","floor":16.0,"turns":14.0},{"damage":21,"enemies":"Shell Parasite","floor":19,"turns":6},{"damage":15,"enemies":"downfall:FleeingMerchant","floor":21,"turns":4},{"damage":0,"enemies":"Spheric Guardian","floor":22,"turns":2}],"seed_played":"-402503842187812126","potions_obtained":[{"floor":8.0,"key":"Ancient Potion"},{"floor":11.0,"key":"hexamod:DoubleChargePotion"},{"floor":13.0,"key":"EssenceOfSteel"},{"floor":16.0,"key":"AttackPotion"},{"floor":20,"key":"hexamod:EctoCoolerPotion"},{"floor":20,"key":"FairyPotion"},{"floor":20,"key":"EntropicBrew"},{"floor":21,"key":"hexamod:InfernoChargePotion"}],"is_trial":false,"path_per_floor":["R","M","M","$","?","?","T","E","?","R","M","R","E","M","M","B",null,"R","M","?","$","M"],"character_chosen":"THE_SPIRIT","items_purchased":["Membership Card","hexamod:PhantomCloak","hexamod:ThermalTransfer"],"campfire_rested":0,"item_purchase_floors":[21,21,21],"current_hp_per_floor":[63,63,63,63,63,63,63,28,28,28,40,40,45,42,42,13,56,56,47,47,44,44,44,44],"gold":8,"neow_bonus":"RANDOM_COLORLESS_2","is_daily":false,"chose_seed":false,"campfire_upgraded":3,"win_rate":0.0,"timestamp":1614030064,"path_taken":["R","M","M","$","?","?","T","E","?","R","M","R","E","?","M","BOSS","R","M","?","?","M"],"items_purchased_type":["Relic","Card","Card"],"build_version":"2020-12-22","purchased_purges":0,"victory":false,"max_hp_per_floor":[70,70,70,70,70,70,70,70,70,70,70,70,70,70,70,70,70,70,70,70,70,70,70,70],"card_choices":[{"not_picked":["Secret Technique","Metamorphosis"],"picked":"Apotheosis","floor":0.0},{"not_picked":["hexamod:BurningTouch","hexamod:NightmareStrike"],"picked":"hexamod:ShieldOfDarkness","floor":2.0},{"not_picked":["hexamod:SpectersWail","hexamod:RecurringNightmare"],"picked":"hexamod:ApocalypticArmor","floor":3.0},{"not_picked":["hexamod:Firestarter","hexamod:HauntingEcho"],"picked":"hexamod:GhostflameBarrier","floor":4.0},{"not_picked":["hexamod:NightmareStrike","hexamod:DynamicBlow"],"picked":"hexamod:FlamesFromBeyond","floor":8.0},{"not_picked":["hexamod:Again","hexamod:AdvancingGuard","hexamod:BurningTouch"],"picked":"SKIP","floor":11.0},{"not_picked":["hexamod:SpectersWail","hexamod:GhostLash"],"picked":"hexamod:SixthSeal","floor":13.0},{"not_picked":["hexamod:GhostShield","hexamod:BurningTouch"],"picked":"hexamod:Hexaguard","floor":14.0},{"not_picked":["hexamod:AdvancingGuard","hexamod:StepThrough"],"picked":"hexamod:ShieldOfDarkness","floor":15.0},{"not_picked":["hexamod:UnleashSpirits","hexamod:Toasty"],"picked":"hexamod:SixthSeal","floor":16.0},{"not_picked":["hexamod:ChargedBarrage+1","hexamod:ShieldOfDarkness"],"picked":"hexamod:FourthSeal","floor":19},{"not_picked":["hexamod:Firestarter","hexamod:FastForward","hexamod:AdvancingGuard+1"],"picked":"SKIP","floor":21}],"player_experience":67068,"relics_obtained":[{"floor":7.0,"key":"Meat on the Bone"},{"floor":8.0,"key":"Slimebound:PreparedRelic"},{"floor":13.0,"key":"Lizard Tail"}],"event_choices":[{"cards_removed":["downfall:Malfunctioning"],"damage_healed":0.0,"max_hp_gain":0.0,"max_hp_loss":0.0,"gold_gain":0.0,"event_name":"Bonfire Elementals","player_choice":"Offered Curse","floor":9.0,"gold_loss":0.0,"damage_taken":0.0,"relics_obtained":["Spirit Poop"]},{"damage_healed":0,"gold_gain":0,"player_choice":"Got Potions","damage_taken":0,"max_hp_gain":0,"max_hp_loss":0,"event_name":"Lab","floor":20,"gold_loss":0}],"is_beta":false,"boss_relics":[{"not_picked":["Snecko Eye","Runic Pyramid"],"picked":"hexamod:UnbrokenSoul"}],"items_purged_floors":[],"is_endless":false,"potions_floor_spawned":[8,11,13,15,16],"killed_by":"Spheric Guardian","ascension_level":11}}