{"host":"aapp7ew3jk5k1bvd","time":1614002879,"event":{"mods":["AchievementEnabler","BaseMod","Colored Map","Custom Start","Keyboard Shortcuts","Minty Spire (QoL Compilation)","Permanent Neow","Quick Restart","StSLib","SuperFastMode"],"gold_per_floor":[19,34,34,34,209,209,209,209,209,66,77,94,109,184,184,184,184],"floor_reached":16,"language":"KOR","playtime":505,"items_purged":["Doubt"],"score":140,"play_id":"c0e53b5e-6f28-4d2a-8ff6-33c4ce9bb200","local_time":"20210222230759","is_ascension_mode":true,"campfire_choices":[{"data":"Infinite Blades","floor":6.0,"key":"SMITH"},{"data":"Neutralize","floor":8.0,"key":"SMITH"},{"floor":15,"key":"REST"}],"circlet_count":0,"master_deck":["AscendersBane","Strike_G","Strike_G","Strike_G","Defend_G","Defend_G","Defend_G","Defend_G","Survivor","Neutralize+1","Infinite Blades+1","Slice","Footwork","Blade Dance","Blur"],"relics":["Ring of the Snake","Anchor","FaceOfCleric","Tingsha"],"acts_visited":["Exordium"],"potions_floor_usage":[13,16],"damage_taken":[{"damage":0.0,"enemies":"Small Slimes","floor":1.0,"turns":3.0},{"damage":1.0,"enemies":"Jaw Worm","floor":2.0,"turns":5.0},{"damage":0.0,"enemies":"2 Louse","floor":11.0,"turns":3.0},{"damage":2.0,"enemies":"Large Slime","floor":12.0,"turns":5.0},{"damage":3,"enemies":"Lots of Slimes","floor":13,"turns":5},{"damage":56,"enemies":"Hexaghost","floor":16,"turns":17}],"seed_played":"-5216917945641333554","potions_obtained":[{"floor":2.0,"key":"Energy Potion"},{"floor":11.0,"key":"SneckoOil"}],"is_trial":false,"path_per_floor":["M","M","?","?","?","R","?","R","T","$","M","M","M","?","R","B"],"character_chosen":"THE_SILENT","items_purchased":["Footwork"],"campfire_rested":1,"item_purchase_floors":[10],"current_hp_per_floor":[63,62,62,55,55,55,55,55,55,55,56,55,53,42,63,7,7],"gold":184,"neow_bonus":"REMOVE_TWO","is_daily":false,"chose_seed":false,"campfire_upgraded":2,"win_rate":0.0,"timestamp":1614002879,"path_taken":["M","M","?","?","?","R","?","R","T","$","M","?","M","?","R","BOSS"],"items_purchased_type":["Card"],"build_version":"2020-12-22","purchased_purges":1,"victory":false,"max_hp_per_floor":[70,70,70,70,70,70,70,70,70,70,71,72,73,73,73,73,73],"card_choices":[{"not_picked":["Underhanded Strike","Bane","Acrobatics"],"picked":"SKIP","floor":1.0},{"not_picked":["Backflip","Bouncing Flask"],"picked":"Infinite Blades","floor":2.0},{"not_picked":["Slice","Quick Slash"],"picked":"Blade Dance","floor":11.0},{"not_picked":["Slice","Crippling Poison","All Out Attack"],"picked":"SKIP","floor":12.0},{"not_picked":["Flying Knee","Bullet Time"],"picked":"Blur","floor":13}],"player_experience":1056781,"relics_obtained":[{"floor":9.0,"key":"Tingsha"}],"event_choices":[{"damage_healed":0.0,"max_hp_gain":0.0,"max_hp_loss":0.0,"gold_gain":0.0,"cards_transformed":["Strike_G"],"event_name":"Living Wall","player_choice":"Change","floor":3.0,"gold_loss":0.0,"damage_taken":0.0,"cards_obtained":["Slice"]},{"damage_healed":0.0,"max_hp_gain":0.0,"max_hp_loss":0.0,"gold_gain":0.0,"event_name":"Scrap Ooze","player_choice":"Success","floor":4.0,"gold_loss":0.0,"damage_taken":7.0,"relics_obtained":["Anchor"]},{"damage_healed":0.0,"max_hp_gain":0.0,"max_hp_loss":0.0,"gold_gain":175.0,"event_name":"Liars Game","player_choice":"AGREE","floor":5.0,"gold_loss":0.0,"damage_taken":0.0,"cards_obtained":["Doubt"]},{"damage_healed":0.0,"max_hp_gain":0.0,"max_hp_loss":0.0,"gold_gain":0.0,"event_name":"FaceTrader","player_choice":"Trade","floor":7.0,"gold_loss":0.0,"damage_taken":0.0,"relics_obtained":["FaceOfCleric"]},{"damage_healed":0,"gold_gain":75,"player_choice":"Gather Gold","damage_taken":11,"max_hp_gain":0,"max_hp_loss":0,"event_name":"World of Goop","floor":14,"gold_loss":0}],"is_beta":false,"boss_relics":[],"items_purged_floors":[10],"is_endless":false,"potions_floor_spawned":[2,11],"killed_by":"Hexaghost","ascension_level":11}}