{"host":"nwjx7hbomubpmo86","time":1614015274,"event":{"mods":["AchievementEnabler","BaseMod","Better Note","Downfall","Hubris","Minty Spire (QoL Compilation)","Replay The Spire","StSLib","The Death Knight","slay the spire mod where everything is the same but ironclad has a cowboy hat"],"gold_per_floor":[369,381,400,102,120,120,152,152,152,152,185,185,208,223,223,347,347,370,390,232,232,232,232,232],"floor_reached":23,"language":"ENG","playtime":771,"items_purged":["Normality"],"score":211,"play_id":"a0f6ce66-b1f1-4cfc-9b2c-3ba028e95cb1","local_time":"20210222183434","is_ascension_mode":true,"campfire_choices":[{"data":"Devotion","floor":6.0,"key":"SMITH"},{"floor":10.0,"key":"REST"}],"circlet_count":0,"master_deck":["Strike_P","Strike_P","Strike_P","Strike_P","Defend_P","Defend_P","Defend_P","Defend_P","Eruption","Vigilance","FollowUp","ClearTheMind","FollowUp","Devotion+1","FlurryOfBlows","Nirvana","Replay:AtTheReady+1","Prostrate+1","Nirvana","DeusExMachina","ClearTheMind","Consecrate","PathToVictory","Establishment","Prostrate","FlurryOfBlows","Consecrate+1","MentalFortress"],"relics":["PureWater","Happy Flower","Replay:Bottled Snecko","Golden Idol","The Courier","Bag of Marbles","hubris:RunicObelisk","Orrery","hubris:Icosahedron"],"acts_visited":["Exordium","TheCity"],"potions_floor_usage":[14,16,19,23],"damage_taken":[{"damage":0.0,"enemies":"Cultist","floor":1.0,"turns":3.0},{"damage":1.0,"enemies":"Jaw Worm","floor":2.0,"turns":5.0},{"damage":0.0,"enemies":"Small Slimes","floor":3.0,"turns":2.0},{"damage":4.0,"enemies":"Exordium Wildlife","floor":5.0,"turns":3.0},{"damage":32.0,"enemies":"Lagavulin","floor":7.0,"turns":7.0},{"damage":10.0,"enemies":"Replay:BlueRogue","floor":11.0,"turns":4.0},{"damage":0.0,"enemies":"2 Fungi Beasts","floor":13.0,"turns":2.0},{"damage":0,"enemies":"Looter","floor":14,"turns":2},{"damage":56,"enemies":"Fading Forest","floor":16,"turns":11},{"damage":24,"enemies":"Spheric Guardian","floor":18,"turns":5},{"damage":0,"enemies":"2 Thieves","floor":19,"turns":2},{"damage":50,"enemies":"Slavers","floor":23,"turns":3}],"seed_played":"598637021596674872","potions_obtained":[{"floor":1.0,"key":"SpeedPotion"},{"floor":5.0,"key":"Energy Potion"},{"floor":7.0,"key":"LiquidMemories"},{"floor":16,"key":"Slimebound:ThreeZeroPotion"},{"floor":18,"key":"DeathKnight:RimePotion"}],"is_trial":false,"path_per_floor":["M","M","M","$","M","R","E","?","T","R","E","?","M","M","R","B",null,"M","M","$","?","?","E"],"character_chosen":"WATCHER","items_purchased":["Devotion","Happy Flower","PathToVictory","Orrery"],"campfire_rested":1,"item_purchase_floors":[4,4,20,20],"current_hp_per_floor":[72,71,71,71,67,67,35,35,35,55,45,45,45,45,65,18,67,43,43,43,43,43,0,0],"gold":232,"neow_bonus":"TWO_FIFTY_GOLD","is_daily":false,"chose_seed":false,"campfire_upgraded":1,"win_rate":0.0,"timestamp":1614015274,"path_taken":["M","M","M","$","?","R","E","?","T","R","E","?","M","M","R","BOSS","M","M","$","?","?","E"],"items_purchased_type":["Card","Relic","Card","Relic"],"build_version":"2020-12-22","purchased_purges":1,"victory":false,"max_hp_per_floor":[72,72,72,72,72,72,72,67,67,67,67,67,67,67,67,67,67,67,67,67,67,67,67,67],"card_choices":[{"not_picked":["ThirdEye","EmptyBody"],"picked":"FollowUp","floor":1.0},{"not_picked":["Replay:Vibes","Meditate"],"picked":"ClearTheMind","floor":2.0},{"not_picked":["Worship","CutThroughFate"],"picked":"FollowUp","floor":3.0},{"not_picked":["FollowUp","Pray"],"picked":"FlurryOfBlows","floor":5.0},{"not_picked":["SashWhip","ThirdEye"],"picked":"Nirvana","floor":7.0},{"not_picked":["Evaluate","MasterReality"],"picked":"Replay:AtTheReady","floor":11.0},{"not_picked":["Crescendo","JustLucky"],"picked":"Prostrate","floor":13.0},{"not_picked":["WheelKick","Worship"],"picked":"Nirvana","floor":14},{"not_picked":["Omniscience","ConjureBlade"],"picked":"DeusExMachina","floor":16},{"not_picked":["BowlingBash+1","Evaluate"],"picked":"ClearTheMind","floor":18},{"not_picked":["WaveOfTheHand+1","Wallop"],"picked":"Consecrate","floor":19},{"not_picked":["Replay:ManipulateFuture+1","EmptyBody+1"],"picked":"Establishment","floor":20},{"not_picked":["SashWhip","FlyingSleeves"],"picked":"Prostrate","floor":20},{"not_picked":["Meditate","Crescendo"],"picked":"FlurryOfBlows","floor":20},{"not_picked":["FollowUp","Wallop"],"picked":"Consecrate+1","floor":20},{"not_picked":["Pray+1","Wallop"],"picked":"MentalFortress","floor":20}],"player_experience":576761,"relics_obtained":[{"floor":7.0,"key":"Replay:Bottled Snecko"},{"floor":9.0,"key":"The Courier"},{"floor":11.0,"key":"Bag of Marbles"}],"event_choices":[{"damage_healed":0.0,"max_hp_gain":0.0,"max_hp_loss":5.0,"gold_gain":0.0,"event_name":"Golden Idol","player_choice":"Lose Max HP","floor":8.0,"gold_loss":0.0,"damage_taken":0.0,"relics_obtained":["Golden Idol"]},{"damage_healed":0.0,"max_hp_gain":0.0,"max_hp_loss":0.0,"gold_gain":0.0,"event_name":"Living Wall","player_choice":"Grow","floor":12.0,"gold_loss":0.0,"damage_taken":0.0,"cards_upgraded":["Replay:AtTheReady"]},{"damage_healed":0,"gold_gain":0,"player_choice":"Ignored","damage_taken":0,"max_hp_gain":0,"max_hp_loss":0,"event_name":"betterNote:BetterNote","floor":21,"gold_loss":0,"cards_obtained":["Strike_G"]}],"is_beta":false,"boss_relics":[{"not_picked":["VioletLotus","Calling Bell"],"picked":"hubris:RunicObelisk"}],"items_purged_floors":[4],"is_endless":false,"potions_floor_spawned":[1,5,7,16,18],"killed_by":"Slavers","ascension_level":1}}