{"host":"ilxricga2547gmyy","time":1614010057,"event":{"mods":["AchievementEnabler","BaseMod","Bestiary","Minty Spire (QoL Compilation)","StSLib"],"gold_per_floor":[111,111,66,66,66,98,118,148,148,164,164,192,210,238,238,333,333,318,335,345,355,372,397,397,422,470,470,470,501,513,553,565,680,692,717,729,754,396,396,406,406,439,516,526,526,558,569,580,580,580,580,580,23,55,55],"floor_reached":56,"language":"ENG","playtime":2498,"items_purged":["Cleave","Carnage"],"score":1948,"play_id":"0fd4cabc-321a-4a3d-8020-1bb4eabe89ee","local_time":"20210222170737","is_ascension_mode":true,"campfire_choices":[{"data":"Spot Weakness","floor":11.0,"key":"SMITH"},{"data":"Inflame","floor":15.0,"key":"SMITH"},{"data":"Pummel","floor":24.0,"key":"SMITH"},{"floor":28.0,"key":"REST"},{"data":"Bite","floor":32.0,"key":"SMITH"},{"data":"Corruption","floor":41,"key":"SMITH"},{"data":"Feel No Pain","floor":45,"key":"SMITH"},{"floor":49,"key":"RECALL"},{"data":"Mayhem","floor":52,"key":"SMITH"}],"circlet_count":0,"master_deck":["AscendersBane","Defend_R+1","Defend_R+1","Defend_R+1","Clothesline+1","Shrug It Off","Pommel Strike","Spot Weakness+1","Impervious","Shrug It Off","Inflame+1","Cleave","Reaper","Pummel+1","Pummel+1","Corruption+1","Bite","Bite","Bite","Bite","Bite+1","Headbutt+1","Juggernaut+1","Feel No Pain+1","Havoc","Sentinel+1","Mayhem+1","Feel No Pain+1","Shrug It Off+1","Disarm+1","Inflame+1","Hemokinesis","Shockwave+1","Impervious+1","Inflame","Shockwave"],"relics":["Burning Blood","NeowsBlessing","TungstenRod","Incense Burner","Art of War","Self Forming Clay","Oddly Smooth Stone","Anchor","Busted Crown","Mercury Hourglass","Smiling Mask","Tiny Chest","MawBank","Vajra","Astrolabe","Pear","Centennial Puzzle","HornCleat","InkBottle","War Paint","Blood Vial","Bottled Tornado"],"acts_visited":["Exordium","TheCity","TheBeyond","TheEnding"],"potions_floor_usage":[48,55,55],"damage_taken":[{"damage":0.0,"enemies":"Jaw Worm","floor":1.0,"turns":1.0},{"damage":0.0,"enemies":"Gremlin Nob","floor":6.0,"turns":1.0},{"damage":0.0,"enemies":"2 Louse","floor":7.0,"turns":1.0},{"damage":30.0,"enemies":"3 Sentries","floor":8.0,"turns":9.0},{"damage":3.0,"enemies":"Small Slimes","floor":10.0,"turns":3.0},{"damage":12.0,"enemies":"Gremlin Nob","floor":12.0,"turns":4.0},{"damage":9.0,"enemies":"Gremlin Gang","floor":13.0,"turns":6.0},{"damage":0.0,"enemies":"3 Sentries","floor":14.0,"turns":6.0},{"damage":41.0,"enemies":"The Guardian","floor":16.0,"turns":12.0},{"damage":11.0,"enemies":"2 Thieves","floor":18.0,"turns":4.0},{"damage":26.0,"enemies":"Chosen","floor":19.0,"turns":9.0},{"damage":21.0,"enemies":"Centurion and Healer","floor":20.0,"turns":7.0},{"damage":10.0,"enemies":"Snake Plant","floor":21.0,"turns":5.0},{"damage":1.0,"enemies":"Sentry and Sphere","floor":22.0,"turns":3.0},{"damage":24.0,"enemies":"Gremlin Leader","floor":23.0,"turns":7.0},{"damage":25.0,"enemies":"Slavers","floor":25.0,"turns":7.0},{"damage":27.0,"enemies":"Gremlin Leader","floor":29.0,"turns":8.0},{"damage":18.0,"enemies":"Book of Stabbing","floor":31.0,"turns":4.0},{"damage":85.0,"enemies":"Collector","floor":33.0,"turns":9.0},{"damage":0,"enemies":"3 Shapes","floor":35,"turns":4},{"damage":0,"enemies":"3 Darklings","floor":37,"turns":3},{"damage":29,"enemies":"Maw","floor":40,"turns":7},{"damage":0,"enemies":"Nemesis","floor":42,"turns":7},{"damage":6,"enemies":"Transient","floor":44,"turns":5},{"damage":40,"enemies":"Reptomancer","floor":46,"turns":7},{"damage":9,"enemies":"Sphere and 2 Shapes","floor":47,"turns":4},{"damage":4,"enemies":"Writhing Mass","floor":48,"turns":6},{"damage":5,"enemies":"Awakened One","floor":50,"turns":8},{"damage":49,"enemies":"Shield and Spear","floor":54,"turns":8},{"damage":58,"enemies":"The Heart","floor":55,"turns":8}],"seed_played":"-4870855065421527172","potions_obtained":[{"floor":6.0,"key":"Fire Potion"},{"floor":7.0,"key":"Regen Potion"},{"floor":8.0,"key":"CultistPotion"},{"floor":12.0,"key":"ElixirPotion"},{"floor":13.0,"key":"Strength Potion"},{"floor":16.0,"key":"SteroidPotion"},{"floor":21.0,"key":"Block Potion"},{"floor":25.0,"key":"Weak Potion"},{"floor":37,"key":"PowerPotion"},{"floor":42,"key":"GamblersBrew"},{"floor":46,"key":"ColorlessPotion"},{"floor":47,"key":"Fruit Juice"},{"floor":48,"key":"DuplicationPotion"},{"floor":54,"key":"LiquidBronze"}],"is_trial":false,"path_per_floor":["M","?","$","?","?","E","M","E","T","M","R","E","M","E","R","B",null,"M","M","M","M","M","E","R","E","T","?","R","E","?","E","R","B",null,"M","?","M","$","T","M","R","E","T","M","R","E","M","M","R","B",null,"R","$","E","B",null],"character_chosen":"IRONCLAD","items_purchased":["Shrug It Off","Mayhem","Feel No Pain","Shrug It Off","Impervious","Inflame","War Paint","Blood Vial"],"campfire_rested":1,"item_purchase_floors":[3,38,38,38,53,53,53,53],"current_hp_per_floor":[78,62,62,59,59,65,71,47,47,50,50,53,50,56,56,21,65,60,40,49,53,58,61,61,42,42,42,66,67,56,48,48,13,45,56,66,66,66,66,57,57,66,66,66,66,56,63,71,71,71,71,71,71,64,44],"gold":55,"neow_bonus":"THREE_ENEMY_KILL","is_daily":false,"chose_seed":false,"campfire_upgraded":7,"win_rate":0.0,"timestamp":1614010057,"path_taken":["M","?","$","?","?","E","M","E","T","?","R","E","M","E","R","BOSS","M","M","M","M","?","E","R","E","T","?","R","E","?","E","R","BOSS","M","?","M","$","?","?","R","E","T","M","R","E","M","M","R","BOSS","R","$","E","BOSS"],"items_purchased_type":["Card","Card","Card","Card","Card","Card","Relic","Relic"],"build_version":"2020-12-22","purchased_purges":2,"victory":true,"max_hp_per_floor":[80,80,80,80,80,80,80,80,80,80,80,80,80,80,80,80,80,80,80,80,80,80,80,80,80,80,80,80,80,56,56,56,56,56,56,66,66,66,66,66,66,66,66,66,66,66,66,71,71,71,71,71,71,71,71],"card_choices":[{"not_picked":["Wild Strike","Twin Strike"],"picked":"Clothesline","floor":1.0},{"not_picked":["Sentinel","Thunderclap"],"picked":"Pommel Strike","floor":6.0},{"not_picked":["Ghostly Armor","Iron Wave"],"picked":"Spot Weakness","floor":7.0},{"not_picked":["Combust","Shrug It Off"],"picked":"Impervious","floor":8.0},{"not_picked":["True Grit","Rampage"],"picked":"Shrug It Off","floor":10.0},{"not_picked":["Wild Strike","Whirlwind"],"picked":"Inflame","floor":12.0},{"not_picked":["Fire Breathing","Perfected Strike"],"picked":"Cleave","floor":13.0},{"not_picked":["Body Slam","Clothesline","Havoc"],"picked":"SKIP","floor":14.0},{"not_picked":["Juggernaut","Exhume"],"picked":"Reaper","floor":16.0},{"not_picked":["Rupture"],"picked":"SKIP","floor":18.0},{"not_picked":["Rupture"],"picked":"SKIP","floor":18.0},{"not_picked":[],"picked":"Cleave","floor":19.0},{"not_picked":[],"picked":"Evolve","floor":20.0},{"not_picked":[],"picked":"Pummel+1","floor":21.0},{"not_picked":["Armaments"],"picked":"SKIP","floor":22.0},{"not_picked":[],"picked":"Pummel","floor":23.0},{"not_picked":[],"picked":"Corruption","floor":25.0},{"not_picked":["Carnage"],"picked":"SKIP","floor":29.0},{"not_picked":["Warcry"],"picked":"SKIP","floor":31.0},{"not_picked":[],"picked":"Havoc","floor":35},{"not_picked":[],"picked":"Sentinel+1","floor":37},{"not_picked":[],"picked":"Disarm+1","floor":40},{"not_picked":[],"picked":"Carnage","floor":42},{"not_picked":["Armaments"],"picked":"SKIP","floor":44},{"not_picked":[],"picked":"Inflame+1","floor":46},{"not_picked":[],"picked":"Hemokinesis","floor":47},{"not_picked":[],"picked":"Shockwave+1","floor":48},{"not_picked":[],"picked":"Shockwave","floor":54}],"player_experience":294765,"relics_obtained":[{"floor":6.0,"key":"Incense Burner"},{"floor":8.0,"key":"Art of War"},{"floor":9.0,"key":"Self Forming Clay"},{"floor":12.0,"key":"Oddly Smooth Stone"},{"floor":14.0,"key":"Anchor"},{"floor":23.0,"key":"Mercury Hourglass"},{"floor":25.0,"key":"Smiling Mask"},{"floor":26.0,"key":"Tiny Chest"},{"floor":29.0,"key":"MawBank"},{"floor":31.0,"key":"Vajra"},{"floor":42,"key":"Centennial Puzzle"},{"floor":43,"key":"HornCleat"},{"floor":46,"key":"InkBottle"},{"floor":54,"key":"Bottled Tornado"}],"event_choices":[{"damage_healed":0.0,"max_hp_gain":0.0,"max_hp_loss":0.0,"gold_gain":0.0,"event_name":"Shining Light","player_choice":"Entered Light","floor":2.0,"gold_loss":0.0,"damage_taken":16.0,"cards_upgraded":["Strike_R","Defend_R"]},{"damage_healed":0.0,"max_hp_gain":0.0,"max_hp_loss":0.0,"gold_gain":0.0,"event_name":"Scrap Ooze","player_choice":"Success","floor":4.0,"gold_loss":0.0,"damage_taken":3.0,"relics_obtained":["TungstenRod"]},{"damage_healed":0.0,"max_hp_gain":0.0,"max_hp_loss":0.0,"gold_gain":0.0,"event_name":"Upgrade Shrine","player_choice":"Upgraded","floor":5.0,"gold_loss":0.0,"damage_taken":0.0,"cards_upgraded":["Clothesline"]},{"damage_healed":0.0,"max_hp_gain":0.0,"max_hp_loss":0.0,"gold_gain":0.0,"event_name":"Back to Basics","player_choice":"Simplicity","floor":27.0,"gold_loss":0.0,"damage_taken":0.0,"cards_upgraded":["Strike_R","Strike_R","Strike_R","Strike_R","Defend_R","Defend_R","Defend_R"]},{"damage_healed":0.0,"max_hp_gain":0.0,"max_hp_loss":24.0,"gold_gain":0.0,"event_name":"Vampires","player_choice":"Became a vampire","floor":30.0,"gold_loss":0.0,"damage_taken":0.0,"cards_obtained":["Bite","Bite","Bite","Bite","Bite"]},{"damage_healed":0,"gold_gain":0,"player_choice":"Gave Potion","damage_taken":0,"relics_obtained":["Pear"],"max_hp_gain":0,"max_hp_loss":0,"event_name":"WeMeetAgain","floor":36,"gold_loss":0}],"is_beta":false,"boss_relics":[{"not_picked":["Tiny House","Sozu"],"picked":"Busted Crown"},{"not_picked":["Black Blood","Calling Bell"],"picked":"Astrolabe"}],"items_purged_floors":[38,53],"is_endless":false,"potions_floor_spawned":[6,7,8,12,13,16,18,21,25,37,42,46,47,48,54],"ascension_level":10}}