{"host":"ocllwaoi18j60ltd","time":1614019249,"event":{"mods":["BaseMod","DeckTracker","Minty Spire (QoL Compilation)","Permanent Neow","Quick Restart","StSLib","SuperFastMode"],"gold_per_floor":[112,127,144,19,94,94,420,440,440,261,286,116,116,129,129,200,200,156,156,176,186,205,205,205,205],"floor_reached":24,"language":"KOR","playtime":650,"items_purged":["Strike_B","Strike_B","Strike_B"],"score":416,"play_id":"2d7397c6-69a6-4e5e-a4cb-15a590b6f335","local_time":"20210223034049","is_ascension_mode":true,"campfire_choices":[{"data":"Dualcast","floor":6.0,"key":"SMITH"},{"floor":15,"key":"REST"},{"floor":23,"key":"REST"}],"circlet_count":0,"master_deck":["AscendersBane","Strike_B","Defend_B","Defend_B","Defend_B","Defend_B","Zap","Dualcast+1","Glacier","Ball Lightning","Ball Lightning","Cold Snap","Barrage","Defragment","Creative AI","Defragment","Blizzard","Coolheaded","Seek","Turbo","Core Surge","Consume"],"relics":["Cracked Core","NeowsBlessing","Old Coin","Prayer Wheel","Girya","Bag of Marbles","SlaversCollar","HornCleat"],"acts_visited":["Exordium","TheCity"],"potions_floor_usage":[14,16,21,22],"damage_taken":[{"damage":0.0,"enemies":"Cultist","floor":1.0,"turns":1.0},{"damage":0.0,"enemies":"Jaw Worm","floor":2.0,"turns":1.0},{"damage":0.0,"enemies":"2 Louse","floor":3.0,"turns":1.0},{"damage":19.0,"enemies":"Gremlin Nob","floor":7.0,"turns":4.0},{"damage":5.0,"enemies":"Blue Slaver","floor":8.0,"turns":3.0},{"damage":12.0,"enemies":"Lagavulin","floor":11.0,"turns":5.0},{"damage":2,"enemies":"Lots of Slimes","floor":14,"turns":4},{"damage":18,"enemies":"Hexaghost","floor":16,"turns":9},{"damage":14,"enemies":"2 Thieves","floor":18,"turns":5},{"damage":4,"enemies":"Spheric Guardian","floor":20,"turns":6},{"damage":15,"enemies":"Shelled Parasite and Fungi","floor":21,"turns":8},{"damage":10,"enemies":"Snake Plant","floor":22,"turns":6},{"damage":41,"enemies":"Slavers","floor":24,"turns":4}],"seed_played":"-5844234668750417684","potions_obtained":[{"floor":1.0,"key":"SneckoOil"},{"floor":3.0,"key":"EntropicBrew"},{"floor":14,"key":"SteroidPotion"},{"floor":18,"key":"SpeedPotion"},{"floor":21,"key":"Energy Potion"}],"is_trial":false,"path_per_floor":["M","M","M","$","?","R","E","M","T","$","E","$","?","M","R","B",null,"M","?","M","M","M","R","E"],"character_chosen":"DEFECT","items_purchased":["Cold Snap","Defragment","Defragment"],"campfire_rested":2,"item_purchase_floors":[4,10,12],"current_hp_per_floor":[64,64,64,64,53,53,34,29,29,29,17,17,12,10,31,13,57,43,43,39,24,14,35,0,0],"gold":205,"neow_bonus":"THREE_ENEMY_KILL","is_daily":false,"chose_seed":false,"campfire_upgraded":1,"win_rate":0.0,"timestamp":1614019249,"path_taken":["M","?","M","$","?","R","E","M","T","$","E","$","?","M","R","BOSS","M","?","M","?","M","R","E"],"items_purchased_type":["Card","Card","Card"],"build_version":"2020-12-22","purchased_purges":3,"victory":false,"max_hp_per_floor":[71,71,71,71,71,71,71,71,71,71,71,71,71,71,71,71,71,71,71,71,71,71,71,71,71],"card_choices":[{"not_picked":["Skim","Tempest"],"picked":"Glacier","floor":1.0},{"not_picked":["Steam","Steam Power"],"picked":"Ball Lightning","floor":2.0},{"not_picked":["Hologram","Reinforced Body"],"picked":"Ball Lightning","floor":3.0},{"not_picked":["White Noise","Hologram","Gash"],"picked":"SKIP","floor":7.0},{"not_picked":["Go for the Eyes","Leap"],"picked":"Barrage","floor":8.0},{"not_picked":["Genetic Algorithm","Melter"],"picked":"Creative AI","floor":11.0},{"not_picked":["Go for the Eyes","Leap"],"picked":"Blizzard","floor":14},{"not_picked":["Stack","Auto Shields"],"picked":"Coolheaded","floor":14},{"not_picked":["Amplify","Thunder Strike"],"picked":"Seek","floor":16},{"not_picked":["Coolheaded","Fusion"],"picked":"Turbo","floor":18},{"not_picked":["Gash","Leap","Static Discharge"],"picked":"SKIP","floor":18},{"not_picked":["Steam+1","Scrape","Beam Cell"],"picked":"SKIP","floor":20},{"not_picked":["Ball Lightning+1","Cold Snap","Storm"],"picked":"SKIP","floor":20},{"not_picked":["Redo","Cold Snap"],"picked":"Core Surge","floor":21},{"not_picked":["Ball Lightning","Beam Cell","Force Field"],"picked":"SKIP","floor":21},{"not_picked":["Self Repair","Stack"],"picked":"Consume","floor":22},{"not_picked":["Gash","Cold Snap","Force Field"],"picked":"SKIP","floor":22}],"player_experience":862332,"relics_obtained":[{"floor":7.0,"key":"Old Coin"},{"floor":9.0,"key":"Prayer Wheel"},{"floor":11.0,"key":"Girya"},{"floor":19,"key":"HornCleat"}],"event_choices":[{"damage_healed":0.0,"max_hp_gain":0.0,"max_hp_loss":0.0,"gold_gain":75.0,"event_name":"World of Goop","player_choice":"Gather Gold","floor":5.0,"gold_loss":0.0,"damage_taken":11.0},{"damage_healed":0.0,"max_hp_gain":0.0,"max_hp_loss":0.0,"gold_gain":0.0,"event_name":"Scrap Ooze","player_choice":"Success","floor":13.0,"gold_loss":0.0,"damage_taken":5.0,"relics_obtained":["Bag of Marbles"]},{"damage_healed":0,"gold_gain":0,"player_choice":"Relic","damage_taken":0,"max_hp_gain":0,"max_hp_loss":0,"event_name":"Wheel of Change","floor":19,"gold_loss":0}],"is_beta":false,"boss_relics":[{"not_picked":["Fusion Hammer","Tiny House"],"picked":"SlaversCollar"}],"items_purged_floors":[4,10,12],"is_endless":false,"potions_floor_spawned":[1,3,14,18,21],"killed_by":"Slavers","ascension_level":20}}