{"host":"z37g2hkgkh2zjyzk","time":1614011371,"event":{"mods":["2.2 Compatiblity","AchievementEnabler","BaseMod","Bestiary","Colored Map","Colored Powertips","Curses Come First","Highlight Path","Keyboard Shortcuts","Minty Spire (QoL Compilation)","Relic Stats","StSLib","SuperFastMode"],"gold_per_floor":[365,183,201,218,67,67,86,416,487,487,500,531,543,166,166,268,268,283,283,463,476,34,34,34,47,47,47,79,95,128,139,139,139,139],"floor_reached":33,"language":"ENG","playtime":2632,"items_purged":["Regret","Strike_B","Strike_B"],"score":396,"play_id":"5362e78a-18bf-48a4-994a-38cd0311481a","local_time":"20210222172931","is_ascension_mode":true,"campfire_choices":[{"data":"Sweeping Beam","floor":6.0,"key":"SMITH"},{"data":"Coolheaded","floor":10.0,"key":"SMITH"},{"floor":15.0,"key":"REST"},{"data":"Chill","floor":23,"key":"SMITH"},{"data":"Turbo","floor":32,"key":"SMITH"}],"circlet_count":0,"master_deck":["Strike_B","Strike_B","Defend_B","Defend_B","Defend_B","Defend_B","Zap","Dualcast","Coolheaded+1","Sweeping Beam+1","Conserve Battery","Conserve Battery","Skim","Reinforced Body","Compile Driver","Ball Lightning","Chill+1","Thunder Strike","Turbo+1","Loop","Steam+1","Seek","Injury","All For One","Stack","Glacier","Skim"],"relics":["Cracked Core","Blood Vial","Old Coin","Eternal Feather","Oddly Smooth Stone","Regal Pillow","Cursed Key","Lee\u0027s Waffle","Matryoshka","Pantograph","Boot"],"acts_visited":["Exordium","TheCity"],"potions_floor_usage":[21,28,29,31],"damage_taken":[{"damage":3.0,"enemies":"Cultist","floor":1.0,"turns":3.0},{"damage":5.0,"enemies":"Small Slimes","floor":3.0,"turns":3.0},{"damage":0.0,"enemies":"2 Louse","floor":4.0,"turns":3.0},{"damage":1.0,"enemies":"Blue Slaver","floor":7.0,"turns":3.0},{"damage":19.0,"enemies":"Lagavulin","floor":8.0,"turns":9.0},{"damage":10.0,"enemies":"Gremlin Gang","floor":11.0,"turns":3.0},{"damage":28.0,"enemies":"Gremlin Nob","floor":12.0,"turns":4.0},{"damage":15.0,"enemies":"Exordium Thugs","floor":13.0,"turns":4.0},{"damage":13.0,"enemies":"The Guardian","floor":16.0,"turns":15.0},{"damage":11,"enemies":"Spheric Guardian","floor":18,"turns":4},{"damage":0,"enemies":"3 Byrds","floor":21,"turns":4},{"damage":2,"enemies":"3 Cultists","floor":25,"turns":5},{"damage":15,"enemies":"Book of Stabbing","floor":28,"turns":5},{"damage":4,"enemies":"Centurion and Healer","floor":29,"turns":9},{"damage":38,"enemies":"Slavers","floor":30,"turns":7},{"damage":2,"enemies":"Snake Plant","floor":31,"turns":6},{"damage":94,"enemies":"Champ","floor":33,"turns":18}],"seed_played":"-5109656338536714956","potions_obtained":[{"floor":1.0,"key":"Fire Potion"},{"floor":8.0,"key":"Ancient Potion"},{"floor":13.0,"key":"Explosive Potion"},{"floor":25,"key":"AttackPotion"},{"floor":29,"key":"LiquidMemories"},{"floor":30,"key":"SteroidPotion"}],"is_trial":false,"path_per_floor":["M","$","M","M","$","R","M","E","T","R","M","E","M","$","R","B",null,"M","?","?","M","$","R","?","M","T","?","E","M","E","M","R","B"],"character_chosen":"DEFECT","items_purchased":["Sweeping Beam","Conserve Battery","Blood Vial","Regal Pillow","Block Potion","Chill","Seek","Lee\u0027s Waffle"],"campfire_rested":1,"item_purchase_floors":[2,2,5,14,14,14,22,22],"current_hp_per_floor":[72,72,67,67,67,67,68,51,51,60,52,26,13,13,59,48,68,59,59,40,42,82,82,66,66,66,87,72,70,34,34,49,0,0],"gold":139,"neow_bonus":"TWO_FIFTY_GOLD","is_daily":false,"chose_seed":false,"campfire_upgraded":4,"win_rate":0.0,"timestamp":1614011371,"path_taken":["M","$","M","M","?","R","M","E","T","R","M","E","M","$","R","BOSS","M","?","?","?","$","R","?","M","T","?","E","M","E","M","R","BOSS"],"items_purchased_type":["Card","Card","Relic","Relic","Potion","Card","Card","Relic"],"build_version":"2020-12-22","purchased_purges":3,"victory":false,"max_hp_per_floor":[75,75,75,75,75,75,75,75,75,75,75,75,75,75,75,75,75,75,75,75,75,82,82,87,87,87,87,87,87,87,87,87,87,87],"relic_stats":{"Blood Vial":26,"Regal Pillow":15,"Lee\u0027s Waffle":40,"counters":[17,105],"Pantograph":25,"Eternal Feather":33,"Cursed Key":1,"Boot":[28],"obtain_stats":[{"Blood Vial":5,"Regal Pillow":14,"Lee\u0027s Waffle":22,"Matryoshka":26,"Pantograph":28,"Oddly Smooth Stone":12,"Eternal Feather":9,"Cracked Core":0,"Cursed Key":17,"Boot":30,"Old Coin":8},{"Blood Vial":3,"Regal Pillow":8,"Lee\u0027s Waffle":11,"Matryoshka":12,"Pantograph":13,"Oddly Smooth Stone":7,"Eternal Feather":5,"Cracked Core":0,"Cursed Key":9,"Boot":15,"Old Coin":5},{"Blood Vial":9,"Regal Pillow":32,"Lee\u0027s Waffle":55,"Matryoshka":60,"Pantograph":65,"Oddly Smooth Stone":28,"Eternal Feather":21,"Cracked Core":0,"Cursed Key":47,"Boot":81,"Old Coin":21}]},"card_choices":[{"not_picked":["Turbo","Gash"],"picked":"Coolheaded","floor":1.0},{"not_picked":["Stack","Tempest","Auto Shields"],"picked":"SKIP","floor":3.0},{"not_picked":["Steam","Stack"],"picked":"Conserve Battery","floor":4.0},{"not_picked":["Steam","Rebound","Creative AI"],"picked":"SKIP","floor":7.0},{"not_picked":["Leap","Auto Shields"],"picked":"Skim","floor":8.0},{"not_picked":["Chaos","White Noise"],"picked":"Reinforced Body","floor":11.0},{"not_picked":["Sweeping Beam","Coolheaded"],"picked":"Compile Driver","floor":12.0},{"not_picked":["Lockon","Rip and Tear"],"picked":"Ball Lightning","floor":13.0},{"not_picked":["Seek","Hyperbeam"],"picked":"Thunder Strike","floor":16.0},{"not_picked":["Barrage","Compile Driver"],"picked":"Turbo","floor":18},{"not_picked":["Barrage","Redo"],"picked":"Steam+1","floor":21},{"not_picked":["Static Discharge","Redo","Beam Cell"],"picked":"SKIP","floor":25},{"not_picked":["Barrage","Gash"],"picked":"All For One","floor":28},{"not_picked":["Compile Driver","Streamline"],"picked":"Stack","floor":29},{"not_picked":["Blizzard+1","Streamline"],"picked":"Glacier","floor":30},{"not_picked":["Compile Driver+1","Rebound"],"picked":"Skim","floor":31}],"player_experience":198248,"relics_obtained":[{"floor":8.0,"key":"Old Coin"},{"floor":9.0,"key":"Eternal Feather"},{"floor":12.0,"key":"Oddly Smooth Stone"},{"floor":26,"key":"Matryoshka"},{"floor":28,"key":"Pantograph"},{"floor":30,"key":"Boot"}],"event_choices":[{"damage_healed":0,"gold_gain":0,"player_choice":"Read","damage_taken":0,"max_hp_gain":0,"max_hp_loss":0,"event_name":"The Library","floor":19,"gold_loss":0,"cards_obtained":["Loop"]},{"damage_healed":0,"gold_gain":180,"player_choice":"GOLD GOLD ","damage_taken":19,"max_hp_gain":0,"max_hp_loss":0,"event_name":"Knowing Skull","floor":20,"potions_obtained":[],"gold_loss":0,"cards_obtained":[]},{"damage_healed":0,"gold_gain":0,"player_choice":"Shed Blood","damage_taken":21,"max_hp_gain":5,"max_hp_loss":0,"event_name":"Forgotten Altar","floor":24,"gold_loss":0},{"damage_healed":21,"gold_gain":0,"player_choice":"Full Heal","damage_taken":0,"max_hp_gain":0,"max_hp_loss":0,"event_name":"Wheel of Change","floor":27,"gold_loss":0}],"is_beta":false,"boss_relics":[{"not_picked":["Sozu","Fusion Hammer"],"picked":"Cursed Key"}],"items_purged_floors":[2,14,22],"is_endless":false,"potions_floor_spawned":[1,8,13,25,29,30],"killed_by":"Champ","ascension_level":5}}