{"host":"nwjx7hbomubpmo86","time":1614016430,"event":{"mods":["AchievementEnabler","BaseMod","Better Note","Downfall","Hubris","Minty Spire (QoL Compilation)","Replay The Spire","StSLib","The Death Knight","slay the spire mod where everything is the same but ironclad has a cowboy hat"],"gold_per_floor":[111,125,80,95,109,139,139,172,172,172,172,17,17,44,44,147,147,167,181,181,43,53,53,79,79,79,114,13,32,32,32],"floor_reached":30,"language":"ENG","playtime":1126,"items_purged":["Pain"],"score":300,"play_id":"81ce82f0-5e9a-49bc-84b9-e6d489e74067","local_time":"20210222185350","is_ascension_mode":true,"campfire_choices":[{"data":"DeathKnight:RuneTap","floor":7,"key":"SMITH"},{"data":"DeathKnight:FesteringStrike","floor":11,"key":"SMITH"},{"floor":13,"key":"REST"},{"data":"DeathKnight:Defile","floor":15,"key":"SMITH"},{"data":"DeathKnight:FesteringStrike","floor":23,"key":"SMITH"}],"circlet_count":0,"master_deck":["DeathKnight:Strike_DeathKnight","DeathKnight:Strike_DeathKnight","DeathKnight:Strike_DeathKnight","DeathKnight:Strike_DeathKnight","DeathKnight:Strike_DeathKnight","DeathKnight:Defend_DeathKnight","DeathKnight:Defend_DeathKnight","DeathKnight:Defend_DeathKnight","DeathKnight:Defend_DeathKnight","DeathKnight:Defend_DeathKnight","DeathKnight:RuneTap+1","DeathKnight:RuneStrike+1","DeathKnight:MindFreeze","DeathKnight:DeathAndDecay","DeathKnight:HartStrike","DeathKnight:BladedArmor","DeathKnight:MindFreeze","DeathKnight:PlagueStrike","DeathKnight:FesteringStrike+1","DeathKnight:Defile+1","DeathKnight:FesteringStrike+1","DeathKnight:UnholyExperiment","DeathKnight:HowlingBlast","DeathKnight:Rot","DeathKnight:PlagueStrike+1","DeathKnight:BloodBoil","DeathKnight:IceboundArmor","DeathKnight:FoulBulwark","CommonCold","DeathKnight:IcyTouch","DeathKnight:PlagueStrike"],"relics":["DeathKnight:BrokenRuneblade","DeathKnight:HelmOfDomination","hubris:OldNail","Akabeko","WarpedTongs","Ornamental Fan","Philosopher\u0027s Stone","Darkstone Periapt","Ring of Fangs","Ring of Panic","hubris:TinFlute"],"acts_visited":["Exordium","TheCity"],"potions_floor_usage":[18,19,19,22,24,27,27,27,27,29],"damage_taken":[{"damage":1,"enemies":"Cultist","floor":1,"turns":3},{"damage":6,"enemies":"2 Louse","floor":2,"turns":2},{"damage":1,"enemies":"Jaw Worm","floor":4,"turns":3},{"damage":6,"enemies":"2 Fungi Beasts","floor":5,"turns":3},{"damage":17,"enemies":"Lagavulin","floor":6,"turns":9},{"damage":14,"enemies":"3 Sentries","floor":8,"turns":5},{"damage":10,"enemies":"Lagavulin","floor":14,"turns":6},{"damage":24,"enemies":"Slime Boss","floor":16,"turns":8},{"damage":21,"enemies":"2 Thieves","floor":18,"turns":4},{"damage":10,"enemies":"3 Byrds","floor":19,"turns":4},{"damage":4,"enemies":"Centurion and Healer","floor":22,"turns":2},{"damage":4,"enemies":"Replay:Snechameleon","floor":24,"turns":4},{"damage":35,"enemies":"Slavers","floor":27,"turns":6},{"damage":14,"enemies":"Shelled Parasite and Fungi","floor":29,"turns":4},{"damage":7,"enemies":"Book of Stabbing","floor":30,"turns":1}],"seed_played":"7665406934619378409","potions_obtained":[{"floor":4,"key":"hexamod:SoulburnPotion"},{"floor":6,"key":"LifebloodPotion"},{"floor":16,"key":"BlessingOfTheForge"},{"floor":19,"key":"Flashbang"},{"floor":24,"key":"hexamod:SoulburnPotion"}],"is_trial":false,"path_per_floor":["M","M","$","M","M","E","R","E","T","?","R","$","R","E","R","B",null,"M","M","T","$","M","R","E","?","T","E","$","M","E"],"character_chosen":"DEATH_KNIGHT","items_purchased":["DeathKnight:HartStrike","DeathKnight:Defile","DeathKnight:PlagueStrike+1","DeathKnight:BloodBoil","DeathKnight:IcyTouch","AttackPotion"],"campfire_rested":1,"item_purchase_floors":[3,12,21,21,28,28],"current_hp_per_floor":[74,68,68,67,61,44,44,30,30,30,30,30,52,42,42,18,75,54,44,44,44,40,40,36,42,42,19,19,5,0,0],"gold":32,"neow_bonus":"RANDOM_EVENT","is_daily":false,"chose_seed":false,"campfire_upgraded":4,"win_rate":0.0,"timestamp":1614016430,"path_taken":["M","?","$","M","M","E","R","E","T","?","R","$","R","E","R","BOSS","M","?","?","$","M","R","E","?","T","E","$","M","E"],"items_purchased_type":["Card","Card","Card","Card","Card","Potion"],"build_version":"2020-12-22","purchased_purges":1,"victory":false,"max_hp_per_floor":[75,75,75,75,75,75,75,75,75,75,75,75,75,75,75,75,75,75,75,75,75,75,75,75,81,81,81,81,81,81,81],"card_choices":[{"not_picked":["DeathKnight:DeathGrip","DeathKnight:HornOfWinter"],"picked":"DeathKnight:MindFreeze","floor":1},{"not_picked":["DeathKnight:IcyTouch","DeathKnight:UnholyPresence"],"picked":"DeathKnight:DeathAndDecay","floor":2},{"not_picked":["DeathKnight:HornOfWinter","DeathKnight:DreadStrike"],"picked":"DeathKnight:BladedArmor","floor":4},{"not_picked":["DeathKnight:Marrowrend","DeathKnight:PillarOfFrost"],"picked":"DeathKnight:MindFreeze","floor":5},{"not_picked":["DeathKnight:HowlingBlast","DeathKnight:Ossuary"],"picked":"DeathKnight:PlagueStrike","floor":6},{"not_picked":["DeathKnight:VampiricBlood","DeathKnight:DeathsAdvance"],"picked":"DeathKnight:FesteringStrike","floor":8},{"not_picked":["DeathKnight:IcyTouch","DeathKnight:ChainsOfIce"],"picked":"DeathKnight:FesteringStrike","floor":14},{"not_picked":["DeathKnight:ArmyOfTheDead","DeathKnight:MarkOfBlood"],"picked":"DeathKnight:UnholyExperiment","floor":16},{"not_picked":["DeathKnight:HartStrike+1","DeathKnight:BladedArmor"],"picked":"DeathKnight:HowlingBlast","floor":18},{"not_picked":["DeathKnight:Lichborne","DeathKnight:BoneSpear"],"picked":"DeathKnight:Rot","floor":19},{"not_picked":["DeathKnight:GargoyleSkin","DeathKnight:HornOfWinter"],"picked":"DeathKnight:IceboundArmor","floor":22},{"not_picked":["DeathKnight:DeathRune","DeathKnight:FesteringStrike"],"picked":"DeathKnight:FoulBulwark","floor":24},{"not_picked":["DeathKnight:HartStrike","DeathKnight:ScourgeStrike","DeathKnight:DeathsAdvance"],"picked":"SKIP","floor":27},{"not_picked":["DeathKnight:UnholyPresence","DeathKnight:RuneShock"],"picked":"DeathKnight:PlagueStrike","floor":29}],"player_experience":577532,"relics_obtained":[{"floor":6,"key":"DeathKnight:HelmOfDomination"},{"floor":8,"key":"hubris:OldNail"},{"floor":9,"key":"Akabeko"},{"floor":14,"key":"Ornamental Fan"},{"floor":24,"key":"Darkstone Periapt"},{"floor":25,"key":"Ring of Fangs"},{"floor":25,"key":"Ring of Panic"},{"floor":26,"key":"hubris:TinFlute"}],"event_choices":[{"damage_healed":0,"gold_gain":0,"player_choice":"Grow","damage_taken":0,"max_hp_gain":0,"max_hp_loss":0,"event_name":"Living Wall","floor":0,"gold_loss":0,"cards_upgraded":["DeathKnight:RuneStrike"]},{"damage_healed":0,"gold_gain":0,"player_choice":"Rummage","damage_taken":0,"relics_obtained":["WarpedTongs"],"max_hp_gain":0,"max_hp_loss":0,"event_name":"Accursed Blacksmith","floor":10,"gold_loss":0,"cards_obtained":["Pain"]}],"is_beta":false,"boss_relics":[{"not_picked":["Coffee Dripper","Replay:Wanted Poster"],"picked":"Philosopher\u0027s Stone"}],"items_purged_floors":[12],"is_endless":false,"potions_floor_spawned":[4,6,16,19,24],"killed_by":"Book of Stabbing","ascension_level":1}}