{"host":"wlgkfzos7pl2iqxb","time":1614031620,"event":{"mods":["100% Spire Juice","Act Like it!","BaseMod","Conspire","Defuse TimeMaze Blight","Gensokyo","Good Game Mod","Hubris","Infinite Spire","Koishi","Marisa????????","Minty Spire (QoL Compilation)","Morshu Shopkeeper","Morshu Shopkeeper - ENHANCED","Rare Cards Sparkle","Relic Sorter","Relic Stats","Reliquary","Ruina","Shop Mod","Small Relic Pack","StSLib","Wandering Minibosses","[IsaacMod]????"],"gold_per_floor":[175,307,324,20,20,53,53,53,53,73,91,91,116,135,135,232,232,252,252,252,68,68,68,79,110,241,258,225,225,225,236,236,337,337,402,412,114,114,114,114,114,144,169,202,217,235,249,575,625,675],"floor_reached":51,"language":"ENG","playtime":3149,"items_purged":["Koishi:BasicStrike","Koishi:BasicStrike","Koishi:BasicDefend","Koishi:HauntingSlash"],"score":1195,"play_id":"3a8e71d7-64fd-4699-9e4c-15c2da3ad922","local_time":"20210222230700","is_ascension_mode":true,"campfire_choices":[{"data":"Koishi:PhantomBarrier","floor":7.0,"key":"SMITH"},{"floor":15.0,"key":"REST"},{"data":"Koishi:Untouchable","floor":23.0,"key":"SMITH"},{"data":"Koishi:ConfinedInnocent","floor":29.0,"key":"SMITH"},{"data":"Gensokyo:CrescentMoonSlash","floor":32.0,"key":"SMITH"},{"data":"Koishi:Heartbroken","floor":40.0,"key":"SMITH"},{"data":"Koishi:PhantomStrike","floor":49,"key":"SMITH"}],"circlet_count":0,"master_deck":["AscendersBane","Koishi:BasicStrike","Koishi:BasicStrike","Koishi:BasicDefend","Koishi:BasicDefend+1","Koishi:BasicDefend","Koishi:Provoke","Koishi:PhantomBarrier+1","Koishi:UnansweredLove","Koishi:SpiritedAway","Koishi:FleetingPhantom","Koishi:VengefulSpirit","Koishi:SpiritedAway","Gensokyo:CrescentMoonSlash+1","Koishi:ConfinedInnocent+1","Koishi:GrowingPain","Koishi:SilentAndRestless","Koishi:Untouchable+1","Koishi:GhostParty+1","Koishi:PhantomStrike+1","Koishi:ApparitionsStalkTheNight","Koishi:Heartbroken+1","Koishi:SpiritedAway","Koishi:Untouchable","Koishi:SpiritedAway"],"relics":["Koishi:ImaginaryFriend","hubris:Icosahedron","REME:ComplimentaryCards","HushsDoor","NeowsBlessing","hubris:MobiusCoin","MerchantsRug","BloodBag","Gensokyo:OccultBall","infinitespire:ShieldingShard","Gremlin Horn","reliquary:RedCape","hubris:Towel","Kunai","Mercury Hourglass","reliquary:RedPaperclip","relicPack:KazumaCape","reliquary:Buckler","hubris:Zylophone","Toy Ornithopter","Art of War","Old Coin"],"acts_visited":["Gensokyo:Gensokyo","ruina:Briah","TheBeyond"],"potions_floor_usage":[],"damage_taken":[{"damage":0.0,"enemies":"Gensokyo:3_Fairies","floor":1.0,"turns":2.0},{"damage":0.0,"enemies":"Gensokyo:Python","floor":3.0,"turns":1.0},{"damage":0.0,"enemies":"Gensokyo:Mamizou","floor":6.0,"turns":3.0},{"damage":14.0,"enemies":"Gensokyo:2_Kodama","floor":10.0,"turns":4.0},{"damage":0.0,"enemies":"Gensokyo:2_Rabbits","floor":11.0,"turns":2.0},{"damage":13.0,"enemies":"Gensokyo:Aya","floor":13.0,"turns":7.0},{"damage":1.0,"enemies":"Gensokyo:LivingMonolith","floor":14.0,"turns":3.0},{"damage":12.0,"enemies":"Gensokyo:Kokoro","floor":16.0,"turns":12.0},{"damage":0.0,"enemies":"ruina:BadWolf","floor":18.0,"turns":4.0},{"damage":0.0,"enemies":"ruina:Nosferatu","floor":24.0,"turns":7.0},{"damage":5.0,"enemies":"ruina:Mountain","floor":25.0,"turns":10.0},{"damage":0.0,"enemies":"ruina:3_Scarecrows","floor":27.0,"turns":10.0},{"damage":0.0,"enemies":"ruina:QueenOfHate","floor":28.0,"turns":6.0},{"damage":0.0,"enemies":"ruina:KnightOfDespair","floor":31.0,"turns":4.0},{"damage":0.0,"enemies":"ruina:Ozma","floor":33.0,"turns":8.0},{"damage":0.0,"enemies":"3 Shapes","floor":35.0,"turns":4.0},{"damage":0.0,"enemies":"Orb Walker","floor":36.0,"turns":3.0},{"damage":0.0,"enemies":"Nemesis","floor":42.0,"turns":5.0},{"damage":0.0,"enemies":"Giant Head","floor":44.0,"turns":6.0},{"damage":0.0,"enemies":"Writhing Mass","floor":45.0,"turns":5.0},{"damage":0.0,"enemies":"Transient","floor":46.0,"turns":5.0},{"damage":0.0,"enemies":"Jaw Worm Horde","floor":47.0,"turns":3.0},{"damage":0,"enemies":"Nemesis","floor":48,"turns":5},{"damage":0,"enemies":"conspire:OrnateMirror","floor":50,"turns":6}],"seed_played":"1512204821903929578","potions_obtained":[{"floor":6.0,"key":"DuplicationPotion"},{"floor":11.0,"key":"Strength Potion"},{"floor":25.0,"key":"DuplicationPotion"},{"floor":35.0,"key":"LiquidBronze"}],"is_trial":false,"path_per_floor":["M","T","M","$","?","E","R","?","T","M","M","?","E","M","R","B",null,"M","?","?","$","?","R","M","E","T","M","M","R","AVR","M","R","B",null,"M","M","$","?","?","R","?","E","T","E","M","M","M","E","R","B",null],"character_chosen":"KOISHI","items_purchased":["Koishi:SpiritedAway","Koishi:FleetingPhantom","Koishi:VengefulSpirit","MerchantsRug","Koishi:GrowingPain","Koishi:SilentAndRestless","Koishi:Untouchable","Koishi:GhostParty","Koishi:Heartbroken","Koishi:SpiritedAway","Koishi:Untouchable","reliquary:Buckler","Energy Potion"],"campfire_rested":1,"item_purchase_floors":[4,4,4,4,17,17,21,21,34,37,37,37,37],"current_hp_per_floor":[45,45,45,46,46,46,46,36,36,23,23,17,6,6,26,17,49,50,50,50,50,50,50,51,48,48,51,52,52,52,54,54,57,55,55,55,55,40,43,43,43,43,43,43,43,43,43,43,43,43],"gold":675,"neow_bonus":"THREE_ENEMY_KILL","is_daily":false,"chose_seed":false,"campfire_upgraded":6,"win_rate":0.0,"timestamp":1614031620,"path_taken":["M","?","M","?","?","E","R","?","T","?","M","?","E","?","R","BOSS","M","?","?","$","?","R","M","E","T","M","M","R","AVR","M","R","BOSS","M","M","$","?","?","R","?","E","T","E","M","M","?","E","R","BOSS"],"items_purchased_type":["Card","Card","Card","Relic","Card","Card","Card","Card","Card","Card","Card","Relic","Potion"],"build_version":"2020-12-22","purchased_purges":4,"victory":true,"max_hp_per_floor":[60,60,60,67,67,67,67,67,67,67,67,67,67,67,67,67,59,59,59,59,59,59,59,59,59,59,59,59,59,59,59,59,59,55,55,55,55,55,58,58,58,58,58,58,58,58,58,58,58,58],"relic_stats":{"Gremlin Horn":[19,19],"counters":[24,123],"Art of War":[4],"Kunai":[23],"obtain_stats":[{"Gremlin Horn":13,"reliquary:RedCape":17,"Smiling Mask":6,"Old Coin":48,"Frozen Eye":27,"infinitespire:ShieldingShard":9,"hubris:Icosahedron":19,"Gensokyo:OccultBall":5,"reliquary:Buckler":37,"Kunai":26,"KeepersGift":0,"hubris:MobiusCoin":2,"MerchantsRug":4,"NeowsBlessing":0,"BookOfRevelations":25,"hubris:Towel":20,"BloodBag":4,"Mercury Hourglass":30,"hubris:Zylophone":42,"REME:ComplimentaryCards":0,"reliquary:RedPaperclip":30,"relicPack:KazumaCape":34,"Art of War":44,"HushsDoor":0,"Toy Ornithopter":43,"Koishi:ImaginaryFriend":0,"BloodDonationMachine":0},{"Gremlin Horn":6,"reliquary:RedCape":8,"Smiling Mask":3,"Old Coin":23,"Frozen Eye":11,"infinitespire:ShieldingShard":3,"hubris:Icosahedron":9,"Gensokyo:OccultBall":2,"reliquary:Buckler":17,"Kunai":11,"KeepersGift":0,"hubris:MobiusCoin":1,"MerchantsRug":2,"NeowsBlessing":0,"BookOfRevelations":11,"hubris:Towel":9,"BloodBag":2,"Mercury Hourglass":13,"hubris:Zylophone":18,"REME:ComplimentaryCards":0,"reliquary:RedPaperclip":13,"relicPack:KazumaCape":15,"Art of War":19,"HushsDoor":0,"Toy Ornithopter":18,"Koishi:ImaginaryFriend":0,"BloodDonationMachine":0},{"Gremlin Horn":19,"reliquary:RedCape":34,"Smiling Mask":6,"Old Coin":117,"Frozen Eye":55,"infinitespire:ShieldingShard":6,"hubris:Icosahedron":38,"Gensokyo:OccultBall":3,"reliquary:Buckler":90,"Kunai":55,"KeepersGift":0,"hubris:MobiusCoin":2,"MerchantsRug":3,"NeowsBlessing":0,"BookOfRevelations":55,"hubris:Towel":38,"BloodBag":3,"Mercury Hourglass":71,"hubris:Zylophone":94,"REME:ComplimentaryCards":0,"reliquary:RedPaperclip":71,"relicPack:KazumaCape":83,"Art of War":100,"HushsDoor":0,"Toy Ornithopter":94,"Koishi:ImaginaryFriend":0,"BloodDonationMachine":0}],"Toy Ornithopter":0,"Mercury Hourglass":[184]},"card_choices":[{"not_picked":["Koishi:DreadfulBlow","Koishi:Jaunt"],"picked":"Koishi:PhantomBarrier","floor":1.0},{"not_picked":["Koishi:SubterraneanRose","Koishi:Jaunt"],"picked":"Koishi:UnansweredLove","floor":3.0},{"not_picked":["Koishi:DreadfulBlow","Koishi:UnconsciousUrges"],"picked":"Koishi:SpiritedAway","floor":6.0},{"not_picked":["Koishi:Jaunt","Koishi:ParalyzingFear","Koishi:YoukaiPolygraph"],"picked":"SKIP","floor":10.0},{"not_picked":["Koishi:HeartAttack","Koishi:ReleaseOfTheId","Koishi:Possession"],"picked":"SKIP","floor":11.0},{"not_picked":["Koishi:YoukaiPolygraph","Koishi:Whimsy","Koishi:VengefulSpirit"],"picked":"SKIP","floor":13.0},{"not_picked":["Koishi:FreudianInstinct","Koishi:StingingMind","Koishi:RorschachInDanmaku"],"picked":"SKIP","floor":14.0},{"not_picked":["Koishi:SuperEgo","Koishi:TerrifyingSpectre"],"picked":"Koishi:ConfinedInnocent","floor":16.0},{"not_picked":["Koishi:CatchAndRose","Koishi:HeartfeltFancy","Koishi:MindNumbingTerror"],"picked":"SKIP","floor":18.0},{"not_picked":["Koishi:UnconsciousUprising","Koishi:SubconsciousSweep"],"picked":"Koishi:PhantomStrike","floor":24.0},{"not_picked":["Koishi:Prune","Koishi:CatchAndRose","Koishi:MassHysteria"],"picked":"SKIP","floor":25.0},{"not_picked":["Koishi:BramblyRoseGarden","Koishi:ParalyzingFear","Koishi:SubconsciousSweep"],"picked":"SKIP","floor":27.0},{"not_picked":["Koishi:ParalyzingFear","Koishi:FleetingPhantom","Koishi:SubterraneanRose"],"picked":"SKIP","floor":28.0},{"not_picked":["Koishi:Bloodlust","Koishi:BloodcurdlingScream"],"picked":"Koishi:ApparitionsStalkTheNight","floor":31.0},{"not_picked":["Koishi:JumpScare","Koishi:IdleWhim+1","Koishi:DreadfulBlow"],"picked":"SKIP","floor":35.0},{"not_picked":["Koishi:RacingHeart","Koishi:UnconsciousUprising","Koishi:Jaunt+1"],"picked":"SKIP","floor":36.0},{"not_picked":["Koishi:ReleaseOfTheId","Koishi:GrowingPain"],"picked":"Koishi:SpiritedAway","floor":42.0},{"not_picked":["Koishi:DreadfulBlow","Koishi:DNAsFlaw","Koishi:EmbryosDream"],"picked":"SKIP","floor":44.0},{"not_picked":["Koishi:BloodcurdlingScream","Koishi:ParalyzingFear","Koishi:JumpScare"],"picked":"SKIP","floor":45.0},{"not_picked":["Koishi:HeartAttack+1","Koishi:IdleWhim","Koishi:Prune"],"picked":"SKIP","floor":46.0},{"not_picked":["Koishi:ApparitionsStalkTheNight","Koishi:TraumaticStroke+1","Koishi:Prune"],"picked":"SKIP","floor":47.0},{"not_picked":["Koishi:Possession","Koishi:GhostParty","Koishi:FreudianInstinct+1"],"picked":"SKIP","floor":48}],"player_experience":937963,"relics_obtained":[{"floor":2.0,"key":"hubris:MobiusCoin"},{"floor":6.0,"key":"Smiling Mask"},{"floor":9.0,"key":"infinitespire:ShieldingShard"},{"floor":10.0,"key":"Gensokyo:OccultBall"},{"floor":13.0,"key":"Gremlin Horn"},{"floor":16.0,"key":"Gensokyo:OccultBall"},{"floor":25.0,"key":"Gensokyo:OccultBall"},{"floor":25.0,"key":"BookOfRevelations"},{"floor":26.0,"key":"Kunai"},{"floor":31.0,"key":"Gensokyo:OccultBall"},{"floor":33.0,"key":"Gensokyo:OccultBall"},{"floor":42.0,"key":"hubris:Zylophone"},{"floor":43.0,"key":"Toy Ornithopter"},{"floor":44.0,"key":"Art of War"},{"floor":48,"key":"Old Coin"}],"event_choices":[{"damage_healed":0.0,"max_hp_gain":0.0,"max_hp_loss":0.0,"gold_gain":0.0,"event_name":"SensoryStone","player_choice":"Memory 1","floor":41.0,"gold_loss":0.0,"damage_taken":0.0}],"is_beta":false,"boss_relics":[{"not_picked":["SlaversCollar","relicPack:ShieldShield"],"picked":"reliquary:RedCape"},{"not_picked":[]},{"not_picked":["Busted Crown","conspire:RunicOctahedron"],"picked":"relicPack:KazumaCape"},{"not_picked":[]}],"items_purged_floors":[4,21,30,37],"is_endless":false,"potions_floor_spawned":[6,11,14,16,18,25,35,42,44,47,48],"ascension_level":12}}