{"host":"hqxy2g3i5ker09hc","time":1614036373,"event":{"mods":["2.2 Compatiblity","AlwaysNeverKeys","Aspiration","BaseMod","Beaked The Cultist","Better Match","Better Note","Better Sensory Stone","Better Silent Start","Better Third Choice","Better-Laid Plans","CCEM2","CatGirl Mod","Chen","Conspire","Downfall","GifTheSpireLib","Gold Saver","Hermit","Hubris","Hyrulean Relics","Ironclad Rager","Koishi","Mathemortician","Minty Spire (QoL Compilation)","MostiFishMod","Permanent Neow","Quarter Circle Forward PUNCH!","Quick Restart","Railgun Mod","Relic Stats","Remilia_Scarlet Moed?????·?????3.3.5","Replay The Spire","Robot Space Explorer","Shop Mod","Small Relic Pack","Spikes Relics","StSLib","Stuff the Spire","The Animator","The Bug Knight","The Forsaken","The Wild Card"],"gold_per_floor":[445,445,459,409,409,409,409,442,466,466,510,81,81,110,110,207,207,132,132],"floor_reached":18,"language":"ENG","playtime":1234,"items_purged":[],"score":183,"play_id":"ceee3dcd-a833-4200-862b-520f77c559b0","local_time":"20210223002613","is_ascension_mode":false,"campfire_choices":[{"data":"RobotSpaceExplorer:Pulsar","floor":6,"key":"SMITH"},{"data":"RobotSpaceExplorer:DoubleFind","floor":10,"key":"SMITH"},{"data":"RobotSpaceExplorer:IronShell","floor":13,"key":"SMITH"},{"data":"RobotSpaceExplorer:DualCore","floor":15,"key":"SMITH"}],"circlet_count":0,"master_deck":["RobotSpaceExplorer:Strike","RobotSpaceExplorer:Strike","RobotSpaceExplorer:Strike","RobotSpaceExplorer:Strike","RobotSpaceExplorer:Defend","RobotSpaceExplorer:Defend","RobotSpaceExplorer:Defend","RobotSpaceExplorer:Defend","RobotSpaceExplorer:Scan","RobotSpaceExplorer:MiniLasers","RobotSpaceExplorer:Pulsar+1","RobotSpaceExplorer:IronShell+1","conspire:SpireCoStock","CloudedMind","RobotSpaceExplorer:DoubleFind+1","RobotSpaceExplorer:Reload","RobotSpaceExplorer:FranticSearch","RobotSpaceExplorer:DualCore+1","RobotSpaceExplorer:TrailblazerForm+1"],"relics":["RobotSpaceExplorer:RoboCore","DaveBox","SynthV:TestCard","qcfpunch:Chain_With_Nametags","hubris:DisguiseKit","PreservedInsect","aspiration:SeaSaltIceCream","BrkXgEgg","DaveBox","Eternal Feather","Tiny Chest","Omamori"],"acts_visited":["TheCity"],"potions_floor_usage":[],"damage_taken":[{"damage":2,"enemies":"2 Louse","floor":1,"turns":3},{"damage":0,"enemies":"Cultist","floor":3,"turns":3},{"damage":0,"enemies":"conspire:RoseBush","floor":8,"turns":3},{"damage":0,"enemies":"HollowMod:MossKnight","floor":11,"turns":11},{"damage":0,"enemies":"conspire:2 RoseBushes","floor":14,"turns":7},{"damage":56,"enemies":"Slime Boss","floor":16,"turns":15},{"damage":34,"enemies":"2 Thieves","floor":18,"turns":5}],"seed_played":"8500919190555888185","potions_obtained":[{"floor":14,"key":"CultistPotion"}],"is_trial":false,"path_per_floor":["M","?","M","?","T","R","?","M","T","R","E","$","R","M","R","B",null,"M"],"character_chosen":"RobotSpaceExplorer","items_purchased":["Tiny Chest","Omamori","RobotSpaceExplorer:Reload","RobotSpaceExplorer:FranticSearch"],"campfire_rested":0,"item_purchase_floors":[12,12,12,12],"current_hp_per_floor":[80,80,80,80,80,80,80,80,80,80,80,80,82,82,82,26,82,48,48],"gold":132,"neow_bonus":"TEN_PERCENT_HP_BONUS","is_daily":false,"chose_seed":false,"campfire_upgraded":4,"win_rate":0.0,"timestamp":1614036373,"path_taken":["M","?","?","?","?","R","?","M","T","R","E","?","R","M","R","BOSS","M"],"items_purchased_type":["Relic","Relic","Card","Card"],"build_version":"2020-12-22","purchased_purges":0,"victory":false,"max_hp_per_floor":[82,82,82,82,82,82,82,82,82,82,82,82,82,82,82,82,82,82,82],"relic_stats":{"counters":[7,47],"Eternal Feather":2,"Tiny Chest":0,"PreservedInsect":22,"obtain_stats":[{"hubris:DisguiseKit":7,"SynthV:TestCard":1,"DaveBox":0,"RobotSpaceExplorer:RoboCore":0,"Eternal Feather":11,"Tiny Chest":12,"PreservedInsect":9,"BrkXgEgg":11,"Omamori":12,"aspiration:SeaSaltIceCream":11,"qcfpunch:Chain_With_Nametags":5},{"hubris:DisguiseKit":2,"SynthV:TestCard":1,"DaveBox":0,"RobotSpaceExplorer:RoboCore":0,"Eternal Feather":4,"Tiny Chest":4,"PreservedInsect":3,"BrkXgEgg":4,"Omamori":4,"aspiration:SeaSaltIceCream":4,"qcfpunch:Chain_With_Nametags":2},{"hubris:DisguiseKit":6,"SynthV:TestCard":3,"DaveBox":0,"RobotSpaceExplorer:RoboCore":0,"Eternal Feather":20,"Tiny Chest":20,"PreservedInsect":9,"BrkXgEgg":20,"Omamori":20,"aspiration:SeaSaltIceCream":20,"qcfpunch:Chain_With_Nametags":6}]},"card_choices":[{"not_picked":["RobotSpaceExplorer:GlueSpray","RobotSpaceExplorer:Counterblock"],"picked":"RobotSpaceExplorer:Pulsar","floor":1},{"not_picked":["RobotSpaceExplorer:SlimeMissile","RobotSpaceExplorer:FreezeRay","RobotSpaceExplorer:FrostMissile","RobotSpaceExplorer:ImprovisedAttack"],"picked":"RobotSpaceExplorer:IronShell","floor":3},{"not_picked":["RobotSpaceExplorer:MetalStrike","RobotSpaceExplorer:Probe","RobotSpaceExplorer:RigExplosive","RobotSpaceExplorer:ExhaustFan","theWildCard:EnergizedStroke"],"picked":"RobotSpaceExplorer:DoubleFind","floor":8},{"not_picked":["RobotSpaceExplorer:DoubleFind","RobotSpaceExplorer:PlasmaMissile","RobotSpaceExplorer:Discharger","RobotSpaceExplorer:FrostMissile","RobotSpaceExplorer:FreezeRay","theWildCard:Amaterasu+1"],"picked":"SKIP","floor":11},{"not_picked":["RobotSpaceExplorer:FrostMissile","RobotSpaceExplorer:ScrapMissile","RobotSpaceExplorer:Counterblock","RobotSpaceExplorer:ExhaustFan","theWildCard:Michael"],"picked":"RobotSpaceExplorer:DualCore","floor":14},{"not_picked":["RobotSpaceExplorer:ShockMissile+1","RobotSpaceExplorer:HighVoltage+1","RobotSpaceExplorer:Arsenal+1","RobotSpaceExplorer:Blaster+1","theWildCard:TheArcanaUnleashed"],"picked":"RobotSpaceExplorer:TrailblazerForm+1","floor":16}],"player_experience":739966,"relics_obtained":[{"floor":1,"key":"SynthV:TestCard"},{"floor":5,"key":"qcfpunch:Chain_With_Nametags"},{"floor":9,"key":"PreservedInsect"},{"floor":11,"key":"aspiration:SeaSaltIceCream"}],"event_choices":[{"damage_healed":0,"gold_gain":0,"player_choice":"Ignored","damage_taken":0,"max_hp_gain":0,"max_hp_loss":0,"event_name":"betterNote:BetterNote","floor":2,"gold_loss":0,"cards_obtained":["Defend_G"]},{"damage_healed":0,"gold_gain":0,"player_choice":"Invest 1","damage_taken":0,"max_hp_gain":0,"max_hp_loss":0,"event_name":"conspire:Investor","floor":4,"gold_loss":0}],"is_beta":false,"boss_relics":[{"not_picked":["GuanYuAspect","Sozu","Philosopher\u0027s Stone"]}],"items_purged_floors":[],"is_endless":false,"potions_floor_spawned":[1,14],"killed_by":"2 Thieves","ascension_level":0}}