{"host":"4yf2n7l3ni368tvf","time":1614000055,"event":{"mods":["AchievementEnabler","BaseMod","Colored Map","DeckTracker","Minty Spire (QoL Compilation)","SuperFastMode"],"gold_per_floor":[112,126,126,138,152,152,170,202,202,59,73,99,99,129,129,232,282,301,73,88,108,120,154,0,0,23,23,34,133,133,147,147,252,252,262,262,281,85,0,0,26,26,53,73,92,92,92,92,92,92],"floor_reached":51,"language":"KOR","playtime":1883,"items_purged":["Poisoned Stab","Strike_G"],"score":838,"play_id":"88361717-de07-4dcb-8c69-19c28131e7bd","local_time":"20210222222055","is_ascension_mode":true,"campfire_choices":[{"data":"Cloak And Dagger","floor":6.0,"key":"SMITH"},{"data":"Distraction","floor":15.0,"key":"SMITH"},{"floor":25.0,"key":"REST"},{"data":"Accuracy","floor":30.0,"key":"SMITH"},{"floor":32.0,"key":"REST"},{"floor":40.0,"key":"REST"},{"floor":42.0,"key":"REST"},{"floor":46.0,"key":"REST"},{"floor":49.0,"key":"REST"}],"circlet_count":0,"master_deck":["Strike_G","Strike_G","Defend_G","Defend_G","Defend_G+1","Defend_G","Defend_G","Survivor","Neutralize","Blur","Cloak And Dagger+1","Backstab","Footwork","Distraction+1","Caltrops","A Thousand Cuts","Blade Dance+1","Well Laid Plans","Backstab+1","PiercingWail","Accuracy+1","Cloak And Dagger+1","Burst","Trip","Blade Dance","Infinite Blades","Cloak And Dagger","Blur"],"relics":["SacredBark","Oddly Smooth Stone","Mercury Hourglass","Vajra","Odd Mushroom","Shuriken","Tiny House","HandDrill","Meat on the Bone","Nunchaku","Empty Cage","Red Mask","Blue Candle","Anchor"],"acts_visited":["Exordium","TheCity","TheBeyond"],"potions_floor_usage":[50,50,50],"damage_taken":[{"damage":4.0,"enemies":"Jaw Worm","floor":1.0,"turns":5.0},{"damage":3.0,"enemies":"Cultist","floor":2.0,"turns":5.0},{"damage":0.0,"enemies":"2 Louse","floor":4.0,"turns":3.0},{"damage":1.0,"enemies":"Blue Slaver","floor":5.0,"turns":5.0},{"damage":7.0,"enemies":"3 Louse","floor":7.0,"turns":5.0},{"damage":7.0,"enemies":"3 Sentries","floor":8.0,"turns":9.0},{"damage":0.0,"enemies":"Large Slime","floor":11.0,"turns":3.0},{"damage":12.0,"enemies":"The Mushroom Lair","floor":12.0,"turns":3.0},{"damage":8.0,"enemies":"Lagavulin","floor":14.0,"turns":6.0},{"damage":15.0,"enemies":"The Guardian","floor":16.0,"turns":8.0},{"damage":14.0,"enemies":"Shell Parasite","floor":18.0,"turns":6.0},{"damage":0.0,"enemies":"Spheric Guardian","floor":20.0,"turns":3.0},{"damage":17.0,"enemies":"Shelled Parasite and Fungi","floor":21.0,"turns":4.0},{"damage":1.0,"enemies":"Centurion and Healer","floor":22.0,"turns":4.0},{"damage":26.0,"enemies":"Book of Stabbing","floor":23.0,"turns":4.0},{"damage":3.0,"enemies":"Snake Plant","floor":28.0,"turns":2.0},{"damage":17.0,"enemies":"Snecko","floor":31.0,"turns":4.0},{"damage":53.0,"enemies":"Champ","floor":33.0,"turns":10.0},{"damage":7.0,"enemies":"Orb Walker","floor":35.0,"turns":4.0},{"damage":28.0,"enemies":"3 Shapes","floor":37.0,"turns":6.0},{"damage":50.0,"enemies":"Giant Head","floor":41.0,"turns":7.0},{"damage":17.0,"enemies":"Jaw Worm Horde","floor":44.0,"turns":3.0},{"damage":16.0,"enemies":"Maw","floor":45.0,"turns":7.0},{"damage":72,"enemies":"Donu and Deca","floor":50,"turns":8}],"seed_played":"7174436339591389829","potions_obtained":[{"floor":3.0,"key":"DuplicationPotion"},{"floor":3.0,"key":"Dexterity Potion"},{"floor":3.0,"key":"Strength Potion"},{"floor":4.0,"key":"Dexterity Potion"},{"floor":7.0,"key":"Weak Potion"},{"floor":8.0,"key":"Regen Potion"},{"floor":16.0,"key":"Weak Potion"},{"floor":17.0,"key":"PowerPotion"},{"floor":18.0,"key":"Explosive Potion"},{"floor":22.0,"key":"PowerPotion"},{"floor":28.0,"key":"Swift Potion"},{"floor":35.0,"key":"AttackPotion"}],"is_trial":false,"path_per_floor":["M","M","?","M","M","R","M","E","T","$","M","?","$","E","R","B",null,"M","$","M","M","M","E","?","R","T","?","M","?","R","M","R","B",null,"M","?","M","$","?","R","E","R","T","M","M","R","?","$","R","B",null],"character_chosen":"THE_SILENT","items_purchased":["Vajra","HandDrill","Blade Dance","Infinite Blades"],"campfire_rested":6,"item_purchase_floors":[10,19,38,38],"current_hp_per_floor":[66,63,63,63,62,62,55,48,48,48,48,36,36,68,68,53,75,61,61,61,44,43,17,17,39,39,39,48,48,48,43,65,24,75,68,68,40,40,40,62,24,46,46,41,37,59,59,59,75,15],"gold":92,"neow_bonus":"BOSS_RELIC","is_daily":false,"chose_seed":false,"campfire_upgraded":3,"win_rate":0.0,"timestamp":1614000055,"path_taken":["M","M","?","?","M","R","M","E","T","$","M","?","$","E","R","BOSS","M","$","M","M","M","E","?","R","T","?","M","?","R","M","R","BOSS","M","?","?","$","?","R","E","R","T","M","M","R","?","$","R","BOSS"],"items_purchased_type":["Relic","Relic","Card","Card"],"build_version":"2020-12-22","purchased_purges":2,"victory":true,"max_hp_per_floor":[70,70,70,70,70,70,70,70,70,70,70,70,70,70,70,70,75,75,75,75,75,75,75,75,75,75,75,75,75,75,75,75,75,75,75,75,75,75,75,75,75,75,75,75,75,75,75,75,75,75],"card_choices":[{"not_picked":["Sucker Punch","Expertise"],"picked":"Blur","floor":1.0},{"not_picked":["All Out Attack","Riddle With Holes","Endless Agony"],"picked":"SKIP","floor":2.0},{"not_picked":["Slice","Underhanded Strike"],"picked":"Cloak And Dagger","floor":4.0},{"not_picked":["Quick Slash","Dagger Spray"],"picked":"Poisoned Stab","floor":5.0},{"not_picked":["Terror","Flechettes"],"picked":"Backstab","floor":7.0},{"not_picked":["Dagger Spray","Dash","Dodge and Roll"],"picked":"SKIP","floor":8.0},{"not_picked":["Leg Sweep","Endless Agony"],"picked":"Footwork","floor":11.0},{"not_picked":["Backflip","Choke"],"picked":"Distraction","floor":12.0},{"not_picked":["Backflip","Bullet Time"],"picked":"Caltrops","floor":14.0},{"not_picked":["Bullet Time","Adrenaline"],"picked":"A Thousand Cuts","floor":16.0},{"not_picked":["Dagger Throw","Deflect"],"picked":"Backstab","floor":17.0},{"not_picked":["Prepared","Bane"],"picked":"Blade Dance+1","floor":18.0},{"not_picked":["Flying Knee","Poisoned Stab+1","Catalyst"],"picked":"SKIP","floor":20.0},{"not_picked":["Escape Plan","Backflip"],"picked":"Well Laid Plans","floor":21.0},{"not_picked":["Glass Knife","Outmaneuver"],"picked":"Backstab+1","floor":22.0},{"not_picked":["Escape Plan","Outmaneuver","Eviscerate+1"],"picked":"SKIP","floor":23.0},{"not_picked":["Cloak And Dagger","Dagger Throw"],"picked":"Accuracy","floor":28.0},{"not_picked":["Concentrate","Eviscerate"],"picked":"Cloak And Dagger+1","floor":31.0},{"not_picked":["Malaise","Doppelganger"],"picked":"Burst","floor":33.0},{"not_picked":["Tactician+1","Predator","Dash"],"picked":"SKIP","floor":35.0},{"not_picked":["Terror","Flying Knee+1","Backflip"],"picked":"SKIP","floor":37.0},{"not_picked":["Outmaneuver+1","Bouncing Flask+1","Acrobatics+1"],"picked":"SKIP","floor":41.0},{"not_picked":["Crippling Poison+1","Underhanded Strike+1"],"picked":"Cloak And Dagger","floor":44.0},{"not_picked":["Dagger Spray","Unload"],"picked":"Blur","floor":45.0}],"player_experience":265857,"relics_obtained":[{"floor":8.0,"key":"Oddly Smooth Stone"},{"floor":9.0,"key":"Mercury Hourglass"},{"floor":12.0,"key":"Odd Mushroom"},{"floor":14.0,"key":"Shuriken"},{"floor":23.0,"key":"Meat on the Bone"},{"floor":26.0,"key":"Nunchaku"},{"floor":41.0,"key":"Blue Candle"},{"floor":43.0,"key":"Anchor"}],"event_choices":[{"damage_healed":0.0,"max_hp_gain":0.0,"max_hp_loss":0.0,"gold_gain":0.0,"event_name":"Lab","player_choice":"Got Potions","floor":3.0,"gold_loss":0.0,"damage_taken":0.0},{"damage_healed":0.0,"max_hp_gain":0.0,"max_hp_loss":0.0,"gold_gain":0.0,"event_name":"Mushrooms","player_choice":"Fought Mushrooms","floor":12.0,"gold_loss":0.0,"damage_taken":0.0},{"damage_healed":0.0,"max_hp_gain":0.0,"max_hp_loss":0.0,"gold_gain":0.0,"event_name":"Masked Bandits","player_choice":"Paid Fearfully","floor":24.0,"gold_loss":154.0,"damage_taken":0.0},{"damage_healed":0.0,"max_hp_gain":0.0,"max_hp_loss":0.0,"gold_gain":0.0,"event_name":"The Library","player_choice":"Read","floor":27.0,"gold_loss":0.0,"damage_taken":0.0,"cards_obtained":["PiercingWail"]},{"damage_healed":0.0,"max_hp_gain":0.0,"max_hp_loss":0.0,"gold_gain":99.0,"event_name":"Nest","player_choice":"Stole From Cult","floor":29.0,"gold_loss":0.0,"damage_taken":0.0},{"damage_healed":0.0,"max_hp_gain":0.0,"max_hp_loss":0.0,"gold_gain":0.0,"event_name":"Match and Keep!","player_choice":"1 cards matched","floor":36.0,"gold_loss":0.0,"damage_taken":0.0,"cards_obtained":["Trip"]},{"damage_healed":0.0,"max_hp_gain":0.0,"max_hp_loss":0.0,"gold_gain":0.0,"event_name":"Tomb of Lord Red Mask","player_choice":"Paid","floor":39.0,"gold_loss":85.0,"damage_taken":0.0,"relics_obtained":["Red Mask"]},{"cards_removed":["Strike_G"],"damage_healed":0.0,"max_hp_gain":0.0,"max_hp_loss":0.0,"gold_gain":0.0,"event_name":"Falling","player_choice":"Removed Attack","floor":47.0,"gold_loss":0.0,"damage_taken":0.0}],"is_beta":false,"boss_relics":[{"not_picked":["Philosopher\u0027s Stone","Cursed Key"],"picked":"Tiny House"},{"not_picked":["Coffee Dripper","Busted Crown"],"picked":"Empty Cage"}],"items_purged_floors":[19,38],"is_endless":false,"potions_floor_spawned":[4,7,8,16,18,22,28,35,41],"ascension_level":4}}