{"host":"ocllwaoi18j60ltd","time":1614018572,"event":{"mods":["BaseMod","DeckTracker","Minty Spire (QoL Compilation)","Permanent Neow","Quick Restart","StSLib","SuperFastMode"],"gold_per_floor":[119,38,55,65,215,215,250,262,298,345,383,421,433,473,485,583,595,618,630,492,492,520,520,520,520],"floor_reached":24,"language":"KOR","playtime":472,"items_purged":["Strike_B"],"score":412,"play_id":"736d7a15-2bee-4336-8fab-632a37e58fc4","local_time":"20210223032932","is_ascension_mode":true,"campfire_choices":[{"data":"Consume","floor":6.0,"key":"SMITH"},{"floor":15.0,"key":"REST"},{"data":"Biased Cognition","floor":23.0,"key":"SMITH"}],"circlet_count":0,"master_deck":["AscendersBane","Strike_B","Strike_B","Strike_B","Defend_B","Defend_B","Defend_B","Defend_B","Zap","Dualcast","Melter","Cold Snap","Beam Cell","Ball Lightning","Consume+1","Chill","Coolheaded","Buffer","Capacitor","Biased Cognition+1","Steam Power","Turbo","Skim"],"relics":["Cracked Core","Ice Cream","MawBank","CeramicFish","Sundial","Darkstone Periapt","Runic Pyramid"],"acts_visited":["Exordium","TheCity"],"potions_floor_usage":[24],"damage_taken":[{"damage":1.0,"enemies":"Cultist","floor":1.0,"turns":3.0},{"damage":8.0,"enemies":"Small Slimes","floor":3.0,"turns":3.0},{"damage":2.0,"enemies":"2 Louse","floor":4.0,"turns":2.0},{"damage":37.0,"enemies":"Gremlin Nob","floor":7.0,"turns":4.0},{"damage":5.0,"enemies":"Lagavulin","floor":10.0,"turns":7.0},{"damage":3.0,"enemies":"2 Fungi Beasts","floor":11.0,"turns":3.0},{"damage":4.0,"enemies":"Looter","floor":12.0,"turns":3.0},{"damage":12.0,"enemies":"3 Louse","floor":14.0,"turns":2.0},{"damage":16.0,"enemies":"The Guardian","floor":16.0,"turns":12.0},{"damage":6.0,"enemies":"3 Byrds","floor":18.0,"turns":5.0},{"damage":24.0,"enemies":"Shell Parasite","floor":22.0,"turns":4.0},{"damage":27,"enemies":"Slavers","floor":24,"turns":1}],"seed_played":"357073730972125207","potions_obtained":[{"floor":11.0,"key":"Fire Potion"},{"floor":12.0,"key":"Fruit Juice"},{"floor":16.0,"key":"AttackPotion"}],"is_trial":false,"path_per_floor":["M","$","M","M","?","R","E","?","T","E","M","M","?","M","R","B",null,"M","?","$","?","M","R","E"],"character_chosen":"DEFECT","items_purchased":["Cold Snap","Beam Cell","Steam Power","Turbo"],"campfire_rested":1,"item_purchase_floors":[2,2,20,20],"current_hp_per_floor":[63,63,55,53,53,53,16,37,37,32,29,30,25,13,33,17,56,50,50,50,50,26,26,0,0],"gold":520,"neow_bonus":"ONE_RARE_RELIC","is_daily":false,"chose_seed":false,"campfire_upgraded":2,"win_rate":0.0,"timestamp":1614018572,"path_taken":["M","$","M","M","?","R","E","?","T","E","M","M","?","M","R","BOSS","M","?","$","?","M","R","E"],"items_purchased_type":["Card","Card","Card","Card"],"build_version":"2020-12-22","purchased_purges":1,"victory":false,"max_hp_per_floor":[64,64,64,64,64,64,64,64,64,64,64,69,69,69,69,69,69,69,69,69,69,69,69,69,69],"card_choices":[{"not_picked":["Leap","Aggregate"],"picked":"Melter","floor":1.0},{"not_picked":["Capacitor","Redo"],"picked":"Ball Lightning","floor":3.0},{"not_picked":["Force Field","Compile Driver"],"picked":"Consume","floor":4.0},{"not_picked":["Hologram","Lockon","Scrape"],"picked":"SKIP","floor":7.0},{"not_picked":["Streamline","Rip and Tear"],"picked":"Chill","floor":10.0},{"not_picked":["Beam Cell","Lockon"],"picked":"Coolheaded","floor":11.0},{"not_picked":["Rebound","Chaos"],"picked":"Buffer","floor":12.0},{"not_picked":["Sweeping Beam","Sunder"],"picked":"Capacitor","floor":14.0},{"not_picked":["Machine Learning","Echo Form"],"picked":"Biased Cognition","floor":16.0},{"not_picked":["Conserve Battery","Compile Driver","Gash"],"picked":"SKIP","floor":18.0},{"not_picked":["Hello World","Rebound"],"picked":"Skim","floor":22.0}],"player_experience":862332,"relics_obtained":[{"floor":7.0,"key":"MawBank"},{"floor":9.0,"key":"CeramicFish"},{"floor":10.0,"key":"Sundial"}],"event_choices":[{"damage_healed":0.0,"max_hp_gain":0.0,"max_hp_loss":0.0,"gold_gain":150.0,"event_name":"Liars Game","player_choice":"AGREE","floor":5.0,"gold_loss":0.0,"damage_taken":0.0,"cards_obtained":["Doubt"]},{"damage_healed":21.0,"max_hp_gain":0.0,"max_hp_loss":0.0,"gold_gain":0.0,"event_name":"Big Fish","player_choice":"Banana","floor":8.0,"gold_loss":0.0,"damage_taken":0.0},{"damage_healed":0.0,"max_hp_gain":0.0,"max_hp_loss":0.0,"gold_gain":0.0,"event_name":"Scrap Ooze","player_choice":"Success","floor":13.0,"gold_loss":0.0,"damage_taken":5.0,"relics_obtained":["Darkstone Periapt"]},{"damage_healed":0.0,"max_hp_gain":0.0,"max_hp_loss":0.0,"gold_gain":0.0,"event_name":"Vampires","player_choice":"Ignored","floor":19.0,"gold_loss":0.0,"damage_taken":0.0},{"cards_removed":["Doubt"],"damage_healed":0.0,"max_hp_gain":0.0,"max_hp_loss":0.0,"gold_gain":0.0,"event_name":"Back to Basics","player_choice":"Elegance","floor":21.0,"gold_loss":0.0,"damage_taken":0.0}],"is_beta":false,"boss_relics":[{"not_picked":["Empty Cage","Black Star"],"picked":"Runic Pyramid"}],"items_purged_floors":[20],"is_endless":false,"potions_floor_spawned":[11,12,16],"killed_by":"Slavers","ascension_level":20}}