{"host":"tq99ucv8ezzqzioe","time":1614022631,"event":{"mods":["BaseMod","Colored Map","Downfall","Highlight Path","Minty Spire (QoL Compilation)","StSLib"],"gold_per_floor":[20,20,33,43,20,48,48,111,159,159,159,159,159,175,175,275,275,288,203,203,203,58,58,87,87,112,112,124,124,124,158,158,261,261,280,280,294,305,12,12,12,12],"floor_reached":41,"language":"ENG","playtime":2011,"items_purged":[],"score":772,"play_id":"d08cb28a-c726-475f-b6c3-ed74e6d04e5e","local_time":"20210222143711","is_ascension_mode":true,"campfire_choices":[{"floor":7,"key":"RECALL"},{"floor":11,"key":"REST"},{"data":"Demon Form","floor":13,"key":"SMITH"},{"data":"Infernal Blade","floor":15,"key":"SMITH"},{"data":"Pommel Strike","floor":23,"key":"SMITH"},{"data":"Pommel Strike","floor":27,"key":"SMITH"},{"data":"Defend_R","floor":32,"key":"SMITH"},{"data":"Whirlwind","floor":40,"key":"SMITH"}],"circlet_count":0,"master_deck":["AscendersBane","Defend_R+1","Defend_R","Defend_R","Defend_R","Clash","Metallicize","Cleave","Infernal Blade+1","Sword Boomerang","Demon Form+1","Fire Breathing+1","Demon Form+1","Fire Breathing+1","Bite","Bite","Bite","Bite","Bite","Second Wind+1","Pommel Strike+1","Pommel Strike+1","Fiend Fire","Heavy Blade+1","Evolve+1","Demon Form+1","Feed","Whirlwind+1","Feed","Uppercut+1","Flame Barrier+1"],"relics":["Burning Blood","Champion Belt","Pen Nib","Omamori","Frozen Egg 2","Coffee Dripper","Juzu Bracelet","Meat on the Bone","Orrery","TungstenRod","Lantern","Question Card","Ancient Tea Set","Sozu","Red Skull","Anchor"],"acts_visited":["Exordium","TheCity","TheBeyond"],"potions_floor_usage":[6,16,31,31,31],"damage_taken":[{"damage":1,"enemies":"Cultist","floor":1,"turns":4},{"damage":2,"enemies":"Small Slimes","floor":3,"turns":4},{"damage":0,"enemies":"2 Louse","floor":4,"turns":3},{"damage":42,"enemies":"Gremlin Nob","floor":6,"turns":5},{"damage":11,"enemies":"Exordium Thugs","floor":14,"turns":5},{"damage":0,"enemies":"Slime Boss","floor":16,"turns":5},{"damage":33,"enemies":"Chosen","floor":18,"turns":5},{"damage":34,"enemies":"Gremlin Leader","floor":24,"turns":5},{"damage":10,"enemies":"Spheric Guardian","floor":28,"turns":3},{"damage":39,"enemies":"Slavers","floor":31,"turns":4},{"damage":30,"enemies":"Champ","floor":33,"turns":6},{"damage":4,"enemies":"3 Shapes","floor":35,"turns":3},{"damage":39,"enemies":"3 Darklings","floor":37,"turns":4},{"damage":49,"enemies":"Writhing Mass","floor":38,"turns":5},{"damage":36,"enemies":"Spire Growth","floor":41,"turns":4}],"seed_played":"-7633153751954521758","potions_obtained":[{"floor":3,"key":"LiquidMemories"},{"floor":6,"key":"ColorlessPotion"},{"floor":16,"key":"Energy Potion"},{"floor":24,"key":"Strength Potion"},{"floor":28,"key":"hexamod:SoulburnPotion"},{"floor":31,"key":"Explosive Potion"}],"is_trial":false,"path_per_floor":["M","?","M","M","$","E","R","?","T","?","R","T","R","M","R","B",null,"M","?","T","?","$","R","E","?","T","R","M","?","?","E","R","B",null,"M","?","M","M","$","R","M"],"character_chosen":"IRONCLAD","items_purchased":["Sword Boomerang","Orrery","Red Skull","Anchor"],"campfire_rested":1,"item_purchase_floors":[5,22,39,39],"current_hp_per_floor":[77,77,80,80,80,44,44,44,44,19,43,43,43,38,38,44,71,44,44,44,44,44,44,38,30,30,30,46,46,46,33,33,31,54,60,60,44,19,19,19,0,0],"gold":12,"neow_bonus":"ONE_RARE_RELIC","is_daily":false,"chose_seed":false,"campfire_upgraded":6,"win_rate":0.0,"timestamp":1614022631,"path_taken":["M","?","M","M","$","E","R","?","T","?","R","?","R","?","R","BOSS","M","?","?","?","$","R","E","?","T","R","M","?","?","E","R","BOSS","M","?","M","M","$","R","M"],"items_purchased_type":["Card","Relic","Relic","Relic"],"build_version":"2020-12-22","purchased_purges":0,"victory":false,"max_hp_per_floor":[80,80,80,80,80,80,80,80,80,80,80,80,80,80,80,80,80,80,80,80,56,56,56,56,61,61,61,61,61,61,61,61,61,61,61,61,61,61,61,61,61,61],"card_choices":[{"not_picked":["Body Slam","Headbutt"],"picked":"Clash","floor":1},{"not_picked":["Twin Strike","Havoc"],"picked":"Cleave","floor":3},{"not_picked":["Flex","Thunderclap"],"picked":"Infernal Blade","floor":4},{"not_picked":["Searing Blow","Ghostly Armor"],"picked":"Demon Form","floor":6},{"not_picked":["Havoc","Armaments"],"picked":"Fire Breathing+1","floor":14},{"not_picked":["Immolate","Offering"],"picked":"Demon Form+1","floor":16},{"not_picked":["Clothesline","Spot Weakness"],"picked":"Fire Breathing+1","floor":18},{"not_picked":["Cleave","Wild Strike"],"picked":"Second Wind+1","floor":22},{"not_picked":["Dark Embrace+1","Battle Trance"],"picked":"Pommel Strike","floor":22},{"not_picked":["Armaments","Second Wind+1"],"picked":"Pommel Strike","floor":22},{"not_picked":["Body Slam","Thunderclap"],"picked":"Fiend Fire","floor":22},{"not_picked":["Burning Pact","Juggernaut+1"],"picked":"Heavy Blade+1","floor":24},{"not_picked":["Dropkick","Clothesline+1"],"picked":"Evolve+1","floor":28},{"not_picked":["Perfected Strike+1","Clothesline","Wild Strike"],"picked":"Demon Form+1","floor":31},{"not_picked":["Immolate","Fiend Fire","Bludgeon"],"picked":"Feed","floor":33},{"not_picked":["Burning Pact","Clothesline","Warcry"],"picked":"Whirlwind","floor":35},{"not_picked":["Searing Blow+1","Twin Strike","Wild Strike+1"],"picked":"Uppercut+1","floor":37},{"not_picked":["Headbutt+1","Armaments","Iron Wave+1"],"picked":"Flame Barrier+1","floor":38}],"player_experience":1030483,"relics_obtained":[{"floor":6,"key":"Pen Nib"},{"floor":12,"key":"Frozen Egg 2"},{"floor":20,"key":"Meat on the Bone"},{"floor":24,"key":"TungstenRod"},{"floor":26,"key":"Lantern"},{"floor":31,"key":"Ancient Tea Set"}],"event_choices":[{"damage_healed":0,"gold_gain":0,"cards_transformed":["Bash"],"player_choice":"Change","damage_taken":0,"max_hp_gain":0,"max_hp_loss":0,"event_name":"Living Wall","floor":2,"gold_loss":0,"cards_obtained":["Metallicize"]},{"damage_healed":0,"gold_gain":63,"player_choice":"Gained Gold","damage_taken":0,"max_hp_gain":0,"max_hp_loss":0,"event_name":"Golden Wing","floor":8,"gold_loss":0},{"damage_healed":0,"gold_gain":0,"player_choice":"Success","damage_taken":25,"relics_obtained":["Omamori"],"max_hp_gain":0,"max_hp_loss":0,"event_name":"Scrap Ooze","floor":10,"gold_loss":0},{"damage_healed":0,"gold_gain":0,"player_choice":"Obtained Relic","damage_taken":0,"relics_obtained":["Juzu Bracelet"],"max_hp_gain":0,"max_hp_loss":0,"event_name":"Addict","floor":19,"gold_loss":85},{"damage_healed":0,"gold_gain":0,"player_choice":"Became a vampire","damage_taken":0,"max_hp_gain":0,"max_hp_loss":24,"event_name":"Vampires","floor":21,"gold_loss":0,"cards_obtained":["Bite","Bite","Bite","Bite","Bite"]},{"damage_healed":0,"gold_gain":0,"player_choice":"Shed Blood","damage_taken":14,"max_hp_gain":5,"max_hp_loss":0,"event_name":"Forgotten Altar","floor":25,"gold_loss":0},{"damage_healed":0,"gold_gain":0,"player_choice":"Opened","damage_taken":0,"relics_obtained":["Question Card"],"max_hp_gain":0,"max_hp_loss":0,"event_name":"The Mausoleum","floor":29,"gold_loss":0,"cards_obtained":["Writhe"]},{"damage_healed":0,"gold_gain":0,"player_choice":"Copied","damage_taken":0,"max_hp_gain":0,"max_hp_loss":0,"event_name":"Duplicator","floor":36,"gold_loss":0,"cards_obtained":["Feed"]}],"is_beta":false,"boss_relics":[{"not_picked":["Calling Bell","Ectoplasm"],"picked":"Coffee Dripper"},{"not_picked":["Busted Crown","Philosopher\u0027s Stone"],"picked":"Sozu"}],"items_purged_floors":[],"is_endless":false,"potions_floor_spawned":[3,6,16,24,28,31,37],"killed_by":"Spire Growth","ascension_level":10}}