{"host":"rm0ctv8qd8mnbkg1","time":1614002957,"event":{"mods":["Aspiration","BaseMod","Beaked The Cultist","BetterRewards","Colored Map","DNKmod","Dark Map","Defuse TimeMaze Blight","Downfall","Friendly Minions","Hubris","Marisa????????","Minty Spire (QoL Compilation)","MostiFishMod","Permanent Neow","Rare Cards Sparkle","Relic Sorter","Reliquary","Replay The Spire","RumiaBox-????????","Shade Mod","Shop Mod","Spicy Shops","Spire Arcade","StSLib","The Construct","The Servant 0.9.4","TheVacant","Wandering Minibosses","[IsaacMod]????","??????REMEMod"],"gold_per_floor":[10015,9338,9338,9349,8914,8947,8959,8959,9038,9038,9038,9109,9123,9153,9153,9250,9250,9263,9280,9300,9300,8942,8977,8977,9011,9011,9022,9048,9048,9062,9089,9089,9186,9186,9204,9091,9103,9148,9148,9148,9161,9187,9187,9237,9256,8848,8861,0,0,0],"floor_reached":51,"language":"ENG","playtime":1472,"items_purged":["downfall:Icky"],"score":1264,"play_id":"3a0a4c1c-3861-4f69-94b4-b5280dbcc4c7","local_time":"20210222140917","is_ascension_mode":true,"campfire_choices":[{"data":"theVacant:Threat","floor":8,"key":"SMITH"},{"data":"theVacant:EmbraceDarkness","floor":8,"key":"SMITH"},{"data":"theVacant:IntoTheAbyss","floor":10,"key":"SMITH"},{"data":"theVacant:Gloom","floor":10,"key":"SMITH"},{"data":"theVacant:ShutAway","floor":15,"key":"SMITH"},{"data":"theVacant:Carve","floor":15,"key":"SMITH"},{"data":"theVacant:Voidstone","floor":24,"key":"SMITH"},{"data":"theVacant:Rejection","floor":24,"key":"SMITH"},{"data":"J.A.X.","floor":32,"key":"SMITH"},{"data":"theVacant:Gloom","floor":32,"key":"SMITH"},{"data":"theVacant:VoidForm","floor":40,"key":"SMITH"},{"data":"Replay:Bootleg Shield Generator","floor":40,"key":"SMITH"},{"data":"theVacant:VoidEmbrace","floor":49,"key":"SMITH"},{"data":"Sadistic Nature","floor":49,"key":"SMITH"}],"circlet_count":0,"master_deck":["theVacant:VacantStarterStrike","theVacant:VacantStarterStrike","theVacant:VacantStarterStrike","theVacant:VacantStarterStrike","theVacant:VacantStarterDefend","theVacant:VacantStarterDefend+1","theVacant:VacantStarterDefend+1","theVacant:VacantStarterDefend","theVacant:Release","theVacant:Crunch","SuicideKing","Demon Form+1","theVacant:Carve+1","theVacant:Threat+1","Sadistic Nature+1","theVacant:IntoTheAbyss+1","theVacant:CursedBlast","theVacant:Reconnect","Specialist","theVacant:EmbraceDarkness+1","theVacant:Gloom+1","theVacant:Threat+1","theVacant:Barrage","theVacant:ShutAway+1","theVacant:Rejection+1","theVacant:ForgeSoul","theVacant:Voidstone+1","theVacant:DarkStrike","theVacant:ReaperStrike+1","theVacant:Acceptance+1","theVacant:Gloom+1","Poisoned Strike","theVacant:Acceptance+1","theVacant:CleanseSoul+1","theVacant:FromNothing","J.A.X.+1","theVacant:ShriekingBlast","theVacant:ForgeSoul","CurseOfTheBell","theVacant:EmbraceDarkness","theVacant:Showdown","theVacant:ReaperStrike","theVacant:VoidForm+1","theVacant:VoidEmbrace+1","theVacant:ShriekingBlast+1","Replay:Bootleg Shield Generator+1","theVacant:Sneeze","theVacant:Recover+1"],"relics":["theVacant:BrassGoblet","SharpPlug","TuHaoJin","TheBean","BelialBook","REME_ComplimentaryCards","DaveBox","HushsDoor","Brimstone","ReplayTheSpireMod:CursedCoin","Membership Card","reliquary:TuningFork","GodSword7","reliquary:PurpleTingedLeaf","Replay:Arrowhead","Sling","Guardian:PocketSentry","hubris:EmptyBottle","War Paint","Bottled Lightning","aspiration:FetidBarrel","reliquary:ThirdArm","GuppysCollar","Boot","champ:DeflectingBracers","PreservedInsect","hubris:ToyBattleship","reliquary:BoilingFlask","wanderingMiniBosses:Inkheart","Calling Bell","Potion Belt","hubris:Potato","GuppysTail","ClockworkSouvenir","CatCart","Meat on the Bone","Incense Burner","SecretRecord","Chameleon Ring","Chaos","ImprovedEquipment","reliquary:Spinner","Red Mask"],"acts_visited":["Exordium","TheCity","TheBeyond"],"potions_floor_usage":[],"damage_taken":[{"damage":0,"enemies":"Jaw Worm","floor":1,"turns":2},{"damage":0,"enemies":"Small Slimes","floor":4,"turns":2},{"damage":1,"enemies":"3 Sentries","floor":6,"turns":2},{"damage":0,"enemies":"Cultist","floor":7,"turns":2},{"damage":0,"enemies":"3 Louse","floor":13,"turns":1},{"damage":0,"enemies":"Lagavulin","floor":14,"turns":2},{"damage":0,"enemies":"Slime Boss","floor":16,"turns":3},{"damage":0,"enemies":"Chosen","floor":18,"turns":2},{"damage":0,"enemies":"3 Byrds","floor":19,"turns":2},{"damage":0,"enemies":"Cultist and Chosen","floor":20,"turns":2},{"damage":4,"enemies":"Slavers","floor":23,"turns":2},{"damage":0,"enemies":"Book of Stabbing","floor":25,"turns":1},{"damage":0,"enemies":"Centurion and Healer","floor":27,"turns":4},{"damage":13,"enemies":"Slavers","floor":28,"turns":2},{"damage":0,"enemies":"Sentry and Sphere","floor":30,"turns":2},{"damage":0,"enemies":"Gremlin Leader","floor":31,"turns":1},{"damage":0,"enemies":"Automaton","floor":33,"turns":4},{"damage":0,"enemies":"Orb Walker","floor":35,"turns":2},{"damage":6,"enemies":"3 Shapes","floor":37,"turns":3},{"damage":0,"enemies":"Orin","floor":38,"turns":4},{"damage":0,"enemies":"Spire Growth","floor":41,"turns":3},{"damage":0,"enemies":"R_Hoarder","floor":42,"turns":2},{"damage":0,"enemies":"Mind Bloom Boss Battle","floor":44,"turns":2},{"damage":0,"enemies":"Maw","floor":45,"turns":3},{"damage":5,"enemies":"3 Darklings","floor":47,"turns":3},{"damage":0,"enemies":"hubris:GrandSnecko","floor":50,"turns":3}],"seed_played":"-871000081286325366","potions_obtained":[{"floor":1,"key":"Energy Potion"},{"floor":45,"key":"PowerPotion"}],"is_trial":false,"path_per_floor":["M","$","?","M","$","E","M","R","T","R","?","?","M","E","R","B",null,"M","M","M","?","$","E","R","E","T","M","E","?","M","E","R","B",null,"M","$","M","?","?","R","M","E","T","?","M","$","M","?","R","B",null],"character_chosen":"THE_VACANT","items_purchased":["ReplayTheSpireMod:CursedCoin","Membership Card","Sadistic Nature","theVacant:IntoTheAbyss","theVacant:CursedBlast","theVacant:Reconnect","reliquary:TuningFork","GodSword7","reliquary:PurpleTingedLeaf","Specialist","Replay:Arrowhead","Sling","Guardian:PocketSentry","hubris:EmptyBottle","FairyPotion","War Paint","theVacant:Gloom","theVacant:Threat+1","theVacant:ForgeSoul","GuppysCollar","theVacant:Voidstone","theVacant:DarkStrike","theVacant:Gloom","Boot","champ:DeflectingBracers","Poisoned Strike","GuppysTail","theVacant:EmbraceDarkness","theVacant:Showdown","theVacant:ReaperStrike","theVacant:VoidForm","ClockworkSouvenir","theVacant:VoidEmbrace","Chameleon Ring","Chaos","ImprovedEquipment","reliquary:Spinner"],"campfire_rested":0,"item_purchase_floors":[2,2,2,2,2,2,2,2,2,2,5,5,5,5,5,5,5,5,17,17,17,17,22,22,22,22,34,34,34,34,34,36,36,46,46,46,46],"current_hp_per_floor":[1000,1000,1000,1000,1000,1000,1000,1000,1000,1000,1000,1000,1000,1000,1000,1000,975,975,975,975,975,975,971,971,972,972,973,960,960,960,961,961,962,951,951,951,945,885,885,885,885,885,885,885,885,885,880,880,880,881],"gold":0,"neow_bonus":"THREE_CARDS","is_daily":false,"chose_seed":false,"campfire_upgraded":14,"win_rate":0.0,"timestamp":1614002957,"path_taken":["M","$","?","M","$","E","M","R","T","R","?","?","M","E","R","BOSS","M","M","M","?","$","E","R","E","T","M","E","?","M","E","R","BOSS","M","$","M","?","?","R","M","E","T","?","M","$","?","?","R","BOSS"],"items_purchased_type":["Relic","Relic","Card","Card","Card","Card","Relic","Relic","Relic","Card","Relic","Relic","Relic","Relic","Potion","Relic","Card","Card","Card","Relic","Card","Card","Card","Relic","Relic","Card","Relic","Card","Card","Card","Card","Relic","Card","Relic","Card","Relic","Relic"],"build_version":"2020-12-22","purchased_purges":1,"victory":true,"max_hp_per_floor":[1000,1000,1000,1000,1000,1000,1000,1000,1000,1000,1000,1000,1000,1000,1000,1000,975,975,975,975,975,975,975,975,975,975,975,975,975,975,975,975,975,951,951,951,951,951,951,951,951,951,951,951,951,951,951,951,951,951],"card_choices":[{"not_picked":[],"picked":"SuicideKing","floor":0},{"not_picked":["theVacant:ShutAway","theVacant:Spinshield"],"picked":"theVacant:Carve","floor":0},{"not_picked":["Bomb","theVacant:Enrage"],"picked":"theVacant:Threat","floor":1},{"not_picked":["theVacant:Soothe","theVacant:Whip"],"picked":"theVacant:EmbraceDarkness","floor":4},{"not_picked":["theVacant:GraveWave","theVacant:Anguish"],"picked":"theVacant:Barrage","floor":6},{"not_picked":["theVacant:Snowball","theVacant:LichStrike","theVacant:Cower"],"picked":"SKIP","floor":7},{"not_picked":["theVacant:EmbraceDarkness","theVacant:Cower","theVacant:Spinshield"],"picked":"SKIP","floor":13},{"not_picked":["theVacant:Jab","theVacant:Fling"],"picked":"theVacant:ShutAway","floor":14},{"not_picked":["theVacant:DimensionTear","theVacant:DarkStrike"],"picked":"theVacant:Rejection","floor":16},{"not_picked":["theVacant:CursedBlast","theVacant:GraveDigger"],"picked":"theVacant:ReaperStrike+1","floor":18},{"not_picked":["theVacant:Fortify","theVacant:Yeet"],"picked":"theVacant:Acceptance+1","floor":19},{"not_picked":["theVacant:EmptyShield+1","theVacant:SurpriseAttack+1","theVacant:BattleScars"],"picked":"SKIP","floor":20},{"not_picked":["theVacant:MindBreak","theVacant:Reconnect","theVacant:Yeet"],"picked":"SKIP","floor":23},{"not_picked":["theVacant:GraveWave","theVacant:Soothe"],"picked":"theVacant:Acceptance+1","floor":25},{"not_picked":["theVacant:Spinshield","theVacant:BattleScars+1"],"picked":"theVacant:CleanseSoul+1","floor":27},{"not_picked":["theVacant:CursedBlast","theVacant:Prevent"],"picked":"theVacant:FromNothing","floor":28},{"not_picked":["theVacant:Barrage","theVacant:OnSecondThought"],"picked":"theVacant:ShriekingBlast","floor":30},{"not_picked":["theVacant:EmptyShield","theVacant:Throttle","theVacant:Carve"],"picked":"SKIP","floor":31},{"not_picked":["theVacant:Prevent","theVacant:FromNothing"],"picked":"theVacant:ForgeSoul","floor":33},{"not_picked":["theVacant:Cower+1","theVacant:Reconnect","theVacant:FranticBlow"],"picked":"SKIP","floor":35},{"not_picked":["theVacant:Whip","theVacant:Yeet+1","theVacant:Throttle"],"picked":"SKIP","floor":37},{"not_picked":["theVacant:Cower","theVacant:CursedBlast"],"picked":"theVacant:ShriekingBlast+1","floor":38},{"not_picked":["REME_ShortnessOfBreath","REME_MagicPocketWatch"],"picked":"Replay:Bootleg Shield Generator","floor":39},{"not_picked":["theVacant:ShriekingBlast","theVacant:WaitInWrath"],"picked":"theVacant:Sneeze","floor":41},{"not_picked":["theVacant:TimeSkip","theVacant:GraveDigger","theVacant:Immaterialize"],"picked":"SKIP","floor":42},{"not_picked":["theVacant:Jab","theVacant:Thoughtseize","theVacant:Yeet+1"],"picked":"SKIP","floor":45},{"not_picked":["theVacant:Fling","theVacant:Spinshield"],"picked":"theVacant:Recover+1","floor":47}],"player_experience":398786,"relics_obtained":[{"floor":6,"key":"Bottled Lightning"},{"floor":9,"key":"aspiration:FetidBarrel"},{"floor":23,"key":"PreservedInsect"},{"floor":25,"key":"hubris:ToyBattleship"},{"floor":26,"key":"reliquary:BoilingFlask"},{"floor":27,"key":"wanderingMiniBosses:Inkheart"},{"floor":28,"key":"BelialBook"},{"floor":31,"key":"TuHaoJin"},{"floor":34,"key":"Potion Belt"},{"floor":34,"key":"SharpPlug"},{"floor":34,"key":"hubris:Potato"},{"floor":38,"key":"CatCart"},{"floor":42,"key":"Meat on the Bone"},{"floor":43,"key":"Incense Burner"},{"floor":44,"key":"SecretRecord"}],"event_choices":[{"damage_healed":0,"gold_gain":71,"player_choice":"Gained Gold","damage_taken":0,"max_hp_gain":0,"max_hp_loss":0,"event_name":"Golden Wing","floor":12,"gold_loss":0},{"damage_healed":0,"gold_gain":0,"player_choice":"Obtain J.A.X.","damage_taken":0,"max_hp_gain":0,"max_hp_loss":0,"event_name":"Drug Dealer","floor":29,"gold_loss":0,"cards_obtained":["J.A.X."]},{"damage_healed":0,"gold_gain":0,"player_choice":"Fight","damage_taken":0,"max_hp_gain":0,"max_hp_loss":0,"event_name":"OrinTheCat","floor":38,"gold_loss":0},{"damage_healed":0,"gold_gain":0,"player_choice":"Memory 1","damage_taken":0,"max_hp_gain":0,"max_hp_loss":0,"event_name":"SensoryStone","floor":39,"gold_loss":0},{"damage_healed":0,"gold_gain":0,"player_choice":"Fight","damage_taken":0,"max_hp_gain":0,"max_hp_loss":0,"event_name":"MindBloom","floor":44,"gold_loss":0},{"damage_healed":0,"gold_gain":0,"player_choice":"Paid","damage_taken":0,"relics_obtained":["Red Mask"],"max_hp_gain":0,"max_hp_loss":0,"event_name":"Tomb of Lord Red Mask","floor":48,"gold_loss":8861}],"is_beta":false,"boss_relics":[{"not_picked":["Painkiller Herb","RhineCircuit"],"picked":"reliquary:ThirdArm"},{"not_picked":[]},{"not_picked":["aspiration:FutureDiary","hubris:TerracottaHorce"],"picked":"Calling Bell"},{"not_picked":[]}],"items_purged_floors":[2],"is_endless":false,"potions_floor_spawned":[1,14,19,27,30,42,44,45],"ascension_level":1}}