{"host":"srk2drlvga69hbot","time":1614008321,"event":{"mods":["AchievementEnabler","BaseMod","Best Route Mod","Bestiary","Block Reminder","Colored Map","Colored Powertips","Curses Come First","Dark Map","DeckTracker","Downfall","Highlight Path","Minty Spire (QoL Compilation)","Quick Restart","Rare Cards Sparkle","Relic Stats","Slay-I","StSLib","SuperFastMode","Unceasing Turn Reminder"],"gold_per_floor":[109,125,125,138,150,150,179,198,266,266,62,80,80,80,80,158,158,170,186,199,199,228,228,228,4,4,4,4,22,49,69,69,142,142,157,177,196,196,206,206,223,236,317,317,328,361,380,280,280,280],"floor_reached":51,"language":"ZHS","playtime":3096,"items_purged":["Decay","Carnage+1"],"score":1168,"play_id":"88ef4df5-1a1f-465b-a618-eebbb8848ae4","local_time":"20210222233841","is_ascension_mode":true,"campfire_choices":[{"data":"Defend_R","floor":6.0,"key":"PURGE"},{"floor":10.0,"key":"REST"},{"data":"Armaments","floor":15,"key":"SMITH"},{"data":"Strike_R","floor":23,"key":"PURGE"},{"floor":27,"key":"REST"},{"data":"Strike_R","floor":32,"key":"PURGE"},{"data":"Defend_R","floor":40,"key":"PURGE"},{"data":"Defend_R","floor":44,"key":"PURGE"},{"data":"Limit Break","floor":49,"key":"SMITH"}],"circlet_count":0,"master_deck":["AscendersBane","Warcry","Seeing Red","Armaments+1","Sword Boomerang","Flex","Sword Boomerang","Uppercut","Limit Break+1","Reaper+1","Blood for Blood+1","Headbutt","Pummel","Bloodletting","Shrug It Off","Demon Form","Seeing Red+1","Battle Trance","Flex+1","Whirlwind"],"relics":["Burning Blood","Peace Pipe","Dream Catcher","Pantograph","Brimstone","Du-Vu Doll","Astrolabe","Red Mask","Omamori","Gambling Chip","Centennial Puzzle","Sozu","Ornamental Fan","Bottled Lightning"],"acts_visited":["Exordium","TheCity","TheBeyond"],"potions_floor_usage":[50,50],"damage_taken":[{"damage":7.0,"enemies":"Small Slimes","floor":1.0,"turns":4.0},{"damage":6.0,"enemies":"Cultist","floor":2.0,"turns":3.0},{"damage":4.0,"enemies":"Jaw Worm","floor":4.0,"turns":4.0},{"damage":13.0,"enemies":"2 Fungi Beasts","floor":5.0,"turns":3.0},{"damage":42.0,"enemies":"Lagavulin","floor":7.0,"turns":8.0},{"damage":2.0,"enemies":"Red Slaver","floor":8.0,"turns":4.0},{"damage":0,"enemies":"Large Slime","floor":12,"turns":3},{"damage":19,"enemies":"Slime Boss","floor":16,"turns":7},{"damage":24,"enemies":"Shell Parasite","floor":18,"turns":3},{"damage":29,"enemies":"2 Thieves","floor":19,"turns":3},{"damage":4,"enemies":"Snecko","floor":20,"turns":3},{"damage":54,"enemies":"Masked Bandits","floor":22,"turns":4},{"damage":15,"enemies":"3 Cultists","floor":29,"turns":4},{"damage":15,"enemies":"Book of Stabbing","floor":30,"turns":3},{"damage":11,"enemies":"Cultist and Chosen","floor":31,"turns":4},{"damage":48,"enemies":"Collector","floor":33,"turns":5},{"damage":24,"enemies":"3 Darklings","floor":35,"turns":3},{"damage":7,"enemies":"Orb Walker","floor":36,"turns":2},{"damage":12,"enemies":"Jaw Worm Horde","floor":37,"turns":3},{"damage":9,"enemies":"Spire Growth","floor":39,"turns":2},{"damage":57,"enemies":"4 Shapes","floor":41,"turns":4},{"damage":19,"enemies":"Jaw Worm Horde","floor":42,"turns":2},{"damage":46,"enemies":"Sphere and 2 Shapes","floor":45,"turns":3},{"damage":66,"enemies":"Nemesis","floor":46,"turns":5},{"damage":2,"enemies":"Transient","floor":47,"turns":5},{"damage":64,"enemies":"Time Eater","floor":50,"turns":5}],"seed_played":"-1940228334106464866","potions_obtained":[{"floor":5.0,"key":"SpeedPotion"},{"floor":8.0,"key":"SmokeBomb"},{"floor":18,"key":"EntropicBrew"},{"floor":19,"key":"Fire Potion"}],"is_trial":false,"path_per_floor":["M","M","?","M","M","R","E","M","T","R","$","M","?","?","R","B",null,"M","M","M","?","?","R","?","$","T","R","?","M","E","M","R","B",null,"M","M","M","?","M","R","M","M","T","R","M","E","M","$","R","B",null],"character_chosen":"IRONCLAD","items_purchased":["Brimstone","Sword Boomerang","Omamori"],"campfire_rested":2,"item_purchase_floors":[11,11,25],"current_hp_per_floor":[49,49,49,51,44,44,8,12,12,34,34,40,33,33,33,45,68,50,42,44,44,11,11,11,11,11,33,27,57,73,75,75,62,72,54,53,57,57,73,73,59,75,75,75,67,52,75,75,75,53],"gold":280,"neow_bonus":"ONE_RARE_RELIC","is_daily":false,"chose_seed":false,"campfire_upgraded":2,"win_rate":0.0,"timestamp":1614008321,"path_taken":["M","M","?","?","M","R","E","M","T","R","$","M","?","?","R","BOSS","M","M","M","?","?","R","?","$","T","R","?","?","E","M","R","BOSS","M","M","?","?","?","R","M","M","T","R","M","E","M","$","R","BOSS"],"items_purchased_type":["Relic","Card","Relic"],"build_version":"2020-12-22","purchased_purges":2,"victory":true,"max_hp_per_floor":[75,75,75,75,75,75,75,75,75,75,75,75,75,75,75,75,75,75,75,75,75,75,75,75,75,75,75,75,75,75,75,75,75,75,75,75,75,75,75,75,75,75,75,75,75,75,75,75,75,75],"relic_stats":{"Peace Pipe":5,"Sozu":7,"Dream Catcher":2,"Centennial Puzzle":[36],"counters":[26,99],"Ornamental Fan":[16],"Pantograph":25,"Astrolabe":["Reaper","Carnage","Blood for Blood"],"Gambling Chip":[36],"obtain_stats":[{"Astrolabe":17,"Omamori":25,"Burning Blood":0,"Peace Pipe":0,"Du-Vu Doll":14,"Sozu":34,"Dream Catcher":7,"Centennial Puzzle":30,"Brimstone":11,"Ornamental Fan":43,"Pantograph":9,"Gambling Chip":26,"Red Mask":22,"Bottled Lightning":46},{"Astrolabe":8,"Omamori":12,"Burning Blood":0,"Peace Pipe":0,"Du-Vu Doll":7,"Sozu":16,"Dream Catcher":5,"Centennial Puzzle":14,"Brimstone":6,"Ornamental Fan":22,"Pantograph":6,"Gambling Chip":12,"Red Mask":12,"Bottled Lightning":24},{"Astrolabe":36,"Omamori":49,"Burning Blood":0,"Peace Pipe":0,"Du-Vu Doll":29,"Sozu":65,"Dream Catcher":22,"Centennial Puzzle":56,"Brimstone":26,"Ornamental Fan":81,"Pantograph":26,"Gambling Chip":49,"Red Mask":49,"Bottled Lightning":89}],"Burning Blood":147},"card_choices":[{"not_picked":["Anger","Feel No Pain"],"picked":"Warcry","floor":1.0},{"not_picked":["Searing Blow","Havoc"],"picked":"Seeing Red","floor":2.0},{"not_picked":["Metallicize","Wild Strike"],"picked":"Perfected Strike","floor":4.0},{"not_picked":["Twin Strike","True Grit"],"picked":"Armaments","floor":5.0},{"not_picked":["Power Through","Entrench"],"picked":"Sword Boomerang","floor":7.0},{"not_picked":["Clash","Anger"],"picked":"Flex","floor":8.0},{"not_picked":["Wild Strike","Barricade"],"picked":"Uppercut","floor":12},{"not_picked":["Immolate","Corruption"],"picked":"Limit Break","floor":16},{"not_picked":["Sever Soul","Armaments"],"picked":"Headbutt","floor":18},{"not_picked":["Perfected Strike","Headbutt"],"picked":"Pummel","floor":19},{"not_picked":["Perfected Strike","Cleave"],"picked":"Bloodletting","floor":20},{"not_picked":["Inflame","True Grit+1"],"picked":"Shrug It Off","floor":22},{"not_picked":["Searing Blow","Clash+1","Thunderclap"],"picked":"SKIP","floor":29},{"not_picked":["Cleave","Berserk","Iron Wave"],"picked":"SKIP","floor":30},{"not_picked":["Fire Breathing","Burning Pact","Heavy Blade"],"picked":"SKIP","floor":31},{"not_picked":["Feed","Juggernaut"],"picked":"Demon Form","floor":33},{"not_picked":["Disarm+1","Wild Strike+1","Perfected Strike+1"],"picked":"SKIP","floor":35},{"not_picked":["True Grit+1","Clash"],"picked":"Seeing Red+1","floor":36},{"not_picked":["Blood for Blood","Armaments","Infernal Blade"],"picked":"SKIP","floor":37},{"not_picked":["Clash","Heavy Blade","Warcry"],"picked":"SKIP","floor":39},{"not_picked":["Reaper","Bloodletting+1","True Grit"],"picked":"SKIP","floor":41},{"not_picked":["Anger","Iron Wave"],"picked":"Flex+1","floor":42},{"not_picked":["Anger","Fire Breathing"],"picked":"Whirlwind","floor":45},{"not_picked":["Disarm","Cleave+1","Combust"],"picked":"SKIP","floor":46},{"not_picked":["Clash","Searing Blow","Body Slam+1"],"picked":"SKIP","floor":47}],"player_experience":307541,"relics_obtained":[{"floor":7.0,"key":"Dream Catcher"},{"floor":9.0,"key":"Pantograph"},{"floor":22,"key":"Red Mask"},{"floor":26,"key":"Gambling Chip"},{"floor":30,"key":"Centennial Puzzle"},{"floor":43,"key":"Ornamental Fan"},{"floor":46,"key":"Bottled Lightning"}],"event_choices":[{"cards_removed":["Strike_R"],"damage_healed":0.0,"max_hp_gain":0.0,"max_hp_loss":0.0,"gold_gain":0.0,"event_name":"Bonfire Elementals","player_choice":"Offered Basic","floor":3.0,"gold_loss":0.0,"damage_taken":0.0},{"cards_removed":["Defend_R"],"damage_healed":0,"gold_gain":0,"player_choice":"Card Removal","damage_taken":7,"max_hp_gain":0,"max_hp_loss":0,"event_name":"Golden Wing","floor":13,"gold_loss":0},{"damage_healed":0,"gold_gain":0,"player_choice":"Gave Potion","damage_taken":0,"relics_obtained":["Du-Vu Doll"],"max_hp_gain":0,"max_hp_loss":0,"event_name":"WeMeetAgain","floor":14,"gold_loss":0},{"cards_removed":["Strike_R"],"damage_healed":0,"gold_gain":0,"player_choice":"Elegance","damage_taken":0,"max_hp_gain":0,"max_hp_loss":0,"event_name":"Back to Basics","floor":21,"gold_loss":0},{"damage_healed":0,"gold_gain":0,"player_choice":"Fought Bandits","damage_taken":0,"max_hp_gain":0,"max_hp_loss":0,"event_name":"Masked Bandits","floor":22,"gold_loss":0},{"damage_healed":0,"gold_gain":0,"player_choice":"Smashed Altar","damage_taken":0,"max_hp_gain":0,"max_hp_loss":0,"event_name":"Forgotten Altar","floor":24,"gold_loss":0,"cards_obtained":["Decay"]},{"damage_healed":0,"gold_gain":0,"player_choice":"","damage_taken":6,"max_hp_gain":0,"max_hp_loss":0,"event_name":"Knowing Skull","floor":28,"potions_obtained":[],"gold_loss":0,"cards_obtained":[]},{"damage_healed":0,"gold_gain":0,"player_choice":"1 cards matched","damage_taken":0,"max_hp_gain":0,"max_hp_loss":0,"event_name":"Match and Keep!","floor":38,"gold_loss":0,"cards_obtained":["Battle Trance"]}],"is_beta":false,"boss_relics":[{"not_picked":["Fusion Hammer","Runic Dome"],"picked":"Astrolabe"},{"not_picked":["Empty Cage","Philosopher\u0027s Stone"],"picked":"Sozu"}],"items_purged_floors":[25,48],"is_endless":false,"potions_floor_spawned":[5,8,18,19,20,35,41,42,46,47],"ascension_level":15}}