{"host":"97bfbul5vt0mksxl","time":1614023475,"event":{"mods":["BaseMod","Colored Powertips","Highlight Path","Infinite Spire","Minty Spire (QoL Compilation)","Replay The Spire","Shop Mod","StSLib","SuperFastMode"],"gold_per_floor":[114,162,6,6,6,6,20,46,46,46,46,60,86,97,97,200,200,220,145,145,165,165,165],"floor_reached":22,"language":"ENG","playtime":781,"items_purged":[],"score":192,"play_id":"67004408-c120-443e-8b0e-b76d7e2691c8","local_time":"20210222165115","is_ascension_mode":false,"campfire_choices":[{"data":"Bash","floor":6,"key":"SMITH"},{"floor":11,"key":"REST"},{"floor":15,"key":"REST"}],"circlet_count":0,"master_deck":["Strike_R","Strike_R","Strike_R","Strike_R","Strike_R","Defend_R","Defend_R","Defend_R","Defend_R","Bash+1","ReplayTheSpireMod:Corrosion Curse+1","Pommel Strike","Pummel","ReplayTheSpireMod:Limb From Limb","Twin Strike","Pot Of Greed","Pot Of Greed","Life Link"],"relics":["Burning Blood","Bag of Preparation","Vajra","Frozen Eye","ReplayFunnel","King of Hearts","infinitespire:ShieldingShard","Smiling Mask","Ornamental Fan","SlaversCollar","Grinning Jar"],"acts_visited":["Exordium","TheCity"],"potions_floor_usage":[16,16,16],"damage_taken":[{"damage":6,"enemies":"Cultist","floor":1,"turns":3},{"damage":4,"enemies":"Small Slimes","floor":7,"turns":3},{"damage":57,"enemies":"3 Sentries","floor":8,"turns":10},{"damage":16,"enemies":"Jaw Worm","floor":12,"turns":5},{"damage":11,"enemies":"Gremlin Nob","floor":13,"turns":4},{"damage":2,"enemies":"Exordium Thugs","floor":14,"turns":3},{"damage":37,"enemies":"Slime Boss","floor":16,"turns":12},{"damage":38,"enemies":"Shell Parasite","floor":18,"turns":5},{"damage":7,"enemies":"3 Byrds","floor":21,"turns":6},{"damage":49,"enemies":"3 Cultists","floor":22,"turns":4}],"seed_played":"1108200369640168869","potions_obtained":[{"floor":7,"key":"Flashbang"},{"floor":12,"key":"DistilledChaos"},{"floor":14,"key":"FearPotion"},{"floor":18,"key":"Venom Potion"}],"is_trial":false,"path_per_floor":["M","T","$","?","?","R","M","E","T","T","R","M","E","M","R","B",null,"M","?","?","M","M"],"character_chosen":"IRONCLAD","items_purchased":["Frozen Eye"],"campfire_rested":2,"item_purchase_floors":[3],"current_hp_per_floor":[80,80,80,80,80,80,80,29,29,29,53,43,38,42,66,35,80,48,48,48,47,0,0],"gold":165,"neow_bonus":"RANDOM_COMMON_RELIC","is_daily":false,"chose_seed":false,"campfire_upgraded":1,"win_rate":0.0,"timestamp":1614023475,"path_taken":["M","?","$","?","?","R","?","E","T","?","R","M","E","M","R","BOSS","M","?","?","M","M"],"items_purchased_type":["Relic"],"build_version":"2020-12-22","purchased_purges":0,"victory":false,"max_hp_per_floor":[80,80,80,80,80,80,80,80,80,80,80,80,80,80,80,80,80,80,80,80,80,80,80],"card_choices":[{"not_picked":["Reckless Charge","Body Slam"],"picked":"ReplayTheSpireMod:Corrosion Curse","floor":1},{"not_picked":["ReplayTheSpireMod:LeadingStrike","Burning Pact","Heavy Blade"],"picked":"SKIP","floor":7},{"not_picked":["Offering","Rupture"],"picked":"Pommel Strike","floor":8},{"not_picked":["Sword Boomerang","Entrench"],"picked":"Pummel","floor":12},{"not_picked":["Rampage","Cleave"],"picked":"ReplayTheSpireMod:Limb From Limb","floor":13},{"not_picked":["Warcry","Wild Strike","ReplayTheSpireMod:Strike From Hell"],"picked":"SKIP","floor":14},{"not_picked":["Clothesline+1","Heavy Blade"],"picked":"Twin Strike","floor":18},{"not_picked":["Second Wind","Entrench"],"picked":"Life Link","floor":21}],"player_experience":174487,"relics_obtained":[{"floor":2,"key":"Vajra"},{"floor":8,"key":"King of Hearts"},{"floor":9,"key":"infinitespire:ShieldingShard"},{"floor":10,"key":"Smiling Mask"},{"floor":13,"key":"Ornamental Fan"}],"event_choices":[{"damage_healed":0,"gold_gain":0,"player_choice":"Grow","damage_taken":0,"max_hp_gain":0,"max_hp_loss":0,"event_name":"Living Wall","floor":4,"gold_loss":0,"cards_upgraded":["ReplayTheSpireMod:Corrosion Curse"]},{"damage_healed":0,"gold_gain":0,"player_choice":"Box","damage_taken":0,"relics_obtained":["ReplayFunnel"],"max_hp_gain":0,"max_hp_loss":0,"event_name":"Big Fish","floor":5,"gold_loss":0,"cards_obtained":["Regret"]},{"cards_removed":["Regret"],"damage_healed":0,"gold_gain":0,"player_choice":"Gave Gold","damage_taken":0,"max_hp_gain":0,"max_hp_loss":0,"event_name":"Beggar","floor":19,"gold_loss":75}],"is_beta":false,"boss_relics":[{"not_picked":["ChewingGum","Fusion Hammer"],"picked":"SlaversCollar"}],"items_purged_floors":[],"is_endless":false,"potions_floor_spawned":[7,12,14,18],"killed_by":"3 Cultists","ascension_level":0}}