{"host":"5bsc0nab6whpyrbj","time":1614013024,"event":{"mods":["BaseMod","Highlight Path","Minty Spire (QoL Compilation)"],"gold_per_floor":[20,20,20,36,36,36,68,68,95,95,105,134,134,144,144,245,245,232,4,103,116,116,116,116,143,166,166,166],"floor_reached":27,"language":"ENG","playtime":628,"items_purged":[],"score":237,"play_id":"f6394158-f4d5-434a-a3d7-1cd065a3eb5c","local_time":"20210222115704","is_ascension_mode":false,"campfire_choices":[{"floor":6.0,"key":"REST"},{"floor":10.0,"key":"REST"},{"floor":15.0,"key":"REST"},{"floor":24.0,"key":"REST"}],"circlet_count":0,"master_deck":["Strike_B","Strike_B","Defend_B","Defend_B","Defend_B","Defend_B","Zap","Dualcast","Gash","Tempest","Heatsinks","Chaos","Loop+1","Static Discharge","White Noise","Leap","Buffer","Self Repair","Storm","Hologram","Gash"],"relics":["Cracked Core","Dream Catcher","Pantograph","Black Star","PreservedInsect","Nloth\u0027s Gift","Unceasing Top","Blood Vial","DataDisk"],"acts_visited":["Exordium","TheCity"],"potions_floor_usage":[27],"damage_taken":[{"damage":4.0,"enemies":"2 Louse","floor":1.0,"turns":2.0},{"damage":12.0,"enemies":"Small Slimes","floor":4.0,"turns":2.0},{"damage":49.0,"enemies":"Gremlin Nob","floor":7.0,"turns":5.0},{"damage":6.0,"enemies":"Cultist","floor":11.0,"turns":3.0},{"damage":34.0,"enemies":"3 Sentries","floor":12.0,"turns":6.0},{"damage":4.0,"enemies":"Looter","floor":14.0,"turns":3.0},{"damage":29.0,"enemies":"Hexaghost","floor":16.0,"turns":7.0},{"damage":21.0,"enemies":"2 Thieves","floor":18.0,"turns":4.0},{"damage":36.0,"enemies":"3 Byrds","floor":21.0,"turns":4.0},{"damage":27.0,"enemies":"Book of Stabbing","floor":25.0,"turns":4.0},{"damage":36,"enemies":"3 Cultists","floor":27,"turns":3}],"seed_played":"3776016314294021829","potions_obtained":[{"floor":1.0,"key":"BlessingOfTheForge"},{"floor":4.0,"key":"Strength Potion"},{"floor":12.0,"key":"ColorlessPotion"},{"floor":14.0,"key":"FocusPotion"},{"floor":25.0,"key":"Strength Potion"}],"is_trial":false,"path_per_floor":["M","?","?","M","?","R","E","$","T","R","M","E","?","M","R","B",null,"M","$","?","M","?","?","R","E","T","M"],"character_chosen":"DEFECT","items_purchased":["Storm","PreservedInsect"],"campfire_rested":4,"item_purchase_floors":[19,19],"current_hp_per_floor":[71,71,71,59,59,75,26,26,26,48,42,8,8,4,26,22,75,54,54,54,25,25,25,47,27,27,0,0],"gold":166,"neow_bonus":"TRANSFORM_TWO_CARDS","is_daily":false,"chose_seed":false,"campfire_upgraded":0,"win_rate":0.0,"timestamp":1614013024,"path_taken":["M","?","?","?","?","R","E","?","T","R","M","E","?","M","R","BOSS","M","?","?","M","?","?","R","E","T","?"],"items_purchased_type":["Card","Relic"],"build_version":"2020-12-22","purchased_purges":0,"victory":false,"max_hp_per_floor":[75,75,75,75,75,75,75,75,75,75,75,75,75,75,75,75,75,75,75,75,75,75,75,75,75,75,75,75],"card_choices":[{"not_picked":["Cold Snap","Darkness"],"picked":"Tempest","floor":1.0},{"not_picked":["Turbo","Gash"],"picked":"Chaos","floor":4.0},{"not_picked":["Echo Form","Hologram"],"picked":"Loop","floor":7.0},{"not_picked":["Leap","Ball Lightning"],"picked":"Static Discharge","floor":11.0},{"not_picked":["Undo","Reprogram","Cold Snap"],"picked":"SKIP","floor":12.0},{"not_picked":["Force Field","Gash"],"picked":"White Noise","floor":14.0},{"not_picked":["Beam Cell","Sweeping Beam"],"picked":"Leap","floor":15.0},{"not_picked":["Reboot","Core Surge"],"picked":"Buffer","floor":16.0},{"not_picked":["Chill","Heatsinks"],"picked":"Self Repair","floor":18.0},{"not_picked":["Glacier","Gash"],"picked":"Hologram","floor":21.0},{"not_picked":["Go for the Eyes","Redo+1"],"picked":"Gash","floor":24.0},{"not_picked":["Double Energy+1","Recycle+1","Heatsinks"],"picked":"SKIP","floor":25.0}],"player_experience":93535,"relics_obtained":[{"floor":7.0,"key":"Dream Catcher"},{"floor":9.0,"key":"Potion Belt"},{"floor":12.0,"key":"Pantograph"},{"floor":25.0,"key":"Unceasing Top"},{"floor":25.0,"key":"Blood Vial"},{"floor":26.0,"key":"DataDisk"}],"event_choices":[{"damage_healed":0.0,"max_hp_gain":0.0,"max_hp_loss":0.0,"gold_gain":0.0,"cards_transformed":["Coolheaded"],"event_name":"Living Wall","player_choice":"Change","floor":2.0,"gold_loss":0.0,"damage_taken":0.0,"cards_obtained":["Genetic Algorithm"]},{"cards_removed":["Genetic Algorithm"],"damage_healed":0.0,"max_hp_gain":0.0,"max_hp_loss":0.0,"gold_gain":0.0,"event_name":"NoteForYourself","player_choice":"Took Card","floor":3.0,"gold_loss":0.0,"damage_taken":0.0,"cards_obtained":["Heatsinks"]},{"damage_healed":0.0,"max_hp_gain":0.0,"max_hp_loss":0.0,"gold_gain":0.0,"event_name":"Shining Light","player_choice":"Ignored","floor":5.0,"gold_loss":0.0,"damage_taken":0.0},{"damage_healed":0.0,"max_hp_gain":0.0,"max_hp_loss":0.0,"gold_gain":0.0,"event_name":"Accursed Blacksmith","player_choice":"Forge","floor":13.0,"gold_loss":0.0,"damage_taken":0.0,"cards_upgraded":["Loop"]},{"damage_healed":0.0,"max_hp_gain":0.0,"max_hp_loss":0.0,"gold_gain":99.0,"event_name":"Nest","player_choice":"Stole From Cult","floor":20.0,"gold_loss":0.0,"damage_taken":0.0},{"damage_healed":0.0,"max_hp_gain":0.0,"max_hp_loss":0.0,"gold_gain":0.0,"event_name":"Cursed Tome","player_choice":"Ignored","floor":22.0,"gold_loss":0.0,"damage_taken":0.0},{"damage_healed":0.0,"max_hp_gain":0.0,"max_hp_loss":0.0,"gold_gain":0.0,"event_name":"N\u0027loth","player_choice":"Traded Relic","floor":23.0,"relics_lost":["Potion Belt"],"gold_loss":0.0,"damage_taken":0.0,"relics_obtained":["Nloth\u0027s Gift"]}],"is_beta":false,"boss_relics":[{"not_picked":["SlaversCollar","FrozenCore"],"picked":"Black Star"}],"items_purged_floors":[],"is_endless":false,"potions_floor_spawned":[1,4,12,14,25],"killed_by":"3 Cultists","ascension_level":0}}