{"host":"w7luwlzeuqu3cdo6","time":1614025047,"event":{"mods":["BaseMod","Downfall","Minty Spire (QoL Compilation)","StSLib"],"gold_per_floor":[99,116,116,174,184,284,355,371,391,157,189,207,221,254,272,377,377,377,377,377,377,377,397,471,503,516,516,529,563,563,563,563],"floor_reached":30,"language":"ENG","playtime":2085,"items_purged":["Regret"],"score":305,"play_id":"937023a2-e8b9-474b-a2ff-c4cfd59c9c7a","local_time":"20210222211727","is_ascension_mode":false,"campfire_choices":[{"data":"Slimebound:Tackle","floor":1,"key":"SMITH"},{"data":"Slimebound:SlimeSlap","floor":18,"key":"SMITH"}],"circlet_count":0,"master_deck":["Slimebound:Strike_Slimebound","Slimebound:Strike_Slimebound","Slimebound:Strike_Slimebound","Slimebound:Tackle+1","Slimebound:Defend_Slimebound","Slimebound:Defend_Slimebound","Slimebound:Defend_Slimebound","Slimebound:Defend_Slimebound","Slimebound:Split","Slimebound:CorrosiveSpit+1","Slimebound:ItLooksTasty","Slimebound:RollThrough","Slimebound:MegaLick","Slimebound:LeechingTouch","Slimebound:SplitMire","Slimebound:SlimeTap","Slimebound:Gluttony","Slimebound:SpikyOuterGoop","Slimebound:ComboTackle","Slimebound:SlimeSlap+1","Slimebound:OozeBath","RitualDagger","Slimebound:BestDefense","Slimebound:HauntingLick","Slimebound:AcidTongue","CurseOfTheBell","CurseOfTheBell","downfall:Bewildered","Slimebound:WasteNot","Slimebound:Schlurp","Slimebound:AcidTongue+1"],"relics":["Slimebound:AbsorbEndCombatUpgraded","Boot","Pantograph","Meat on the Bone","Slimebound:SelfDamagePreventRelic","Mummified Hand","Tiny Chest","Shuriken","Singing Bowl","Incense Burner","downfall:ExtraCursedBell","Smiling Mask","Blue Candle","Turnip","Blood Vial"],"acts_visited":["Exordium","TheCity"],"potions_floor_usage":[4,11,16,23,28,28,28,29],"damage_taken":[{"damage":4,"enemies":"Jaw Worm","floor":2,"turns":3},{"damage":33,"enemies":"Lagavulin Event","floor":4,"turns":4},{"damage":7,"enemies":"Small Slimes","floor":5,"turns":4},{"damage":0,"enemies":"2 Louse","floor":8,"turns":2},{"damage":2,"enemies":"Lots of Slimes","floor":9,"turns":3},{"damage":7,"enemies":"downfall:FleeingMerchant","floor":10,"turns":4},{"damage":8,"enemies":"Lagavulin","floor":11,"turns":5},{"damage":0,"enemies":"Exordium Thugs","floor":12,"turns":4},{"damage":8,"enemies":"3 Louse","floor":13,"turns":3},{"damage":0,"enemies":"3 Sentries","floor":14,"turns":5},{"damage":5,"enemies":"downfall:LooterAlt","floor":15,"turns":2},{"damage":4,"enemies":"WA_ARCHETYPE_RETAIN","floor":16,"turns":5},{"damage":21,"enemies":"3 Byrds","floor":23,"turns":5},{"damage":30,"enemies":"Book of Stabbing","floor":25,"turns":5},{"damage":15,"enemies":"Spheric Guardian","floor":26,"turns":4},{"damage":45,"enemies":"Snecko","floor":28,"turns":7},{"damage":25,"enemies":"Gremlin Leader","floor":29,"turns":8},{"damage":29,"enemies":"Centurion and Healer","floor":30,"turns":2}],"seed_played":"4580738641909436096","potions_obtained":[{"floor":2,"key":"AttackPotion"},{"floor":5,"key":"DuplicationPotion"},{"floor":8,"key":"Guardian:BlockOnCardUsePotion"},{"floor":9,"key":"SteroidPotion"},{"floor":12,"key":"Swift Potion"},{"floor":16,"key":"Energy Potion"},{"floor":26,"key":"SkillPotion"},{"floor":28,"key":"SkillPotion"}],"is_trial":false,"path_per_floor":["R","M","?","?","M","?","T","M","M","$","E","M","M","E","M","B",null,"R","?","?","?","T","M","T","E","M","?","M","E","M"],"character_chosen":"SLIMEBOUND","items_purchased":["Slimebound:SelfDamagePreventRelic"],"campfire_rested":0,"item_purchase_floors":[10],"current_hp_per_floor":[65,65,65,40,35,35,35,39,45,44,44,52,50,58,57,65,65,65,54,48,32,32,38,38,35,41,41,14,16,0,0,0],"gold":563,"neow_bonus":"UPGRADE_CARD","is_daily":false,"chose_seed":false,"campfire_upgraded":2,"win_rate":0.0,"timestamp":1614025047,"path_taken":["R","M","?","?","M","?","T","M","?","$","E","M","M","E","M","BOSS","R","?","?","?","?","?","T","E","M","?","M","E","M"],"items_purchased_type":["Relic"],"build_version":"2020-12-22","purchased_purges":1,"victory":false,"max_hp_per_floor":[65,65,65,65,65,65,65,65,65,65,65,65,65,65,65,65,65,65,70,70,70,70,70,70,70,70,70,70,70,70,70,70],"card_choices":[{"not_picked":["Slimebound:RollThrough","Slimebound:SamplingLick"],"picked":"Slimebound:ItLooksTasty","floor":2},{"not_picked":["Slimebound:LivingWall","Slimebound:Prepare"],"picked":"Slimebound:RollThrough","floor":4},{"not_picked":["Slimebound:SlimeSpikes","Slimebound:SplitLeeching"],"picked":"Slimebound:MegaLick","floor":5},{"not_picked":["Slimebound:LivingWall","Slimebound:HauntingLick"],"picked":"Slimebound:LeechingTouch","floor":8},{"not_picked":["Slimebound:HauntingLick","Slimebound:Dissolve"],"picked":"Slimebound:SplitMire","floor":9},{"not_picked":["Slimebound:SlimeSpikes","Slimebound:SlimeBrawl"],"picked":"Slimebound:SlimeTap","floor":10},{"not_picked":["Slimebound:FinishingTackle","Slimebound:PressTheAttack"],"picked":"Slimebound:Gluttony","floor":11},{"not_picked":["Slimebound:ProtectTheBoss","Slimebound:Nibble"],"picked":"Slimebound:SpikyOuterGoop","floor":12},{"not_picked":["Slimebound:RollThrough","Slimebound:RejuvenatingLick"],"picked":"Slimebound:ComboTackle","floor":13},{"not_picked":["Slimebound:DivideAndConquer","Slimebound:ComboTackle"],"picked":"Slimebound:SlimeSlap","floor":14},{"not_picked":["Slimebound:SlimeSpikes","Slimebound:SplitAcid","Slimebound:SplitLeeching"],"picked":"SKIP","floor":15},{"not_picked":["Slimebound:MassRepurpose","Slimebound:DuplicatedForm"],"picked":"Slimebound:OozeBath","floor":16},{"not_picked":["Slimebound:GoopTackle","Slimebound:SlimeBrawl"],"picked":"Slimebound:BestDefense","floor":23},{"not_picked":["Slimebound:ComboTackle","Slimebound:SamplingLick"],"picked":"Slimebound:HauntingLick","floor":25},{"not_picked":["Slimebound:FlameTackle","Slimebound:Equalize"],"picked":"Slimebound:AcidTongue","floor":26},{"not_picked":["Slimebound:SplitLeeching+1","Slimebound:MinionMaster"],"picked":"Slimebound:Schlurp","floor":28},{"not_picked":["Slimebound:BestDefense+1","Slimebound:SplitMire"],"picked":"Slimebound:AcidTongue+1","floor":29}],"player_experience":235562,"relics_obtained":[{"floor":4,"key":"Pantograph"},{"floor":7,"key":"Meat on the Bone"},{"floor":11,"key":"Mummified Hand"},{"floor":14,"key":"Tiny Chest"},{"floor":22,"key":"Shuriken"},{"floor":24,"key":"Singing Bowl"},{"floor":25,"key":"Incense Burner"},{"floor":27,"key":"Smiling Mask"},{"floor":27,"key":"Blue Candle"},{"floor":27,"key":"Turnip"},{"floor":29,"key":"Blood Vial"}],"event_choices":[{"damage_healed":0,"gold_gain":0,"player_choice":"Box","damage_taken":0,"relics_obtained":["Boot"],"max_hp_gain":0,"max_hp_loss":0,"event_name":"Big Fish","floor":3,"gold_loss":0,"cards_obtained":["Regret"]}],"is_beta":false,"boss_relics":[{"not_picked":["Tiny House","Runic Pyramid"],"picked":"Slimebound:AbsorbEndCombatUpgraded"}],"items_purged_floors":[10],"is_endless":false,"potions_floor_spawned":[2,5,8,9,12,13,16,26,28],"killed_by":"Centurion and Healer","ascension_level":0}}