{"host":"e1pm3b7xpcm97e5w","time":1614025487,"event":{"mods":["BaseMod","Better Skull","Googly Eyes","Minty Spire (QoL Compilation)","Relic Stats","Shop Mod","Spicy Shops","StSLib"],"gold_per_floor":[109,109,124,143,162,191,209,209,209,209,235,251,278,47,47,124,124,168,188,9,27,27,58,58,108,108,134,134,134,152,163,163,163,163],"floor_reached":33,"language":"ENG","playtime":902,"items_purged":["Defend_P"],"score":581,"play_id":"1bcffbe4-2277-4811-9e72-3571afbddc4e","local_time":"20210222152447","is_ascension_mode":true,"campfire_choices":[{"floor":8,"key":"REST"},{"floor":10,"key":"REST"},{"data":"Wallop","floor":15,"key":"SMITH"},{"data":"Ragnarok","floor":24,"key":"SMITH"},{"floor":28,"key":"REST"},{"data":"Wish","floor":32,"key":"SMITH"}],"circlet_count":0,"master_deck":["AscendersBane","Strike_P","Strike_P","Strike_P","Strike_P+1","Defend_P","Defend_P","Defend_P+1","Eruption+1","Vigilance","Wallop+1","Weave","Conclude","InnerPeace","FollowUp","CutThroughFate","JustLucky","CrushJoints","Wish+1","DeusExMachina","ThirdEye","Wireheading","ClearTheMind","Protect","Ragnarok+1","Protect+1","ThirdEye+1"],"relics":["PureWater","Akabeko","Oddly Smooth Stone","Bag of Marbles","White Beast Statue","PreservedInsect","SacredBark","Membership Card","MealTicket","Centennial Puzzle","Shuriken","Toxic Egg 2"],"acts_visited":["Exordium","TheCity"],"potions_floor_usage":[6,7,13,18,19,21,23],"damage_taken":[{"damage":0,"enemies":"2 Louse","floor":1,"turns":2},{"damage":3,"enemies":"Jaw Worm","floor":3,"turns":4},{"damage":6,"enemies":"Small Slimes","floor":4,"turns":2},{"damage":0,"enemies":"Blue Slaver","floor":5,"turns":4},{"damage":30,"enemies":"Gremlin Nob","floor":6,"turns":3},{"damage":1,"enemies":"Large Slime","floor":7,"turns":5},{"damage":3,"enemies":"3 Sentries","floor":11,"turns":3},{"damage":0,"enemies":"Exordium Wildlife","floor":12,"turns":2},{"damage":7,"enemies":"Lagavulin","floor":13,"turns":5},{"damage":13,"enemies":"Hexaghost","floor":16,"turns":7},{"damage":3,"enemies":"Spheric Guardian","floor":18,"turns":3},{"damage":0,"enemies":"Chosen","floor":19,"turns":1},{"damage":20,"enemies":"Centurion and Healer","floor":21,"turns":3},{"damage":7,"enemies":"Book of Stabbing","floor":23,"turns":5},{"damage":0,"enemies":"Slavers","floor":27,"turns":1},{"damage":0,"enemies":"Snake Plant","floor":30,"turns":1},{"damage":0,"enemies":"Snecko","floor":31,"turns":4},{"damage":48,"enemies":"Collector","floor":33,"turns":2}],"seed_played":"2554304524909220943","potions_obtained":[{"floor":1,"key":"Swift Potion"},{"floor":4,"key":"SpeedPotion"},{"floor":6,"key":"Block Potion"},{"floor":11,"key":"FearPotion"},{"floor":16,"key":"SpeedPotion"},{"floor":18,"key":"SteroidPotion"},{"floor":19,"key":"Explosive Potion"},{"floor":21,"key":"PowerPotion"},{"floor":23,"key":"SpeedPotion"},{"floor":30,"key":"Dexterity Potion"}],"is_trial":false,"path_per_floor":["M","?","M","M","M","E","M","R","T","R","E","M","E","$","R","B",null,"M","M","$","M","?","E","R","T","T","E","R","?","M","M","R","B"],"character_chosen":"WATCHER","items_purchased":["PreservedInsect","Membership Card","ClearTheMind"],"campfire_rested":3,"item_purchase_floors":[14,20,20],"current_hp_per_floor":[61,41,38,32,32,2,1,21,21,41,38,38,31,31,31,18,56,53,53,53,33,33,26,26,26,26,26,46,46,46,46,46,0,0],"gold":163,"neow_bonus":"UPGRADE_CARD","is_daily":false,"chose_seed":false,"campfire_upgraded":3,"win_rate":0.0,"timestamp":1614025487,"path_taken":["M","?","M","M","M","E","M","R","T","R","E","M","E","$","R","BOSS","M","M","$","M","?","E","R","?","T","E","R","?","M","M","R","BOSS"],"items_purchased_type":["Relic","Relic","Card"],"build_version":"2020-12-22","purchased_purges":1,"victory":false,"max_hp_per_floor":[68,68,68,68,68,68,68,68,68,68,68,68,68,68,68,68,68,68,68,68,68,68,68,68,68,68,68,68,68,68,68,68,68,68],"relic_stats":{"Centennial Puzzle":[3],"counters":[18,57],"Shuriken":[2],"MealTicket":0,"PreservedInsect":83,"obtain_stats":[{"Centennial Puzzle":25,"Shuriken":26,"SacredBark":17,"Oddly Smooth Stone":9,"MealTicket":23,"PreservedInsect":14,"Bag of Marbles":11,"Membership Card":20,"PureWater":0,"Toxic Egg 2":27,"Akabeko":6,"White Beast Statue":13},{"Centennial Puzzle":14,"Shuriken":14,"SacredBark":10,"Oddly Smooth Stone":6,"MealTicket":14,"PreservedInsect":9,"Bag of Marbles":7,"Membership Card":12,"PureWater":0,"Toxic Egg 2":15,"Akabeko":5,"White Beast Statue":9},{"Centennial Puzzle":49,"Shuriken":49,"SacredBark":37,"Oddly Smooth Stone":20,"MealTicket":49,"PreservedInsect":30,"Bag of Marbles":23,"Membership Card":41,"PureWater":0,"Toxic Egg 2":50,"Akabeko":15,"White Beast Statue":30}]},"card_choices":[{"not_picked":["JustLucky","EmptyFist"],"picked":"Wallop","floor":1},{"not_picked":["Prostrate","Crescendo"],"picked":"Weave","floor":3},{"not_picked":["SashWhip","Swivel"],"picked":"Conclude","floor":4},{"not_picked":["FlurryOfBlows","Perseverance"],"picked":"InnerPeace","floor":5},{"not_picked":["BowlingBash","InnerPeace"],"picked":"FollowUp","floor":6},{"not_picked":["Evaluate","FlyingSleeves"],"picked":"CutThroughFate","floor":7},{"not_picked":["FlyingSleeves","EmptyMind"],"picked":"JustLucky","floor":11},{"not_picked":["BowlingBash","PathToVictory"],"picked":"CrushJoints","floor":12},{"not_picked":["Alpha","Weave"],"picked":"Wish","floor":13},{"not_picked":["Alpha","Omniscience"],"picked":"DeusExMachina","floor":16},{"not_picked":["ClearTheMind","Nirvana"],"picked":"ThirdEye","floor":18},{"not_picked":["Fasting2","EmptyBody"],"picked":"Wireheading","floor":19},{"not_picked":["Nirvana","ForeignInfluence"],"picked":"Protect","floor":21},{"not_picked":["CutThroughFate","Wireheading"],"picked":"Ragnarok","floor":23},{"not_picked":["Crescendo+1","SashWhip"],"picked":"Protect+1","floor":27},{"not_picked":["Swivel+1","Prostrate+1"],"picked":"ThirdEye+1","floor":30},{"not_picked":["FlyingSleeves","LikeWater","Vengeance+1"],"picked":"SKIP","floor":31}],"player_experience":724182,"relics_obtained":[{"floor":6,"key":"Akabeko"},{"floor":9,"key":"Oddly Smooth Stone"},{"floor":11,"key":"Bag of Marbles"},{"floor":13,"key":"White Beast Statue"},{"floor":23,"key":"MealTicket"},{"floor":25,"key":"Centennial Puzzle"},{"floor":26,"key":"Shuriken"},{"floor":27,"key":"Toxic Egg 2"}],"event_choices":[{"damage_healed":0,"gold_gain":0,"player_choice":"Entered Light","damage_taken":20,"max_hp_gain":0,"max_hp_loss":0,"event_name":"Shining Light","floor":2,"gold_loss":0,"cards_upgraded":["Strike_P","Defend_P"]},{"damage_healed":0,"gold_gain":0,"player_choice":"Ignored","damage_taken":0,"max_hp_gain":0,"max_hp_loss":0,"event_name":"The Mausoleum","floor":22,"gold_loss":0},{"damage_healed":0,"gold_gain":0,"player_choice":"Ignored","damage_taken":0,"max_hp_gain":0,"max_hp_loss":0,"event_name":"Vampires","floor":29,"gold_loss":0}],"is_beta":false,"boss_relics":[{"not_picked":["Philosopher\u0027s Stone","Astrolabe"],"picked":"SacredBark"}],"items_purged_floors":[14],"is_endless":false,"potions_floor_spawned":[1,4,6,11,16,18,19,21,23,27,30,31],"killed_by":"Collector","ascension_level":15}}