{"host":"rfvxwqmjnimh09wr","time":1614028848,"event":{"mods":["BaseMod","Colored Map","Hermit","Minty Spire (QoL Compilation)","StSLib"],"gold_per_floor":[317,329,95,95,13,53,53,53,53,53,94,165,165,185,185,185,185],"floor_reached":16,"language":"ENG","playtime":1011,"items_purged":[],"score":106,"play_id":"b7262d10-c6bf-46ab-b3e0-7ff53e44c583","local_time":"20210222162048","is_ascension_mode":false,"campfire_choices":[{"floor":8,"key":"REST"},{"floor":10,"key":"REST"},{"floor":15,"key":"REST"}],"circlet_count":0,"master_deck":["hermit:Strike_Hermit","hermit:Strike_Hermit","hermit:Strike_Hermit","hermit:Strike_Hermit","hermit:Defend_Hermit","hermit:Defend_Hermit","hermit:Defend_Hermit","hermit:Defend_Hermit","hermit:Snapshot","hermit:Covet","hermit:LoneWolf","hermit:Enervate","hermit:Deadeye","Injury","hermit:Combo","hermit:Vantage","hermit:Manifest","hermit:LowProfile","hermit:Purgatory","hermit:BigShot","hermit:ItchyTrigger"],"relics":["hermit:Momento","Old Coin","Dream Catcher","Golden Idol","Juzu Bracelet","Smiling Mask","Potion Belt","Shuriken","Orichalcum"],"acts_visited":["Exordium"],"potions_floor_usage":[6,11,11,14,16],"damage_taken":[{"damage":0,"enemies":"Small Slimes","floor":1,"turns":3},{"damage":6,"enemies":"2 Louse","floor":2,"turns":4},{"damage":36,"enemies":"Gremlin Nob","floor":6,"turns":5},{"damage":17,"enemies":"Lagavulin","floor":11,"turns":7},{"damage":26,"enemies":"3 Sentries","floor":12,"turns":3},{"damage":2,"enemies":"Cultist","floor":14,"turns":5},{"damage":52,"enemies":"The Guardian","floor":16,"turns":9}],"seed_played":"-9145490084107317804","potions_obtained":[{"floor":1,"key":"SkillPotion"},{"floor":6,"key":"Swift Potion"},{"floor":7,"key":"Strength Potion"},{"floor":7,"key":"FearPotion"},{"floor":7,"key":"SteroidPotion"},{"floor":12,"key":"Energy Potion"}],"is_trial":false,"path_per_floor":["M","M","$","?","$","E","?","R","T","R","E","?","?","M","R","B"],"character_chosen":"HERMIT","items_purchased":["Dream Catcher","hermit:Deadeye","hermit:Combo","hermit:Vantage"],"campfire_rested":3,"item_purchase_floors":[3,3,5,5],"current_hp_per_floor":[75,69,69,69,69,33,33,55,55,75,58,32,32,30,52,0,0],"gold":185,"neow_bonus":"ONE_RARE_RELIC","is_daily":false,"chose_seed":false,"campfire_upgraded":0,"win_rate":0.0,"timestamp":1614028848,"path_taken":["M","M","$","?","$","E","?","R","T","R","E","?","?","M","R","BOSS"],"items_purchased_type":["Relic","Card","Card","Card"],"build_version":"2020-12-22","purchased_purges":0,"victory":false,"max_hp_per_floor":[75,75,75,75,75,75,75,75,75,75,75,75,75,75,75,75,75],"card_choices":[{"not_picked":["hermit:Misfire","hermit:Glare"],"picked":"hermit:LoneWolf","floor":1},{"not_picked":["hermit:HighCaliber","hermit:HoleUp"],"picked":"hermit:Enervate","floor":2},{"not_picked":["hermit:Glare","hermit:Ricochet"],"picked":"hermit:Manifest","floor":6},{"not_picked":["hermit:Misfire","hermit:Roulette"],"picked":"hermit:LowProfile","floor":10},{"not_picked":["hermit:Gestalt","hermit:GhostlyPresence"],"picked":"hermit:Purgatory","floor":11},{"not_picked":["hermit:GhostlyPresence","hermit:HoleUp"],"picked":"hermit:BigShot","floor":12},{"not_picked":["hermit:WideOpen","hermit:Glare","hermit:Headshot"],"picked":"SKIP","floor":14},{"not_picked":["hermit:WideOpen","hermit:Dive"],"picked":"hermit:ItchyTrigger","floor":15}],"player_experience":211381,"relics_obtained":[{"floor":6,"key":"Juzu Bracelet"},{"floor":9,"key":"Smiling Mask"},{"floor":11,"key":"Potion Belt"},{"floor":13,"key":"Orichalcum"}],"event_choices":[{"damage_healed":0,"gold_gain":0,"player_choice":"Take Wound","damage_taken":0,"relics_obtained":["Golden Idol"],"max_hp_gain":0,"max_hp_loss":0,"event_name":"Golden Idol","floor":4,"gold_loss":0,"cards_obtained":["Injury"]},{"damage_healed":0,"gold_gain":0,"player_choice":"Got Potions","damage_taken":0,"max_hp_gain":0,"max_hp_loss":0,"event_name":"Lab","floor":7,"gold_loss":0},{"damage_healed":0,"gold_gain":0,"player_choice":"Searched \u00272\u0027 times","damage_taken":0,"relics_obtained":["Shuriken"],"max_hp_gain":0,"max_hp_loss":0,"event_name":"Dead Adventurer","floor":12,"gold_loss":0},{"damage_healed":0,"gold_gain":0,"player_choice":"Relic","damage_taken":0,"max_hp_gain":0,"max_hp_loss":0,"event_name":"Wheel of Change","floor":13,"gold_loss":0}],"is_beta":false,"boss_relics":[],"items_purged_floors":[],"is_endless":false,"potions_floor_spawned":[1,6,12],"killed_by":"The Guardian","ascension_level":0}}