{"host":"7tvb1em0d2fx72q7","time":1614019434,"event":{"mods":["BaseMod","Challenge The Spire","Minty Spire (QoL Compilation)","StSLib","everything is the same but u backflip on backflip"],"gold_per_floor":[125,212,240,252,278,325,356,400,412,424,96,96,128,91,91,164,164,176,194,194,194,206,206,231,231,281,316,316,346,356,388,388,467,467,485,532,544,564,194,194,221,221,221,221,252,265,276,308,308,308,308],"floor_reached":50,"language":"ENG","playtime":4345,"items_purged":["Strike_P","Strike_P"],"score":1474,"play_id":"bafa9521-e033-4691-af0a-1864f9213ea5","local_time":"20210222134354","is_ascension_mode":true,"campfire_choices":[{"floor":12,"key":"REST"},{"data":"Ragnarok","floor":15,"key":"SMITH"},{"data":"WheelKick","floor":23,"key":"SMITH"},{"data":"CrushJoints","floor":25,"key":"SMITH"},{"floor":28,"key":"REST"},{"data":"CutThroughFate","floor":32,"key":"SMITH"},{"data":"Scrawl","floor":40,"key":"SMITH"},{"data":"Perseverance","floor":42,"key":"SMITH"},{"data":"Prostrate","floor":44,"key":"PURGE"},{"floor":49,"key":"RECALL"}],"circlet_count":0,"master_deck":["AscendersBane","Strike_P","Strike_P","Defend_P","Defend_P","Defend_P","Defend_P","Eruption","Vigilance","CutThroughFate+1","Consecrate","CrushJoints+1","Scrawl+1","ReachHeaven+1","Ragnarok+1","WheelKick+1","CutThroughFate","Meditate","Conclude+1","Ragnarok+1","EmptyBody","Collect","ClearTheMind","Ragnarok","Perseverance+1","ThirdEye","Halt","Fasting2+1","WaveOfTheHand","Halt+1","Adaptation"],"relics":["PureWater","MawBank","Vajra","Damaru","Blue Candle","Regal Pillow","MealTicket","Snecko Eye","Omamori","Bag of Preparation","Ornamental Fan","Bottled Lightning","TeardropLocket","SlaversCollar","Peace Pipe","Whetstone","Mercury Hourglass","Ginger","Nunchaku"],"acts_visited":["Exordium","TheCity","TheBeyond"],"potions_floor_usage":[6,8,18,24,30,31,46,48],"damage_taken":[{"damage":2,"enemies":"Jaw Worm","floor":1,"turns":4},{"damage":0,"enemies":"Small Slimes","floor":3,"turns":2},{"damage":0,"enemies":"Cultist","floor":5,"turns":2},{"damage":17,"enemies":"Lagavulin","floor":6,"turns":4},{"damage":6,"enemies":"Looter","floor":7,"turns":2},{"damage":8,"enemies":"Gremlin Nob","floor":8,"turns":3},{"damage":18,"enemies":"3 Sentries","floor":13,"turns":4},{"damage":0,"enemies":"Slime Boss","floor":16,"turns":4},{"damage":6,"enemies":"Spheric Guardian","floor":18,"turns":3},{"damage":0,"enemies":"Shell Parasite","floor":19,"turns":1},{"damage":0,"enemies":"Centurion and Healer","floor":22,"turns":1},{"damage":0,"enemies":"Slavers","floor":24,"turns":1},{"damage":31,"enemies":"Gremlin Leader","floor":27,"turns":2},{"damage":0,"enemies":"Book of Stabbing","floor":29,"turns":2},{"damage":7,"enemies":"Cultist and Chosen","floor":30,"turns":3},{"damage":0,"enemies":"Slavers","floor":31,"turns":1},{"damage":32,"enemies":"Automaton","floor":33,"turns":5},{"damage":3,"enemies":"3 Darklings","floor":35,"turns":2},{"damage":3,"enemies":"2 Orb Walkers","floor":36,"turns":2},{"damage":0,"enemies":"3 Shapes","floor":37,"turns":2},{"damage":0,"enemies":"Sphere and 2 Shapes","floor":38,"turns":2},{"damage":4,"enemies":"Nemesis","floor":41,"turns":3},{"damage":0,"enemies":"Giant Head","floor":45,"turns":4},{"damage":0,"enemies":"Transient","floor":46,"turns":6},{"damage":27,"enemies":"Writhing Mass","floor":47,"turns":4},{"damage":34,"enemies":"Nemesis","floor":48,"turns":3},{"damage":5,"enemies":"Time Eater","floor":50,"turns":2}],"seed_played":"5089991617174273937","potions_obtained":[{"floor":3,"key":"ColorlessPotion"},{"floor":5,"key":"BlessingOfTheForge"},{"floor":6,"key":"BlessingOfTheForge"},{"floor":16,"key":"AttackPotion"},{"floor":18,"key":"SmokeBomb"},{"floor":22,"key":"StancePotion"},{"floor":29,"key":"GamblersBrew"},{"floor":30,"key":"Ambrosia"},{"floor":46,"key":"LiquidBronze"},{"floor":48,"key":"FearPotion"}],"is_trial":false,"path_per_floor":["M","?","M","T","M","E","M","E","T","?","$","R","E","$","R","B",null,"M","M","?","?","M","R","E","R","T","E","R","E","M","E","R","B",null,"M","?","M","M","$","R","E","R","T","R","E","M","M","E","R","B"],"character_chosen":"WATCHER","items_purchased":["Ragnarok","WheelKick","Ambrosia","Meditate","Ambrosia","Whetstone"],"campfire_rested":2,"item_purchase_floors":[11,11,11,14,39,39],"current_hp_per_floor":[59,48,48,48,48,31,25,17,17,17,17,52,34,49,49,49,63,57,57,57,57,57,57,57,57,57,26,61,61,54,54,54,22,57,54,51,51,51,66,66,62,62,62,62,62,62,35,1,1,0,0],"gold":308,"neow_bonus":"RANDOM_COMMON_RELIC","is_daily":false,"chose_seed":false,"campfire_upgraded":6,"win_rate":0.0,"timestamp":1614019434,"path_taken":["M","?","M","?","M","E","M","E","T","?","$","R","E","?","R","BOSS","M","M","?","?","?","R","E","R","T","E","R","E","M","E","R","BOSS","M","?","M","M","$","R","E","R","T","R","E","M","M","E","R","BOSS"],"items_purchased_type":["Card","Card","Potion","Card","Potion","Relic"],"build_version":"2020-12-22","purchased_purges":2,"victory":false,"max_hp_per_floor":[68,68,68,68,68,68,68,68,68,68,68,68,68,68,68,68,68,68,68,68,68,68,68,68,68,68,68,68,68,68,68,68,68,68,68,68,68,68,68,68,68,68,68,68,68,68,68,68,68,68,68],"card_choices":[{"not_picked":["FollowUp","ClearTheMind"],"picked":"CutThroughFate","floor":1},{"not_picked":["EmptyFist","PathToVictory"],"picked":"Consecrate","floor":3},{"not_picked":["EmptyBody","Pray"],"picked":"CrushJoints","floor":5},{"not_picked":["EmptyFist","ClearTheMind"],"picked":"Prostrate","floor":6},{"not_picked":["FollowUp","WindmillStrike"],"picked":"Scrawl","floor":7},{"not_picked":["DevaForm","JustLucky"],"picked":"ReachHeaven","floor":8},{"not_picked":["ThirdEye","WreathOfFlame"],"picked":"CutThroughFate","floor":13},{"not_picked":["CrushJoints","ForeignInfluence"],"picked":"Conclude","floor":18},{"not_picked":["BowlingBash","Weave","FlyingSleeves"],"picked":"SKIP","floor":19},{"not_picked":["Conclude","PathToVictory","FlurryOfBlows"],"picked":"SKIP","floor":22},{"not_picked":["Meditate","Nirvana"],"picked":"EmptyBody","floor":24},{"not_picked":["BowlingBash","Meditate"],"picked":"Collect","floor":27},{"not_picked":["Swivel","LessonLearned","Evaluate+1"],"picked":"SKIP","floor":29},{"not_picked":["CrushJoints","Study","FlurryOfBlows"],"picked":"SKIP","floor":30},{"not_picked":["JustLucky","ForeignInfluence"],"picked":"ClearTheMind","floor":31},{"not_picked":["Alpha","Judgement"],"picked":"Ragnarok","floor":33},{"not_picked":["FlurryOfBlows","SashWhip"],"picked":"Perseverance","floor":35},{"not_picked":["EmptyFist","Adaptation+1"],"picked":"ThirdEye","floor":36},{"not_picked":["EmptyFist","Evaluate","EmptyBody"],"picked":"SKIP","floor":37},{"not_picked":["DeusExMachina","Evaluate"],"picked":"Halt","floor":38},{"not_picked":["Consecrate","WheelKick+1"],"picked":"Fasting2+1","floor":41},{"not_picked":["CrushJoints","WindmillStrike","FollowUp+1"],"picked":"SKIP","floor":45},{"not_picked":["EmptyFist","Pray"],"picked":"WaveOfTheHand","floor":46},{"not_picked":["PathToVictory","CarveReality"],"picked":"Halt+1","floor":47},{"not_picked":["Halt","Collect"],"picked":"Adaptation","floor":48}],"player_experience":2055655,"relics_obtained":[{"floor":4,"key":"Vajra"},{"floor":6,"key":"Damaru"},{"floor":8,"key":"Blue Candle"},{"floor":9,"key":"Regal Pillow"},{"floor":13,"key":"MealTicket"},{"floor":24,"key":"Omamori"},{"floor":26,"key":"Bag of Preparation"},{"floor":27,"key":"Ornamental Fan"},{"floor":29,"key":"Bottled Lightning"},{"floor":31,"key":"TeardropLocket"},{"floor":36,"key":"Peace Pipe"},{"floor":41,"key":"Mercury Hourglass"},{"floor":45,"key":"Ginger"},{"floor":48,"key":"Nunchaku"}],"event_choices":[{"damage_healed":0,"gold_gain":75,"player_choice":"Gather Gold","damage_taken":11,"max_hp_gain":0,"max_hp_loss":0,"event_name":"World of Goop","floor":2,"gold_loss":0},{"damage_healed":0,"gold_gain":0,"player_choice":"Ignored","damage_taken":0,"max_hp_gain":0,"max_hp_loss":0,"event_name":"Liars Game","floor":10,"gold_loss":0},{"damage_healed":0,"gold_gain":0,"player_choice":"Ignored","damage_taken":0,"max_hp_gain":0,"max_hp_loss":0,"event_name":"Ghosts","floor":20,"gold_loss":0},{"damage_healed":0,"gold_gain":0,"player_choice":"Copied","damage_taken":0,"max_hp_gain":0,"max_hp_loss":0,"event_name":"Duplicator","floor":21,"gold_loss":0,"cards_obtained":["Ragnarok"]},{"damage_healed":0,"gold_gain":0,"player_choice":"Fight","damage_taken":0,"max_hp_gain":0,"max_hp_loss":0,"event_name":"Mysterious Sphere","floor":36,"gold_loss":0}],"is_beta":false,"boss_relics":[{"not_picked":["Fusion Hammer","Black Star"],"picked":"Snecko Eye"},{"not_picked":["Velvet Choker","Runic Dome"],"picked":"SlaversCollar"}],"items_purged_floors":[11,39],"is_endless":false,"potions_floor_spawned":[3,5,6,16,18,22,29,30,41,46,47,48],"killed_by":"Time Eater","ascension_level":18}}