{"host":"p5axfb00mxhraew6","time":1614006727,"event":{"mods":["100% Spire Juice","Abigail Mod","Act Like it!","BaseMod","CapriCore","Friendly Minions","GifTheSpireLib","Jedi Mod","KomeijiMod","MarisaÅiñ∂âJÅ@ñÇóùçπÅj","Minty Spire (QoL Compilation)","Prisma Mod","ReimuÅiîé??öÎÅj","RemiliaÅiÂQïƒ‰ª?Åj","SOSÅiézîb?îVéqÅj","StSLib","Td1madao Mod","The Alterego","The Immortal","The Problem Sleuth","Yakumo Yukari mod"],"gold_per_floor":[139,158,2,2,2,2,30,30,30,62,62,92,92,104,104,175,175,194,31,46,96,96,96,113,141,165,194,216,253,274,285,285,367,367,382,436,336,365,394,434,434,472,472,472,472,492,514,540,540,540,540,540,540,32,72,72],"floor_reached":57,"language":"ENG","playtime":3127,"items_purged":["AT_purpleEX","AT_purpleEX","AT_purpleEX"],"score":3161,"play_id":"9baf8ed2-af45-4cf8-bf11-1c07ac4293ba","local_time":"20210223001207","is_ascension_mode":true,"campfire_choices":[{"data":"Observe_purple_2","floor":6.0,"key":"SMITH"},{"data":"Bait_Toxicbait_purple","floor":8.0,"key":"SMITH"},{"floor":11.0,"key":"REST"},{"data":"Monsters_DoubleDeathButterfly_purple","floor":15.0,"key":"SMITH"},{"data":"Mirror_WaveAndshot_purple","floor":23.0,"key":"SMITH"},{"data":"CommonSense_AntiCommonSense_purple","floor":32,"key":"SMITH"},{"floor":44,"key":"RECALL"},{"data":"Mirror_WaveAndshot_purple","floor":49,"key":"SMITH"},{"data":"D_absorption_purple","floor":53,"key":"SMITH"}],"circlet_count":0,"master_deck":["AscendersBane","AT_purpleEX+1","Defend_purpleEX","Defend_purpleEX","Defend_purpleEX","Defend_purpleEX","Observe_purple_1","Observe_purple_2+1","Worldmountain_purple","Charmbait_purple","MonsterNeedle_purple","Bait_Toxicbait_purple+1","Mirror_WaveAndshot_purple+1","Monsters_DoubleDeathButterfly_purple+1","MeetDecomposer_purple","ContainerChange_purple+1","OmniscientAndOmnipotent_Monster_purple+1","CommonSense_AntiCommonSense_purple+1","Shallow_ocean_purpleEX","Human_Monster_Realm_purple","MonsterNeedle_purple","Umbrella_purple+1","Shallow_ocean_purpleEX+1","Boundary_LifeAndDeath_purple","Charmbait_purple+1","Line_surface_state_purple","Mirror_WaveAndshot_purple+1","ExternalForce_HighSpeedFlying_purple+1","D_absorption_purple+1","RuleDissolution_purple+1","Boundary_LifeAndDeath_purple"],"relics":["Boundary_crack","Memoryfragments_purpleEX","NeowsBlessing","Oddly Smooth Stone","Akabeko","Bag of Marbles","Black Star","Anchor","Torii","HoshigumaDish","CeramicFish","Matryoshka","Incense Burner","MealTicket","Omamori","Coffee Dripper","CatCart","jedi:firstaidkit","Whetstone","CaptainsWheel","Antimatter_spacedebris","HornCleat","CrazyTorch:ReiMu","Regal Pillow","Bottled Tornado","Bag of Preparation","Toy Ornithopter","Letter Opener","Thread and Needle"],"acts_visited":["Exordium","TheCity","TheBeyond","TheEnding"],"potions_floor_usage":[28,28,42,56,56],"damage_taken":[{"damage":0.0,"enemies":"2 Louse","floor":1.0,"turns":1.0},{"damage":0.0,"enemies":"Small Slimes","floor":2.0,"turns":1.0},{"damage":18.0,"enemies":"Lagavulin","floor":7.0,"turns":2.0},{"damage":33.0,"enemies":"Gremlin Nob","floor":10.0,"turns":4.0},{"damage":15.0,"enemies":"Lagavulin","floor":12.0,"turns":5.0},{"damage":0.0,"enemies":"Jaw Worm","floor":14.0,"turns":1.0},{"damage":1.0,"enemies":"The Guardian","floor":16.0,"turns":13.0},{"damage":0.0,"enemies":"3 Byrds","floor":18.0,"turns":2.0},{"damage":8.0,"enemies":"Shell Parasite","floor":20.0,"turns":7.0},{"damage":0.0,"enemies":"3 Cultists","floor":24.0,"turns":3.0},{"damage":25.0,"enemies":"Book of Stabbing","floor":25.0,"turns":7.0},{"damage":8.0,"enemies":"Gremlin Leader","floor":27.0,"turns":5.0},{"damage":2,"enemies":"Shelled Parasite and Fungi","floor":28,"turns":5},{"damage":0,"enemies":"Slavers","floor":29,"turns":2},{"damage":0,"enemies":"Centurion and Healer","floor":30,"turns":4},{"damage":0,"enemies":"Cultist and Chosen","floor":31,"turns":2},{"damage":1,"enemies":"Champ","floor":33,"turns":8},{"damage":0,"enemies":"Orb Walker","floor":35,"turns":2},{"damage":0,"enemies":"Orin","floor":36,"turns":8},{"damage":0,"enemies":"3 Darklings","floor":38,"turns":1},{"damage":0,"enemies":"Transient","floor":39,"turns":6},{"damage":26,"enemies":"Reptomancer","floor":40,"turns":6},{"damage":20,"enemies":"Nemesis","floor":42,"turns":3},{"damage":0,"enemies":"Sphere and 2 Shapes","floor":46,"turns":1},{"damage":0,"enemies":"4 Shapes","floor":47,"turns":1},{"damage":0,"enemies":"Giant Head","floor":48,"turns":5},{"damage":21,"enemies":"Awakened One","floor":50,"turns":11},{"damage":0,"enemies":"Donu and Deca","floor":51,"turns":8},{"damage":0,"enemies":"Shield and Spear","floor":55,"turns":6},{"damage":12,"enemies":"The Heart","floor":56,"turns":6}],"seed_played":"4587685996668901279","potions_obtained":[{"floor":2.0,"key":"RealmPotion"},{"floor":12.0,"key":"Swift Potion"},{"floor":14.0,"key":"Block Potion"},{"floor":16.0,"key":"Regen Potion"},{"floor":24.0,"key":"Weak Potion"},{"floor":25.0,"key":"GamblersBrew"},{"floor":27.0,"key":"Dexterity Potion"},{"floor":29,"key":"jedi:mysterypotion"},{"floor":31,"key":"ZuzhouPotion:ReiMu"},{"floor":36,"key":"EssenceOfSteel"},{"floor":38,"key":"GamblersBrew"},{"floor":46,"key":"jedi:StrikingPotion"},{"floor":47,"key":"SpeedPotion"}],"is_trial":false,"path_per_floor":["M","M","$","?","?","R","E","R","T","E","R","E","?","M","R","B",null,"M","$","M","?","?","R","M","E","T","E","M","E","M","M","R","B",null,"M","?","$","M","M","E","?","E","T","R","?","M","M","E","R","B","B",null,"R","$","E","B",null],"character_chosen":"Youkari","items_purchased":["MonsterNeedle_purple","Anchor","Bag of Preparation","PowerPotion","Toy Ornithopter"],"campfire_rested":1,"item_purchase_floors":[3,19,54,54,54],"current_hp_per_floor":[59,59,59,59,59,59,43,43,43,11,30,15,15,17,17,20,54,56,56,48,48,48,48,51,36,36,52,55,58,60,63,63,65,65,65,65,65,65,65,49,49,34,34,34,47,48,52,62,62,53,63,65,65,65,65,65],"gold":72,"neow_bonus":"THREE_ENEMY_KILL","is_daily":false,"chose_seed":false,"campfire_upgraded":7,"win_rate":0.0,"timestamp":1614006727,"path_taken":["M","M","$","?","?","R","E","R","T","E","R","E","?","?","R","BOSS","M","$","M","?","?","R","M","E","T","E","?","E","M","M","R","BOSS","M","?","$","M","M","E","?","E","T","R","?","M","M","E","R","BOSS","BOSS","R","$","E","BOSS"],"items_purchased_type":["Card","Relic","Relic","Potion","Relic"],"build_version":"2020-12-22","purchased_purges":3,"victory":true,"max_hp_per_floor":[65,65,65,65,65,65,65,65,65,65,65,65,65,65,65,65,65,65,65,65,65,65,65,65,65,65,65,65,65,65,65,65,65,65,65,65,65,65,65,65,65,65,65,65,65,65,65,65,65,65,65,65,65,65,65,65],"card_choices":[{"not_picked":["Line_surface_state_purple","ExistenceContinue_purple"],"picked":"Worldmountain_purple","floor":1.0},{"not_picked":["WeekHit_purple","ExternalForce_HighSpeedFlying_purple"],"picked":"Charmbait_purple","floor":2.0},{"not_picked":["ExternalForce_HighSpeedFlying_purple","MeetDecomposer_purple"],"picked":"Bait_Toxicbait_purple","floor":7.0},{"not_picked":["Realm_recovery_purpleEX","ButterflyHabitatTemple_purple"],"picked":"Mirror_WaveAndshot_purple","floor":10.0},{"not_picked":["AdvanceAttack_purple","Theboundaryofcreation_purpleEX"],"picked":"Monsters_DoubleDeathButterfly_purple","floor":12.0},{"not_picked":["WatchEChange_purple","ExternalForce_HighSpeedFlying_purple"],"picked":"MeetDecomposer_purple","floor":14.0},{"not_picked":["Fancifulhole_purple","UniverseChoice_purple"],"picked":"ContainerChange_purple","floor":16.0},{"not_picked":["SharpContractionReality_purple","StateErode_purple"],"picked":"OmniscientAndOmnipotent_Monster_purple+1","floor":18.0},{"not_picked":["Umbrella_purple","Line_surface_state_purple"],"picked":"CommonSense_AntiCommonSense_purple","floor":20.0},{"not_picked":["MeetDecomposer_purple","OmniscientAndOmnipotent_Monster_purple"],"picked":"Shallow_ocean_purpleEX","floor":24.0},{"not_picked":["Erosivefilter_purple","Boundary_DynamicStaticEquilibrium_purple"],"picked":"Human_Monster_Realm_purple","floor":25.0},{"not_picked":["StateDuplicate_purple","ExternalForce_HighSpeedFlying_purple","Fantasy_PerpetualMotionMachine_purple"],"picked":"SKIP","floor":27.0},{"not_picked":["SfantasyHide_purple","Boundary_of_Extermination_purpleEX+1"],"picked":"MonsterNeedle_purple","floor":28},{"not_picked":["PositiveMatter_Antimatter_Universe_purple","Price_of_realm_purpleEX"],"picked":"Umbrella_purple+1","floor":29},{"not_picked":["StateDuplicate_purple","ExistenceContinue_purple"],"picked":"Shallow_ocean_purpleEX+1","floor":30},{"not_picked":["MonsterNeedle_purple","ExistenceContinue_purple","WeekHit_purple"],"picked":"SKIP","floor":31},{"not_picked":["Computing_the_future_purpleEX","D_absorption_purple"],"picked":"Boundary_LifeAndDeath_purple","floor":33},{"not_picked":["ButterflyHabitatTemple_purple","Umbrella_purple","ExistenceContinue_purple"],"picked":"SKIP","floor":35},{"not_picked":["OmniscientAndOmnipotent_Monster_purple","Computing_the_future_purpleEX"],"picked":"Charmbait_purple","floor":36},{"not_picked":["OmniscientAndOmnipotent_Monster_purple","Bait_Toxicbait_purple"],"picked":"Line_surface_state_purple","floor":38},{"not_picked":["Realm_recovery_purpleEX","Boundary_DynamicStaticEquilibrium_purple"],"picked":"Mirror_WaveAndshot_purple","floor":39},{"not_picked":["AdvanceAttack_purple","Bait_HighSpeedFlying_purple"],"picked":"ExternalForce_HighSpeedFlying_purple+1","floor":40},{"not_picked":["PositiveMatter_Antimatter_Universe_purple","Boundary_DreamRealityDamnation_purple+1"],"picked":"D_absorption_purple","floor":42},{"not_picked":["StateDuplicate_purple","Boundary_ObjectiveBoundary_purple","StateErode_purple"],"picked":"SKIP","floor":46},{"not_picked":["AdvanceAttack_purple","Umbrella_purple+1"],"picked":"RuleDissolution_purple+1","floor":47},{"not_picked":["MeetDecomposer_purple","MetroBOOM_purple","Yakumo_Ran_purple"],"picked":"SKIP","floor":48},{"not_picked":["EighthInstrument_OneDividesIntoTwo_purple","MNeedle_purple"],"picked":"Boundary_LifeAndDeath_purple","floor":55}],"player_experience":1255214,"relics_obtained":[{"floor":7.0,"key":"Oddly Smooth Stone"},{"floor":10.0,"key":"Akabeko"},{"floor":12.0,"key":"Bag of Marbles"},{"floor":25.0,"key":"Torii"},{"floor":25.0,"key":"HoshigumaDish"},{"floor":26.0,"key":"CeramicFish"},{"floor":27.0,"key":"Matryoshka"},{"floor":27.0,"key":"Incense Burner"},{"floor":29,"key":"MealTicket"},{"floor":29,"key":"Omamori"},{"floor":36,"key":"CatCart"},{"floor":40,"key":"jedi:firstaidkit"},{"floor":40,"key":"Whetstone"},{"floor":42,"key":"CaptainsWheel"},{"floor":42,"key":"Antimatter_spacedebris"},{"floor":43,"key":"HornCleat"},{"floor":43,"key":"CrazyTorch:ReiMu"},{"floor":48,"key":"Regal Pillow"},{"floor":48,"key":"Bottled Tornado"},{"floor":55,"key":"Letter Opener"},{"floor":55,"key":"Thread and Needle"}],"event_choices":[{"damage_healed":0.0,"max_hp_gain":0.0,"max_hp_loss":0.0,"gold_gain":0.0,"event_name":"Scrap Ooze","player_choice":"Fled","floor":13.0,"gold_loss":0.0,"damage_taken":0.0},{"damage_healed":0.0,"max_hp_gain":0.0,"max_hp_loss":0.0,"gold_gain":50.0,"event_name":"Nest","player_choice":"Stole From Cult","floor":21.0,"gold_loss":0.0,"damage_taken":0.0},{"damage_healed":0.0,"max_hp_gain":0.0,"max_hp_loss":0.0,"gold_gain":0.0,"event_name":"Accursed Blacksmith","player_choice":"Forge","floor":22.0,"gold_loss":0.0,"damage_taken":0.0,"cards_upgraded":["ContainerChange_purple"]},{"damage_healed":0,"gold_gain":0,"player_choice":"Fight","damage_taken":0,"max_hp_gain":0,"max_hp_loss":0,"event_name":"OrinTheCat","floor":36,"gold_loss":0},{"damage_healed":13,"gold_gain":0,"player_choice":"Writhe","damage_taken":0,"max_hp_gain":0,"max_hp_loss":0,"event_name":"Winding Halls","floor":45,"gold_loss":0,"cards_obtained":["Writhe"]}],"is_beta":false,"boss_relics":[{"not_picked":["Pandora\u0027s Box","SlaversCollar"],"picked":"Black Star"},{"not_picked":["Fusion Hammer","Seventeenyearold_girl_Forever"],"picked":"Coffee Dripper"}],"items_purged_floors":[3,37,54],"is_endless":false,"potions_floor_spawned":[2,12,14,16,24,25,27,29,31,36,38,46,47],"ascension_level":20}}