{"host":"xnjcin1g6gswdgtt","time":1614019653,"event":{"mods":["2.2 Compatiblity","Act Like it!","Arknights","Aspiration","Astrologer","BaseMod","Beaked The Cultist","Better Altar","Better Match","Better Note","Better Sensory Stone","Better Skull","Better Third Choice","Better Vampires","BetterRewards","Bossed Relics","Card Forge","CatGirl Mod","ChefMod","Colored Map","Colored Powertips","Conspire","Dota2Spire","Downfall","Duelist Mod","Elementarium","Energized Spire","Friendly Minions","Gold Saver","Gremlin Mod","Grow up Mod","GungeonMod","Hero for Fun","Highlight Path","Hubris","Jedi Mod","JesterMod","Marisa????????","Marked Mod","Menagerie","Minty Spire (QoL Compilation)","Pale of the Ancients","QueenMod","Quick Restart","Rare Cards Sparkle","Relic Stats","Reliquary","Replay The Spire","Robot Space Explorer","Ruina","Shade Mod","Shapeshifter Mod","Shop Mod","Small Relic Pack","Smile Girya","Spicy Shops","StSLib","The Alterego","The Animator","The Blue Laboratory","The Clintock","The Construct","The Cursed","The Death Knight","The Disciple","The Dragon Tamer","The Forsaken","The Hierophant","The Marked","The Mystic","The Necromancer","The Poker Player","The Runesmith","The Saiyan","The Servant 0.9.4","The Showman","The Wild Card","TheBandit","TheSwordswoman","TheVacant","Trackpad","Yuri Mod","??????REMEMod"],"gold_per_floor":[345,345,345,345,359,390,400,400,400,429,443,443,443,214,214,311,311,321,340,343,361,361,394,394,394],"floor_reached":24,"language":"ENG","playtime":4488,"items_purged":[],"score":324,"play_id":"d11bd94c-55c7-4ca3-89ab-8b5944c2f711","local_time":"20210222124733","is_ascension_mode":false,"campfire_choices":[{"floor":8.0,"key":"REST"},{"data":"Ricochet","floor":15.0,"key":"SMITH"}],"circlet_count":0,"master_deck":["Strike_S+1","Strike_S+1","Strike_S+1","Defend_S+1","Defend_S+1","Defend_S+1","KidneyShot+1","Exchange+1","Potential+1","TimeWarp+1","DualDimension+1","Comet+1","Advance+1","SilverBlades+1","Ricochet+1","Deny+1","ReturningBlade+16","Foresight+1","Barrier+1","Contraction+1","Sunlight+1","Ricochet+1","BottledTime+1"],"relics":["Hammer of Thor","Seething Fire","Anvil of the Gods","Astrolabe","conspire:DecoderRing","theForsaken:Lifeblossom","Bag of Preparation","reliquary:SharkskinSheath","reliquary:JackalopeAntler","Eternal Feather","trackpad:PetRock","jedi:bottledfury","DemoMod:MeatBun","DemoMod:GnawedKey","construct:WeddingRing","Thread and Needle","hubris:NiceRug","Strawberry","relicPack:InfinityGauntlet","trackpad:Mousetrap","reliquary:BrokenClock","hubris:MysteriousPyramids","DemoMod:GlassGuonStoneRelic","Runesmith:Nanobots"],"acts_visited":["Exordium","TheCity"],"potions_floor_usage":[],"damage_taken":[{"damage":0.0,"enemies":"Cultist","floor":1.0,"turns":3.0},{"damage":0.0,"enemies":"2 Louse","floor":5.0,"turns":2.0},{"damage":0.0,"enemies":"Gremlin Nob","floor":6.0,"turns":2.0},{"damage":0.0,"enemies":"Small Slimes","floor":7.0,"turns":2.0},{"damage":9.0,"enemies":"Lagavulin","floor":10.0,"turns":7.0},{"damage":0.0,"enemies":"Exordium Thugs","floor":11.0,"turns":2.0},{"damage":23.0,"enemies":"Hexaghost","floor":16.0,"turns":5.0},{"damage":0.0,"enemies":"2 Thieves","floor":18.0,"turns":2.0},{"damage":0.0,"enemies":"3 Byrds","floor":19.0,"turns":3.0},{"damage":37.0,"enemies":"hubris:Merchant","floor":20.0,"turns":6.0},{"damage":0.0,"enemies":"Centurion and Healer","floor":21.0,"turns":3.0},{"damage":0.0,"enemies":"Gremlin Leader","floor":23.0,"turns":3.0},{"damage":0,"enemies":"conspire:HollyBat","floor":24,"turns":1}],"seed_played":"-145167431456631413","potions_obtained":[{"floor":1.0,"key":"blueLaboratory:FruitPunch"},{"floor":6.0,"key":"construct:ShiftPotion"},{"floor":7.0,"key":"SkillPotion"},{"floor":10.0,"key":"sneckomod:MuddlingPotion"},{"floor":18.0,"key":"DeathKnight:RimePotion"},{"floor":20.0,"key":"DuplicationPotion"},{"floor":20.0,"key":"DeathKnight:RimePotion"}],"is_trial":false,"path_per_floor":["M","T","?","?","M","E","M","R","T","E","M","?","$","$","R","B",null,"M","M","$","M","$","E","M"],"character_chosen":"THE_SERVANT","items_purchased":["Ricochet","DemoMod:MeatBun","DemoMod:GnawedKey","Thread and Needle"],"campfire_rested":1,"item_purchase_floors":[14,14,14,20],"current_hp_per_floor":[65,65,65,19,22,25,28,47,47,44,47,47,47,61,65,43,65,65,65,35,40,40,55,55,55],"gold":394,"neow_bonus":"BOSS_RELIC","is_daily":false,"chose_seed":false,"campfire_upgraded":1,"win_rate":0.0,"timestamp":1614019653,"path_taken":["M","?","?","?","M","E","M","R","T","E","?","?","?","$","R","BOSS","M","M","$","M","$","E","M"],"items_purchased_type":["Card","Relic","Relic","Relic"],"build_version":"2020-12-22","purchased_purges":0,"victory":false,"max_hp_per_floor":[65,65,65,65,65,65,65,65,65,65,65,65,65,65,65,65,65,65,65,72,72,72,82,82,82],"relic_stats":{"counters":[13,41],"Astrolabe":[],"Eternal Feather":4,"Bag of Preparation":[25],"obtain_stats":[{"trackpad:Mousetrap":20,"theForsaken:Lifeblossom":4,"trackpad:PetRock":10,"Hammer of Thor":0,"DemoMod:GlassGuonStoneRelic":1,"Uniform":0,"Bag of Preparation":4,"jedi:bottledfury":12,"hubris:MysteriousPyramids":20,"relicPack:InfinityGauntlet":20,"conspire:DecoderRing":2,"Strawberry":20,"DemoMod:GnawedKey":14,"reliquary:SharkskinSheath":4,"Runesmith:Nanobots":23,"construct:WeddingRing":17,"Astrolabe":0,"Eternal Feather":9,"Thread and Needle":20,"Seething Fire":0,"reliquary:JackalopeAntler":6,"Anvil of the Gods":0,"DemoMod:MeatBun":14,"reliquary:BrokenClock":20,"hubris:NiceRug":20},{"trackpad:Mousetrap":10,"theForsaken:Lifeblossom":1,"trackpad:PetRock":5,"Hammer of Thor":0,"DemoMod:GlassGuonStoneRelic":1,"Uniform":0,"Bag of Preparation":1,"jedi:bottledfury":6,"hubris:MysteriousPyramids":10,"relicPack:InfinityGauntlet":10,"conspire:DecoderRing":1,"Strawberry":10,"DemoMod:GnawedKey":6,"reliquary:SharkskinSheath":1,"Runesmith:Nanobots":12,"construct:WeddingRing":7,"Astrolabe":0,"Eternal Feather":4,"Thread and Needle":9,"Seething Fire":0,"reliquary:JackalopeAntler":3,"Anvil of the Gods":0,"DemoMod:MeatBun":6,"reliquary:BrokenClock":10,"hubris:NiceRug":10},{"trackpad:Mousetrap":34,"theForsaken:Lifeblossom":3,"trackpad:PetRock":16,"Hammer of Thor":0,"DemoMod:GlassGuonStoneRelic":3,"Uniform":0,"Bag of Preparation":3,"jedi:bottledfury":18,"hubris:MysteriousPyramids":34,"relicPack:InfinityGauntlet":34,"conspire:DecoderRing":3,"Strawberry":34,"DemoMod:GnawedKey":18,"reliquary:SharkskinSheath":3,"Runesmith:Nanobots":40,"construct:WeddingRing":23,"Astrolabe":0,"Eternal Feather":9,"Thread and Needle":28,"Seething Fire":0,"reliquary:JackalopeAntler":7,"Anvil of the Gods":0,"DemoMod:MeatBun":18,"reliquary:BrokenClock":34,"hubris:NiceRug":34}]},"card_choices":[{"not_picked":["Rearm","Hightail"],"picked":"Potential","floor":1.0},{"not_picked":["Defy","Spin"],"picked":"TimeWarp","floor":5.0},{"not_picked":["Reset","Alleviate"],"picked":"DualDimension","floor":6.0},{"not_picked":["Starlight","BottledTime"],"picked":"Comet","floor":7.0},{"not_picked":["FastForward","Revamp"],"picked":"Advance","floor":10.0},{"not_picked":["Ricochet","Alleviate"],"picked":"SilverBlades","floor":11.0},{"not_picked":["Initiator","KillingDoll"],"picked":"Deny","floor":16.0},{"not_picked":["Foresight","BottledTime"],"picked":"ReturningBlade+1","floor":18.0},{"not_picked":["Rearm","Misdirection","Unruled"],"picked":"SKIP","floor":19.0},{"not_picked":[],"picked":"Foresight","floor":20.0},{"not_picked":[],"picked":"Barrier","floor":20.0},{"not_picked":[],"picked":"Contraction","floor":20.0},{"not_picked":[],"picked":"Sunlight","floor":20.0},{"not_picked":[],"picked":"Ricochet","floor":20.0},{"not_picked":["Forethought"],"picked":"SKIP","floor":20.0},{"not_picked":["Magnetism"],"picked":"SKIP","floor":20.0},{"not_picked":["Collapse","Rewind","FanOfKnives+1"],"picked":"SKIP","floor":21.0},{"not_picked":["Shuttle","ReturningBlade"],"picked":"BottledTime","floor":23}],"player_experience":196573,"relics_obtained":[{"floor":2.0,"key":"conspire:DecoderRing"},{"floor":6.0,"key":"reliquary:JackalopeAntler"},{"floor":9.0,"key":"Eternal Feather"},{"floor":10.0,"key":"trackpad:PetRock"},{"floor":20.0,"key":"Strawberry"},{"floor":20.0,"key":"relicPack:InfinityGauntlet"},{"floor":20.0,"key":"trackpad:Mousetrap"},{"floor":20.0,"key":"reliquary:BrokenClock"},{"floor":20.0,"key":"hubris:MysteriousPyramids"},{"floor":23,"key":"Runesmith:Nanobots"}],"event_choices":[{"damage_healed":0.0,"max_hp_gain":0.0,"max_hp_loss":0.0,"gold_gain":0.0,"event_name":"The Cleric","player_choice":"Leave","floor":3.0,"gold_loss":0.0,"damage_taken":0.0},{"damage_healed":0.0,"max_hp_gain":0.0,"max_hp_loss":0.0,"gold_gain":0.0,"event_name":"betterSkull:BetterSkull","player_choice":"RE RE RE ","floor":4.0,"gold_loss":0.0,"damage_taken":52.0,"cards_upgraded":[],"relics_obtained":["theForsaken:Lifeblossom","Bag of Preparation","reliquary:SharkskinSheath"]},{"damage_healed":0.0,"max_hp_gain":0.0,"max_hp_loss":0.0,"gold_gain":0.0,"event_name":"Big Fish","player_choice":"Box","floor":12.0,"gold_loss":0.0,"damage_taken":0.0,"relics_obtained":["jedi:bottledfury"],"cards_obtained":["Regret"]}],"is_beta":false,"boss_relics":[{"not_picked":["Runic Pyramid","hubris:CrackedHourglass"],"picked":"construct:WeddingRing"}],"items_purged_floors":[],"is_endless":false,"potions_floor_spawned":[1,6,7,10,18,19,21,23],"killed_by":"conspire:HollyBat","ascension_level":0}}