{"host":"wqwfknj40rilnol1","time":1614006620,"event":{"mods":["BaseMod","BetterRewards","Block Reminder","Colored Map","Hubris","Minty Spire (QoL Compilation)","Permanent Neow","Relic Stats","StSLib","The Cursed"],"gold_per_floor":[13,33,49,64,64,64,93,122,188,200,212,250,272,284,296,410,422,445,457,252,252,252,252,263,263,263],"floor_reached":25,"language":"ENG","playtime":1187,"items_purged":[],"score":211,"play_id":"ad1e7a4d-444d-4905-b3da-8975f1abf76b","local_time":"20210222161020","is_ascension_mode":false,"campfire_choices":[{"data":"TheCursedMod:CursedWand","floor":6,"key":"SMITH"},{"data":"TheCursedMod:VoidForm","floor":15,"key":"SMITH"},{"data":"TheCursedMod:LuckyCharm","floor":23,"key":"SMITH"}],"circlet_count":0,"master_deck":["TheCursedMod:Strike_TheCursed+1","TheCursedMod:Strike_TheCursed+1","TheCursedMod:Strike_TheCursed+1","TheCursedMod:Strike_TheCursed+1","TheCursedMod:Defend_TheCursed+1","TheCursedMod:Defend_TheCursed+1","TheCursedMod:Defend_TheCursed+1","TheCursedMod:Defend_TheCursed+1","TheCursedMod:CursedWand+1","TheCursedMod:CleanUpWorkshop","TheCursedMod:Dregs","TheCursedMod:FleshFromBone","TheCursedMod:CursedShiv","TheCursedMod:CircleOfBlood","TheCursedMod:CursedArmor","TheCursedMod:SpitefulPlan","TheCursedMod:SpitefulStrike","TheCursedMod:VoidForm+1","TheCursedMod:DemonSword","TheCursedMod:CursedShiv+1","TheCursedMod:LuckyCharm+1","TheCursedMod:ShockAndAwe"],"relics":["TheCursedMod:BlackMagic101","FossilizedHelix","MawBank","Blood Vial","hubris:DeckOfHolding","Letter Opener","Cursed Key","Membership Card","hubris:BottledHeart"],"acts_visited":["Exordium","TheCity"],"potions_floor_usage":[4,4],"damage_taken":[{"damage":0,"enemies":"Cultist","floor":1,"turns":4},{"damage":0,"enemies":"Small Slimes","floor":2,"turns":5},{"damage":0,"enemies":"Jaw Worm","floor":3,"turns":7},{"damage":0,"enemies":"Gremlin Gang","floor":4,"turns":4},{"damage":27,"enemies":"3 Sentries","floor":7,"turns":15},{"damage":0,"enemies":"Blue Slaver","floor":8,"turns":7},{"damage":14,"enemies":"Gremlin Nob","floor":12,"turns":5},{"damage":0,"enemies":"Red Slaver","floor":13,"turns":4},{"damage":38,"enemies":"The Guardian","floor":16,"turns":7},{"damage":0,"enemies":"Spheric Guardian","floor":18,"turns":4},{"damage":0,"enemies":"Chosen","floor":24,"turns":3},{"damage":7,"enemies":"Gremlin Leader","floor":25,"turns":3}],"seed_played":"3981387534732912469","potions_obtained":[{"floor":1,"key":"AttackPotion"},{"floor":3,"key":"GamblersBrew"},{"floor":12,"key":"Strength Potion"},{"floor":13,"key":"Fire Potion"}],"is_trial":false,"path_per_floor":["M","M","M","M","$","R","E","M","T","?","$","E","M","?","R","B",null,"M","?","$","?","?","R","M","E"],"character_chosen":"THE_CURSED","items_purchased":["Membership Card","TheCursedMod:LuckyCharm","TheCursedMod:ShockAndAwe"],"campfire_rested":0,"item_purchase_floors":[20,20,20],"current_hp_per_floor":[75,75,75,75,75,75,48,52,52,52,52,42,48,48,48,12,75,75,75,75,1,1,1,1,0,0],"gold":263,"neow_bonus":"ONE_RARE_RELIC","is_daily":false,"chose_seed":false,"campfire_upgraded":3,"win_rate":0.0,"timestamp":1614006620,"path_taken":["M","M","M","M","?","R","E","M","T","?","$","E","?","?","R","BOSS","M","?","?","?","?","R","M","E"],"items_purchased_type":["Relic","Card","Card"],"build_version":"2020-12-22","purchased_purges":0,"victory":false,"max_hp_per_floor":[75,75,75,75,75,75,75,75,75,75,75,75,75,75,75,75,75,75,75,75,1,1,1,1,1,1],"relic_stats":{"Blood Vial":6,"counters":[12,68],"Letter Opener":[5],"MawBank":156,"Cursed Key":0,"obtain_stats":[{"Blood Vial":9,"TheCursedMod:BlackMagic101":0,"hubris:BottledHeart":21,"hubris:DeckOfHolding":10,"Letter Opener":12,"Membership Card":20,"MawBank":7,"Cursed Key":17,"FossilizedHelix":0},{"Blood Vial":6,"TheCursedMod:BlackMagic101":0,"hubris:BottledHeart":10,"hubris:DeckOfHolding":6,"Letter Opener":7,"Membership Card":10,"MawBank":5,"Cursed Key":9,"FossilizedHelix":0},{"Blood Vial":42,"TheCursedMod:BlackMagic101":0,"hubris:BottledHeart":62,"hubris:DeckOfHolding":42,"Letter Opener":47,"Membership Card":62,"MawBank":35,"Cursed Key":58,"FossilizedHelix":0}]},"card_choices":[{"not_picked":["TheCursedMod:HellfireBreathing","TheCursedMod:StingEye"],"picked":"TheCursedMod:EmpowerCircles","floor":1},{"not_picked":["TheCursedMod:SaltUponWound","TheCursedMod:CursedBlade"],"picked":"TheCursedMod:FleshFromBone","floor":2},{"not_picked":["TheCursedMod:SaltUponWound","TheCursedMod:Stigma"],"picked":"TheCursedMod:CursedShiv","floor":3},{"not_picked":["TheCursedMod:SurpriseAttack","TheCursedMod:CursedAmulet"],"picked":"TheCursedMod:CircleOfBlood","floor":4},{"not_picked":["TheCursedMod:SmokeScreen","TheCursedMod:Stigma"],"picked":"TheCursedMod:CursedArmor","floor":7},{"not_picked":["TheCursedMod:SpitefulStrike","TheCursedMod:ManaBullet"],"picked":"TheCursedMod:SpitefulPlan","floor":8},{"not_picked":["TheCursedMod:FuryStrike","TheCursedMod:Stigma"],"picked":"TheCursedMod:SpitefulStrike","floor":12},{"not_picked":["TheCursedMod:SurpriseAttack","TheCursedMod:Wield"],"picked":"TheCursedMod:VoidForm","floor":13},{"not_picked":["TheCursedMod:DarkBarrier","TheCursedMod:NeowsMight"],"picked":"TheCursedMod:DemonSword","floor":16},{"not_picked":["TheCursedMod:SpreadPlague","TheCursedMod:DoubleShield+1"],"picked":"TheCursedMod:CursedShiv+1","floor":18},{"not_picked":["TheCursedMod:RapidMovement","TheCursedMod:PrepareRite+1","TheCursedMod:SpitefulPlan+1"],"picked":"SKIP","floor":24}],"player_experience":287552,"relics_obtained":[{"floor":7,"key":"MawBank"},{"floor":9,"key":"Blood Vial"},{"floor":12,"key":"Letter Opener"}],"event_choices":[{"cards_removed":["TheCursedMod:EmpowerCircles"],"damage_healed":0,"gold_gain":0,"player_choice":"Gave Card","damage_taken":0,"relics_obtained":["hubris:DeckOfHolding"],"max_hp_gain":0,"max_hp_loss":0,"event_name":"WeMeetAgain","floor":10,"gold_loss":0},{"damage_healed":0,"gold_gain":0,"player_choice":"Ignored","damage_taken":0,"max_hp_gain":0,"max_hp_loss":0,"event_name":"Transmorgrifier","floor":14,"gold_loss":0},{"damage_healed":0,"gold_gain":0,"player_choice":"Ignored","damage_taken":0,"max_hp_gain":0,"max_hp_loss":0,"event_name":"Fountain of Cleansing","floor":19,"gold_loss":0},{"damage_healed":0,"gold_gain":0,"player_choice":"Simplicity","damage_taken":0,"max_hp_gain":0,"max_hp_loss":0,"event_name":"Back to Basics","floor":22,"gold_loss":0,"cards_upgraded":["TheCursedMod:Strike_TheCursed","TheCursedMod:Strike_TheCursed","TheCursedMod:Strike_TheCursed","TheCursedMod:Strike_TheCursed","TheCursedMod:Defend_TheCursed","TheCursedMod:Defend_TheCursed","TheCursedMod:Defend_TheCursed","TheCursedMod:Defend_TheCursed"]}],"is_beta":false,"boss_relics":[{"not_picked":["SlaversCollar","hubris:HollowSoul"],"picked":"Cursed Key"}],"items_purged_floors":[],"is_endless":false,"potions_floor_spawned":[1,3,12,13],"killed_by":"Gremlin Leader","ascension_level":0}}