{"host":"szcsc05p6ieg5q76","time":1614011142,"event":{"mods":["ATMod(阿瑾Mod)","Act Like it!","Arknights","BaseMod","Minty Spire (QoL Compilation)","Reimu（博丽灵梦）","Remilia（蕾米莉亚）","SOS（斯巴达之子）","StSLib","The Bug Knight","The Servant 0.9.4","Yakumo Yukari mod","Youmu（魂魄妖梦）","【功能Mod】聪明的最终Boss"],"gold_per_floor":[210,32,32,47,47,47,112,112,135,165,184,201,201,226,226,323,323,338,338,354,47,47,47,60,60,84,184,214,280,280,149,149,321,321,464,336,377,418,517,517,592,592,666,666,719,759,885,885,885,1010,1010,1010,22,107,132],"floor_reached":56,"language":"ZHS","playtime":3576,"items_purged":["Strike_YM","Strike_YM","Defend_YM"],"score":1454,"play_id":"d39d05d8-54cf-463d-9ed1-9c136ee8955e","local_time":"20210222172542","is_ascension_mode":false,"campfire_choices":[{"data":"HeartExcerptSlash","floor":6,"key":"SMITH"},{"floor":8,"key":"REST"},{"floor":13,"key":"REST"},{"data":"TurningAngelCut","floor":15,"key":"SMITH"},{"data":"HiganSword","floor":23,"key":"SMITH"},{"data":"HellFireSword","floor":25,"key":"SMITH"},{"floor":32,"key":"REST"},{"data":"AT_ThistleTea","floor":40,"key":"SMITH"},{"floor":42,"key":"RECALL"},{"data":"SlashOfSaigyouSpringWind","floor":44,"key":"SMITH"},{"data":"MatsuyoiReflectingSatelliteSlash","floor":49,"key":"SMITH"},{"data":"HeavenlyHaloSlash","floor":52,"key":"SMITH"}],"circlet_count":0,"master_deck":["Defend_YM","Defend_YM","SlashOfPresentWorld","WheelOfPainOfLivingAndDead","AT_ThistleTea+1","HeavenlyHaloSlash+1","HellFireSword+1","TurningAngelCut+1","HeartExcerptSlash+1","PhosphoricSlash+1","TwoHundredYojanaInOneSlash+1","HiganSword+1","SlashOfSaigyouSpringWind+1","CurseOfTheBell","CrescentMoonSlash+1","HumanGodSword+1","Shame","CherryBlossomFlashing+1","EchoesOfTheInclemencyOfAllBeings+1","TransmigrationSlash","MatsuyoiReflectingSatelliteSlash+1","DoubleWheelOfPain+1","SuddenPhantomFormationSlashOfKarmicWind","SpiritCuttingSword+1","HiganSword+1","CelestialStarSword","BloodOfAsura+1","SwordExtraction+1","AT_LightSaberMaster","BizarrenessOfSixRealms+1","Mayhem"],"relics":["MiniYoumu","AT_ATBox","AT_BladeRuinedKing","AT_BellowingDragoncrestRing","Smiling Mask","Potion Belt","Whetstone","Calling Bell","Pen Nib","Toxic Egg 2","Calipers","Singing Bowl","Ancient Tea Set","Bird Faced Urn","FencingExperience","AT_MibuBalloonWealth","Lantern","Peace Pipe","AT_Kusabimaru","ChestCloth","AT_ArchangelStaff","Bag of Marbles","AT_RedTearstoneRing","TheAbacus","AT_SilvercatRing","Vajra"],"acts_visited":["Exordium","TheCity","TheBeyond","TheEnding"],"potions_floor_usage":[27,29,38,45,45,46,55,55],"damage_taken":[{"damage":3,"enemies":"Jaw Worm","floor":1,"turns":5},{"damage":4,"enemies":"2 Louse","floor":4,"turns":3},{"damage":23,"enemies":"Gremlin Nob","floor":7,"turns":4},{"damage":12,"enemies":"3 Sentries","floor":10,"turns":4},{"damage":3,"enemies":"Small Slimes","floor":11,"turns":3},{"damage":1,"enemies":"Exordium Thugs","floor":12,"turns":3},{"damage":14,"enemies":"Lagavulin","floor":14,"turns":4},{"damage":0,"enemies":"Slime Boss","floor":16,"turns":5},{"damage":25,"enemies":"2 Thieves","floor":18,"turns":3},{"damage":0,"enemies":"Shell Parasite","floor":20,"turns":2},{"damage":0,"enemies":"Snecko","floor":24,"turns":3},{"damage":15,"enemies":"Colosseum Slavers","floor":27,"turns":3},{"damage":0,"enemies":"Colosseum Nobs","floor":27,"turns":3},{"damage":12,"enemies":"Gremlin Leader","floor":28,"turns":2},{"damage":5,"enemies":"Centurion and Healer","floor":29,"turns":2},{"damage":0,"enemies":"Automaton","floor":33,"turns":3},{"damage":0,"enemies":"3 Darklings","floor":35,"turns":2},{"damage":3,"enemies":"Orb Walker","floor":37,"turns":4},{"damage":7,"enemies":"Writhing Mass","floor":38,"turns":4},{"damage":2,"enemies":"2 Orb Walkers","floor":39,"turns":2},{"damage":0,"enemies":"Mind Bloom Boss Battle","floor":41,"turns":1},{"damage":5,"enemies":"Nemesis","floor":45,"turns":5},{"damage":0,"enemies":"Spire Growth","floor":46,"turns":1},{"damage":16,"enemies":"Reptomancer","floor":47,"turns":3},{"damage":11,"enemies":"Awakened One","floor":50,"turns":5},{"damage":0,"enemies":"Shield and Spear","floor":54,"turns":1},{"damage":42,"enemies":"The Heart","floor":55,"turns":5}],"seed_played":"-2030969838488438247","potions_obtained":[{"floor":1,"key":"ZuzhouPotion:ReiMu"},{"floor":4,"key":"GamblersBrew"},{"floor":10,"key":"SwordSoul"},{"floor":12,"key":"Ancient Potion"},{"floor":19,"key":"MagicPotion:ReiMu"},{"floor":19,"key":"BlessingOfTheForge"},{"floor":19,"key":"BlessingOfTheForge"},{"floor":28,"key":"BlessingOfTheForge"},{"floor":29,"key":"ZuzhouPotion:ReiMu"},{"floor":33,"key":"BlessingOfTheForge"},{"floor":35,"key":"Energy Potion"},{"floor":41,"key":"SkillPotion"},{"floor":45,"key":"SpeedPotion"},{"floor":47,"key":"CausticAgent"}],"is_trial":false,"path_per_floor":["M","$","?","M","?","R","?","R","T","E","M","M","R","E","R","B",null,"M","?","M","$","?","R","M","R","T","?","E","M","?","$","R","B",null,"M","$","M","M","?","R","?","R","T","R","E","M","E","?","R","B",null,"R","$","E","B",null],"character_chosen":"YOUMU","items_purchased":["HellFireSword","AT_BladeRuinedKing","Singing Bowl","TransmigrationSlash","SuddenPhantomFormationSlashOfKarmicWind","AT_LightSaberMaster","AT_RedTearstoneRing","TheAbacus","AT_SilvercatRing","BizarrenessOfSixRealms+1","Mayhem","MagicPotion:ReiMu"],"campfire_rested":3,"item_purchase_floors":[2,2,21,31,36,53,53,53,53,53,53,53],"current_hp_per_floor":[72,72,72,68,61,61,38,60,60,48,45,44,66,52,52,52,75,50,50,50,50,50,50,50,50,50,35,29,30,30,30,53,55,79,79,79,79,74,76,76,82,82,82,82,81,85,85,85,85,77,85,85,85,87,59],"gold":132,"neow_bonus":"HUNDRED_GOLD","is_daily":false,"chose_seed":false,"campfire_upgraded":8,"win_rate":0.0,"timestamp":1614011142,"path_taken":["M","$","?","M","?","R","?","R","T","E","M","M","R","E","R","BOSS","M","?","?","$","?","R","M","R","T","?","E","M","?","?","R","BOSS","M","$","M","?","?","R","?","R","T","R","E","M","E","?","R","BOSS","R","$","E","BOSS"],"items_purchased_type":["Card","Relic","Relic","Card","Card","Card","Relic","Relic","Relic","Card","Card","Potion"],"build_version":"2020-12-22","purchased_purges":3,"victory":true,"max_hp_per_floor":[75,75,75,75,75,75,75,75,75,75,75,75,75,75,75,75,75,75,75,75,75,75,75,75,75,75,75,77,79,79,79,79,79,79,79,79,79,81,81,81,83,83,83,83,83,85,85,85,85,85,85,85,85,87,87],"card_choices":[{"not_picked":["SlashOfAscensionToBuddhahood","CherryBlossomFlashing"],"picked":"HeavenlyHaloSlash","floor":1},{"not_picked":["FourBirthsSword","SanzenSekai"],"picked":"HeartExcerptSlash","floor":4},{"not_picked":["CherryBlossomFlashing","ASingleThoughtAndInfiniteKalpas"],"picked":"PhosphoricSlash","floor":7},{"not_picked":["LotusPostureSlash","HumanRealmSword","SwordOfBindingDesires"],"picked":"SKIP","floor":10},{"not_picked":["RapidSlash","LowerRealmReflectionSlash"],"picked":"TwoHundredYojanaInOneSlash","floor":11},{"not_picked":["PretaSword","SwordOfBindingDesires","LotusPostureSlash"],"picked":"SKIP","floor":12},{"not_picked":["ThoughtCuttingSword","LowerRealmReflectionSlash"],"picked":"HiganSword","floor":14},{"not_picked":["CelestialStarSword","CherryBlossomSword"],"picked":"SlashOfSaigyouSpringWind","floor":16},{"not_picked":["ThreeKonsSevenHakus+1","SlashOfMeditation+1"],"picked":"CrescentMoonSlash+1","floor":18},{"not_picked":["SlashOfDelusionalInnerEye","PhosphoricSlash"],"picked":"HumanGodSword+1","floor":20},{"not_picked":["HumanKnowledgeSword","SlashOfMeditation"],"picked":"CherryBlossomFlashing+1","floor":24},{"not_picked":["DispleasureOfTheSevenHakus+1","CrescentMoonSlash"],"picked":"EchoesOfTheInclemencyOfAllBeings+1","floor":27},{"not_picked":["LotusPostureSlash+1","CrescentMoonSlash+1","HeavenlyHaloSlash"],"picked":"Singing Bowl","floor":28},{"not_picked":["CrescentMoonSlash","ThoughtCuttingSword","FiveSignsOfTheDyingDeva"],"picked":"Singing Bowl","floor":29},{"not_picked":["CherryBlossomSword","SuddenDivineSeveringOfKarmicWind"],"picked":"MatsuyoiReflectingSatelliteSlash","floor":33},{"not_picked":["PretaSword+1","LifeCuttingSword"],"picked":"DoubleWheelOfPain+1","floor":35},{"not_picked":["SlashOfMeditation","FiveSignsOfTheDyingDeva"],"picked":"SpiritCuttingSword+1","floor":37},{"not_picked":["TurningAngelCut+1","HumanKnowledgeSword+1","SpiderLilyBurial+1"],"picked":"Singing Bowl","floor":38},{"not_picked":["TenKingsRetributionOnThePreta","FiveSignsOfTheDyingDeva+1"],"picked":"HiganSword+1","floor":39},{"not_picked":["HumanKnowledgeSword+1","ObsessionSword+1","CrescentMoonSlash+1"],"picked":"Singing Bowl","floor":41},{"not_picked":["SpiderLilyBurial+1","SpiritMediumsBind+1"],"picked":"CelestialStarSword","floor":45},{"not_picked":["ConstancyOfTheConventionalTruth+1","SanzenSekai","FlashingScatteredFlowers+1"],"picked":"Singing Bowl","floor":46},{"not_picked":["SpiritMediumsBind+1","SpiritCuttingSword+1"],"picked":"BloodOfAsura+1","floor":47},{"not_picked":["KarmicPunishmentOfTheIdleAndUnfocused+1","FourBirthsSword+1","LightFlashOfTheNetherworld"],"picked":"Singing Bowl","floor":54}],"player_experience":198610,"relics_obtained":[{"floor":9,"key":"Smiling Mask"},{"floor":10,"key":"Potion Belt"},{"floor":14,"key":"Whetstone"},{"floor":17,"key":"Pen Nib"},{"floor":17,"key":"Toxic Egg 2"},{"floor":17,"key":"Calipers"},{"floor":27,"key":"Bird Faced Urn"},{"floor":27,"key":"FencingExperience"},{"floor":28,"key":"AT_MibuBalloonWealth"},{"floor":39,"key":"Peace Pipe"},{"floor":41,"key":"AT_Kusabimaru"},{"floor":43,"key":"ChestCloth"},{"floor":45,"key":"AT_ArchangelStaff"},{"floor":47,"key":"Bag of Marbles"},{"floor":54,"key":"Vajra"}],"event_choices":[{"damage_healed":0,"gold_gain":0,"cards_transformed":["Strike_YM"],"player_choice":"Change","damage_taken":0,"max_hp_gain":0,"max_hp_loss":0,"event_name":"Living Wall","floor":3,"gold_loss":0,"cards_obtained":["TurningAngelCut"]},{"cards_removed":["Strike_YM"],"damage_healed":0,"gold_gain":0,"player_choice":"Card Removal","damage_taken":7,"max_hp_gain":0,"max_hp_loss":0,"event_name":"Golden Wing","floor":5,"gold_loss":0},{"damage_healed":0,"gold_gain":0,"player_choice":"Searched \u00273\u0027 times","damage_taken":0,"relics_obtained":["AT_BellowingDragoncrestRing"],"max_hp_gain":0,"max_hp_loss":0,"event_name":"Dead Adventurer","floor":7,"gold_loss":0},{"damage_healed":0,"gold_gain":0,"player_choice":"Got Potions","damage_taken":0,"max_hp_gain":0,"max_hp_loss":0,"event_name":"Lab","floor":19,"gold_loss":0},{"damage_healed":0,"gold_gain":0,"player_choice":"Stole Relic","damage_taken":0,"relics_obtained":["Ancient Tea Set"],"max_hp_gain":0,"max_hp_loss":0,"event_name":"Addict","floor":22,"gold_loss":0,"cards_obtained":["Shame"]},{"damage_healed":0,"gold_gain":0,"player_choice":"Fight","damage_taken":0,"max_hp_gain":0,"max_hp_loss":0,"event_name":"Colosseum","floor":27,"gold_loss":0},{"damage_healed":0,"gold_gain":0,"player_choice":"Fought Nobs","damage_taken":0,"max_hp_gain":0,"max_hp_loss":0,"event_name":"Colosseum","floor":27,"gold_loss":0},{"damage_healed":0,"gold_gain":0,"player_choice":"Opened","damage_taken":0,"relics_obtained":["Lantern"],"max_hp_gain":0,"max_hp_loss":0,"event_name":"The Mausoleum","floor":30,"gold_loss":0},{"damage_healed":0,"gold_gain":0,"player_choice":"Fight","damage_taken":0,"max_hp_gain":0,"max_hp_loss":0,"event_name":"Mysterious Sphere","floor":39,"gold_loss":0},{"damage_healed":0,"gold_gain":0,"player_choice":"Fight","damage_taken":0,"max_hp_gain":0,"max_hp_loss":0,"event_name":"MindBloom","floor":41,"gold_loss":0},{"damage_healed":0,"gold_gain":0,"cards_transformed":["Defend_YM"],"player_choice":"Transformed","damage_taken":0,"max_hp_gain":0,"max_hp_loss":0,"event_name":"Transmorgrifier","floor":48,"gold_loss":0,"cards_obtained":["SwordExtraction"]}],"is_beta":false,"boss_relics":[{"not_picked":["Snecko Eye","Tiny House"],"picked":"Calling Bell"},{"not_picked":["Busted Crown","Fusion Hammer"],"picked":"MiniYoumu"}],"items_purged_floors":[21,31,36],"is_endless":false,"potions_floor_spawned":[1,4,10,12,24,28,29,33,35,41,45,47],"ascension_level":0}}