{"host":"qmdmcz5nn4dzus5k","time":1614030701,"event":{"mods":["AchievementEnabler","BaseMod","Bestiary","BetterRewards","Card Filter","Displayed Cursed Tome","Minty Spire (QoL Compilation)","Quick Restart","Relic Filter","Remove Card Discount Mod","Replay The Spire","Spicy Shops","StSLib","The Marked","TheHero","Uncapped"],"gold_per_floor":[14,33,208,208,225,225,252,264,264,31,56,56,26,60,60,161,161,180,180,195,195,213,238,257,267,267,267,281,281,310,51,51,147,147,161,161,55,65,83,83,94,106,174,185,185,205,222,222,222,222,222],"floor_reached":50,"language":"ENG","playtime":4202,"items_purged":["theMarked:Strike","theMarked:Strike","Doubt","Injury","Pain","theMarked:Strike"],"score":606,"play_id":"7a859ec8-9c91-48a7-88fd-2b69dd8342cb","local_time":"20210222165141","is_ascension_mode":false,"campfire_choices":[{"data":"theMarked:SoldierOfQuellstein","floor":6,"key":"SMITH"},{"data":"theMarked:Polarize","floor":12,"key":"SMITH"},{"floor":27,"key":"REST"},{"floor":29,"key":"REST"},{"data":"theMarked:EmpowerWeapon","floor":32,"key":"SMITH"},{"floor":40,"key":"REST"},{"floor":49,"key":"REST"}],"circlet_count":0,"master_deck":["theMarked:Strike","theMarked:Defend","theMarked:Defend","theMarked:Defend","theMarked:Defend","theMarked:SoldierOfQuellstein+1","theMarked:BanishingStrike","theMarked:WardOff","theMarked:Heritage","theMarked:StartUp","theMarked:BanishingStrike","theMarked:Polarize+1","theMarked:OneWithTheBlade","theMarked:MysticalArsenal","theMarked:MysticalArsenal","theMarked:ChainLightning","theMarked:ThrowWeapon","theMarked:BanishingStrike","theMarked:EmpowerWeapon+1","theMarked:BanishingStrike","theMarked:EternalStudent","theMarked:Vacuum","theMarked:Electrocute+1","theMarked:WardOff+1","theMarked:Heritage","theMarked:Polarize+1"],"relics":["theMarked:ArtifactOfAir","FossilizedHelix","Bronze Scales","ReplayTheSpireMod:Shallot","ClockworkSouvenir","Mango","ReplayTheSpireMod:CursedCoin","Turnip","Bag of Marbles","SlaversCollar","Centennial Puzzle","Replay:Bottled Flurry","Nunchaku","Shuriken","Velvet Choker","Ice Cream","theMarked:Gun"],"acts_visited":["Exordium","TheCity","TheBeyond"],"potions_floor_usage":[7,11,16,22,25,33,35,46,47],"damage_taken":[{"damage":0,"enemies":"Cultist","floor":1,"turns":3},{"damage":0,"enemies":"Small Slimes","floor":2,"turns":3},{"damage":0,"enemies":"2 Louse","floor":5,"turns":3},{"damage":0,"enemies":"Gremlin Nob","floor":7,"turns":4},{"damage":3,"enemies":"Red Slaver","floor":8,"turns":2},{"damage":10,"enemies":"3 Sentries","floor":11,"turns":8},{"damage":0,"enemies":"Lagavulin","floor":14,"turns":5},{"damage":14,"enemies":"The Guardian","floor":16,"turns":7},{"damage":16,"enemies":"Shell Parasite","floor":18,"turns":5},{"damage":0,"enemies":"Chosen","floor":20,"turns":4},{"damage":0,"enemies":"Snake Plant","floor":22,"turns":1},{"damage":17,"enemies":"Book of Stabbing","floor":23,"turns":4},{"damage":7,"enemies":"Chosen and Byrds","floor":24,"turns":6},{"damage":10,"enemies":"Centurion and Healer","floor":25,"turns":5},{"damage":8,"enemies":"Snecko","floor":28,"turns":5},{"damage":9,"enemies":"Gremlin Leader","floor":30,"turns":4},{"damage":55,"enemies":"Champ","floor":33,"turns":7},{"damage":33,"enemies":"3 Darklings","floor":35,"turns":4},{"damage":0,"enemies":"Orb Walker","floor":38,"turns":4},{"damage":16,"enemies":"Jaw Worm Horde","floor":39,"turns":4},{"damage":20,"enemies":"Sphere and 2 Shapes","floor":41,"turns":8},{"damage":5,"enemies":"Spire Growth","floor":42,"turns":4},{"damage":0,"enemies":"Maw","floor":44,"turns":6},{"damage":11,"enemies":"Transient","floor":46,"turns":5},{"damage":3,"enemies":"Jaw Worm Horde","floor":47,"turns":3},{"damage":52,"enemies":"Time Eater","floor":50,"turns":5}],"seed_played":"-6320891908727928243","potions_obtained":[{"floor":2,"key":"Toxic Potion"},{"floor":7,"key":"SkillPotion"},{"floor":8,"key":"Reflective Coating"},{"floor":15,"key":"Fire Potion"},{"floor":15,"key":"Death Potion"},{"floor":16,"key":"EssenceOfSteel"},{"floor":23,"key":"Weak Potion"},{"floor":24,"key":"PowerPotion"},{"floor":33,"key":"DuplicationPotion"},{"floor":38,"key":"GamblersBrew"}],"is_trial":false,"path_per_floor":["M","M","?","?","M","R","E","M","T","$","E","R","$","E","R","B",null,"M","?","M","?","M","E","M","M","T","R","M","R","E","$","R","B",null,"M","?","$","M","M","R","M","M","T","M","?","M","M","?","R","B"],"character_chosen":"THE_DEFAULT","items_purchased":["ClockworkSouvenir","theMarked:Polarize","ReplayTheSpireMod:CursedCoin","Turnip","theMarked:MysticalArsenal","Shuriken","Ice Cream","theMarked:Electrocute"],"campfire_rested":4,"item_purchase_floors":[10,10,13,13,13,31,37,37],"current_hp_per_floor":[70,70,70,70,70,70,70,67,67,67,71,71,71,71,71,57,84,68,68,68,68,68,51,44,34,34,59,51,76,67,67,67,12,84,51,51,51,51,35,60,40,35,35,35,35,24,21,21,46,0,0],"gold":222,"neow_bonus":"ONE_RARE_RELIC","is_daily":false,"chose_seed":false,"campfire_upgraded":3,"win_rate":0.0,"timestamp":1614030701,"path_taken":["M","M","?","?","?","R","E","M","T","$","E","R","$","E","R","BOSS","M","?","?","?","?","E","M","M","T","R","?","R","E","$","R","BOSS","M","?","$","M","M","R","M","M","T","M","?","?","M","?","R","BOSS"],"items_purchased_type":["Relic","Card","Relic","Relic","Card","Relic","Relic","Card"],"build_version":"2020-12-22","purchased_purges":6,"victory":false,"max_hp_per_floor":[70,70,70,70,70,70,70,70,70,70,84,84,84,84,84,84,84,84,84,84,84,84,84,84,84,84,84,84,84,84,84,84,84,84,84,84,84,84,84,84,84,84,84,84,84,84,84,84,84,84,84],"card_choices":[{"not_picked":["theMarked:RepellingDischarge","theMarked:ChainLightning"],"picked":"theMarked:BanishingStrike","floor":1},{"not_picked":["theMarked:WastefulAttack","theMarked:HeightenedSenses"],"picked":"theMarked:WardOff","floor":2},{"not_picked":["theMarked:Convert","theMarked:RepellingDischarge","theMarked:Improvise"],"picked":"SKIP","floor":5},{"not_picked":["theMarked:Generate","theMarked:ResourceFulStrike"],"picked":"theMarked:StartUp","floor":7},{"not_picked":["theMarked:Frustration","theMarked:TakeCover"],"picked":"theMarked:BanishingStrike","floor":8},{"not_picked":["theMarked:Panic","theMarked:MuscleMemory"],"picked":"theMarked:OneWithTheBlade","floor":11},{"not_picked":["theMarked:ShockingTouch","theMarked:RepellingDischarge"],"picked":"theMarked:ChainLightning","floor":14},{"not_picked":["theMarked:BiggerThanFate","theMarked:FavorableWinds"],"picked":"theMarked:ThrowWeapon","floor":16},{"not_picked":["theMarked:Parry","theMarked:ResourceFulStrike"],"picked":"theMarked:BanishingStrike","floor":18},{"not_picked":["theMarked:PowerFlow","theMarked:ComboAttacks"],"picked":"theMarked:EmpowerWeapon","floor":20},{"not_picked":["theMarked:ElectricStrings+1","theMarked:Static+1","theMarked:ChainLightning"],"picked":"SKIP","floor":22},{"not_picked":["theMarked:TheMission+1","theMarked:Memento+1","theMarked:Aftermath"],"picked":"SKIP","floor":23},{"not_picked":["theMarked:EmpowerWeapon","theMarked:Maelstrom"],"picked":"theMarked:BanishingStrike","floor":24},{"not_picked":["theMarked:Aftermath","theMarked:AttractMetal"],"picked":"theMarked:EternalStudent","floor":25},{"not_picked":["theMarked:RepellingDischarge","theMarked:Aftermath","theMarked:ElectricStrings"],"picked":"SKIP","floor":28},{"not_picked":["theMarked:WastefulAttack+1","theMarked:ChainLightning","theMarked:ResourceFulStrike"],"picked":"SKIP","floor":30},{"not_picked":["theMarked:UnarmedFury","theMarked:EternalStudent"],"picked":"theMarked:Vacuum","floor":33},{"not_picked":["theMarked:Memento+1","theMarked:Frustration+1","theMarked:SwordAndMagic+1"],"picked":"SKIP","floor":35},{"not_picked":["theMarked:EmpowerWeapon","theMarked:WastefulAttack"],"picked":"theMarked:WardOff+1","floor":38},{"not_picked":["theMarked:Frustration+1","theMarked:Pokerface+1","theMarked:Determination"],"picked":"SKIP","floor":39},{"not_picked":["theMarked:ElectricStrings+1","theMarked:Abjuration","theMarked:Memento"],"picked":"SKIP","floor":41},{"not_picked":["theMarked:Parkour","theMarked:ChannelForce+1"],"picked":"theMarked:Heritage","floor":42},{"not_picked":["theMarked:Indomitable","theMarked:RepellingDischarge+1","theMarked:ShockingTouch+1"],"picked":"SKIP","floor":44},{"not_picked":["theMarked:Determination+1","theMarked:EmpowerWeapon","theMarked:Frustration+1"],"picked":"SKIP","floor":46},{"not_picked":["theMarked:ResourceFulStrike+1","theMarked:EmpowerWeapon","theMarked:WastefulAttack"],"picked":"SKIP","floor":47}],"player_experience":84080,"relics_obtained":[{"floor":7,"key":"Bronze Scales"},{"floor":9,"key":"ReplayTheSpireMod:Shallot"},{"floor":11,"key":"Mango"},{"floor":14,"key":"Bag of Marbles"},{"floor":23,"key":"Centennial Puzzle"},{"floor":26,"key":"Replay:Bottled Flurry"},{"floor":30,"key":"Nunchaku"},{"floor":43,"key":"theMarked:Gun"}],"event_choices":[{"damage_healed":0,"gold_gain":175,"player_choice":"AGREE","damage_taken":0,"max_hp_gain":0,"max_hp_loss":0,"event_name":"Liars Game","floor":3,"gold_loss":0,"cards_obtained":["Doubt"]},{"damage_healed":0,"gold_gain":0,"player_choice":"1 cards matched","damage_taken":0,"max_hp_gain":0,"max_hp_loss":0,"event_name":"Match and Keep!","floor":4,"gold_loss":0,"cards_obtained":["theMarked:Heritage"]},{"damage_healed":0,"gold_gain":0,"player_choice":"Bought 0 Potions","damage_taken":0,"max_hp_gain":0,"max_hp_loss":0,"event_name":"The Woman in Blue","floor":19,"gold_loss":0},{"damage_healed":0,"gold_gain":0,"player_choice":"Ignored","damage_taken":0,"max_hp_gain":0,"max_hp_loss":0,"event_name":"Transmorgrifier","floor":21,"gold_loss":0},{"cards_removed":["theMarked:Strike"],"damage_healed":0,"gold_gain":0,"player_choice":"Removed Attack","damage_taken":0,"max_hp_gain":0,"max_hp_loss":0,"event_name":"Falling","floor":36,"gold_loss":0},{"damage_healed":0,"gold_gain":0,"player_choice":"Upgraded","damage_taken":0,"max_hp_gain":0,"max_hp_loss":0,"event_name":"Upgrade Shrine","floor":45,"gold_loss":0,"cards_upgraded":["theMarked:Electrocute"]},{"damage_healed":0,"gold_gain":0,"player_choice":"Copied","damage_taken":0,"max_hp_gain":0,"max_hp_loss":0,"event_name":"Duplicator","floor":48,"gold_loss":0,"cards_obtained":["theMarked:Polarize"]}],"is_beta":false,"boss_relics":[{"not_picked":["Replay:Bronze Core","SacredBark"],"picked":"SlaversCollar"},{"not_picked":["Fusion Hammer","Busted Crown"],"picked":"Velvet Choker"}],"items_purged_floors":[10,10,10,13,13,31],"is_endless":false,"potions_floor_spawned":[2,7,8,16,20,23,24,33,38,39,42],"killed_by":"Time Eater","ascension_level":0}}