{"host":"1c52r9kaxdyo25eq","time":1614005520,"event":{"mods":["AchievementEnabler","BaseMod","DeckTracker","Minty Spire (QoL Compilation)","Rare Cards Sparkle","SuperFastMode","everything is the same but u backflip on backflip"],"gold_per_floor":[110,123,140,153,215,215,244,262,337,355,114,114,132,152,152,224,224,238,83,83,96,96,96],"floor_reached":22,"language":"KOR","playtime":744,"items_purged":["Bloodletting","Hemokinesis"],"score":419,"play_id":"065ff796-335d-4131-9ae8-4055cb2ca84d","local_time":"20210222235200","is_ascension_mode":true,"campfire_choices":[{"floor":6,"key":"REST"},{"floor":15,"key":"REST"}],"circlet_count":0,"master_deck":["AscendersBane","Bash","Headbutt","Carnage","Bloodletting","Rampage","Juggernaut","Flame Barrier","True Grit","Battle Trance","Disarm","Evolve","Wild Strike","Barricade","Shrug It Off","Shrug It Off","Body Slam"],"relics":["Pandora\u0027s Box","Centennial Puzzle","Letter Opener","Lantern","SlaversCollar"],"acts_visited":["Exordium","TheCity"],"potions_floor_usage":[16,16,22],"damage_taken":[{"damage":15,"enemies":"Jaw Worm","floor":1,"turns":3},{"damage":3,"enemies":"Small Slimes","floor":2,"turns":3},{"damage":2,"enemies":"Cultist","floor":3,"turns":2},{"damage":30,"enemies":"Gremlin Gang","floor":4,"turns":4},{"damage":8,"enemies":"Gremlin Nob","floor":7,"turns":3},{"damage":11,"enemies":"Looter","floor":8,"turns":2},{"damage":6,"enemies":"Lots of Slimes","floor":10,"turns":3},{"damage":3,"enemies":"Blue Slaver","floor":13,"turns":1},{"damage":9,"enemies":"Looter","floor":14,"turns":2},{"damage":23,"enemies":"The Guardian","floor":16,"turns":10},{"damage":37,"enemies":"Spheric Guardian","floor":18,"turns":6},{"damage":17,"enemies":"Shell Parasite","floor":21,"turns":15},{"damage":0,"enemies":"Snake Plant","floor":22,"turns":2}],"seed_played":"8034888305148442714","potions_obtained":[{"floor":1,"key":"BlessingOfTheForge"},{"floor":3,"key":"Weak Potion"},{"floor":18,"key":"SteroidPotion"},{"floor":21,"key":"Block Potion"}],"is_trial":false,"path_per_floor":["M","M","M","M","?","R","E","M","T","M","$","?","M","M","R","B",null,"M","$","?","M","M"],"character_chosen":"IRONCLAD","items_purchased":["Lantern","Shrug It Off"],"campfire_rested":2,"item_purchase_floors":[11,19],"current_hp_per_floor":[53,50,48,18,18,40,32,21,21,15,15,15,12,3,25,2,57,20,20,20,3,3,3],"gold":96,"neow_bonus":"BOSS_RELIC","is_daily":false,"chose_seed":false,"campfire_upgraded":0,"win_rate":0.0,"timestamp":1614005520,"path_taken":["M","M","M","M","?","R","E","M","T","M","$","?","?","M","R","BOSS","M","$","?","M","?"],"items_purchased_type":["Relic","Card"],"build_version":"2020-12-22","purchased_purges":2,"victory":false,"max_hp_per_floor":[75,75,75,75,75,75,75,75,75,75,75,75,75,75,75,75,75,75,75,75,75,75,75],"card_choices":[{"not_picked":["Pummel","Body Slam"],"picked":"Battle Trance","floor":1},{"not_picked":["Sentinel","Sword Boomerang","Perfected Strike"],"picked":"SKIP","floor":2},{"not_picked":["Warcry","Dual Wield"],"picked":"Disarm","floor":3},{"not_picked":["Shockwave","Bloodletting","Sword Boomerang"],"picked":"SKIP","floor":4},{"not_picked":["Inflame","Entrench","Wild Strike"],"picked":"SKIP","floor":7},{"not_picked":["Dropkick","Thunderclap","Searing Blow"],"picked":"SKIP","floor":8},{"not_picked":["Reckless Charge","Infernal Blade"],"picked":"Evolve","floor":10},{"not_picked":["Disarm","Body Slam","Wild Strike"],"picked":"SKIP","floor":13},{"not_picked":["Disarm","Body Slam"],"picked":"Wild Strike","floor":13},{"not_picked":["Armaments","Dropkick","Flex"],"picked":"SKIP","floor":14},{"not_picked":["Armaments","Dropkick","Flex"],"picked":"SKIP","floor":14},{"not_picked":["Offering","Brutality"],"picked":"Barricade","floor":16},{"not_picked":["Wild Strike","Thunderclap","Twin Strike"],"picked":"SKIP","floor":18},{"not_picked":["Perfected Strike+1","Wild Strike"],"picked":"Body Slam","floor":21}],"player_experience":659464,"relics_obtained":[{"floor":7,"key":"Centennial Puzzle"},{"floor":9,"key":"Letter Opener"}],"event_choices":[{"damage_healed":0,"gold_gain":62,"player_choice":"Gained Gold","damage_taken":0,"max_hp_gain":0,"max_hp_loss":0,"event_name":"Golden Wing","floor":5,"gold_loss":0},{"damage_healed":0,"gold_gain":0,"player_choice":"Ignored","damage_taken":0,"max_hp_gain":0,"max_hp_loss":0,"event_name":"Liars Game","floor":12,"gold_loss":0},{"damage_healed":0,"gold_gain":0,"player_choice":"Copied","damage_taken":0,"max_hp_gain":0,"max_hp_loss":0,"event_name":"Duplicator","floor":20,"gold_loss":0,"cards_obtained":["Shrug It Off"]}],"is_beta":false,"boss_relics":[{"not_picked":["Busted Crown","Coffee Dripper"],"picked":"SlaversCollar"}],"items_purged_floors":[11,19],"is_endless":false,"potions_floor_spawned":[1,3,4,18,21],"killed_by":"Snake Plant","ascension_level":19}}