{"host":"cap4nr964bee0o8i","time":1614002040,"event":{"mods":["ATMod(°¢èªMod)","Act Like it!","Aspiration","BaseMod","CapriCore","Chen","Colored Map","Colored Powertips","Gensokyo","Gold Saver","Hallownest","Jedi Mod","KomeijiMod","Marisa£¨ìFÓê¡¡Ä§ÀíÉ³£©","Minty Spire (QoL Compilation)","MostiFishMod","Pale of the Ancients","Quick Restart","Reimu£¨²©ÀöÁéÃÎ£©","Replay The Spire","RumiaBox-Â¶Ã×æ«µÄÉñÃØºÐ×Ó","Spicy Shops","StSLib","TestMod","The Administrix","The Bug Knight","The Immortal","The Servant 0.9.4","Yakumo Yukari mod","Youmu£¨»êÆÇÑýÃÎ£©","Yuyuko","¡¾¹¦ÄÜMod¡¿»ìãçÖ®»·ÐÞ¸´²¹¶¡","¡¾ÒÅÎï¿¨ÅÆ¡¿REMEMod"],"gold_per_floor":[244,256,256,268,268,268,297,297,297,309,326,344,15,33,33,129,129,145,145,145],"floor_reached":19,"language":"ZHS","playtime":849,"items_purged":["AT_purpleEX"],"score":171,"play_id":"b95fcb7a-1ffb-45ac-8bb4-94c35e871f16","local_time":"20210222215400","is_ascension_mode":false,"campfire_choices":[{"data":"Nest_LightFlightworm_purple","floor":6,"key":"SMITH"},{"data":"ExistenceContinue_purple","floor":8,"key":"SMITH"},{"data":"WorldDissolvedintheRealm_purple","floor":15,"key":"SMITH"}],"circlet_count":0,"master_deck":["AT_purpleEX","AT_purpleEX","AT_purpleEX","Defend_purpleEX","Defend_purpleEX","Defend_purpleEX","Defend_purpleEX","Observe_purple_1","Observe_purple_2+1","OmniscientAndOmnipotent_Monster_purple","Nest_LightFlightworm_purple+1","Mirror_WaveAndshot_purple","ExistenceContinue_purple+1","Charmbait_purple","WorldDissolvedintheRealm_purple+1","StateDuplicate_purple+1","WorldDissolvedintheRealm_purple","Fantasy_PerpetualMotionMachine_purple+1","AdvanceAttack_purple","WangLiang_OokamiKakushi_purple","ExistenceContinue_purple"],"relics":["Boundary_crack","Memoryfragments_purpleEX","AT_ATBox","DaveBox","testmod-TestBox","REME_ComplimentaryCards","NeowsBlessing","Smiling Mask","jedi:crownofsimplicity","SecretRecord","War Paint","Lee\u0027s Waffle","jedi:battlestandard"],"acts_visited":["Exordium","TheCity"],"potions_floor_usage":[],"damage_taken":[{"damage":0,"enemies":"Cultist","floor":1,"turns":1},{"damage":0,"enemies":"Small Slimes","floor":2,"turns":1},{"damage":0,"enemies":"2 Louse","floor":4,"turns":1},{"damage":22,"enemies":"Gremlin Nob","floor":7,"turns":5},{"damage":0,"enemies":"Large Slime","floor":10,"turns":4},{"damage":0,"enemies":"Lots of Slimes","floor":11,"turns":1},{"damage":0,"enemies":"Looter","floor":12,"turns":2},{"damage":0,"enemies":"Large Slime","floor":14,"turns":3},{"damage":25,"enemies":"The Guardian","floor":16,"turns":4},{"damage":5,"enemies":"3 Byrds","floor":18,"turns":4},{"damage":0,"enemies":"Shell Parasite","floor":19,"turns":1}],"seed_played":"-2262326547235136994","potions_obtained":[{"floor":1,"key":"SteroidPotion"},{"floor":7,"key":"Dexterity Potion"},{"floor":12,"key":"Ancient Potion"},{"floor":14,"key":"Swift Potion"},{"floor":16,"key":"SteroidPotion"}],"is_trial":false,"path_per_floor":["M","M","?","M","?","R","E","R","T","M","M","M","$","M","R","B",null,"M","M"],"character_chosen":"Youkari","items_purchased":["War Paint","Lee\u0027s Waffle","Fantasy_PerpetualMotionMachine_purple+1"],"campfire_rested":0,"item_purchase_floors":[13,13,13],"current_hp_per_floor":[70,70,49,49,49,49,27,27,27,31,34,36,77,77,77,55,77,77,77,77],"gold":145,"neow_bonus":"THREE_ENEMY_KILL","is_daily":false,"chose_seed":false,"campfire_upgraded":3,"win_rate":0.0,"timestamp":1614002040,"path_taken":["M","?","?","M","?","R","E","R","T","M","M","M","?","M","R","BOSS","M","M"],"items_purchased_type":["Relic","Relic","Card"],"build_version":"2020-12-22","purchased_purges":1,"victory":false,"max_hp_per_floor":[70,70,70,70,70,70,70,70,70,70,70,70,77,77,77,77,77,77,77,77],"card_choices":[{"not_picked":["StretchesForeverDream_purple","Umbrella_purple"],"picked":"OmniscientAndOmnipotent_Monster_purple","floor":1},{"not_picked":["MeetDecomposer_purple","Mirror_FourBoundary_purple"],"picked":"Nest_LightFlightworm_purple","floor":2},{"not_picked":["StateDuplicate_purple","Umbrella_purple"],"picked":"Mirror_WaveAndshot_purple","floor":4},{"not_picked":["Boundary_DreamRealityDamnation_purple","Photoelasticity_Doppler_Effect_purple"],"picked":"ExistenceContinue_purple","floor":5},{"not_picked":["Boundary_LightAndDark_purple","MetroBOOM_purple"],"picked":"Charmbait_purple","floor":7},{"not_picked":["Anti_communist_purple","Worldmountain_purple"],"picked":"WorldDissolvedintheRealm_purple","floor":10},{"not_picked":["MeetDecomposer_purple","Realm_recovery_purpleEX"],"picked":"StateDuplicate_purple","floor":11},{"not_picked":["ExternalForce_HighSpeedFlying_purple","Boundary_ObjectiveBoundary_purple"],"picked":"WorldDissolvedintheRealm_purple","floor":12},{"not_picked":["Shallow_ocean_purpleEX","RuleDissolution_purple"],"picked":"AdvanceAttack_purple","floor":14},{"not_picked":["UniverseChoice_purple","Know_ledgeAbilityRealm_purple"],"picked":"WangLiang_OokamiKakushi_purple","floor":16},{"not_picked":["Boundary_of_Extermination_purpleEX","WeekHit_purple"],"picked":"ExistenceContinue_purple","floor":18}],"player_experience":428672,"relics_obtained":[{"floor":5,"key":"Smiling Mask"},{"floor":7,"key":"jedi:crownofsimplicity"},{"floor":9,"key":"SecretRecord"}],"event_choices":[],"is_beta":false,"boss_relics":[{"not_picked":["Calling Bell","Transparent"],"picked":"jedi:battlestandard"}],"items_purged_floors":[13],"is_endless":false,"potions_floor_spawned":[1,7,12,14,16],"killed_by":"Shell Parasite","ascension_level":0}}