{"host":"8rgpnls124hwjv5t","time":1614028369,"event":{"mods":["BaseMod","Colored Map","Colored Powertips","DeckTracker","Highlight Path","Minty Spire (QoL Compilation)","Permanent Neow","Quick Restart","Relic Stats","Shop Mod","StSLib"],"gold_per_floor":[116,116,8,27,37,37,55,67,67,67,129,129,159,172,172,251,251,205,220,270,334,117,117,132,182,230,246,7,42,92,109,109,180,180,193,206,281,331,391,421,421,296,296,24,24,121,189,208,208,208],"floor_reached":51,"language":"ENG","playtime":4242,"items_purged":["Strike_B","Zap","Pain"],"score":1642,"play_id":"5cd9944e-609b-41a7-8da7-f143b4c4ba7e","local_time":"20210222161249","is_ascension_mode":true,"campfire_choices":[{"data":"Cold Snap","floor":6,"key":"SMITH"},{"data":"Hologram","floor":10,"key":"SMITH"},{"data":"Ball Lightning","floor":12,"key":"SMITH"},{"data":"Buffer","floor":15,"key":"SMITH"},{"data":"Defragment","floor":23,"key":"SMITH"},{"data":"Coolheaded","floor":32,"key":"SMITH"},{"data":"Coolheaded","floor":41,"key":"SMITH"},{"data":"Coolheaded","floor":45,"key":"SMITH"},{"data":"Strike_B+1","floor":49,"key":"PURGE"}],"circlet_count":0,"master_deck":["AscendersBane","Strike_B+1","Strike_B+1","Defend_B+1","Defend_B+1","Defend_B+1","Defend_B+1","Dualcast","Hologram+1","Capacitor","Cold Snap+1","Cold Snap","Compile Driver","Ball Lightning+1","Buffer+1","Turbo","Machine Learning","Ball Lightning","Defragment+1","Hologram","Go for the Eyes+1","Amplify","Coolheaded+1","Machine Learning","Compile Driver","Coolheaded+1","Coolheaded+1","Cold Snap","Fission"],"relics":["Coffee Dripper","SsserpentHead","DataDisk","Thread and Needle","Pocketwatch","Inserter","Art of War","Emotion Chip","Philosopher\u0027s Stone","Peace Pipe","WarpedTongs","Happy Flower","Frozen Egg 2","Pantograph","Bronze Scales"],"acts_visited":["Exordium","TheCity","TheBeyond"],"potions_floor_usage":[11,11,18,19,27,29,29,31,50,50],"damage_taken":[{"damage":0,"enemies":"Cultist","floor":1,"turns":3},{"damage":11,"enemies":"2 Louse","floor":4,"turns":3},{"damage":7,"enemies":"Small Slimes","floor":5,"turns":4},{"damage":7,"enemies":"3 Louse","floor":7,"turns":5},{"damage":0,"enemies":"Blue Slaver","floor":8,"turns":5},{"damage":0,"enemies":"Gremlin Gang","floor":11,"turns":5},{"damage":6,"enemies":"3 Sentries","floor":13,"turns":6},{"damage":2,"enemies":"Exordium Thugs","floor":14,"turns":4},{"damage":0,"enemies":"Slime Boss","floor":16,"turns":7},{"damage":10,"enemies":"2 Thieves","floor":18,"turns":5},{"damage":0,"enemies":"Spheric Guardian","floor":19,"turns":5},{"damage":0,"enemies":"Snecko","floor":21,"turns":5},{"damage":0,"enemies":"Centurion and Healer","floor":24,"turns":7},{"damage":0,"enemies":"Shelled Parasite and Fungi","floor":27,"turns":8},{"damage":14,"enemies":"Slavers","floor":29,"turns":8},{"damage":0,"enemies":"Cultist and Chosen","floor":31,"turns":6},{"damage":0,"enemies":"Collector","floor":33,"turns":15},{"damage":6,"enemies":"3 Shapes","floor":35,"turns":4},{"damage":8,"enemies":"Orb Walker","floor":36,"turns":4},{"damage":0,"enemies":"Mind Bloom Boss Battle","floor":37,"turns":7},{"damage":0,"enemies":"4 Shapes","floor":39,"turns":7},{"damage":26,"enemies":"Nemesis","floor":40,"turns":9},{"damage":7,"enemies":"Writhing Mass","floor":47,"turns":7},{"damage":9,"enemies":"Jaw Worm Horde","floor":48,"turns":5},{"damage":0,"enemies":"Awakened One","floor":50,"turns":15}],"seed_played":"3860229095947240941","potions_obtained":[{"floor":4,"key":"Dexterity Potion"},{"floor":5,"key":"SteroidPotion"},{"floor":11,"key":"Ancient Potion"},{"floor":14,"key":"Weak Potion"},{"floor":18,"key":"Regen Potion"},{"floor":27,"key":"Dexterity Potion"},{"floor":29,"key":"LiquidMemories"},{"floor":33,"key":"Strength Potion"},{"floor":35,"key":"Strength Potion"}],"is_trial":false,"path_per_floor":["M","?","$","M","M","R","M","M","T","R","M","R","E","M","R","B",null,"M","M","?","M","$","R","M","?","T","M","$","E","?","M","R","B",null,"M","M","?","?","M","E","R","$","T","$","R","T","M","M","R","B",null],"character_chosen":"DEFECT","items_purchased":["DataDisk","Defragment","Swift Potion","Amplify","FocusPotion","Pantograph"],"campfire_rested":0,"item_purchase_floors":[3,22,22,28,28,44],"current_hp_per_floor":[64,64,64,53,46,46,39,39,39,39,39,39,33,31,31,31,61,51,65,59,59,59,59,59,59,59,59,59,45,25,25,25,25,63,57,49,49,49,49,23,23,23,23,23,23,23,16,7,7,32],"gold":208,"neow_bonus":"BOSS_RELIC","is_daily":false,"chose_seed":false,"campfire_upgraded":8,"win_rate":0.0,"timestamp":1614028369,"path_taken":["M","?","?","M","M","R","M","M","T","R","?","R","E","M","R","BOSS","M","M","?","?","$","R","M","?","T","M","$","E","?","M","R","BOSS","M","M","?","?","?","E","R","$","T","$","R","?","?","M","R","BOSS"],"items_purchased_type":["Relic","Card","Potion","Card","Potion","Relic"],"build_version":"2020-12-22","purchased_purges":3,"victory":true,"max_hp_per_floor":[71,71,71,71,71,71,71,71,71,71,71,71,71,71,71,71,71,71,71,71,71,71,71,71,71,71,71,71,71,76,76,76,76,76,76,76,76,76,76,76,76,76,76,76,76,76,76,76,76,76],"relic_stats":{"Peace Pipe":1,"SsserpentHead":550,"Emotion Chip":[22,5,17,0,0],"Inserter":[54],"Happy Flower":[9],"counters":[25,159],"Pantograph":25,"Bronze Scales":[134],"Art of War":[15],"obtain_stats":[{"Inserter":17,"Happy Flower":40,"Thread and Needle":9,"Frozen Egg 2":43,"WarpedTongs":38,"Peace Pipe":37,"SsserpentHead":2,"DataDisk":3,"Emotion Chip":29,"Pantograph":44,"Bronze Scales":46,"Philosopher\u0027s Stone":34,"Coffee Dripper":0,"Art of War":26,"Cracked Core":0,"Pocketwatch":13},{"Inserter":9,"Happy Flower":22,"Thread and Needle":5,"Frozen Egg 2":22,"WarpedTongs":20,"Peace Pipe":20,"SsserpentHead":1,"DataDisk":1,"Emotion Chip":15,"Pantograph":22,"Bronze Scales":22,"Philosopher\u0027s Stone":17,"Coffee Dripper":0,"Art of War":13,"Cracked Core":0,"Pocketwatch":7},{"Inserter":42,"Happy Flower":132,"Thread and Needle":20,"Frozen Egg 2":132,"WarpedTongs":116,"Peace Pipe":116,"SsserpentHead":3,"DataDisk":3,"Emotion Chip":80,"Pantograph":132,"Bronze Scales":132,"Philosopher\u0027s Stone":101,"Coffee Dripper":0,"Art of War":64,"Cracked Core":0,"Pocketwatch":31}],"Pocketwatch":[63],"WarpedTongs":[34]},"card_choices":[{"not_picked":["Redo","Stack"],"picked":"Hologram","floor":1},{"not_picked":["Stack","Go for the Eyes"],"picked":"Capacitor","floor":4},{"not_picked":["Aggregate","Rebound"],"picked":"Cold Snap","floor":5},{"not_picked":["Melter","Leap"],"picked":"Cold Snap","floor":7},{"not_picked":["Beam Cell","Aggregate"],"picked":"Compile Driver","floor":8},{"not_picked":["Machine Learning","Gash"],"picked":"Ball Lightning","floor":11},{"not_picked":["Recycle","Scrape"],"picked":"Buffer","floor":13},{"not_picked":["Sweeping Beam","Redo"],"picked":"Turbo","floor":14},{"not_picked":["Meteor Strike","Reboot"],"picked":"Machine Learning","floor":16},{"not_picked":["Gash","Force Field"],"picked":"Ball Lightning","floor":18},{"not_picked":["Sweeping Beam","Scrape","Rip and Tear"],"picked":"SKIP","floor":19},{"not_picked":["Ball Lightning","Gash","Doom and Gloom"],"picked":"SKIP","floor":21},{"not_picked":["Hello World","Auto Shields"],"picked":"Hologram","floor":24},{"not_picked":["All For One","Turbo"],"picked":"Go for the Eyes+1","floor":27},{"not_picked":["Darkness","Reboot"],"picked":"Coolheaded","floor":29},{"not_picked":["Ball Lightning","Steam Power","Turbo"],"picked":"SKIP","floor":31},{"not_picked":["Biased Cognition","Creative AI"],"picked":"Machine Learning","floor":33},{"not_picked":["Capacitor+1","Streamline+1"],"picked":"Compile Driver","floor":35},{"not_picked":["Rebound","Conserve Battery"],"picked":"Coolheaded","floor":36},{"not_picked":["Beam Cell","Chill"],"picked":"Coolheaded","floor":39},{"not_picked":["Go for the Eyes","Compile Driver","Capacitor"],"picked":"SKIP","floor":40},{"not_picked":["Beam Cell","Leap"],"picked":"Cold Snap","floor":47},{"not_picked":["Beam Cell","Redo+1"],"picked":"Fission","floor":48}],"player_experience":632754,"relics_obtained":[{"floor":9,"key":"Thread and Needle"},{"floor":13,"key":"Pocketwatch"},{"floor":26,"key":"Art of War"},{"floor":29,"key":"Emotion Chip"},{"floor":37,"key":"Peace Pipe"},{"floor":40,"key":"Happy Flower"},{"floor":43,"key":"Frozen Egg 2"},{"floor":46,"key":"Bronze Scales"}],"event_choices":[{"damage_healed":0,"gold_gain":0,"player_choice":"Trade","damage_taken":0,"relics_obtained":["SsserpentHead"],"max_hp_gain":0,"max_hp_loss":0,"event_name":"FaceTrader","floor":2,"gold_loss":0},{"damage_healed":0,"gold_gain":0,"player_choice":"","damage_taken":6,"max_hp_gain":0,"max_hp_loss":0,"event_name":"Knowing Skull","floor":20,"potions_obtained":[],"gold_loss":0,"cards_obtained":[]},{"damage_healed":0,"gold_gain":0,"player_choice":"Simplicity","damage_taken":0,"max_hp_gain":0,"max_hp_loss":0,"event_name":"Back to Basics","floor":25,"gold_loss":0,"cards_upgraded":["Strike_B","Strike_B","Strike_B","Defend_B","Defend_B","Defend_B","Defend_B"]},{"damage_healed":0,"gold_gain":0,"player_choice":"Shed Blood","damage_taken":25,"max_hp_gain":5,"max_hp_loss":0,"event_name":"Forgotten Altar","floor":30,"gold_loss":0},{"damage_healed":0,"gold_gain":0,"player_choice":"Fight","damage_taken":0,"max_hp_gain":0,"max_hp_loss":0,"event_name":"MindBloom","floor":37,"gold_loss":0},{"damage_healed":0,"gold_gain":0,"player_choice":"Rummage","damage_taken":0,"relics_obtained":["WarpedTongs"],"max_hp_gain":0,"max_hp_loss":0,"event_name":"Accursed Blacksmith","floor":38,"gold_loss":0,"cards_obtained":["Pain"]}],"is_beta":false,"boss_relics":[{"not_picked":["Sozu","Fusion Hammer"],"picked":"Inserter"},{"not_picked":["Velvet Choker","Astrolabe"],"picked":"Philosopher\u0027s Stone"}],"items_purged_floors":[22,28,42],"is_endless":false,"potions_floor_spawned":[4,5,11,14,18,27,29,33,35,40,48],"ascension_level":18}}