{"host":"e4udrxcgdvpx3wcj","time":1614030853,"event":{"mods":["Act Like it!","Aspiration","Astrologer","BaseMod","Gensokyo","Highlight Path","Infinite Spire","Koishi","Marisa????????","Minty Spire (QoL Compilation)","Replay The Spire","StSLib","SuperFastMode","The Bug Knight","The Construct","The Jungle","The Runesmith","The Servant 0.9.4","TheBandit"],"gold_per_floor":[110,110,127,146,146,146,146],"floor_reached":6,"language":"ENG","playtime":253,"items_purged":[],"score":72,"play_id":"d4c35bc4-886a-46f7-9a7f-0195534ec9c8","local_time":"20210222165413","is_ascension_mode":true,"campfire_choices":[],"circlet_count":0,"master_deck":["AscendersBane","Strike_G","Strike_G","Strike_G","Strike_G","Strike_G","Defend_G","Defend_G","Defend_G","Defend_G","Defend_G","Survivor","Neutralize","ReplayTheSpireMod:Splinters","Dash","Riddle With Holes","Sucker Punch"],"relics":["Ring of the Snake","infinitespire:Lychee Nut","infinitespire:Beetle Shell"],"acts_visited":["Exordium"],"potions_floor_usage":[],"damage_taken":[{"damage":2,"enemies":"2 Louse","floor":1,"turns":4},{"damage":2,"enemies":"Cultist","floor":3,"turns":5},{"damage":7,"enemies":"Jaw Worm","floor":4,"turns":4},{"damage":43,"enemies":"Lagavulin","floor":6,"turns":11}],"seed_played":"-9100271873596843489","potions_obtained":[{"floor":4,"key":"Regen Potion"}],"is_trial":false,"path_per_floor":["M","?","M","M","?","E"],"character_chosen":"THE_SILENT","items_purchased":[],"campfire_rested":0,"item_purchase_floors":[],"current_hp_per_floor":[49,54,53,47,47,10,10],"gold":146,"neow_bonus":"ONE_RARE_RELIC","is_daily":false,"chose_seed":false,"campfire_upgraded":0,"win_rate":0.0,"timestamp":1614030853,"path_taken":["M","?","M","M","?","E"],"items_purchased_type":[],"build_version":"2020-12-22","purchased_purges":0,"victory":false,"max_hp_per_floor":[49,54,54,54,54,54,54],"card_choices":[{"not_picked":["ReplayTheSpireMod:Exploit Weakness","Escape Plan"],"picked":"Dash","floor":1},{"not_picked":["Flying Knee","Backflip"],"picked":"Riddle With Holes","floor":3},{"not_picked":["Flying Knee","Prepared"],"picked":"Sucker Punch","floor":4}],"player_experience":2438206,"relics_obtained":[],"event_choices":[{"damage_healed":0,"gold_gain":0,"player_choice":"Donut","damage_taken":0,"max_hp_gain":5,"max_hp_loss":0,"event_name":"Big Fish","floor":2,"gold_loss":0},{"damage_healed":0,"gold_gain":0,"player_choice":"Gave Potion","damage_taken":0,"relics_obtained":["infinitespire:Beetle Shell"],"max_hp_gain":0,"max_hp_loss":0,"event_name":"WeMeetAgain","floor":5,"gold_loss":0}],"is_beta":false,"boss_relics":[],"items_purged_floors":[],"is_endless":false,"potions_floor_spawned":[4],"killed_by":"Lagavulin","ascension_level":20}}