{"host":"a6m4v7p1efmaozv7","time":1614009037,"event":{"mods":["BaseMod","Colored Map","Colored Powertips","DeckTracker","Keyboard Shortcuts","Minty Spire (QoL Compilation)","Permanent Neow","Relic Stats","StSLib","SuperFastMode"],"gold_per_floor":[109,128,31,31,48,48,48,48,48,66,66,66,96,114,114,114,114],"floor_reached":16,"language":"ENG","playtime":320,"items_purged":[],"score":180,"play_id":"5a9c932c-98f8-4be8-8245-dcbe0eb2c49f","local_time":"20210223005037","is_ascension_mode":true,"campfire_choices":[{"data":"Deadly Poison","floor":6,"key":"SMITH"},{"data":"Survivor","floor":8,"key":"SMITH"},{"data":"Neutralize","floor":15,"key":"SMITH"}],"circlet_count":0,"master_deck":["AscendersBane","Strike_G","Strike_G","Defend_G","Defend_G","Defend_G","Defend_G","Defend_G","Survivor+1","Neutralize+1","Reflex","Deadly Poison+1","Tactician"],"relics":["Empty Cage","Ninja Scroll","Odd Mushroom"],"acts_visited":["Exordium"],"potions_floor_usage":[16],"damage_taken":[{"damage":0,"enemies":"2 Louse","floor":1,"turns":7},{"damage":15,"enemies":"Jaw Worm","floor":2,"turns":8},{"damage":5,"enemies":"Small Slimes","floor":5,"turns":5},{"damage":16,"enemies":"Exordium Wildlife","floor":10,"turns":4},{"damage":22,"enemies":"The Mushroom Lair","floor":13,"turns":7},{"damage":0,"enemies":"Blue Slaver","floor":14,"turns":5},{"damage":11,"enemies":"The Guardian","floor":16,"turns":11}],"seed_played":"2070275004785941013","potions_obtained":[{"floor":1,"key":"BlessingOfTheForge"},{"floor":10,"key":"Strength Potion"}],"is_trial":false,"path_per_floor":["M","M","$","?","M","R","?","R","T","M","$","?","?","M","R","B"],"character_chosen":"THE_SILENT","items_purchased":["Deadly Poison","Tactician"],"campfire_rested":0,"item_purchase_floors":[3,3],"current_hp_per_floor":[59,44,44,37,32,32,32,32,32,16,16,38,16,16,16,5,5],"gold":114,"neow_bonus":"BOSS_RELIC","is_daily":false,"chose_seed":false,"campfire_upgraded":3,"win_rate":0.0,"timestamp":1614009037,"path_taken":["M","M","$","?","M","R","?","R","T","M","?","?","?","?","R","BOSS"],"items_purchased_type":["Card","Card"],"build_version":"2020-12-22","purchased_purges":0,"victory":false,"max_hp_per_floor":[66,66,66,66,66,66,66,66,66,66,66,66,66,66,66,66,66],"relic_stats":{"counters":[7,47],"obtain_stats":[{"Ninja Scroll":9,"Odd Mushroom":13,"Empty Cage":0,"Ring of the Snake":0},{"Ninja Scroll":3,"Odd Mushroom":5,"Empty Cage":0,"Ring of the Snake":0},{"Ninja Scroll":20,"Odd Mushroom":31,"Empty Cage":0,"Ring of the Snake":0}]},"card_choices":[{"not_picked":["Cloak And Dagger","Dagger Spray"],"picked":"Reflex","floor":1},{"not_picked":["Blur","Slice","Footwork"],"picked":"SKIP","floor":2},{"not_picked":["Dagger Spray","Distraction","Slice"],"picked":"SKIP","floor":5},{"not_picked":["Predator","Tactician","Slice"],"picked":"SKIP","floor":10},{"not_picked":["Poisoned Stab","Infinite Blades","Caltrops"],"picked":"SKIP","floor":14}],"player_experience":2017251,"relics_obtained":[{"floor":9,"key":"Ninja Scroll"},{"floor":13,"key":"Odd Mushroom"}],"event_choices":[{"cards_removed":["Strike_G"],"damage_healed":0,"gold_gain":0,"player_choice":"Card Removal","damage_taken":7,"max_hp_gain":0,"max_hp_loss":0,"event_name":"Golden Wing","floor":4,"gold_loss":0},{"damage_healed":0,"gold_gain":0,"player_choice":"Ignored","damage_taken":0,"max_hp_gain":0,"max_hp_loss":0,"event_name":"Liars Game","floor":7,"gold_loss":0},{"damage_healed":22,"gold_gain":0,"player_choice":"Banana","damage_taken":0,"max_hp_gain":0,"max_hp_loss":0,"event_name":"Big Fish","floor":12,"gold_loss":0},{"damage_healed":0,"gold_gain":0,"player_choice":"Fought Mushrooms","damage_taken":0,"max_hp_gain":0,"max_hp_loss":0,"event_name":"Mushrooms","floor":13,"gold_loss":0}],"is_beta":false,"boss_relics":[],"items_purged_floors":[],"is_endless":false,"potions_floor_spawned":[1,10,14],"killed_by":"The Guardian","ascension_level":20}}