{"host":"sav7uxregyirlf69","time":1614010223,"event":{"mods":["AchievementEnabler","BaseMod","Colored Map","DeckTracker","Keyboard Shortcuts","Minty Spire (QoL Compilation)","READ ME - Guardian Mod","StSLib","SuperFastMode"],"gold_per_floor":[118,1,1,15,28,56,56,56,56,68,88,88,114,61,61,61,61],"floor_reached":16,"language":"KOR","playtime":220,"items_purged":["Defend_G"],"score":220,"play_id":"9123ad2e-96f2-4cd6-9f23-534a654881a7","local_time":"20210223011023","is_ascension_mode":true,"campfire_choices":[{"data":"Neutralize","floor":8,"key":"SMITH"},{"data":"Glass Knife","floor":12,"key":"SMITH"},{"floor":15,"key":"REST"}],"circlet_count":0,"master_deck":["AscendersBane","Strike_G","Strike_G","Strike_G","Strike_G","Defend_G","Defend_G","Defend_G","Defend_G","Survivor","Neutralize+1","Flying Knee","Tactician","Reflex","Deadly Poison","Backflip","Glass Knife+1","Quick Slash"],"relics":["Ring of the Snake","NeowsBlessing","Paper Crane","Pear","WingedGreaves"],"acts_visited":["Exordium"],"potions_floor_usage":[10,13,16],"damage_taken":[{"damage":0,"enemies":"2 Louse","floor":1,"turns":1},{"damage":0,"enemies":"Cultist","floor":4,"turns":1},{"damage":0,"enemies":"Jaw Worm","floor":5,"turns":1},{"damage":55,"enemies":"Gremlin Nob","floor":6,"turns":5},{"damage":5,"enemies":"Lots of Slimes","floor":10,"turns":5},{"damage":4,"enemies":"2 Fungi Beasts","floor":11,"turns":3},{"damage":20,"enemies":"Lagavulin","floor":13,"turns":6},{"damage":43,"enemies":"Slime Boss","floor":16,"turns":7}],"seed_played":"8761256669132420986","potions_obtained":[{"floor":4,"key":"Dexterity Potion"},{"floor":6,"key":"ColorlessPotion"},{"floor":10,"key":"SkillPotion"}],"is_trial":false,"path_per_floor":["M","$","?","M","M","E","?","R","T","M","M","R","E","$","R","B"],"character_chosen":"THE_SILENT","items_purchased":["Tactician","Quick Slash"],"campfire_rested":1,"item_purchase_floors":[2,14],"current_hp_per_floor":[59,59,59,59,59,4,26,26,36,31,27,27,7,7,29,0,0],"gold":61,"neow_bonus":"THREE_ENEMY_KILL","is_daily":false,"chose_seed":false,"campfire_upgraded":2,"win_rate":0.0,"timestamp":1614010223,"path_taken":["M","$","?","M","?","E","?","R","T","M","M","R","E","?","R","BOSS"],"items_purchased_type":["Card","Card"],"build_version":"2020-12-22","purchased_purges":1,"victory":false,"max_hp_per_floor":[66,66,66,66,66,66,66,66,76,76,76,76,76,76,76,76,76],"card_choices":[{"not_picked":["Prepared","Concentrate"],"picked":"Flying Knee","floor":1},{"not_picked":["Underhanded Strike","Flying Knee"],"picked":"Reflex","floor":4},{"not_picked":["Finisher","Noxious Fumes"],"picked":"Deadly Poison","floor":5},{"not_picked":["Blade Dance","Outmaneuver"],"picked":"Backflip","floor":6},{"not_picked":["Quick Slash","Predator"],"picked":"Glass Knife","floor":10},{"not_picked":["Bane","Underhanded Strike","Caltrops"],"picked":"SKIP","floor":11},{"not_picked":["Expertise","Cloak And Dagger","Bane"],"picked":"SKIP","floor":13}],"player_experience":1654105,"relics_obtained":[{"floor":6,"key":"Paper Crane"},{"floor":9,"key":"Pear"},{"floor":13,"key":"WingedGreaves"}],"event_choices":[{"cards_removed":["Strike_G"],"damage_healed":0,"gold_gain":0,"player_choice":"Purged","damage_taken":0,"max_hp_gain":0,"max_hp_loss":0,"event_name":"Purifier","floor":3,"gold_loss":0},{"damage_healed":22,"gold_gain":0,"player_choice":"Banana","damage_taken":0,"max_hp_gain":0,"max_hp_loss":0,"event_name":"Big Fish","floor":7,"gold_loss":0}],"is_beta":false,"boss_relics":[],"items_purged_floors":[2],"is_endless":false,"potions_floor_spawned":[4,6,10],"killed_by":"Slime Boss","ascension_level":20}}