{"host":"avq773cl9g5msfol","time":1614013237,"event":{"mods":["100% Spire Juice","AchievementEnabler","Act Like it!","Ascension Unlocker","Aspiration","Astrologer","Bard","Bartender","BaseMod","Better Altar","Better Third Choice","BetterRewards","CapriCore","ChefMod","Colored Map","Colored Powertips","Conspire","Dio Mod","Downfall","Elementarium","Energized Spire","Extra Virgin Snecko Oil","Gensokyo","GifTheSpireLib","Hallownest","Hermit","Highlight Path","Hubris","Humility","Infinite Spire","Jorbs\u0027s Wanderer Trilogy","Koishi","Magitek Elite","Marisa????????","Marked Mod","Menagerie","Minty Spire (QoL Compilation)","Pale of the Ancients","Potionbrewer","Quarter Circle Forward PUNCH!","Rare Cards Sparkle","Reimu??????","Relic Stats","Reliquary","Remilia??????","Replay The Spire","Robot Space Explorer","SacredBarkPlus","Shade Mod","Shapeshifter Mod","Somnambulant","Spicy Shops","Spire Arcade","StSLib","The Administrix","The Blue Laboratory","The Bug Knight","The Construct","The Cursed","The Disciple","The Dragon Tamer","The Exalted","The Hayseed","The Hierophant","The Hydrologist","The Immortal","The Marked","The Mystic","The Problem Sleuth","The Runesmith","The Senshi","The Vixen","The Wild Card","TheFirefly","Wandering Minibosses","Wide Potions","vexMod"],"gold_per_floor":[110,110,130,130,147,181,181,208,208,208,277,277,303,111,211,284,284,304,315,331,241,241,241,6171,6171,6171,6017,6017,6017,6030,6057,6057,6057,6057],"floor_reached":33,"language":"ENG","playtime":1892,"items_purged":["Hello World+1","Stack+1","Rebound+1","Rip and Tear+1","hubris:SpecializedCircuitry+1","ReplayTheSpireMod:The Works"],"score":941,"play_id":"cbcf521e-1171-4632-a937-805824c2af48","local_time":"20210223000037","is_ascension_mode":true,"campfire_choices":[{"data":"infinitespire:Oblivion","floor":7,"key":"SMITH"},{"data":"ReplayTheSpireMod:Calculation Training","floor":10,"key":"SMITH"},{"data":"Defragment","floor":23,"key":"SMITH"},{"data":"Blur","floor":25,"key":"SMITH"},{"data":"Prepared","floor":32,"key":"SMITH"}],"circlet_count":0,"master_deck":["AscendersBane","Zap+1","ReplayTheSpireMod:GoodbyeWorld+1","Tempest+1","Panic Button+1","Biased Cognition+1","Capacitor+1","Cold Snap+1","Chill+1","Go for the Eyes+1","hubris:EnhanceAbility+1","White Noise+1","Turbo+1","Conserve Battery+1","Hello World+1","Crystallizer+1","Reboot+1","Coolheaded+1","Machine Learning+1","Echo Form+1","Ball Lightning+1","Glacier+1","Doom and Gloom+1","infinitespire:Oblivion+1","ReplayTheSpireMod:Calculation Training+1","Amplify+1","Double Energy+1","ReplayRNGCard+1","Defragment+1","Aggregate+1","Blur+1","Prepared+1","Mirror Shield+1"],"relics":["Cracked Core","Golden Egg","Quantum Egg","reliquary:Conveyor","Runic Capacitor","Replay:Frozen Program","reliquary:PartyBalloon","Membership Card","Bromod:ArcaneDeflection","Gambling Chip","Cables","DataDisk","Ice Cream","reliquary:LoveEmittingDiode","Solar Panel","reliquary:ShortFuse","Hallownest:DreamNailRelic","reliquary:KinkedSpring","Prayer Wheel","Hallownest:StagBellRelic1","wanderingMiniBosses:LockLocket","PureWhite:ReiMu","Bronze Scales"],"acts_visited":["Hallownest:Greenpath","Hallownest:CityofTears"],"potions_floor_usage":[0,33],"damage_taken":[{"damage":1,"enemies":"2_ Uuma","floor":1,"turns":3},{"damage":0,"enemies":"Hallownest:monsterHuskGuard","floor":3,"turns":2},{"damage":0,"enemies":"Hallownest:2_MossCreeps","floor":5,"turns":2},{"damage":13,"enemies":"Hallownest:eliteMossKnight","floor":6,"turns":3},{"damage":0,"enemies":"Hallownest:eliteCrystalGuardian","floor":8,"turns":2},{"damage":0,"enemies":"Hallownest:monsterAspidMother","floor":11,"turns":3},{"damage":2,"enemies":"Hallownest:eliteMossKnight","floor":13,"turns":3},{"damage":9,"enemies":"Hallownest:BossFalseKnight","floor":16,"turns":4},{"damage":0,"enemies":"Hallownest:3_Youths","floor":18,"turns":3},{"damage":10,"enemies":"Hallownest:Guard_and_Sentry","floor":19,"turns":4},{"damage":2,"enemies":"Hallownest:3_Mistakes","floor":20,"turns":4},{"damage":10,"enemies":"Hallownest:Glutton_and_Coward","floor":24,"turns":5},{"damage":12,"enemies":"Hallownest:Master_and_Novice","floor":30,"turns":3},{"damage":0,"enemies":"Hallownest:eliteSoulWarrior","floor":31,"turns":3},{"damage":13,"enemies":"Hallownest:BossMantisLord","floor":33,"turns":6}],"seed_played":"6600585622977152666","potions_obtained":[{"floor":3,"key":"Block Potion"},{"floor":5,"key":"Swift Potion"}],"is_trial":false,"path_per_floor":["M","?","M","?","M","E","R","E","T","R","M","?","E","$","R_BF","B",null,"M","M","M","?","?","R","M","R","T","$","?","T","M","E","R","B"],"character_chosen":"DEFECT","items_purchased":["Capacitor","Cold Snap","reliquary:Conveyor","Runic Capacitor","Hello World","Chill","Replay:Frozen Program","reliquary:PartyBalloon","Stack","Go for the Eyes","hubris:EnhanceAbility","White Noise","Membership Card","Turbo","Stack","Conserve Battery","Bromod:ArcaneDeflection","Gambling Chip","Cables","DataDisk","Hello World+1","potionbrewer:BlacksmithPotion","Crystallizer","Ice Cream","Reboot","Coolheaded","reliquary:LoveEmittingDiode","Machine Learning","Rebound","Echo Form","Solar Panel","Ball Lightning","reliquary:ShortFuse","Glacier","Doom and Gloom","ReplayRNGCard","Double Energy","blueLaboratory:CreativityPotion"],"campfire_rested":0,"item_purchase_floors":[0,0,0,0,0,0,0,0,0,0,0,0,0,0,0,0,0,0,0,0,0,0,0,0,0,0,0,0,0,0,0,0,0,0,0,14,14,27],"current_hp_per_floor":[67,67,69,51,55,42,42,50,50,50,62,66,64,64,64,55,67,71,67,71,71,71,71,61,61,61,61,61,61,49,65,65,52,52],"gold":6057,"neow_bonus":"","is_daily":false,"chose_seed":false,"campfire_upgraded":5,"win_rate":0.0,"timestamp":1614013237,"path_taken":["M","?","?","?","M","E","R","E","T","R","M","?","E","$","R_BF","BOSS","M","?","?","?","?","R","?","R","T","$","?","?","M","E","R","BOSS"],"items_purchased_type":["Card","Card","Relic","Relic","Card","Card","Relic","Relic","Card","Card","Card","Card","Relic","Card","Card","Card","Relic","Relic","Relic","Relic","Card","Potion","Card","Relic","Card","Card","Relic","Card","Card","Card","Relic","Card","Relic","Card","Card","Card","Card","Potion"],"build_version":"2020-12-22","purchased_purges":6,"victory":false,"max_hp_per_floor":[71,71,71,71,71,71,71,71,71,71,71,71,71,71,71,71,71,71,71,71,71,71,71,71,71,71,71,71,71,71,71,71,71,71],"relic_stats":{"counters":[152,497],"Gambling Chip":[11],"Bronze Scales":[115],"Prayer Wheel":35,"obtain_stats":[{"Golden Egg":0,"infinitespire:BottledMercury":43,"reliquary:Conveyor":25,"wanderingMiniBosses:OtherGremlinHorn":31,"Ginger":8,"Bottled Tornado":7,"vexMod:RockOfEvil":34,"FrozenCore":17,"Replay:Wanted Poster":34,"DemoMod:SuperHotWatch":27,"Replay:Ringing Soul":26,"conspire:GlowingRock":6,"Ribbon":0,"DemoMod:MeltedRock":14,"MealTicket":11,"HandDrill":0,"Kunai":43,"qcfpunch:Red_Cyclone_Teachings":26,"aspiration:FaultyCoupler":0,"Gensokyo:MaskOfHope":22,"construct:RocketBooster":24,"HollowMod:JonisBlessing":54,"Guardian:PocketSentry":11,"aspiration:FrozenJewel":0,"Cables":0,"Elementarium:ElementariumTrophy":33,"qcfpunch:Broken_Tusk":46,"Pandora\u0027s Box":0,"aspiration:MysteriousAuxiliaryCore":0,"Solar Panel":0,"Lantern":0,"StoneCalendar":40,"Bromod:ArcanePistoleer":0,"wanderingMiniBosses:AbyssPearl":18,"Mythril_Glove":38,"hubris:EmptyBottle":0,"White_Cape":0,"Hallownest:GodTamersBeastRelic":37,"Power_Wrist":44,"qcfpunch:Crimson_Sash":4,"Replay:Rubber Ducky":0,"reliquary:TridentHead":0,"AntiCross":6,"hubris:CuriousFeather":0,"WingedGreaves":2,"DemoMod:GnawedKey":0,"wanderingMiniBosses:LockLocket":24,"Potion Belt":0,"Lee\u0027s Waffle":0,"hubris:64BitClover":9,"Guardian:GemstoneGun":0,"DemoMod:WeirdEgg":23,"PreservedInsect":0,"Protect_Vest":49,"infinitespire:CheckeredPen":6,"infinitespire:Lucky Rock":6,"reliquary:KinkedSpring":17,"PureWhite:ReiMu":26,"Bromod:ArcaneDeflection":0,"Art of War":6,"Durian":23,"ReplayTheSpireMod:Lightbulb":14,"Elementarium:FlickeringLantern":25,"DemoMod:GreenGuonStone":0,"Ice Cream":0,"hubris:CrystalStatue":0,"Calipers":0,"Tiny House":17,"reliquary:PartyBalloon":0,"Menagerie:HuntersKnife":5,"DemoMod:GlassGuonStoneRelic":11,"Runic Capacitor":0,"Raider\u0027s Mask":0,"Lizard Tail":0,"Replay:Frozen Program":0,"HornCleat":0,"Gensokyo:LionMask":27,"Prayer Wheel":10,"aspiration:ArtOfWarUpgrade":13,"vexMod:RetaliationKit":31,"reliquary:ShortFuse":0,"Girya":9,"Happy Flower":0,"reliquary:Sideboard":0,"Choco_Feather":8,"Oddly Smooth Stone":28,"wanderingMiniBosses:MasterThiefsPresence":22,"aspiration:SeaSaltIceCream":4,"War Paint":29,"OrangePellets":42,"Bottled Flame":13,"conspire:GiftBox":27,"ReplayTheSpireMod:Shallot":4,"wanderingMiniBosses:Blackblade":21,"Bronze Scales":31,"hubris:PeanutButter":0,"ReplayTheSpireMod:TigerMarble":9,"infinitespire:EmpoweringShard":9,"Mirror":40,"hermit:Momento":0,"conspire:IceCreamScoop":56,"theSenshi:SuperSailorFukuRelic":0,"Hallownest:StagBellRelic1":21,"conspire:SpecialSausage":3,"Juzu Bracelet":0,"Hallownest:DreamNailRelic":3,"hubris:SlimyHat":6,"expansioncontent:StudyCardRelic":17,"Replay:Mystery Machine":13,"Empty Cage":1,"ClockworkSouvenir":0,"DemoMod:SevenLeafClover":0,"Frozen Eye":29,"Dream Catcher":20,"Mummified Hand":43,"Bromod:ArcaneTrickery":0,"Gambling Chip":0,"Replay:Antivirus Software":0,"Cracked Core":0,"Hallownest:SalubrasBlessingRelic":10,"ReplayTheSpireMod:Ninjato":3,"reliquary:LoveEmittingDiode":0,"Replay:Towering Pillar of Hats":40,"infinitespire:CursedDice":43,"aspiration:RunicSpoon":0,"Quantum Egg":2,"aspiration:SecretTechniqueScroll":17,"Medical Kit":54,"White Beast Statue":10,"Mercury Hourglass":26,"Strange Spoon":0,"CaptainsWheel":48,"DataDisk":0,"infinitespire:WardingShard":6,"vexMod:HeadHunter":0,"LetterFromLob":1,"Coffee Dripper":34,"Membership Card":0,"Guard_Bracelet":44,"DemoMod:VorpalBullet":24,"RuthlessExorcism:ReiMu":0},{"Golden Egg":0,"infinitespire:BottledMercury":21,"reliquary:Conveyor":125,"wanderingMiniBosses:OtherGremlinHorn":35,"Ginger":88,"Bottled Tornado":87,"vexMod:RockOfEvil":36,"FrozenCore":62,"Replay:Wanted Poster":17,"DemoMod:SuperHotWatch":67,"Replay:Ringing Soul":11,"conspire:GlowingRock":2,"Ribbon":84,"DemoMod:MeltedRock":29,"MealTicket":117,"HandDrill":111,"Kunai":77,"qcfpunch:Red_Cyclone_Teachings":32,"aspiration:FaultyCoupler":84,"Gensokyo:MaskOfHope":93,"construct:RocketBooster":32,"HollowMod:JonisBlessing":82,"Guardian:PocketSentry":27,"aspiration:FrozenJewel":43,"Cables":137,"Elementarium:ElementariumTrophy":36,"qcfpunch:Broken_Tusk":40,"Pandora\u0027s Box":24,"aspiration:MysteriousAuxiliaryCore":84,"Solar Panel":137,"Lantern":43,"StoneCalendar":20,"Bromod:ArcanePistoleer":84,"wanderingMiniBosses:AbyssPearl":63,"Mythril_Glove":19,"hubris:EmptyBottle":24,"White_Cape":43,"Hallownest:GodTamersBeastRelic":103,"Power_Wrist":133,"qcfpunch:Crimson_Sash":25,"Replay:Rubber Ducky":53,"reliquary:TridentHead":111,"AntiCross":2,"hubris:CuriousFeather":24,"WingedGreaves":25,"DemoMod:GnawedKey":43,"wanderingMiniBosses:LockLocket":149,"Potion Belt":43,"Lee\u0027s Waffle":43,"hubris:64BitClover":53,"Guardian:GemstoneGun":43,"DemoMod:WeirdEgg":66,"PreservedInsect":24,"Protect_Vest":41,"infinitespire:CheckeredPen":26,"infinitespire:Lucky Rock":52,"reliquary:KinkedSpring":145,"PureWhite:ReiMu":11,"Bromod:ArcaneDeflection":137,"Art of War":87,"Durian":124,"ReplayTheSpireMod:Lightbulb":89,"Elementarium:FlickeringLantern":66,"DemoMod:GreenGuonStone":43,"Ice Cream":137,"hubris:CrystalStatue":43,"Calipers":84,"Tiny House":90,"reliquary:PartyBalloon":137,"Menagerie:HuntersKnife":45,"DemoMod:GlassGuonStoneRelic":4,"Runic Capacitor":84,"Raider\u0027s Mask":84,"Lizard Tail":53,"Replay:Frozen Program":53,"HornCleat":53,"Gensokyo:LionMask":125,"Prayer Wheel":59,"aspiration:ArtOfWarUpgrade":89,"vexMod:RetaliationKit":16,"reliquary:ShortFuse":137,"Girya":3,"Happy Flower":53,"reliquary:Sideboard":84,"Choco_Feather":3,"Oddly Smooth Stone":33,"wanderingMiniBosses:MasterThiefsPresence":10,"aspiration:SeaSaltIceCream":25,"War Paint":14,"OrangePellets":39,"Bottled Flame":28,"conspire:GiftBox":96,"ReplayTheSpireMod:Shallot":25,"wanderingMiniBosses:Blackblade":123,"Bronze Scales":151,"hubris:PeanutButter":53,"ReplayTheSpireMod:TigerMarble":26,"infinitespire:EmpoweringShard":88,"Mirror":39,"hermit:Momento":0,"conspire:IceCreamScoop":84,"theSenshi:SuperSailorFukuRelic":53,"Hallownest:StagBellRelic1":148,"conspire:SpecialSausage":50,"Juzu Bracelet":0,"Hallownest:DreamNailRelic":1,"hubris:SlimyHat":57,"expansioncontent:StudyCardRelic":120,"Replay:Mystery Machine":28,"Empty Cage":138,"ClockworkSouvenir":24,"DemoMod:SevenLeafClover":0,"Frozen Eye":13,"Dream Catcher":64,"Mummified Hand":106,"Bromod:ArcaneTrickery":111,"Gambling Chip":137,"Replay:Antivirus Software":111,"Cracked Core":43,"Hallownest:SalubrasBlessingRelic":3,"ReplayTheSpireMod:Ninjato":50,"reliquary:LoveEmittingDiode":137,"Replay:Towering Pillar of Hats":75,"infinitespire:CursedDice":21,"aspiration:RunicSpoon":0,"Quantum Egg":1,"aspiration:SecretTechniqueScroll":6,"Medical Kit":82,"White Beast Statue":59,"Mercury Hourglass":125,"Strange Spoon":111,"CaptainsWheel":135,"DataDisk":137,"infinitespire:WardingShard":46,"vexMod:HeadHunter":0,"LetterFromLob":44,"Coffee Dripper":71,"Membership Card":24,"Guard_Bracelet":78,"DemoMod:VorpalBullet":11,"RuthlessExorcism:ReiMu":53},{"Golden Egg":0,"infinitespire:BottledMercury":74,"reliquary:Conveyor":417,"wanderingMiniBosses:OtherGremlinHorn":115,"Ginger":306,"Bottled Tornado":303,"vexMod:RockOfEvil":123,"FrozenCore":201,"Replay:Wanted Poster":52,"DemoMod:SuperHotWatch":219,"Replay:Ringing Soul":34,"conspire:GlowingRock":6,"Ribbon":297,"DemoMod:MeltedRock":94,"MealTicket":391,"HandDrill":377,"Kunai":257,"qcfpunch:Red_Cyclone_Teachings":104,"aspiration:FaultyCoupler":297,"Gensokyo:MaskOfHope":319,"construct:RocketBooster":104,"HollowMod:JonisBlessing":279,"Guardian:PocketSentry":89,"aspiration:FrozenJewel":147,"Cables":448,"Elementarium:ElementariumTrophy":123,"qcfpunch:Broken_Tusk":130,"Pandora\u0027s Box":83,"aspiration:MysteriousAuxiliaryCore":297,"Solar Panel":448,"Lantern":147,"StoneCalendar":71,"Bromod:ArcanePistoleer":297,"wanderingMiniBosses:AbyssPearl":205,"Mythril_Glove":60,"hubris:EmptyBottle":83,"White_Cape":147,"Hallownest:GodTamersBeastRelic":355,"Power_Wrist":437,"qcfpunch:Crimson_Sash":85,"Replay:Rubber Ducky":171,"reliquary:TridentHead":377,"AntiCross":6,"hubris:CuriousFeather":83,"WingedGreaves":85,"DemoMod:GnawedKey":147,"wanderingMiniBosses:LockLocket":485,"Potion Belt":147,"Lee\u0027s Waffle":147,"hubris:64BitClover":171,"Guardian:GemstoneGun":147,"DemoMod:WeirdEgg":215,"PreservedInsect":83,"Protect_Vest":131,"infinitespire:CheckeredPen":87,"infinitespire:Lucky Rock":169,"reliquary:KinkedSpring":470,"PureWhite:ReiMu":34,"Bromod:ArcaneDeflection":448,"Art of War":303,"Durian":415,"ReplayTheSpireMod:Lightbulb":309,"Elementarium:FlickeringLantern":215,"DemoMod:GreenGuonStone":147,"Ice Cream":448,"hubris:CrystalStatue":147,"Calipers":297,"Tiny House":312,"reliquary:PartyBalloon":448,"Menagerie:HuntersKnife":152,"DemoMod:GlassGuonStoneRelic":10,"Runic Capacitor":297,"Raider\u0027s Mask":297,"Lizard Tail":171,"Replay:Frozen Program":171,"HornCleat":171,"Gensokyo:LionMask":417,"Prayer Wheel":191,"aspiration:ArtOfWarUpgrade":309,"vexMod:RetaliationKit":45,"reliquary:ShortFuse":448,"Girya":9,"Happy Flower":171,"reliquary:Sideboard":297,"Choco_Feather":9,"Oddly Smooth Stone":107,"wanderingMiniBosses:MasterThiefsPresence":29,"aspiration:SeaSaltIceCream":85,"War Paint":39,"OrangePellets":127,"Bottled Flame":92,"conspire:GiftBox":327,"ReplayTheSpireMod:Shallot":85,"wanderingMiniBosses:Blackblade":412,"Bronze Scales":491,"hubris:PeanutButter":171,"ReplayTheSpireMod:TigerMarble":87,"infinitespire:EmpoweringShard":306,"Mirror":127,"hermit:Momento":0,"conspire:IceCreamScoop":286,"theSenshi:SuperSailorFukuRelic":171,"Hallownest:StagBellRelic1":480,"conspire:SpecialSausage":167,"Juzu Bracelet":0,"Hallownest:DreamNailRelic":1,"hubris:SlimyHat":184,"expansioncontent:StudyCardRelic":401,"Replay:Mystery Machine":92,"Empty Cage":451,"ClockworkSouvenir":83,"DemoMod:SevenLeafClover":0,"Frozen Eye":37,"Dream Catcher":209,"Mummified Hand":364,"Bromod:ArcaneTrickery":377,"Gambling Chip":448,"Replay:Antivirus Software":377,"Cracked Core":147,"Hallownest:SalubrasBlessingRelic":9,"ReplayTheSpireMod:Ninjato":167,"reliquary:LoveEmittingDiode":448,"Replay:Towering Pillar of Hats":251,"infinitespire:CursedDice":74,"aspiration:RunicSpoon":0,"Quantum Egg":1,"aspiration:SecretTechniqueScroll":16,"Medical Kit":279,"White Beast Statue":192,"Mercury Hourglass":417,"Strange Spoon":377,"CaptainsWheel":441,"DataDisk":448,"infinitespire:WardingShard":157,"vexMod:HeadHunter":0,"LetterFromLob":150,"Coffee Dripper":237,"Membership Card":83,"Guard_Bracelet":260,"DemoMod:VorpalBullet":34,"RuthlessExorcism:ReiMu":171}],"Cables":[36,28,8,0,0]},"card_choices":[{"not_picked":["Hologram","Panic Button","Auto Shields"],"picked":"SKIP","floor":1},{"not_picked":["Hologram","Panic Button","Auto Shields"],"picked":"SKIP","floor":1},{"not_picked":["Cold Snap","ReplayGash","Fusion"],"picked":"SKIP","floor":3},{"not_picked":["infinitespire:Fortify","hubris:Rewind"],"picked":"infinitespire:Oblivion","floor":4},{"not_picked":["Gash","Turbo","Compile Driver"],"picked":"SKIP","floor":5},{"not_picked":["Heatsinks","ReplayTheSpireMod:GoodbyeWorld"],"picked":"ReplayTheSpireMod:Calculation Training","floor":6},{"not_picked":["Go for the Eyes","Barrage","Hologram"],"picked":"SKIP","floor":8},{"not_picked":["Panic Button","Defragment"],"picked":"Amplify","floor":11},{"not_picked":["hubris:Ukulele","Heatsinks","Sweeping Beam"],"picked":"SKIP","floor":13},{"not_picked":["Rainbow","Buffer"],"picked":"ReplayTheSpireMod:Fabricate Wheel","floor":16},{"not_picked":["ReplayTheSpireMod:System Scan+1","Go for the Eyes","ReplayTheSpireMod:GoodbyeWorld"],"picked":"SKIP","floor":18},{"not_picked":["Capacitor","Tempest","Fusion"],"picked":"SKIP","floor":19},{"not_picked":["Rebound","Streamline","Barrage"],"picked":"SKIP","floor":19},{"not_picked":["Chill","Cold Snap"],"picked":"Defragment","floor":20},{"not_picked":["Leap","Cold Snap"],"picked":"Aggregate+1","floor":20},{"not_picked":["Darkness","Hologram"],"picked":"Mirror Shield","floor":24},{"not_picked":["Hologram","Turbo","Skim"],"picked":"SKIP","floor":24},{"not_picked":["ReplayTheSpireMod:Repulse","Go for the Eyes","Redo"],"picked":"SKIP","floor":30},{"not_picked":["Fusion","Compile Driver","Sweeping Beam"],"picked":"SKIP","floor":30},{"not_picked":["ReplayTheSpireMod:Repulse","hubris:Ukulele","Double Energy"],"picked":"SKIP","floor":31}],"player_experience":1491179,"relics_obtained":[{"floor":24,"key":"wanderingMiniBosses:LockLocket"},{"floor":26,"key":"PureWhite:ReiMu"},{"floor":31,"key":"Bronze Scales"}],"event_choices":[],"is_beta":false,"boss_relics":[{"not_picked":["SacredBark","Runesmith:UraniumAnvil"],"picked":"reliquary:KinkedSpring"}],"items_purged_floors":[0,0,0,0,14,27],"is_endless":false,"potions_floor_spawned":[3,5,6,11,19,31],"killed_by":"Hallownest:BossMantisLord","ascension_level":20,"is_humility":true}}