{"host":"dl909bjyolgrn2uw","time":1614035679,"event":{"mods":["2.2 Compatiblity","AchievementEnabler","BaseMod","Bestiary","Better Altar","Better Note","Better Sensory Stone","Better Skull","Better Vampires","Better-Laid Plans","Colored Powertips","Conspire","Curses Come First","Disable Question Mark Monsters","Displayed Cursed Tome","Downfall","Emptier Cage","Minty Spire (QoL Compilation)","Morshu Shopkeeper","Permanent Neow","Quick Restart","Rare Cards Sparkle","Relic Stats","Shop Mod","Spicy Shops","StSLib","SuperFastMode","Transform Curses"],"gold_per_floor":[0,36,93,93,154,217,240,308,401,511,511,18,18,54,115,237,237,237,304,19,84,145,30,54,119,119,104,104,147,147,200,241,361,361,161,178,219,305,343,383,431,483,553,584,45,57,57,16,56,56],"floor_reached":51,"language":"ENG","playtime":5968,"items_purged":["Pain","Guardian:Strike_Guardian","Guardian:Strike_Guardian","Guardian:Strike_Guardian"],"score":1012,"play_id":"1ccfe363-cd16-45bf-880e-a880f3d2d2bf","local_time":"20210222171439","is_ascension_mode":false,"campfire_choices":[{"data":"HandOfGreed","floor":1.0,"key":"SMITH"},{"data":"Guardian:CurlUp","floor":11.0,"key":"SMITH"},{"data":"Guardian:DecasProtection","floor":13.0,"key":"SMITH"},{"data":"Guardian:SphericShield","floor":18.0,"key":"SMITH"},{"floor":30.0,"key":"RECALL"},{"data":"Guardian:TwinSlam","floor":35.0,"key":"SMITH"},{"data":"expansioncontent:DashGenerateEvil","floor":47,"key":"SMITH"}],"circlet_count":0,"master_deck":["Guardian:Defend_Guardian","Guardian:Defend_Guardian","Guardian:Defend_Guardian","Guardian:Defend_Guardian","Guardian:CurlUp+1","Guardian:TwinSlam+1","HandOfGreed+1","Guardian:ChargeCore+1","Guardian:Repulse","Guardian:EvasiveProtocol","Guardian:DecasProtection+1","Guardian:ConstructionForm","Guardian:Recover","Guardian:SphericShield+1","Guardian:RollAttack","Guardian:ConstructionForm","Guardian:PrimingBeam+1","Guardian:PiercingHide+1","Slimebound:Split+1","Guardian:TemporalShield+1","Guardian:TemporalShield+1","Guardian:SentryBeam+1","Guardian:ChargeCore+1","Guardian:ChargeCore+1","Guardian:TimeCapacitor","Guardian:SentryBeam","expansioncontent:DashGenerateEvil+1","expansioncontent:DashGenerateEvil+1","Guardian:Planning+1"],"relics":["Guardian:ModeShifter","Meat on the Bone","Oddly Smooth Stone","The Courier","Vajra","Coffee Dripper","Gremlin Horn","Art of War","Dead Branch","conspire:SeveredTorchhead","downfall:HeartBlessingGreen","downfall:HeartBlessingRed","Potion Belt","Pear","Boot","conspire:Dentures","Centennial Puzzle"],"acts_visited":["Exordium","TheCity","TheBeyond"],"potions_floor_usage":[50,50,50,50],"damage_taken":[{"damage":3.0,"enemies":"conspire:RoseBush","floor":2.0,"turns":3.0},{"damage":13.0,"enemies":"conspire:MimicChest","floor":3.0,"turns":5.0},{"damage":1.0,"enemies":"2 Louse","floor":5.0,"turns":4.0},{"damage":1.0,"enemies":"Small Slimes","floor":6.0,"turns":4.0},{"damage":8.0,"enemies":"Exordium Thugs","floor":8.0,"turns":4.0},{"damage":14.0,"enemies":"Lots of Slimes","floor":9.0,"turns":8.0},{"damage":13.0,"enemies":"3 Sentries","floor":10.0,"turns":9.0},{"damage":0.0,"enemies":"downfall:FleeingMerchant","floor":12.0,"turns":4.0},{"damage":0.0,"enemies":"Red Slaver","floor":14.0,"turns":5.0},{"damage":16.0,"enemies":"Large Slime","floor":15.0,"turns":8.0},{"damage":0.0,"enemies":"IC_STATUS_ARCHETYPE","floor":16.0,"turns":12.0},{"damage":0.0,"enemies":"3 Byrds","floor":19.0,"turns":7.0},{"damage":3.0,"enemies":"downfall:FleeingMerchant","floor":20.0,"turns":4.0},{"damage":14.0,"enemies":"downfall:LooterAlt2","floor":21.0,"turns":6.0},{"damage":0.0,"enemies":"Sentry and Sphere","floor":22.0,"turns":8.0},{"damage":0.0,"enemies":"downfall:FleeingMerchant","floor":23.0,"turns":4.0},{"damage":0.0,"enemies":"Centurion and Healer","floor":25.0,"turns":5.0},{"damage":0.0,"enemies":"downfall:FleeingMerchant","floor":27.0,"turns":4.0},{"damage":0.0,"enemies":"Cultist and Chosen","floor":29.0,"turns":7.0},{"damage":0.0,"enemies":"conspire:SneckoGhost","floor":31.0,"turns":6.0},{"damage":0.0,"enemies":"Snecko","floor":32.0,"turns":4.0},{"damage":0.0,"enemies":"SI_MIRROR_ARCHETYPE","floor":33.0,"turns":11.0},{"damage":0.0,"enemies":"Orb Walker","floor":36.0,"turns":3.0},{"damage":0.0,"enemies":"3 Shapes","floor":37.0,"turns":4.0},{"damage":0.0,"enemies":"Jaw Worm Horde","floor":38.0,"turns":5.0},{"damage":0.0,"enemies":"Writhing Mass","floor":39.0,"turns":6.0},{"damage":0.0,"enemies":"3 Darklings","floor":40.0,"turns":8.0},{"damage":0,"enemies":"Giant Head","floor":42,"turns":11},{"damage":0,"enemies":"Jaw Worm Horde","floor":43,"turns":4},{"damage":0,"enemies":"Nemesis","floor":44,"turns":7},{"damage":0,"enemies":"downfall:FleeingMerchant","floor":45,"turns":3},{"damage":0,"enemies":"Spire Growth","floor":46,"turns":4},{"damage":0,"enemies":"Sphere and 2 Shapes","floor":49,"turns":9},{"damage":0,"enemies":"DF_ARCHETYPE_ORBS","floor":50,"turns":9}],"seed_played":"-2189117534889542364","potions_obtained":[{"floor":3.0,"key":"Regen Potion"},{"floor":6.0,"key":"Block Potion"},{"floor":8.0,"key":"AttackPotion"},{"floor":10.0,"key":"Strength Potion"},{"floor":16.0,"key":"DistilledChaos"},{"floor":19.0,"key":"Guardian:BlockOnCardUsePotion"},{"floor":31.0,"key":"Ancient Potion"},{"floor":32.0,"key":"sneckomod:MuddlingPotion"},{"floor":36.0,"key":"Fire Potion"},{"floor":40.0,"key":"Fire Potion"},{"floor":44,"key":"Fire Potion"},{"floor":46,"key":"DuplicationPotion"}],"is_trial":false,"path_per_floor":["R","M","?","?","M","M","T","M","M","E","R","$","R","M","M","B",null,"R","M","$","M","M","$","T","M","?","$","?","M","R","E","M","B",null,"R","M","M","M","M","M","T","E","M","E","$","M","R","$","M","B",null],"character_chosen":"GUARDIAN","items_purchased":["Guardian:ConstructionForm","Vajra","Guardian:Recover","Gremlin Horn","Guardian:TimeCapacitor","Guardian:SentryBeam","conspire:Dentures","Centennial Puzzle","expansioncontent:DashGenerateEvil","expansioncontent:DashGenerateEvil","SteroidPotion"],"campfire_rested":0,"item_purchase_floors":[12,12,12,20,45,45,45,45,45,45,48],"current_hp_per_floor":[80,77,64,64,63,62,62,54,52,54,54,54,54,54,50,50,80,80,80,77,63,63,63,63,63,63,63,63,63,63,63,63,63,80,80,80,80,80,80,80,80,90,90,90,90,90,90,90,90,90],"gold":56,"neow_bonus":"RANDOM_COLORLESS_2","is_daily":false,"chose_seed":false,"campfire_upgraded":6,"win_rate":0.0,"timestamp":1614035679,"path_taken":["R","M","?","?","M","M","T","M","?","E","R","?","R","M","M","BOSS","R","M","?","M","M","$","T","M","?","$","?","M","R","E","M","BOSS","R","M","M","M","?","M","T","E","M","E","$","M","R","$","M","BOSS"],"items_purchased_type":["Card","Relic","Card","Relic","Card","Card","Relic","Relic","Card","Card","Potion"],"build_version":"2020-12-22","purchased_purges":4,"victory":true,"max_hp_per_floor":[80,80,80,80,80,80,80,80,80,80,80,80,80,80,80,80,80,80,80,80,80,80,80,80,80,80,80,80,80,80,80,80,80,80,80,80,80,80,80,80,80,90,90,90,90,90,90,90,90,90],"relic_stats":{"Centennial Puzzle":[0],"Gremlin Horn":[17,17],"counters":[34,205],"Dead Branch":[110],"Art of War":[23],"Boot":[3],"obtain_stats":[{"Potion Belt":41,"conspire:Dentures":45,"Pear":42,"Gremlin Horn":20,"downfall:HeartBlessingRed":35,"Dead Branch":31,"Guardian:ModeShifter":0,"Oddly Smooth Stone":7,"Vajra":12,"downfall:HeartBlessingGreen":35,"The Courier":10,"Boot":44,"conspire:SeveredTorchhead":34,"Centennial Puzzle":45,"Coffee Dripper":17,"Art of War":24,"Meat on the Bone":3},{"Potion Belt":27,"conspire:Dentures":31,"Pear":28,"Gremlin Horn":13,"downfall:HeartBlessingRed":22,"Dead Branch":20,"Guardian:ModeShifter":0,"Oddly Smooth Stone":4,"Vajra":8,"downfall:HeartBlessingGreen":22,"The Courier":7,"Boot":30,"conspire:SeveredTorchhead":22,"Centennial Puzzle":31,"Coffee Dripper":11,"Art of War":16,"Meat on the Bone":2},{"Potion Belt":158,"conspire:Dentures":183,"Pear":169,"Gremlin Horn":77,"downfall:HeartBlessingRed":132,"Dead Branch":117,"Guardian:ModeShifter":0,"Oddly Smooth Stone":16,"Vajra":41,"downfall:HeartBlessingGreen":132,"The Courier":37,"Boot":180,"conspire:SeveredTorchhead":132,"Centennial Puzzle":183,"Coffee Dripper":66,"Art of War":95,"Meat on the Bone":8}],"Meat on the Bone":24},"card_choices":[{"not_picked":["Magnetism","Transmutation"],"picked":"HandOfGreed","floor":0.0},{"not_picked":["Guardian:Gem_Cyan","Guardian:Gem_Lightblue"],"picked":"Guardian:Gem_Purple","floor":2.0},{"not_picked":["Guardian:VentSteam","Guardian:Suspension"],"picked":"Guardian:ChargeCore","floor":3.0},{"not_picked":["Guardian:ChargeCore","Guardian:WalkerClaw"],"picked":"Guardian:Repulse","floor":5.0},{"not_picked":["Guardian:DonusPower","Guardian:Reroute"],"picked":"Guardian:EvasiveProtocol","floor":6.0},{"not_picked":["Guardian:RefractedBeam","Guardian:Gem_Lightblue"],"picked":"Guardian:Gem_Red","floor":8.0},{"not_picked":["Guardian:VentSteam","Guardian:Repulse","Guardian:Gem_Lightblue"],"picked":"SKIP","floor":9.0},{"not_picked":["Guardian:VentSteam","Guardian:Repulse"],"picked":"Guardian:Gem_Lightblue","floor":9.0},{"not_picked":["Guardian:BaubleBeam","Guardian:VentSteam","Guardian:Suspension"],"picked":"SKIP","floor":10.0},{"not_picked":["Guardian:Gem_Green","Guardian:Preprogram"],"picked":"Guardian:DecasProtection","floor":12.0},{"not_picked":["Guardian:TemporalStrike","Guardian:Suspension","Guardian:Gem_Lightblue"],"picked":"SKIP","floor":14.0},{"not_picked":["Guardian:BronzeArmor","Guardian:Gem_Lightblue"],"picked":"Guardian:Gem_Red","floor":15.0},{"not_picked":["Guardian:ConstructionForm","Guardian:BaubleBeam"],"picked":"Guardian:SphericShield","floor":16.0},{"not_picked":["Guardian:Incinerate","Guardian:Gem_Lightblue"],"picked":"Guardian:RollAttack","floor":19.0},{"not_picked":["Guardian:BronzeArmor+1","Guardian:PrimingBeam"],"picked":"Guardian:ConstructionForm","floor":20.0},{"not_picked":["Guardian:CrystalBeam+1","Guardian:TimeBomb","Guardian:Gem_Green"],"picked":"SKIP","floor":21.0},{"not_picked":["Guardian:CrystalBeam","Guardian:TimeCapacitor","Guardian:TimeBomb+1"],"picked":"SKIP","floor":22.0},{"not_picked":["Guardian:PiercingHide","Guardian:MultiBeam"],"picked":"Guardian:PrimingBeam+1","floor":23.0},{"not_picked":["Guardian:PrimingBeam","Guardian:Emergency"],"picked":"Guardian:PiercingHide+1","floor":25.0},{"not_picked":["Guardian:RollAttack+1","Guardian:SentryBeam"],"picked":"Guardian:TemporalShield+1","floor":27.0},{"not_picked":["Guardian:BronzeOrb","Guardian:Planning","Guardian:Incinerate"],"picked":"SKIP","floor":29.0},{"not_picked":["Guardian:TemporalStrike","Guardian:Gem_Fragmented","Guardian:RollAttack"],"picked":"SKIP","floor":31.0},{"not_picked":["Guardian:Gem_Cyan","Guardian:Gem_Green","Guardian:Incinerate"],"picked":"SKIP","floor":32.0},{"not_picked":["Guardian:FloatingOrbs","Guardian:PrimingBeam"],"picked":"Guardian:TemporalShield+1","floor":36.0},{"not_picked":["Guardian:RollAttack+1","Guardian:Gem_Cyan"],"picked":"Guardian:SentryBeam+1","floor":37.0},{"not_picked":["Guardian:TemporalStrike","Guardian:ShieldSpikes","Guardian:TemporalShield"],"picked":"SKIP","floor":38.0},{"not_picked":["Guardian:WalkerClaw","Guardian:FastForward"],"picked":"Guardian:ChargeCore+1","floor":39.0},{"not_picked":["Guardian:PiercingHide","Guardian:ArmoredProtocol","Guardian:PrismaticBeam"],"picked":"SKIP","floor":40.0},{"not_picked":["Guardian:Gem_Crimson","Guardian:Reroute+1"],"picked":"Guardian:ChargeCore+1","floor":42},{"not_picked":["Guardian:Incinerate","Guardian:TemporalShield+1","Guardian:RollAttack"],"picked":"SKIP","floor":43},{"not_picked":["Guardian:Incinerate","Guardian:VentSteam+1","Guardian:BodySlam"],"picked":"SKIP","floor":44},{"not_picked":["Guardian:AncientConstruct","Guardian:Gem_Cyan"],"picked":"Guardian:Gem_Crimson","floor":45},{"not_picked":["Guardian:Recover","Guardian:Incinerate+1","Guardian:RollAttack+1"],"picked":"SKIP","floor":46},{"not_picked":["Guardian:BronzeOrb","Guardian:TemporalStrike"],"picked":"Guardian:Planning+1","floor":49}],"player_experience":510623,"relics_obtained":[{"floor":3.0,"key":"Meat on the Bone"},{"floor":7.0,"key":"Oddly Smooth Stone"},{"floor":10.0,"key":"The Courier"},{"floor":24.0,"key":"Art of War"},{"floor":31.0,"key":"Dead Branch"},{"floor":41.0,"key":"Potion Belt"},{"floor":42,"key":"Pear"},{"floor":44,"key":"Boot"}],"event_choices":[{"damage_healed":0.0,"max_hp_gain":0.0,"max_hp_loss":0.0,"gold_gain":0.0,"event_name":"betterNote:BetterNote","player_choice":"Take","floor":26.0,"gold_loss":0.0,"damage_taken":0.0,"cards_obtained":["Slimebound:Split"]}],"is_beta":false,"boss_relics":[{"not_picked":["SlaversCollar","Sozu"],"picked":"Coffee Dripper"},{"not_picked":["Guardian:StasisSlotReductionRelic","SacredBark"],"picked":"conspire:SeveredTorchhead"}],"items_purged_floors":[12,20,23,45],"is_endless":false,"potions_floor_spawned":[3,6,8,10,16,19,21,22,31,32,36,37,40,44,46],"ascension_level":0}}