{"host":"51f0ad793vly1w6u","time":1614004329,"event":{"mods":["BaseMod","Colored Map","DeckTracker","Minty Spire (QoL Compilation)","StSLib","SuperFastMode"],"gold_per_floor":[110,120,120,132,132,159,159,174,174,190,200,226,237,255,255,358,358,372,63,63,82,161,161,196,196,221,10,109,109,121,137,137,232,232,249,32,42,53,73,73,100,100,124,124,143,158,187,207,207,207],"floor_reached":51,"language":"KOR","playtime":1079,"items_purged":["Strike_G","Strike_G","Riddle With Holes"],"score":1185,"play_id":"fae1eb31-12a8-414a-8ca6-64a402d1ed37","local_time":"20210222233209","is_ascension_mode":true,"campfire_choices":[{"data":"Blade Dance","floor":7,"key":"SMITH"},{"data":"Dash","floor":15,"key":"SMITH"},{"data":"Ghostly","floor":23,"key":"SMITH"},{"data":"Ghostly","floor":25,"key":"SMITH"},{"data":"Terror","floor":32,"key":"SMITH"},{"data":"Phantasmal Killer","floor":40,"key":"SMITH"},{"data":"Ghostly","floor":44,"key":"SMITH"},{"data":"Ghostly","floor":49,"key":"SMITH"}],"circlet_count":0,"master_deck":["Strike_G","Strike_G","Defend_G","Defend_G","Defend_G","Defend_G","Survivor","Neutralize+1","Dash+1","Blade Dance+1","Tools of the Trade+1","Backflip","A Thousand Cuts+1","Corpse Explosion","Blade Dance","Accuracy+1","Ghostly+1","Ghostly+1","Ghostly","Ghostly+1","Ghostly+1","Blade Dance+1","Accuracy+1","Accuracy+1","Calculated Gamble","Terror+1","Phantasmal Killer+1","Calculated Gamble+1","Dark Shackles","Cloak And Dagger+1","Blur+1","Well Laid Plans+1"],"relics":["Ring of the Snake","MealTicket","FossilizedHelix","Frozen Egg 2","Bag of Preparation","Empty Cage","Tiny Chest","Gremlin Horn","Eternal Feather","Regal Pillow","InkBottle","Sozu","Blood Vial","Lantern","Art of War"],"acts_visited":["Exordium","TheCity","TheBeyond"],"potions_floor_usage":[14,16,50,50,50],"damage_taken":[{"damage":2,"enemies":"Small Slimes","floor":1,"turns":6},{"damage":0,"enemies":"Jaw Worm","floor":2,"turns":5},{"damage":0,"enemies":"2 Louse","floor":4,"turns":3},{"damage":24,"enemies":"Lagavulin","floor":6,"turns":8},{"damage":0,"enemies":"Exordium Wildlife","floor":8,"turns":3},{"damage":0,"enemies":"3 Louse","floor":10,"turns":3},{"damage":0,"enemies":"Exordium Thugs","floor":11,"turns":5},{"damage":0,"enemies":"Gremlin Nob","floor":12,"turns":4},{"damage":0,"enemies":"Large Slime","floor":13,"turns":4},{"damage":0,"enemies":"Gremlin Gang","floor":14,"turns":2},{"damage":0,"enemies":"Slime Boss","floor":16,"turns":8},{"damage":0,"enemies":"Shell Parasite","floor":18,"turns":5},{"damage":1,"enemies":"Chosen","floor":21,"turns":5},{"damage":4,"enemies":"Slavers","floor":24,"turns":4},{"damage":2,"enemies":"Snake Plant","floor":30,"turns":4},{"damage":1,"enemies":"Centurion and Healer","floor":31,"turns":4},{"damage":1,"enemies":"Champ","floor":33,"turns":5},{"damage":1,"enemies":"Orb Walker","floor":35,"turns":5},{"damage":1,"enemies":"3 Shapes","floor":37,"turns":3},{"damage":1,"enemies":"3 Darklings","floor":38,"turns":2},{"damage":0,"enemies":"Writhing Mass","floor":39,"turns":4},{"damage":1,"enemies":"Giant Head","floor":41,"turns":6},{"damage":0,"enemies":"Transient","floor":45,"turns":5},{"damage":0,"enemies":"Jaw Worm Horde","floor":46,"turns":4},{"damage":0,"enemies":"Nemesis","floor":47,"turns":3},{"damage":0,"enemies":"3 Darklings","floor":48,"turns":2},{"damage":6,"enemies":"Awakened One","floor":50,"turns":6}],"seed_played":"2140417708181951368","potions_obtained":[{"floor":1,"key":"Fire Potion"},{"floor":6,"key":"Energy Potion"},{"floor":10,"key":"SpeedPotion"},{"floor":13,"key":"BlessingOfTheForge"},{"floor":16,"key":"GhostInAJar"},{"floor":18,"key":"LiquidBronze"}],"is_trial":false,"path_per_floor":["M","M","?","M","?","E","R","M","T","M","M","E","M","M","R","B",null,"M","$","?","M","T","R","E","R","T","$","?","T","M","M","R","B",null,"M","$","M","M","M","R","E","?","T","R","M","M","E","M","R","B",null],"character_chosen":"THE_SILENT","items_purchased":["Accuracy+1","Tiny Chest","Accuracy+1","Calculated Gamble","Dark Shackles"],"campfire_rested":0,"item_purchase_floors":[19,19,27,27,36],"current_hp_per_floor":[61,61,66,66,59,35,35,35,35,35,35,35,35,35,35,35,65,65,75,37,36,36,36,32,37,37,37,37,37,35,34,37,36,37,36,37,36,35,35,37,36,36,36,37,37,37,37,37,37,31],"gold":207,"neow_bonus":"UPGRADE_CARD","is_daily":false,"chose_seed":false,"campfire_upgraded":8,"win_rate":0.0,"timestamp":1614004329,"path_taken":["M","M","?","M","?","E","R","M","T","M","M","E","M","M","R","BOSS","M","$","?","M","?","R","E","R","T","$","?","?","?","M","R","BOSS","M","$","M","M","M","R","E","?","T","R","M","M","E","?","R","BOSS"],"items_purchased_type":["Card","Relic","Card","Card","Card"],"build_version":"2020-12-22","purchased_purges":3,"victory":true,"max_hp_per_floor":[70,70,75,75,75,75,75,75,75,75,75,75,75,75,75,75,75,75,75,37,37,37,37,37,37,37,37,37,37,37,37,37,37,37,37,37,37,37,37,37,37,37,37,37,37,37,37,37,37,37],"card_choices":[{"not_picked":["Bouncing Flask","Masterful Stab"],"picked":"Dash","floor":1},{"not_picked":["PiercingWail","Deflect"],"picked":"Blade Dance","floor":2},{"not_picked":["Dash","PiercingWail"],"picked":"Riddle With Holes","floor":4},{"not_picked":["Eviscerate","Catalyst","Caltrops"],"picked":"SKIP","floor":6},{"not_picked":["Deadly Poison","Poisoned Stab","Skewer"],"picked":"SKIP","floor":8},{"not_picked":["Dodge and Roll","Escape Plan"],"picked":"Tools of the Trade+1","floor":10},{"not_picked":["Flying Knee","Blade Dance"],"picked":"Backflip","floor":11},{"not_picked":["Quick Slash","All Out Attack"],"picked":"A Thousand Cuts+1","floor":12},{"not_picked":["Bane","Dash","All Out Attack"],"picked":"SKIP","floor":13},{"not_picked":["Dodge and Roll","Flying Knee","Backflip"],"picked":"SKIP","floor":14},{"not_picked":["Tools of the Trade+1","A Thousand Cuts+1"],"picked":"Corpse Explosion","floor":16},{"not_picked":["Quick Slash+1","Dagger Throw"],"picked":"Blade Dance","floor":18},{"not_picked":["Slice","Masterful Stab"],"picked":"Blade Dance+1","floor":21},{"not_picked":["Quick Slash","Eviscerate"],"picked":"Accuracy+1","floor":24},{"not_picked":["Concentrate","Dagger Throw","Dodge and Roll"],"picked":"SKIP","floor":30},{"not_picked":["Acrobatics","Dagger Throw"],"picked":"Terror","floor":31},{"not_picked":["Glass Knife","Corpse Explosion"],"picked":"Phantasmal Killer","floor":33},{"not_picked":["Dagger Throw","Heel Hook+1"],"picked":"Calculated Gamble+1","floor":35},{"not_picked":["Heel Hook+1","Bane","Flying Knee"],"picked":"SKIP","floor":37},{"not_picked":["Flying Knee+1","Distraction+1"],"picked":"Cloak And Dagger+1","floor":38},{"not_picked":["Acrobatics","Underhanded Strike","Dagger Spray+1"],"picked":"SKIP","floor":39},{"not_picked":["Masterful Stab","Die Die Die","Dagger Spray"],"picked":"SKIP","floor":41},{"not_picked":["Quick Slash+1","Outmaneuver","Dodge and Roll"],"picked":"SKIP","floor":45},{"not_picked":["Sucker Punch","Outmaneuver+1","All Out Attack"],"picked":"SKIP","floor":46},{"not_picked":["Catalyst","Concentrate"],"picked":"Blur+1","floor":47},{"not_picked":["Backflip","Blade Dance"],"picked":"Well Laid Plans+1","floor":48}],"player_experience":1470470,"relics_obtained":[{"floor":6,"key":"FossilizedHelix"},{"floor":9,"key":"Frozen Egg 2"},{"floor":12,"key":"Bag of Preparation"},{"floor":22,"key":"Gremlin Horn"},{"floor":24,"key":"Eternal Feather"},{"floor":26,"key":"Regal Pillow"},{"floor":29,"key":"InkBottle"},{"floor":41,"key":"Blood Vial"},{"floor":43,"key":"Lantern"},{"floor":47,"key":"Art of War"}],"event_choices":[{"damage_healed":0,"gold_gain":0,"player_choice":"Donut","damage_taken":0,"max_hp_gain":5,"max_hp_loss":0,"event_name":"Big Fish","floor":3,"gold_loss":0},{"damage_healed":0,"gold_gain":0,"player_choice":"Success","damage_taken":7,"relics_obtained":["MealTicket"],"max_hp_gain":0,"max_hp_loss":0,"event_name":"Scrap Ooze","floor":5,"gold_loss":0},{"damage_healed":0,"gold_gain":0,"player_choice":"Became a Ghost","damage_taken":0,"max_hp_gain":0,"max_hp_loss":38,"event_name":"Ghosts","floor":20,"gold_loss":0,"cards_obtained":["Ghostly","Ghostly","Ghostly","Ghostly","Ghostly"]},{"damage_healed":0,"gold_gain":99,"player_choice":"Stole From Cult","damage_taken":0,"max_hp_gain":0,"max_hp_loss":0,"event_name":"Nest","floor":28,"gold_loss":0},{"damage_healed":0,"gold_gain":0,"player_choice":"Bought 0 Potions","damage_taken":0,"max_hp_gain":0,"max_hp_loss":0,"event_name":"The Woman in Blue","floor":42,"gold_loss":0}],"is_beta":false,"boss_relics":[{"not_picked":["Ring of the Serpent","Black Star"],"picked":"Empty Cage"},{"not_picked":["Snecko Eye","Calling Bell"],"picked":"Sozu"}],"items_purged_floors":[19,27,36],"is_endless":false,"potions_floor_spawned":[1,6,10,13,16,18,30,35,38,39],"ascension_level":8}}