{"host":"r4yhuzs0e1z69tr3","time":1614015708,"event":{"mods":["BaseMod","Minty Spire (QoL Compilation)","Rare Cards Sparkle"],"gold_per_floor":[218,236,65,84,95,95,109,109,162,162,190,202,167,167,167,271,271,286,306,113,113,130,130,130,130,130],"floor_reached":25,"language":"ENG","playtime":7934,"items_purged":[],"score":213,"play_id":"b964d3cf-9c19-4f84-a37c-09376936b9dc","local_time":"20210222124148","is_ascension_mode":true,"campfire_choices":[{"data":"Darkness","floor":6,"key":"SMITH"},{"floor":8,"key":"REST"},{"data":"Dualcast","floor":10,"key":"SMITH"},{"data":"Undo","floor":15,"key":"SMITH"},{"data":"Electrodynamics","floor":23,"key":"SMITH"}],"circlet_count":0,"master_deck":["Strike_B","Strike_B","Strike_B","Strike_B","Defend_B","Defend_B","Defend_B","Zap","Dualcast+1","Darkness+1","Glacier","Ball Lightning","Redo","Capacitor","Conserve Battery","FTL","Undo+1","Electrodynamics+1","Static Discharge","Beam Cell","Barrage","Hyperbeam"],"relics":["Cracked Core","Lantern","Juzu Bracelet","Pantograph","Inserter","Omamori"],"acts_visited":["Exordium","TheCity"],"potions_floor_usage":[5,25],"damage_taken":[{"damage":1,"enemies":"Cultist","floor":1,"turns":4},{"damage":13,"enemies":"2 Louse","floor":2,"turns":3},{"damage":0,"enemies":"Small Slimes","floor":4,"turns":2},{"damage":26,"enemies":"Exordium Thugs","floor":5,"turns":6},{"damage":13,"enemies":"3 Louse","floor":7,"turns":3},{"damage":4,"enemies":"Lagavulin","floor":11,"turns":5},{"damage":1,"enemies":"2 Fungi Beasts","floor":12,"turns":3},{"damage":38,"enemies":"Slime Boss","floor":16,"turns":8},{"damage":10,"enemies":"3 Byrds","floor":18,"turns":2},{"damage":16,"enemies":"Shell Parasite","floor":19,"turns":11},{"damage":23,"enemies":"Snake Plant","floor":22,"turns":6},{"damage":33,"enemies":"Cultist and Chosen","floor":25,"turns":4}],"seed_played":"3106712346763500495","potions_obtained":[{"floor":1,"key":"Ancient Potion"},{"floor":2,"key":"EssenceOfSteel"},{"floor":16,"key":"ColorlessPotion"},{"floor":22,"key":"Swift Potion"}],"is_trial":false,"path_per_floor":["M","M","$","M","M","R","M","R","T","R","E","M","?","?","R","B",null,"M","M","$","?","M","R","$","M"],"character_chosen":"DEFECT","items_purchased":["Lantern","Ball Lightning","Barrage","Omamori"],"campfire_rested":1,"item_purchase_floors":[3,3,20,20],"current_hp_per_floor":[74,61,61,61,35,35,22,44,44,44,40,39,57,57,57,37,75,65,49,49,49,26,26,26,0,0],"gold":130,"neow_bonus":"HUNDRED_GOLD","is_daily":false,"chose_seed":false,"campfire_upgraded":4,"win_rate":0.0,"timestamp":1614015708,"path_taken":["M","M","$","M","M","R","?","R","T","R","E","M","?","?","R","BOSS","M","M","$","?","M","R","?","M"],"items_purchased_type":["Relic","Card","Card","Relic"],"build_version":"2020-12-22","purchased_purges":0,"victory":false,"max_hp_per_floor":[75,75,75,75,75,75,75,75,75,75,75,75,75,75,75,75,75,75,75,75,75,75,75,75,75,75],"card_choices":[{"not_picked":["Skim","Sweeping Beam"],"picked":"Darkness","floor":1},{"not_picked":["Consume","Scrape"],"picked":"Glacier","floor":2},{"not_picked":["Ball Lightning","Undo"],"picked":"Redo","floor":4},{"not_picked":["Steam","Go for the Eyes"],"picked":"Capacitor","floor":5},{"not_picked":["Amplify","Sweeping Beam"],"picked":"Conserve Battery","floor":7},{"not_picked":["Multi-Cast","Rebound"],"picked":"FTL","floor":11},{"not_picked":["Gash","Go for the Eyes"],"picked":"Undo","floor":12},{"not_picked":["Machine Learning","Biased Cognition"],"picked":"Electrodynamics","floor":16},{"not_picked":["Doom and Gloom+1","Turbo+1"],"picked":"Static Discharge","floor":18},{"not_picked":["White Noise","Streamline"],"picked":"Beam Cell","floor":19},{"not_picked":["White Noise","Turbo","Gash"],"picked":"SKIP","floor":22}],"player_experience":155453,"relics_obtained":[{"floor":9,"key":"Juzu Bracelet"},{"floor":11,"key":"Pantograph"}],"event_choices":[{"damage_healed":18,"gold_gain":0,"player_choice":"Healed","damage_taken":0,"max_hp_gain":0,"max_hp_loss":0,"event_name":"The Cleric","floor":13,"gold_loss":35},{"damage_healed":0,"gold_gain":0,"player_choice":"Fled","damage_taken":0,"max_hp_gain":0,"max_hp_loss":0,"event_name":"Scrap Ooze","floor":14,"gold_loss":0},{"damage_healed":0,"gold_gain":0,"cards_transformed":["Defend_B"],"player_choice":"Transformed","damage_taken":0,"max_hp_gain":0,"max_hp_loss":0,"event_name":"Transmorgrifier","floor":21,"gold_loss":0,"cards_obtained":["Hyperbeam"]}],"is_beta":false,"boss_relics":[{"not_picked":["Black Star","Velvet Choker"],"picked":"Inserter"}],"items_purged_floors":[],"is_endless":false,"potions_floor_spawned":[1,2,16,22],"killed_by":"Cultist and Chosen","ascension_level":1}}