{"host":"kj5ejyofr70ax6r3","time":1614013967,"event":{"mods":["BaseMod","BetterRewards","Colored Map","Downfall","GifTheSpireLib","Minty Spire (QoL Compilation)","Replay The Spire","Shop Mod","StSLib"],"gold_per_floor":[119,119,3,3,3,28,28,28,51,83,101,113,113,147,147,147,147],"floor_reached":16,"language":"ENG","playtime":347,"items_purged":[],"score":183,"play_id":"44e4dc44-f522-42e5-a4c2-345534f15686","local_time":"20210222111247","is_ascension_mode":true,"campfire_choices":[{"data":"ReplayTheSpireMod:Fabricate Wheel","floor":7,"key":"SMITH"},{"floor":15,"key":"REST"}],"circlet_count":0,"master_deck":["Strike_B","Strike_B","Strike_B","Strike_B","Defend_B+1","Defend_B","Defend_B","Defend_B","Vigilance","Eruption","Heatsinks","Ball Lightning","Beam Cell","Core Surge","Stack","Sunder","Sweeping Beam","ReplaySolidLightProjector","Aggregate"],"relics":["Cracked Core","NeowsBlessing","Regal Pillow","Turnip","Prayer Wheel","Ice Cream"],"acts_visited":["Exordium"],"potions_floor_usage":[16],"damage_taken":[{"damage":0,"enemies":"Jaw Worm","floor":1,"turns":1},{"damage":0,"enemies":"Gremlin Nob","floor":6,"turns":1},{"damage":0,"enemies":"3 Sentries","floor":10,"turns":1},{"damage":2,"enemies":"Small Slimes","floor":11,"turns":4},{"damage":0,"enemies":"Cultist","floor":12,"turns":2},{"damage":24,"enemies":"Gremlin Nob","floor":14,"turns":3},{"damage":77,"enemies":"Hexaghost","floor":16,"turns":4}],"seed_played":"-5005077848430019586","potions_obtained":[{"floor":1,"key":"FearPotion"},{"floor":6,"key":"SmokeBomb"},{"floor":11,"key":"SkillPotion"}],"is_trial":false,"path_per_floor":["M","?","$","?","$","E","R","?","T","E","M","M","?","E","R","B"],"character_chosen":"DEFECT","items_purchased":["Heatsinks","Ball Lightning"],"campfire_rested":1,"item_purchase_floors":[3,3],"current_hp_per_floor":[75,75,75,75,75,75,75,75,75,75,73,73,73,49,75,0,0],"gold":147,"neow_bonus":"THREE_ENEMY_KILL","is_daily":false,"chose_seed":false,"campfire_upgraded":1,"win_rate":0.0,"timestamp":1614013967,"path_taken":["M","?","$","?","?","E","R","?","T","E","?","M","?","E","R","BOSS"],"items_purchased_type":["Card","Card"],"build_version":"2020-12-22","purchased_purges":0,"victory":false,"max_hp_per_floor":[75,75,75,75,75,75,75,75,75,75,75,75,75,75,75,75,75],"card_choices":[{"not_picked":["Streamline","Recycle"],"picked":"Go for the Eyes","floor":1},{"not_picked":["Reinforced Body","Sweeping Beam"],"picked":"ReplayTheSpireMod:Fabricate Wheel","floor":6},{"not_picked":["Hologram","Turbo"],"picked":"Beam Cell","floor":10},{"not_picked":["Rebound","Consume"],"picked":"Stack","floor":11},{"not_picked":["Panic Button","Go for the Eyes"],"picked":"Sunder","floor":11},{"not_picked":["Sunder","ReplaySort"],"picked":"Sweeping Beam","floor":12},{"not_picked":["Panic Button","Turbo"],"picked":"ReplaySolidLightProjector","floor":12},{"not_picked":["Seek","Go for the Eyes"],"picked":"Aggregate","floor":14}],"player_experience":194846,"relics_obtained":[{"floor":6,"key":"Regal Pillow"},{"floor":10,"key":"Turnip"},{"floor":14,"key":"Ice Cream"}],"event_choices":[{"cards_removed":["Go for the Eyes"],"damage_healed":5,"gold_gain":0,"player_choice":"Offered Common","damage_taken":0,"max_hp_gain":0,"max_hp_loss":0,"event_name":"Bonfire Elementals","floor":8,"gold_loss":0},{"cards_removed":["Go for the Eyes"],"damage_healed":5,"gold_gain":0,"player_choice":"Offered Special","damage_taken":0,"max_hp_gain":0,"max_hp_loss":0,"event_name":"Bonfire Elementals","floor":8,"gold_loss":0},{"damage_healed":0,"gold_gain":0,"player_choice":"Leave","damage_taken":0,"max_hp_gain":0,"max_hp_loss":0,"event_name":"The Cleric","floor":13,"gold_loss":0}],"is_beta":false,"boss_relics":[],"items_purged_floors":[],"is_endless":false,"potions_floor_spawned":[1,6,11],"killed_by":"Hexaghost","ascension_level":2}}