{"host":"Tom","time":1614000984,"event":{"mods":["BaseMod","Downfall","Hermit","Jorbs\u0027s Wanderer Trilogy","Minty Spire (QoL Compilation)","Replay The Spire","Shop Mod","StSLib","The Animator","The Cursed","The Hierophant"],"gold_per_floor":[118,293,293,303,323,351,368,386,386,386,386,416,416,440,440,537,537,547,507,527,36,51,51,2,2,25,61,61,76,76,76,76,76,76],"floor_reached":33,"language":"ENG","playtime":4303,"items_purged":[],"score":272,"play_id":"928aa518-8753-40ce-aee6-8aafb6fa5d5a","local_time":"20210222223624","is_ascension_mode":false,"campfire_choices":[{"floor":13,"key":"REST"},{"floor":23,"key":"REST"},{"floor":25,"key":"REST"},{"data":"stsjorbsmod:FindFamiliar","floor":28,"key":"SMITH"},{"floor":32,"key":"REST"}],"circlet_count":0,"master_deck":["stsjorbsmod:ForbiddenGrimoire+1","stsjorbsmod:Strike_Wanderer","stsjorbsmod:Strike_Wanderer","stsjorbsmod:Strike_Wanderer","stsjorbsmod:Strike_Wanderer","stsjorbsmod:Defend_Wanderer","stsjorbsmod:Defend_Wanderer","stsjorbsmod:Defend_Wanderer","stsjorbsmod:Defend_Wanderer","stsjorbsmod:FreshAdventure","stsjorbsmod:EyeOfTheStorm","stsjorbsmod:MirrorImage","stsjorbsmod:MagicMirror+1","Doubt","Replay:Sssssssssshield","stsjorbsmod:Hibernate","stsjorbsmod:Aid","stsjorbsmod:FindFamiliar+1","stsjorbsmod:ParryingBlow","stsjorbsmod:IvoryTower","stsjorbsmod:Rest","stsjorbsmod:Withdraw","stsjorbsmod:SmithingStrike","stsjorbsmod:TinyHut","stsjorbsmod:Mindworm","Magnetism","stsjorbsmod:RayOfFrost+1","stsjorbsmod:ArcaneWeapon","stsjorbsmod:Stalwart","stsjorbsmod:Mending"],"relics":["stsjorbsmod:GrimoireRelic","Art of War","Blue Candle","ReplayTheSpireMod:Lightbulb","Replay:Mystery Machine","Runic Pyramid","Mercury Hourglass","Bag of Marbles","Toy Ornithopter"],"acts_visited":["Exordium","TheCity"],"potions_floor_usage":[5,8,8,16,18,20,29,33],"damage_taken":[{"damage":6,"enemies":"2 Louse","floor":1,"turns":2},{"damage":0,"enemies":"Cultist","floor":4,"turns":5},{"damage":0,"enemies":"Small Slimes","floor":5,"turns":5},{"damage":2,"enemies":"Blue Slaver","floor":6,"turns":6},{"damage":23,"enemies":"Exordium Wildlife","floor":7,"turns":7},{"damage":8,"enemies":"Lots of Slimes","floor":8,"turns":4},{"damage":1,"enemies":"Replay:BlueRogue","floor":12,"turns":6},{"damage":19,"enemies":"Fading Forest","floor":16,"turns":10},{"damage":32,"enemies":"3 Byrds","floor":18,"turns":7},{"damage":6,"enemies":"Spheric Guardian","floor":20,"turns":7},{"damage":12,"enemies":"Snecko","floor":22,"turns":6},{"damage":24,"enemies":"3 Cultists","floor":27,"turns":6},{"damage":49,"enemies":"Centurion and Healer","floor":29,"turns":7},{"damage":52,"enemies":"Champ","floor":33,"turns":6}],"seed_played":"-6558036487946061090","potions_obtained":[{"floor":1,"key":"DistilledChaos"},{"floor":6,"key":"Weak Potion"},{"floor":7,"key":"stsjorbsmod:BurningPotion"},{"floor":12,"key":"Energy Potion"},{"floor":16,"key":"SkillPotion"},{"floor":19,"key":"FairyPotion"},{"floor":19,"key":"Reflective Coating"},{"floor":19,"key":"Toxic Potion"},{"floor":22,"key":"stsjorbsmod:LiquidClarity"}],"is_trial":false,"path_per_floor":["M","?","?","M","M","M","M","M","T","?","?","E","R","T","R","B",null,"M","?","M","$","M","R","$","R","T","M","R","M","?","T","R","B"],"character_chosen":"WANDERER","items_purchased":["stsjorbsmod:Mindworm","Magnetism","Mercury Hourglass","stsjorbsmod:ArcaneWeapon"],"campfire_rested":4,"item_purchase_floors":[21,21,21,24],"current_hp_per_floor":[63,63,63,65,66,68,45,39,39,14,36,38,58,58,68,49,68,36,36,34,34,25,45,45,65,65,45,45,20,20,20,40,0,0],"gold":76,"neow_bonus":"ONE_RANDOM_RARE_CARD","is_daily":false,"chose_seed":false,"campfire_upgraded":1,"win_rate":0.0,"timestamp":1614000984,"path_taken":["M","?","?","M","?","M","M","M","T","?","?","E","R","?","R","BOSS","M","?","M","$","?","R","$","R","T","M","R","M","?","?","R","BOSS"],"items_purchased_type":["Card","Card","Relic","Card"],"build_version":"2020-12-18","purchased_purges":0,"victory":false,"max_hp_per_floor":[68,68,68,68,68,68,68,68,68,68,68,68,68,68,68,68,68,68,68,68,68,68,68,68,68,68,68,68,68,68,68,68,68,68],"card_choices":[{"not_picked":["stsjorbsmod:Hibernate","stsjorbsmod:TrueStrike"],"picked":"stsjorbsmod:MagicMirror","floor":1},{"not_picked":["stsjorbsmod:FracturedMind","stsjorbsmod:RefuseToForget"],"picked":"stsjorbsmod:Aid","floor":4},{"not_picked":["stsjorbsmod:UnseenServant","stsjorbsmod:FlameWard"],"picked":"stsjorbsmod:FindFamiliar","floor":5},{"not_picked":["stsjorbsmod:Message","stsjorbsmod:Firebolt"],"picked":"stsjorbsmod:ParryingBlow","floor":6},{"not_picked":["stsjorbsmod:ChatteringStrike","stsjorbsmod:Counterspell"],"picked":"stsjorbsmod:IvoryTower","floor":7},{"not_picked":["stsjorbsmod:RayOfFrost","stsjorbsmod:Hurt","stsjorbsmod:Materialize"],"picked":"SKIP","floor":8},{"not_picked":["stsjorbsmod:TrueStrike","stsjorbsmod:LoseGrip"],"picked":"stsjorbsmod:Rest","floor":12},{"not_picked":["stsjorbsmod:GatherPower","stsjorbsmod:Pyromancy"],"picked":"stsjorbsmod:Withdraw","floor":16},{"not_picked":["stsjorbsmod:Prepare","stsjorbsmod:UnseenServant"],"picked":"stsjorbsmod:SmithingStrike","floor":18},{"not_picked":["stsjorbsmod:Hibernate+1","stsjorbsmod:FranticSearch"],"picked":"stsjorbsmod:TinyHut","floor":20},{"not_picked":["stsjorbsmod:Hibernate","stsjorbsmod:Inferno"],"picked":"stsjorbsmod:RayOfFrost+1","floor":22},{"not_picked":["stsjorbsmod:ParryingBlow","stsjorbsmod:LoseGrip"],"picked":"stsjorbsmod:Stalwart","floor":27},{"not_picked":["stsjorbsmod:MagicMirror","stsjorbsmod:SmithingStrike"],"picked":"stsjorbsmod:Mending","floor":29}],"player_experience":267781,"relics_obtained":[{"floor":9,"key":"Art of War"},{"floor":12,"key":"ReplayTheSpireMod:Lightbulb"},{"floor":14,"key":"Replay:Mystery Machine"},{"floor":26,"key":"Bag of Marbles"},{"floor":31,"key":"Toy Ornithopter"}],"event_choices":[{"damage_healed":0,"gold_gain":175,"player_choice":"AGREE","damage_taken":0,"max_hp_gain":0,"max_hp_loss":0,"event_name":"Liars Game","floor":2,"gold_loss":0,"cards_obtained":["Doubt"]},{"damage_healed":0,"gold_gain":0,"player_choice":"2 cards matched","damage_taken":0,"max_hp_gain":0,"max_hp_loss":0,"event_name":"Match and Keep!","floor":3,"gold_loss":0,"cards_obtained":["Replay:Sssssssssshield","stsjorbsmod:Hibernate"]},{"damage_healed":0,"gold_gain":0,"player_choice":"Success","damage_taken":25,"relics_obtained":["Blue Candle"],"max_hp_gain":0,"max_hp_loss":0,"event_name":"Scrap Ooze","floor":10,"gold_loss":0},{"damage_healed":22,"gold_gain":0,"player_choice":"Banana","damage_taken":0,"max_hp_gain":0,"max_hp_loss":0,"event_name":"Big Fish","floor":11,"gold_loss":0},{"damage_healed":0,"gold_gain":0,"player_choice":"Bought 3 Potions","damage_taken":0,"max_hp_gain":0,"max_hp_loss":0,"event_name":"The Woman in Blue","floor":19,"gold_loss":0},{"damage_healed":0,"gold_gain":0,"player_choice":"Ignored","damage_taken":0,"max_hp_gain":0,"max_hp_loss":0,"event_name":"Vampires","floor":30,"gold_loss":0}],"is_beta":true,"boss_relics":[{"not_picked":["Replay:Ancient Bell","Replay:Drink Me"],"picked":"Runic Pyramid"}],"items_purged_floors":[],"is_endless":false,"potions_floor_spawned":[1,6,7,12,16,22],"killed_by":"Champ","ascension_level":0}}