{"host":"j0lq4v91luowxwha","time":1614014466,"event":{"mods":["BaseMod","Colored Powertips","Downfall","Hermit","Minty Spire (QoL Compilation)","Quick Restart","Replay The Spire","StSLib","SuperFastMode","The Cursed"],"gold_per_floor":[99,99,99,99,99,129,154,168,203,203,230,67,67,67,82,177,177,274,291,309,328,428,428,428,459,205,215,215,244,44,64,77,176,176,76,90,90,90,103,116,116,116,206,239,258,258,258,277,277,289,309,309,309,341,36,36,36,36,36,36],"floor_reached":58,"language":"ENG","playtime":3518,"items_purged":["champ:DancingMaster"],"score":800,"play_id":"1b0fff09-667c-40af-a2ef-b53211fdd93f","local_time":"20210222122106","is_ascension_mode":false,"campfire_choices":[{"data":"champ:Taunt","floor":1,"key":"SMITH"},{"floor":10,"key":"RECALL"},{"floor":13,"key":"REST"},{"floor":30,"key":"REST"},{"data":"champ:Improvising","floor":35,"key":"SMITH"},{"floor":49,"key":"REST"},{"floor":56,"key":"REST"}],"circlet_count":0,"master_deck":["champ:Defend","champ:Defend","champ:Defend","champ:Defend","champ:Execute","champ:Taunt+1","champ:ShieldWall","champ:FlashCut","champ:IronFortress","champ:ShieldWall","champ:Lariat+1","champ:StanceDance","champ:Circumvent","champ:DefensiveStyle+1","champ:ArenaPreparation+1","champ:DefensiveStyle+1","champ:ShieldSlam","expansioncontent:QuickStudy","champ:PreemptiveStrike","champ:Parry+1","champ:Improvising+1","Normality","champ:FocusedDefense"],"relics":["champ:ChampionCrown","downfall:HeartsMalice","champ:LiftRelic","Toy Ornithopter","Strawberry","Turnip","Chemical X","Astrolabe","MutagenicStrength","Pocketwatch","Red Mask","Singing Bowl","downfall:HeartBlessingBlue","downfall:HeartBlessingGreen","Sozu","downfall:HeartBlessingRed","Ring of Searing","Counterbalance","Anchor","Dream Catcher","CaptainsWheel","Thread and Needle","champ:BerserkersGuideToSlaughter","Happy Flower"],"acts_visited":["Exordium","TheCity","TheBeyond","TheEnding"],"potions_floor_usage":[29,33,44,45,45],"damage_taken":[{"damage":0,"enemies":"2 Louse","floor":3,"turns":1},{"damage":0,"enemies":"Jaw Worm","floor":4,"turns":1},{"damage":0,"enemies":"Small Slimes","floor":5,"turns":1},{"damage":34,"enemies":"3 Sentries","floor":6,"turns":6},{"damage":26,"enemies":"Exordium Thugs","floor":8,"turns":5},{"damage":0,"enemies":"Lagavulin","floor":9,"turns":7},{"damage":23,"enemies":"3 Sentries","floor":11,"turns":8},{"damage":10,"enemies":"downfall:FleeingMerchant","floor":12,"turns":4},{"damage":0,"enemies":"3 Louse","floor":15,"turns":5},{"damage":52,"enemies":"DF_ARCHETYPE_STREAMLINE","floor":16,"turns":9},{"damage":12,"enemies":"Chosen","floor":19,"turns":5},{"damage":0,"enemies":"downfall:LooterAlt2","floor":20,"turns":3},{"damage":25,"enemies":"Centurion and Healer","floor":21,"turns":6},{"damage":31,"enemies":"downfall:Augmenter","floor":22,"turns":7},{"damage":64,"enemies":"Masked Bandits","floor":25,"turns":7},{"damage":10,"enemies":"downfall:FleeingMerchant","floor":26,"turns":4},{"damage":15,"enemies":"3 Cultists","floor":27,"turns":7},{"damage":14,"enemies":"Replay:Snechameleon","floor":29,"turns":5},{"damage":0,"enemies":"Snecko","floor":31,"turns":4},{"damage":12,"enemies":"Shelled Parasite and Fungi","floor":32,"turns":3},{"damage":28,"enemies":"SI_MIRROR_ARCHETYPE","floor":33,"turns":9},{"damage":16,"enemies":"Orb Walker","floor":36,"turns":3},{"damage":22,"enemies":"3 Shapes","floor":39,"turns":5},{"damage":0,"enemies":"Transient","floor":40,"turns":5},{"damage":46,"enemies":"R_Hoarder","floor":44,"turns":6},{"damage":30,"enemies":"Sphere and 2 Shapes","floor":45,"turns":5},{"damage":5,"enemies":"Maw","floor":48,"turns":5},{"damage":0,"enemies":"Spire Growth","floor":50,"turns":4},{"damage":0,"enemies":"Sphere and 2 Shapes","floor":51,"turns":6},{"damage":55,"enemies":"WA_ARCHETYPE_DIVINITY","floor":52,"turns":8},{"damage":37,"enemies":"downfall:CharBossMerchant","floor":54,"turns":5},{"damage":80,"enemies":"downfall:NeowBoss","floor":57,"turns":15},{"damage":55,"enemies":"downfall:NeowBossFinal","floor":58,"turns":9}],"seed_played":"-5584251536057530321","potions_obtained":[{"floor":8,"key":"SteroidPotion"},{"floor":9,"key":"FairyPotion"},{"floor":15,"key":"champ:CounterPotion"},{"floor":16,"key":"Reflective Coating"},{"floor":25,"key":"Swift Potion"},{"floor":27,"key":"Fire Potion"},{"floor":29,"key":"AttackPotion"},{"floor":33,"key":"SpeedPotion"}],"is_trial":false,"path_per_floor":["R","?","M","M","M","E","T","M","E","R","E","$","R","?","M","B",null,"R","M","M","M","?","?","T","?","$","M","?","E","R","M","M","B",null,"R","M","?","?","M","M","T","?","?","E","M","PTL","PTL","M","R","M","M","B",null,"E","$","R","B","B"],"character_chosen":"THE_CHAMP","items_purchased":["Chemical X","expansioncontent:QuickStudy","champ:BerserkersGuideToSlaughter","Happy Flower"],"campfire_rested":4,"item_purchase_floors":[12,26,55,55],"current_hp_per_floor":[90,90,90,90,90,76,76,60,67,67,44,44,73,73,73,66,97,97,85,85,70,39,39,39,39,39,24,24,17,59,59,49,31,111,111,97,97,97,77,79,79,79,37,23,15,15,15,12,52,54,56,5,133,98,98,135,55,0,0,0],"gold":36,"neow_bonus":"THREE_ENEMY_KILL","is_daily":false,"chose_seed":false,"campfire_upgraded":2,"win_rate":0.0,"timestamp":1614014466,"path_taken":["R","?","M","M","M","E","T","M","E","R","E","$","R","?","M","BOSS","R","M","M","M","?","?","T","?","?","M","?","E","R","M","M","BOSS","R","M","?","?","M","M","T","?","?","E","M","PTL","PTL","M","R","?","M","BOSS","E","$","R","BOSS","BOSS"],"items_purchased_type":["Relic","Card","Relic","Relic"],"build_version":"2020-12-22","purchased_purges":1,"victory":false,"max_hp_per_floor":[90,90,90,90,90,90,90,90,97,97,97,97,97,97,97,97,97,97,97,97,97,97,97,97,97,97,97,97,99,109,109,111,111,111,111,113,113,113,115,117,117,117,121,123,125,125,125,127,129,131,133,133,133,135,135,135,135,135,135,135],"card_choices":[{"not_picked":["champ:Endure","champ:GladiatorStyle"],"picked":"champ:ShieldWall","floor":3},{"not_picked":["champ:BladeFlurry","champ:PreciseThrust"],"picked":"champ:FlashCut","floor":4},{"not_picked":["champ:PreciseThrust","champ:EnGarde"],"picked":"champ:IronFortress","floor":5},{"not_picked":["champ:ShieldThrow","champ:FalseCounter"],"picked":"champ:ShieldWall","floor":6},{"not_picked":["champ:FanOfKnives","champ:BringItOn"],"picked":"champ:Lariat","floor":8},{"not_picked":["champ:Duel","champ:PerfectedStrike"],"picked":"champ:StanceDance","floor":9},{"not_picked":["champ:Haymaker","champ:AdrenalArmor"],"picked":"champ:Circumvent","floor":11},{"not_picked":["champ:AdrenalArmor","champ:HeartStrike","champ:GladiatorStyle"],"picked":"SKIP","floor":12},{"not_picked":["champ:CalledShot","champ:SwordThrow","champ:DeathBlow"],"picked":"SKIP","floor":15},{"not_picked":["champ:Shatter","champ:Haymaker","champ:BladeFlurry+1"],"picked":"SKIP","floor":19},{"not_picked":["champ:BerserkersShout+1","champ:EnGarde"],"picked":"champ:DefensiveStyle+1","floor":20},{"not_picked":["champ:EnGarde","champ:Circumvent+1","champ:PerfectedStrike"],"picked":"SKIP","floor":21},{"not_picked":["champ:FlashCut","champ:BerserkersShout","champ:ViciousMockery"],"picked":"SKIP","floor":26},{"not_picked":["champ:ViciousMockery","champ:EnGarde"],"picked":"champ:PreemptiveStrike","floor":27},{"not_picked":["champ:RapidStrikes","champ:PreemptiveStrike","champ:AdrenalArmor+1"],"picked":"Singing Bowl","floor":29},{"not_picked":["champ:FocusedDefense","champ:StrikeOfGenius"],"picked":"champ:Parry+1","floor":31},{"not_picked":["champ:DeathBlow","champ:FanOfKnives+1","champ:DefensiveShout"],"picked":"Singing Bowl","floor":32},{"not_picked":["champ:SteelEdge","champ:TripleStrike"],"picked":"champ:Improvising","floor":33},{"not_picked":["champ:CrownThrow+1","champ:Parry","champ:FlashCut+1"],"picked":"Singing Bowl","floor":36},{"not_picked":["champ:RapidStrikes","champ:Backstep","champ:PerfectedStrike"],"picked":"Singing Bowl","floor":39},{"not_picked":["champ:PerfectedStrike","champ:GladiatorStyle","champ:BerserkerStyle"],"picked":"Singing Bowl","floor":40},{"not_picked":["champ:Endure","champ:FocusedBerserking+1","champ:PerfectedStrike"],"picked":"Singing Bowl","floor":43},{"not_picked":["champ:RecklessLeap+1","champ:CrownThrow+1","champ:Circumvent+1"],"picked":"Singing Bowl","floor":43},{"not_picked":["champ:FanOfKnives","champ:SwordThrow","champ:PreemptiveStrike+1"],"picked":"Singing Bowl","floor":44},{"not_picked":["champ:FaceSlap","champ:DefensiveShout","champ:CrookedStrike+1"],"picked":"Singing Bowl","floor":45},{"not_picked":["champ:GladiatorStyle","champ:ShieldSlam+1","champ:Haymaker"],"picked":"Singing Bowl","floor":48},{"not_picked":["champ:EnragedBash+1","champ:RapidStrikes","champ:DefensiveStyle+1"],"picked":"Singing Bowl","floor":49},{"not_picked":["champ:CrownThrow","champ:FlashCut+1","champ:DeathBlow+1"],"picked":"Singing Bowl","floor":50},{"not_picked":["champ:SwordThrow","champ:AdrenalArmor","champ:PreemptiveStrike+1"],"picked":"Singing Bowl","floor":51},{"not_picked":["champ:PerfectedStrike","champ:BerserkersShout","champ:TornadoPunch"],"picked":"Singing Bowl","floor":54},{"not_picked":["champ:PreemptiveStrike+1","champ:BerserkersShout"],"picked":"champ:FocusedDefense","floor":56}],"player_experience":248682,"relics_obtained":[{"floor":6,"key":"Toy Ornithopter"},{"floor":9,"key":"Strawberry"},{"floor":11,"key":"Turnip"},{"floor":22,"key":"MutagenicStrength"},{"floor":24,"key":"Pocketwatch"},{"floor":25,"key":"Red Mask"},{"floor":29,"key":"Singing Bowl"},{"floor":37,"key":"Ring of Searing"},{"floor":38,"key":"Counterbalance"},{"floor":41,"key":"Anchor"},{"floor":43,"key":"Dream Catcher"},{"floor":44,"key":"CaptainsWheel"},{"floor":54,"key":"Thread and Needle"}],"event_choices":[{"damage_healed":0,"gold_gain":0,"player_choice":"Grow","damage_taken":0,"max_hp_gain":0,"max_hp_loss":0,"event_name":"Living Wall","floor":14,"gold_loss":0,"cards_upgraded":["champ:Lariat"]},{"damage_healed":0,"gold_gain":0,"player_choice":"Fought Bandits","damage_taken":0,"max_hp_gain":0,"max_hp_loss":0,"event_name":"Masked Bandits","floor":25,"gold_loss":0},{"damage_healed":0,"gold_gain":0,"player_choice":"Ignored","damage_taken":0,"max_hp_gain":0,"max_hp_loss":0,"event_name":"Vampires","floor":28,"gold_loss":0}],"is_beta":false,"boss_relics":[{"not_picked":["Replay:Wanted Poster","Pandora\u0027s Box"],"picked":"Astrolabe"},{"not_picked":["Painkiller Herb","Kintsugi"],"picked":"Sozu"}],"items_purged_floors":[26],"is_endless":false,"potions_floor_spawned":[8,9,15,16,25,27,29,33,40,44,50,54],"killed_by":"downfall:NeowBossFinal","ascension_level":0}}