{"host":"alk2ftu785mujiir","time":1614023432,"event":{"mods":["BaseMod","Bossed Relics","Colored Map","Downfall","Minty Spire (QoL Compilation)","StSLib"],"gold_per_floor":[0,15,34,34,53,53,53,70,87,113,124,124,124,173,189,291,291,291,311,23,23,23,43,43,70,70,84,97,89,89,127,146,249,249,149,167,183,202,52,85,111,111,127,27,56,56,223,252,267,267],"floor_reached":51,"language":"ENG","playtime":2789,"items_purged":["hexamod:Strike"],"score":954,"play_id":"ef78920c-1d45-487d-ad82-c6070d3096fd","local_time":"20210222145032","is_ascension_mode":true,"campfire_choices":[{"data":"hexamod:HexaLevel","floor":1.0,"key":"SMITH"},{"data":"hexamod:Float","floor":6.0,"key":"SMITH"},{"data":"hexamod:PhantomCloak","floor":12.0,"key":"SMITH"},{"data":"hexamod:CatchUp","floor":18.0,"key":"SMITH"},{"data":"hexamod:SearingWound","floor":30.0,"key":"SMITH"},{"floor":35.0,"key":"RECALL"},{"data":"hexamod:GiftsFromTheDead","floor":44.0,"key":"SMITH"}],"circlet_count":0,"master_deck":["hexamod:Strike+1","hexamod:Defend","hexamod:Defend","hexamod:Sear+1","hexamod:Float+1","hexamod:HexaLevel+1","hexamod:FastForward+1","hexamod:NightmareStrike+1","hexamod:TurnItUp","hexamod:Toasty+1","hexamod:PhantomCloak+1","hexamod:CatchUp+1","hexamod:GhostLash+1","hexamod:GhostOfSpireFuture+1","hexamod:DynamicBlow+1","hexamod:HeatMetal+1","hexamod:SearingWound+1","hexamod:NightmareStrike+1","hexamod:GhostLash+1","hexamod:ChargedBarrage","hexamod:EmpoweredFlame+1","hexamod:GiftsFromTheDead+1","hexamod:EmpoweredFlame+1","hexamod:Hexaguard+1","hexamod:HauntingEcho+1","hexamod:AdvancingGuard+1","hexamod:GhostOfSpireFuture+1","hexamod:SoulSteal"],"relics":["hexamod:SpiritBrand","Thread and Needle","Tiny Chest","Mummified Hand","expansioncontent:StudyCardRelic","Pantograph","Juzu Bracelet","Blue Candle","hexamod:Sixitude","hexamod:TheBrokenSeal","Empty Cage","downfall:HeartBlessingGreen","Mercury Hourglass","hexamod:CandleOfCauterizing","downfall:HeartBlessingRed","InkBottle","Whetstone","hexamod:MatchstickCase"],"acts_visited":["Exordium","TheCity","TheBeyond"],"potions_floor_usage":[],"damage_taken":[{"damage":3.0,"enemies":"Small Slimes","floor":2.0,"turns":4.0},{"damage":0.0,"enemies":"Cultist","floor":3.0,"turns":4.0},{"damage":7.0,"enemies":"Jaw Worm","floor":5.0,"turns":3.0},{"damage":0.0,"enemies":"Red Slaver","floor":8.0,"turns":5.0},{"damage":0.0,"enemies":"3 Louse","floor":9.0,"turns":5.0},{"damage":4.0,"enemies":"Lagavulin","floor":10.0,"turns":7.0},{"damage":5.0,"enemies":"downfall:LooterAlt","floor":11.0,"turns":4.0},{"damage":8.0,"enemies":"3 Sentries","floor":14.0,"turns":7.0},{"damage":4.0,"enemies":"Lots of Slimes","floor":15.0,"turns":5.0},{"damage":16.0,"enemies":"IC_STATUS_ARCHETYPE","floor":16.0,"turns":7.0},{"damage":0.0,"enemies":"Spheric Guardian","floor":19.0,"turns":3.0},{"damage":0.0,"enemies":"downfall:FleeingMerchant","floor":20.0,"turns":4.0},{"damage":0.0,"enemies":"Shell Parasite","floor":23.0,"turns":3.0},{"damage":10.0,"enemies":"Gremlin Leader","floor":25.0,"turns":6.0},{"damage":10.0,"enemies":"3 Cultists","floor":27.0,"turns":4.0},{"damage":14.0,"enemies":"Snake Plant","floor":28.0,"turns":3.0},{"damage":54.0,"enemies":"Slavers","floor":31.0,"turns":5.0},{"damage":3.0,"enemies":"Centurion and Healer","floor":32.0,"turns":5.0},{"damage":1.0,"enemies":"WA_ARCHETYPE_CALM","floor":33.0,"turns":5.0},{"damage":24.0,"enemies":"3 Darklings","floor":36.0,"turns":4.0},{"damage":6.0,"enemies":"3 Shapes","floor":37.0,"turns":4.0},{"damage":14.0,"enemies":"Sphere and 2 Shapes","floor":38.0,"turns":5.0},{"damage":1.0,"enemies":"Nemesis","floor":40.0,"turns":5.0},{"damage":8.0,"enemies":"4 Shapes","floor":43.0,"turns":5.0},{"damage":15.0,"enemies":"Reptomancer","floor":45.0,"turns":4.0},{"damage":6,"enemies":"downfall:FleeingMerchant","floor":47,"turns":4},{"damage":34,"enemies":"Nemesis","floor":48,"turns":3},{"damage":4,"enemies":"Transient","floor":49,"turns":5},{"damage":45,"enemies":"DF_ARCHETYPE_ORBS","floor":50,"turns":7}],"seed_played":"-3595670574661371160","potions_obtained":[{"floor":3.0,"key":"Ancient Potion"},{"floor":10.0,"key":"ColorlessPotion"},{"floor":11.0,"key":"Regen Potion"},{"floor":16.0,"key":"Fire Potion"},{"floor":27.0,"key":"hexamod:DoubleChargePotion"},{"floor":31.0,"key":"SkillPotion"},{"floor":32.0,"key":"Block Potion"},{"floor":43.0,"key":"hexamod:SoulburnPotion"},{"floor":45.0,"key":"Dexterity Potion"}],"is_trial":false,"path_per_floor":["R","M","M","?","M","R","T","M","M","E","M","R","?","E","M","B",null,"R","M","$","?","T","M","T","E","?","M","M","?","R","E","M","B",null,"R","M","M","M","?","E","T","T","M","R","E","?","?","E","M","B",null],"character_chosen":"THE_SPIRIT","items_purchased":["hexamod:SearingWound","hexamod:NightmareStrike","Whetstone"],"campfire_rested":0,"item_purchase_floors":[20,20,47],"current_hp_per_floor":[70,67,67,67,60,60,60,60,67,63,65,65,65,64,67,58,70,70,70,70,70,70,70,70,67,67,64,57,57,57,10,80,79,80,80,56,50,36,90,89,89,89,81,81,66,66,60,26,22,2],"gold":267,"neow_bonus":"THREE_RARE_CARDS","is_daily":false,"chose_seed":false,"campfire_upgraded":6,"win_rate":0.0,"timestamp":1614023432,"path_taken":["R","M","M","?","M","R","T","?","?","E","M","R","?","E","M","BOSS","R","M","?","?","?","M","T","E","?","M","M","?","R","E","M","BOSS","R","M","M","M","?","E","T","?","M","R","E","?","?","E","M","BOSS"],"items_purchased_type":["Card","Card","Relic"],"build_version":"2020-12-22","purchased_purges":1,"victory":true,"max_hp_per_floor":[70,70,70,70,70,70,70,70,70,70,70,70,70,70,70,70,70,70,70,70,70,70,70,70,70,70,70,70,70,70,70,80,80,80,80,80,80,80,90,90,90,90,90,90,90,90,90,90,90,90],"card_choices":[{"not_picked":["hexamod:WildfireWeapon","hexamod:VolcanoVisage"],"picked":"hexamod:HexaLevel","floor":0.0},{"not_picked":["hexamod:ThermalTransfer","hexamod:GhostLash"],"picked":"hexamod:FastForward","floor":2.0},{"not_picked":["hexamod:InspiringFlames","hexamod:FastForward"],"picked":"hexamod:NightmareStrike","floor":3.0},{"not_picked":["hexamod:Firestarter","hexamod:ThermalTransfer"],"picked":"hexamod:Toasty","floor":5.0},{"not_picked":["hexamod:FastForward","hexamod:BacktrackSmack"],"picked":"hexamod:FirstSeal","floor":8.0},{"not_picked":["hexamod:ApocalypseNow","hexamod:SpectersWail"],"picked":"hexamod:PhantomCloak","floor":9.0},{"not_picked":["hexamod:SpectralAdrenaline","hexamod:AdvancingGuard"],"picked":"hexamod:CatchUp","floor":10.0},{"not_picked":["hexamod:HeatMetal","hexamod:GhostOfSpirePast"],"picked":"hexamod:GhostLash","floor":11.0},{"not_picked":["hexamod:GhostOfSpirePast","hexamod:SpectralSpark","hexamod:BacktrackSmack"],"picked":"SKIP","floor":14.0},{"not_picked":["hexamod:CatchUp","hexamod:SpectralAdrenaline"],"picked":"hexamod:GhostOfSpireFuture","floor":15.0},{"not_picked":["hexamod:Toasty","hexamod:ParanormalForm"],"picked":"hexamod:FifthSeal","floor":16.0},{"not_picked":["hexamod:SecondSeal","hexamod:ThirdSeal"],"picked":"hexamod:SixthSeal","floor":19.0},{"not_picked":["hexamod:ShieldOfDarkness","hexamod:Hexaguard"],"picked":"hexamod:DynamicBlow+1","floor":19.0},{"not_picked":["hexamod:Hexaguard","hexamod:GhostOfSpirePast"],"picked":"hexamod:HeatMetal+1","floor":20.0},{"not_picked":["hexamod:EtherealExpedition","hexamod:RetreatToShadows"],"picked":"hexamod:GhostLash+1","floor":23.0},{"not_picked":["hexamod:SearingWound","hexamod:GhostOfSpirePast+1"],"picked":"hexamod:ChargedBarrage","floor":25.0},{"not_picked":["hexamod:AdvancingGuard","hexamod:InspiringFlames","hexamod:ShieldOfDarkness+1"],"picked":"SKIP","floor":27.0},{"not_picked":["hexamod:HeatMetal","hexamod:SpectralAdrenaline","hexamod:FlamesFromBeyond"],"picked":"SKIP","floor":28.0},{"not_picked":["hexamod:FourthSeal","hexamod:FirstSeal"],"picked":"hexamod:ThirdSeal","floor":31.0},{"not_picked":["hexamod:GhostOfSpirePast+1","hexamod:GhostLash","hexamod:HauntingEcho"],"picked":"SKIP","floor":31.0},{"not_picked":["hexamod:NightmareGuise","hexamod:ThermalTransfer"],"picked":"hexamod:EmpoweredFlame","floor":32.0},{"not_picked":["hexamod:ParanormalForm","hexamod:SearingWound"],"picked":"hexamod:GiftsFromTheDead","floor":33.0},{"not_picked":["hexamod:RainOfEmbers+1","hexamod:Firestarter"],"picked":"hexamod:EmpoweredFlame+1","floor":36.0},{"not_picked":["hexamod:ThermalTransfer","hexamod:FourthSeal"],"picked":"hexamod:Hexaguard+1","floor":37.0},{"not_picked":["hexamod:SecondSeal","hexamod:SuperheatedStrike+1","hexamod:Firestarter+1"],"picked":"SKIP","floor":38.0},{"not_picked":["hexamod:Rewind","hexamod:HeatMetal","hexamod:BacktrackSmack"],"picked":"SKIP","floor":40.0},{"not_picked":["hexamod:HeatMetal","hexamod:NightmareGuise"],"picked":"hexamod:HauntingEcho+1","floor":43.0},{"not_picked":["hexamod:SkipABeat","hexamod:SpectersWail"],"picked":"hexamod:AdvancingGuard+1","floor":45.0},{"not_picked":["hexamod:FirstSeal","hexamod:SwordOfDarkness+1"],"picked":"hexamod:GhostOfSpireFuture+1","floor":47},{"not_picked":["hexamod:NecessarySacrifice","hexamod:SuperheatedStrike"],"picked":"hexamod:SoulSteal","floor":48},{"not_picked":["hexamod:BacktrackSmack+1","hexamod:HexaLevel","hexamod:RadiantFlame+1"],"picked":"SKIP","floor":49}],"player_experience":1853330,"relics_obtained":[{"floor":7.0,"key":"Thread and Needle"},{"floor":10.0,"key":"Tiny Chest"},{"floor":14.0,"key":"Mummified Hand"},{"floor":22.0,"key":"Pantograph"},{"floor":24.0,"key":"Juzu Bracelet"},{"floor":25.0,"key":"Blue Candle"},{"floor":31.0,"key":"hexamod:Sixitude"},{"floor":40.0,"key":"Mercury Hourglass"},{"floor":42.0,"key":"hexamod:CandleOfCauterizing"},{"floor":45.0,"key":"InkBottle"},{"floor":48,"key":"hexamod:MatchstickCase"}],"event_choices":[{"damage_healed":0.0,"max_hp_gain":0.0,"max_hp_loss":0.0,"gold_gain":0.0,"event_name":"Accursed Blacksmith","player_choice":"Forge","floor":46.0,"gold_loss":0.0,"damage_taken":0.0,"cards_upgraded":["hexamod:EmpoweredFlame"]}],"is_beta":false,"boss_relics":[{"not_picked":["Velvet Choker","SlaversCollar"],"picked":"expansioncontent:StudyCardRelic"},{"not_picked":["bronze:MakeshiftBattery","Coffee Dripper"],"picked":"Empty Cage"}],"items_purged_floors":[20],"is_endless":false,"potions_floor_spawned":[3,10,11,16,19,25,27,32,33,38,43,45,48,49],"ascension_level":3}}