{"host":"pqs17sqrgflf4eqa","time":1614037915,"event":{"mods":["AchievementEnabler","BaseMod","Bestiary","Better Altar","Better Match","Better Sensory Stone","Better Skull","Better Third Choice","Block Reminder","Bossed Relics","Colored Map","Colored Powertips","Curses Come First","Dark Map","DeckTracker","Defective Defect","Displayed Cursed Tome","Emptier Cage","Googly Eyes","Highlight Path","Minty Spire (QoL Compilation)","Permanent Neow","Poor People Problems","Quick Restart","Slay-I","StSLib","SuperFastMode","Synergy Search","Thieving Mod","Transform Curses","everything is the same but u backflip on backflip","slay the spire mod where everything is the same but ironclad has a cowboy hat"],"gold_per_floor":[211,211,211,223,39,65,84,84,84,84,117,117,131,149,149,251,251,270,20,31,31,31,31,50,125,125,50,65,76,76,76],"floor_reached":30,"language":"ENG","playtime":694,"items_purged":["Writhe"],"score":240,"play_id":"c76c0820-2f5a-4312-83d5-714e2de4336e","local_time":"20210222185155","is_ascension_mode":false,"campfire_choices":[{"data":"Crescendo","floor":8,"key":"SMITH"},{"data":"FearNoEvil","floor":12,"key":"SMITH"},{"floor":15,"key":"REST"},{"data":"Devotion","floor":23,"key":"SMITH"}],"circlet_count":0,"master_deck":["Strike_P","Strike_P","Strike_P","Strike_P","Defend_P","Defend_P","Defend_P","Defend_P","Eruption+1","Vigilance","FlyingSleeves","Tantrum","Worship","Halt","FearNoEvil+1","Crescendo+1","Metamorphosis","Conclude","Wallop","Devotion+1","DeceiveReality","Prostrate+1","Tantrum","FlurryOfBlows+1"],"relics":["PureWater","Sundial","Mummified Hand","Bag of Marbles","Sozu","Toxic Egg 2","Art of War","Dream Catcher","Membership Card"],"acts_visited":["Exordium","TheCity"],"potions_floor_usage":[11,11,16],"damage_taken":[{"damage":1,"enemies":"Jaw Worm","floor":1,"turns":4},{"damage":0,"enemies":"Small Slimes","floor":4,"turns":2},{"damage":42,"enemies":"3 Sentries","floor":6,"turns":5},{"damage":0,"enemies":"2 Louse","floor":7,"turns":3},{"damage":8,"enemies":"Lagavulin","floor":11,"turns":3},{"damage":4,"enemies":"Blue Slaver","floor":13,"turns":2},{"damage":0,"enemies":"Looter","floor":14,"turns":3},{"damage":20,"enemies":"The Guardian","floor":16,"turns":7},{"damage":0,"enemies":"Chosen","floor":18,"turns":2},{"damage":0,"enemies":"Spheric Guardian","floor":20,"turns":3},{"damage":38,"enemies":"Cultist and Chosen","floor":24,"turns":6},{"damage":14,"enemies":"3 Cultists","floor":28,"turns":4},{"damage":11,"enemies":"Centurion and Healer","floor":29,"turns":5},{"damage":18,"enemies":"Gremlin Leader","floor":30,"turns":2}],"seed_played":"1317612863825433031","potions_obtained":[{"floor":6,"key":"BottledMiracle"},{"floor":7,"key":"Strength Potion"},{"floor":14,"key":"Strength Potion"}],"is_trial":false,"path_per_floor":["M","?","?","M","$","E","M","R","T","?","E","R","M","M","R","B",null,"M","$","M","?","?","R","M","?","T","$","M","M","E"],"character_chosen":"WATCHER","items_purchased":["Worship","Halt","StancePotion","Toxic Egg 2"],"campfire_rested":1,"item_purchase_floors":[5,5,5,19],"current_hp_per_floor":[71,71,71,71,71,29,29,29,29,29,21,21,17,17,38,18,72,72,72,72,72,72,72,34,27,27,27,13,2,0,0],"gold":76,"neow_bonus":"HUNDRED_GOLD","is_daily":false,"chose_seed":false,"campfire_upgraded":3,"win_rate":0.0,"timestamp":1614037915,"path_taken":["M","?","?","M","$","E","M","R","T","?","E","R","M","M","R","BOSS","M","$","M","?","?","R","M","?","T","$","M","?","E"],"items_purchased_type":["Card","Card","Potion","Relic"],"build_version":"2020-12-22","purchased_purges":1,"victory":false,"max_hp_per_floor":[72,72,72,72,72,72,72,72,72,72,72,72,72,72,72,72,72,72,72,72,72,72,72,72,72,72,72,72,72,72,72],"card_choices":[{"not_picked":["FlurryOfBlows","Prostrate"],"picked":"FlyingSleeves","floor":1},{"not_picked":["ThirdEye","BowlingBash"],"picked":"Tantrum","floor":4},{"not_picked":["LessonLearned","Study"],"picked":"FearNoEvil","floor":6},{"not_picked":["Fasting2","PathToVictory"],"picked":"Crescendo","floor":7},{"not_picked":["Purity","HandOfGreed"],"picked":"Metamorphosis","floor":10},{"not_picked":["BattleHymn","Evaluate"],"picked":"Conclude","floor":11},{"not_picked":["PathToVictory","Prostrate"],"picked":"Wallop","floor":13},{"not_picked":["Sanctity","EmptyFist","BowlingBash"],"picked":"SKIP","floor":14},{"not_picked":["Wish","DevaForm"],"picked":"Devotion","floor":16},{"not_picked":["SignatureMove","Protect+1"],"picked":"DeceiveReality","floor":18},{"not_picked":["MentalFortress","EmptyFist"],"picked":"Prostrate+1","floor":20},{"not_picked":["BowlingBash+1","Nirvana+1"],"picked":"FlurryOfBlows+1","floor":24},{"not_picked":["WaveOfTheHand+1","WindmillStrike+1","Crescendo+1"],"picked":"SKIP","floor":28},{"not_picked":["Protect+1","FearNoEvil","BowlingBash"],"picked":"SKIP","floor":29}],"player_experience":148124,"relics_obtained":[{"floor":6,"key":"Sundial"},{"floor":9,"key":"Mummified Hand"},{"floor":11,"key":"Bag of Marbles"},{"floor":26,"key":"Dream Catcher"}],"event_choices":[{"damage_healed":0,"gold_gain":0,"player_choice":"Leave","damage_taken":0,"max_hp_gain":0,"max_hp_loss":0,"event_name":"The Cleric","floor":2,"gold_loss":0},{"damage_healed":0,"gold_gain":0,"player_choice":"Grow","damage_taken":0,"max_hp_gain":0,"max_hp_loss":0,"event_name":"Living Wall","floor":3,"gold_loss":0,"cards_upgraded":["Eruption"]},{"damage_healed":0,"gold_gain":1,"player_choice":"1","damage_taken":0,"max_hp_gain":0,"max_hp_loss":0,"event_name":"betterStone:BetterStone","floor":10,"gold_loss":0},{"damage_healed":0,"gold_gain":0,"player_choice":"Opened","damage_taken":0,"relics_obtained":["Art of War"],"max_hp_gain":0,"max_hp_loss":0,"event_name":"The Mausoleum","floor":21,"gold_loss":0,"cards_obtained":["Writhe"]},{"damage_healed":0,"gold_gain":0,"player_choice":"Read","damage_taken":0,"max_hp_gain":0,"max_hp_loss":0,"event_name":"The Library","floor":22,"gold_loss":0,"cards_obtained":["Tantrum"]},{"damage_healed":0,"gold_gain":75,"player_choice":"Touch","damage_taken":7,"max_hp_gain":0,"max_hp_loss":0,"event_name":"FaceTrader","floor":25,"gold_loss":0}],"is_beta":false,"boss_relics":[{"not_picked":["SlaversCollar","SacredBark"],"picked":"Sozu"}],"items_purged_floors":[27],"is_endless":false,"potions_floor_spawned":[6,7,14,28],"killed_by":"Gremlin Leader","ascension_level":0}}