{"host":"cfqfeqi6u2qx5u0e","time":1614006954,"event":{"mods":["AchievementEnabler","BaseMod","Colored Powertips","Minty Spire (QoL Compilation)","Quick Restart","StSLib"],"gold_per_floor":[111,111,286,361,372,372,398,398,398,415,442,442,442,452,452,556,556,573,32,32,32,44,44,59,59,86,98,124,74,102,128,128,229,229,249,260,44,44,57,57,92,92,92,117,117,150,150,7,7,7,7],"floor_reached":50,"language":"ENG","playtime":4349,"items_purged":["Regret","Reprogram+1"],"score":729,"play_id":"81c8934c-3a46-4063-b4b2-1850d6d09f2d","local_time":"20210222071554","is_ascension_mode":true,"campfire_choices":[{"data":"Self Repair","floor":6.0,"key":"SMITH"},{"floor":8.0,"key":"REST"},{"data":"Reprogram","floor":13.0,"key":"SMITH"},{"floor":15.0,"key":"REST"},{"floor":23.0,"key":"REST"},{"floor":25.0,"key":"REST"},{"floor":32.0,"key":"REST"},{"floor":40,"key":"RECALL"},{"data":"Double Energy","floor":47,"key":"SMITH"},{"floor":49,"key":"REST"}],"circlet_count":0,"master_deck":["Strike_B","Defend_B","Defend_B","Defend_B","Defend_B","Zap","Dualcast","Self Repair+1","Go for the Eyes","Hologram","Biased Cognition","Consume","Buffer","CurseOfTheBell","Go for the Eyes","Loop+1","Defragment","Cold Snap+1","Loop","Double Energy+1","Biased Cognition","Electrodynamics+1","Electrodynamics+1","Consume+1","Streamline+1","Madness","Madness","Cold Snap+1","Amplify","Creative AI","Double Energy","Capacitor"],"relics":["Cracked Core","Thread and Needle","Gambling Chip","The Courier","Mango","Calling Bell","Blood Vial","Pear","WingedGreaves","Du-Vu Doll","Potion Belt","Bronze Scales","Enchiridion","PreservedInsect","Tiny Chest","Nunchaku","Juzu Bracelet","Astrolabe","Toy Ornithopter","Orichalcum","Darkstone Periapt","Letter Opener","Kunai","Mercury Hourglass"],"acts_visited":["Exordium","TheCity","TheBeyond"],"potions_floor_usage":[35,39,41,44,50],"damage_taken":[{"damage":4.0,"enemies":"2 Louse","floor":1.0,"turns":3.0},{"damage":2.0,"enemies":"Jaw Worm","floor":5.0,"turns":5.0},{"damage":31.0,"enemies":"Lagavulin","floor":7.0,"turns":8.0},{"damage":5.0,"enemies":"Small Slimes","floor":10.0,"turns":3.0},{"damage":49.0,"enemies":"Gremlin Nob","floor":11.0,"turns":6.0},{"damage":3.0,"enemies":"2 Fungi Beasts","floor":14.0,"turns":3.0},{"damage":95.0,"enemies":"Slime Boss","floor":16.0,"turns":13.0},{"damage":84.0,"enemies":"3 Byrds","floor":18.0,"turns":7.0},{"damage":0.0,"enemies":"Spheric Guardian","floor":22.0,"turns":3.0},{"damage":40.0,"enemies":"Chosen and Byrds","floor":24.0,"turns":7.0},{"damage":12.0,"enemies":"Snecko","floor":27.0,"turns":6.0},{"damage":13.0,"enemies":"Book of Stabbing","floor":28.0,"turns":4.0},{"damage":41.0,"enemies":"Slavers","floor":30.0,"turns":5.0},{"damage":16.0,"enemies":"Book of Stabbing","floor":31.0,"turns":4.0},{"damage":39.0,"enemies":"Automaton","floor":33.0,"turns":7.0},{"damage":18,"enemies":"3 Darklings","floor":35,"turns":3},{"damage":9,"enemies":"3 Shapes","floor":36,"turns":3},{"damage":0,"enemies":"Sphere and 2 Shapes","floor":39,"turns":3},{"damage":39,"enemies":"Nemesis","floor":41,"turns":5},{"damage":31,"enemies":"Giant Head","floor":44,"turns":6},{"damage":9,"enemies":"Reptomancer","floor":46,"turns":4},{"damage":82,"enemies":"Donu and Deca","floor":50,"turns":6}],"seed_played":"8943147984136597345","potions_obtained":[{"floor":7.0,"key":"FocusPotion"},{"floor":14.0,"key":"FairyPotion"},{"floor":31.0,"key":"Swift Potion"},{"floor":33.0,"key":"FocusPotion"},{"floor":35,"key":"Energy Potion"},{"floor":39,"key":"SmokeBomb"},{"floor":41,"key":"Fire Potion"}],"is_trial":false,"path_per_floor":["M","?","?","?","M","R","E","R","T","M","E","?","R","M","R","B",null,"M","$","?","?","M","R","M","R","T","M","E","?","E","E","R","B",null,"M","M","$","?","M","R","E","?","T","E","T","E","R","$","R","B"],"character_chosen":"DEFECT","items_purchased":["Du-Vu Doll","Potion Belt","Bronze Scales","EssenceOfSteel","Dexterity Potion","Toy Ornithopter","Capacitor"],"campfire_rested":6,"item_purchase_floors":[19,19,19,37,37,37,48],"current_hp_per_floor":[78,78,78,67,72,72,51,75,75,80,41,43,43,50,78,20,106,32,32,16,16,28,59,31,62,62,62,61,61,32,18,49,12,106,88,91,91,78,85,85,63,63,63,49,49,42,42,42,73,0,0],"gold":7,"neow_bonus":"TEN_PERCENT_HP_BONUS","is_daily":false,"chose_seed":false,"campfire_upgraded":3,"win_rate":0.0,"timestamp":1614006954,"path_taken":["M","?","?","?","M","R","E","R","T","M","E","?","R","M","R","BOSS","M","$","?","?","?","R","M","R","T","M","E","?","E","E","R","BOSS","M","M","$","?","M","R","E","?","T","E","?","E","R","?","R","BOSS"],"items_purchased_type":["Relic","Relic","Relic","Potion","Potion","Relic","Card"],"build_version":"2020-12-22","purchased_purges":2,"victory":false,"max_hp_per_floor":[82,82,82,82,82,82,82,82,82,82,82,96,96,96,96,96,106,106,106,106,106,106,106,106,106,106,106,106,106,106,106,106,106,106,106,106,106,106,106,106,106,106,106,106,106,106,106,106,106,106,106],"card_choices":[{"not_picked":["Compile Driver","Conserve Battery"],"picked":"Self Repair","floor":1.0},{"not_picked":["Scrape","Compile Driver"],"picked":"Go for the Eyes","floor":5.0},{"not_picked":["Auto Shields","Reinforced Body"],"picked":"Hologram","floor":7.0},{"not_picked":["Rebound","Streamline"],"picked":"Biased Cognition","floor":10.0},{"not_picked":["Reinforced Body","Coolheaded"],"picked":"Reprogram","floor":11.0},{"not_picked":["Glacier","Stack"],"picked":"Consume","floor":14.0},{"not_picked":["Hyperbeam","Echo Form"],"picked":"Buffer","floor":16.0},{"not_picked":["Storm","Cold Snap"],"picked":"Go for the Eyes+1","floor":18.0},{"not_picked":["Compile Driver","Tempest+1"],"picked":"Go for the Eyes","floor":22.0},{"not_picked":["Steam","Leap+1"],"picked":"Loop+1","floor":24.0},{"not_picked":["Hologram","Consume+1"],"picked":"Defragment","floor":27.0},{"not_picked":["Reprogram+1","Genetic Algorithm"],"picked":"Cold Snap+1","floor":28.0},{"not_picked":["Coolheaded","Streamline"],"picked":"Loop","floor":30.0},{"not_picked":["Beam Cell","Skim"],"picked":"Double Energy","floor":31.0},{"not_picked":["Reboot","Meteor Strike"],"picked":"Biased Cognition","floor":33.0},{"not_picked":["Coolheaded","Turbo+1","Melter"],"picked":"SKIP","floor":35},{"not_picked":["Blizzard","Cold Snap"],"picked":"Streamline+1","floor":36},{"not_picked":["Streamline","Rebound"],"picked":"Cold Snap+1","floor":39},{"not_picked":["Steam","Streamline"],"picked":"Amplify","floor":41},{"not_picked":["Hologram+1","Melter+1"],"picked":"Creative AI","floor":44},{"not_picked":["Sweeping Beam+1","Streamline"],"picked":"Double Energy","floor":46}],"player_experience":111755,"relics_obtained":[{"floor":7.0,"key":"Gambling Chip"},{"floor":11.0,"key":"The Courier"},{"floor":17.0,"key":"Blood Vial"},{"floor":17.0,"key":"Pear"},{"floor":17.0,"key":"WingedGreaves"},{"floor":20.0,"key":"Enchiridion"},{"floor":26.0,"key":"PreservedInsect"},{"floor":28.0,"key":"Tiny Chest"},{"floor":30.0,"key":"Nunchaku"},{"floor":31.0,"key":"Juzu Bracelet"},{"floor":41,"key":"Orichalcum"},{"floor":43,"key":"Darkstone Periapt"},{"floor":44,"key":"Letter Opener"},{"floor":45,"key":"Kunai"},{"floor":46,"key":"Mercury Hourglass"}],"event_choices":[{"damage_healed":0.0,"max_hp_gain":0.0,"max_hp_loss":0.0,"gold_gain":0.0,"event_name":"Big Fish","player_choice":"Box","floor":2.0,"gold_loss":0.0,"damage_taken":0.0,"relics_obtained":["Thread and Needle"],"cards_obtained":["Regret"]},{"damage_healed":0.0,"max_hp_gain":0.0,"max_hp_loss":0.0,"gold_gain":175.0,"event_name":"Liars Game","player_choice":"AGREE","floor":3.0,"gold_loss":0.0,"damage_taken":0.0,"cards_obtained":["Doubt"]},{"damage_healed":0.0,"max_hp_gain":0.0,"max_hp_loss":0.0,"gold_gain":75.0,"event_name":"World of Goop","player_choice":"Gather Gold","floor":4.0,"gold_loss":0.0,"damage_taken":11.0},{"damage_healed":0.0,"max_hp_gain":0.0,"max_hp_loss":0.0,"gold_gain":0.0,"event_name":"Scrap Ooze","player_choice":"Success","floor":12.0,"gold_loss":0.0,"damage_taken":12.0,"relics_obtained":["Mango"]},{"damage_healed":0.0,"max_hp_gain":0.0,"max_hp_loss":0.0,"gold_gain":0.0,"event_name":"Cursed Tome","player_choice":"Obtained Book","floor":20.0,"gold_loss":0.0,"damage_taken":16.0},{"cards_removed":["Doubt"],"damage_healed":0.0,"max_hp_gain":0.0,"max_hp_loss":0.0,"gold_gain":0.0,"event_name":"Wheel of Change","player_choice":"Card Removal","floor":21.0,"gold_loss":0.0,"damage_taken":0.0},{"damage_healed":0.0,"max_hp_gain":0.0,"max_hp_loss":0.0,"gold_gain":0.0,"event_name":"The Joust","player_choice":"Bet on Murderer","floor":29.0,"gold_loss":50.0,"damage_taken":0.0},{"damage_healed":0,"gold_gain":0,"player_choice":"Embrace Madness","damage_taken":13,"max_hp_gain":0,"max_hp_loss":0,"event_name":"Winding Halls","floor":38,"gold_loss":0,"cards_obtained":["Madness","Madness"]},{"cards_removed":["Go for the Eyes"],"damage_healed":0,"gold_gain":0,"player_choice":"Removed Attack","damage_taken":0,"max_hp_gain":0,"max_hp_loss":0,"event_name":"Falling","floor":42,"gold_loss":0}],"is_beta":false,"boss_relics":[{"not_picked":["Cursed Key","Tiny House"],"picked":"Calling Bell"},{"not_picked":["Pandora\u0027s Box","SacredBark"],"picked":"Astrolabe"}],"items_purged_floors":[19,48],"is_endless":false,"potions_floor_spawned":[7,14,31,33,35,39,41],"killed_by":"Donu and Deca","ascension_level":2}}