{"host":"r4yhuzs0e1z69tr3","time":1614021358,"event":{"mods":["BaseMod","Minty Spire (QoL Compilation)","Rare Cards Sparkle"],"gold_per_floor":[112,122,134,209,174,174,20,20,20,86,106,117,117,135,135,238,238,257,276,293,293,49,49,68,85,156,175,175,175,205,221,221,320,320,339,354,133,183,199,199,210,244,290,290,290,138,138,153,153,153,153],"floor_reached":50,"language":"ENG","playtime":3011,"items_purged":[],"score":563,"play_id":"842b33db-9747-4756-b06b-551cb1cb765e","local_time":"20210222141558","is_ascension_mode":true,"campfire_choices":[{"data":"Dualcast","floor":6.0,"key":"SMITH"},{"data":"Zap","floor":8.0,"key":"SMITH"},{"data":"Chaos","floor":15.0,"key":"SMITH"},{"data":"Sunder","floor":23.0,"key":"SMITH"},{"floor":28.0,"key":"REST"},{"floor":32.0,"key":"REST"},{"data":"Static Discharge","floor":40.0,"key":"SMITH"},{"floor":45,"key":"REST"},{"floor":49,"key":"REST"}],"circlet_count":0,"master_deck":["Strike_B","Strike_B+1","Strike_B","Strike_B","Defend_B","Defend_B","Defend_B","Defend_B","Zap+1","Dualcast+1","Streamline","Sunder+1","Rebound+1","Beam Cell","Thunder Strike+1","Ball Lightning","Ball Lightning","Chaos+1","Electrodynamics","Undo","Chaos+1","Capacitor+1","Beam Cell+1","Glacier+1","Hologram","Biased Cognition","Redo+1","Compile Driver+1","Static Discharge+1","Hologram+1","Rainbow","Parasite"],"relics":["Cracked Core","Mercury Hourglass","Question Card","Sozu","Pear","Ornamental Fan","Centennial Puzzle","Busted Crown","Whetstone","Du-Vu Doll","Bag of Marbles","Happy Flower","Meat on the Bone"],"acts_visited":["Exordium","TheCity","TheBeyond"],"potions_floor_usage":[],"damage_taken":[{"damage":1.0,"enemies":"Cultist","floor":1.0,"turns":4.0},{"damage":0.0,"enemies":"2 Louse","floor":2.0,"turns":1.0},{"damage":3.0,"enemies":"Jaw Worm","floor":3.0,"turns":3.0},{"damage":0.0,"enemies":"3 Louse","floor":11.0,"turns":2.0},{"damage":7.0,"enemies":"Blue Slaver","floor":12.0,"turns":2.0},{"damage":0.0,"enemies":"Large Slime","floor":14.0,"turns":3.0},{"damage":0.0,"enemies":"Slime Boss","floor":16.0,"turns":6.0},{"damage":17.0,"enemies":"Shell Parasite","floor":18.0,"turns":3.0},{"damage":7.0,"enemies":"2 Thieves","floor":19.0,"turns":2.0},{"damage":5.0,"enemies":"Centurion and Healer","floor":20.0,"turns":3.0},{"damage":17.0,"enemies":"Sentry and Sphere","floor":24.0,"turns":4.0},{"damage":0.0,"enemies":"Cultist and Chosen","floor":25.0,"turns":3.0},{"damage":13.0,"enemies":"Centurion and Healer","floor":27.0,"turns":5.0},{"damage":27.0,"enemies":"Gremlin Leader","floor":30.0,"turns":4.0},{"damage":4.0,"enemies":"Snecko","floor":31.0,"turns":4.0},{"damage":12.0,"enemies":"Champ","floor":33.0,"turns":9.0},{"damage":26.0,"enemies":"3 Darklings","floor":35.0,"turns":3.0},{"damage":8.0,"enemies":"3 Shapes","floor":36.0,"turns":2.0},{"damage":0.0,"enemies":"Mind Bloom Boss Battle","floor":38.0,"turns":5.0},{"damage":5.0,"enemies":"3 Darklings","floor":39.0,"turns":2.0},{"damage":0.0,"enemies":"Spire Growth","floor":41.0,"turns":4.0},{"damage":30.0,"enemies":"Reptomancer","floor":42.0,"turns":5.0},{"damage":34,"enemies":"Writhing Mass","floor":48,"turns":4},{"damage":45,"enemies":"Time Eater","floor":50,"turns":10}],"seed_played":"-5763940141519691045","potions_obtained":[{"floor":3.0,"key":"Dexterity Potion"},{"floor":11.0,"key":"Swift Potion"},{"floor":14.0,"key":"SpeedPotion"}],"is_trial":false,"path_per_floor":["M","M","M","?","?","R","$","R","T","?","M","M","?","M","R","B",null,"M","M","M","?","$","R","M","M","T","M","R","?","E","M","R","B",null,"M","M","$","?","M","R","M","E","T","?","R","$","T","M","R","B"],"character_chosen":"DEFECT","items_purchased":["Thunder Strike","Pear","Static Discharge","Whetstone","Rainbow"],"campfire_rested":4,"item_purchase_floors":[7,22,37,37,46],"current_hp_per_floor":[74,74,71,60,75,75,75,75,75,75,75,68,56,56,56,56,75,58,51,46,46,56,56,39,39,39,26,51,51,24,20,45,33,85,59,51,51,51,46,46,46,16,16,16,41,41,41,19,44,0,0],"gold":153,"neow_bonus":"THREE_CARDS","is_daily":false,"chose_seed":false,"campfire_upgraded":5,"win_rate":0.0,"timestamp":1614021358,"path_taken":["M","M","?","?","?","R","?","R","T","?","?","M","?","M","R","BOSS","M","M","M","?","$","R","M","?","T","M","R","?","E","M","R","BOSS","M","M","$","?","M","R","M","E","T","?","R","?","?","M","R","BOSS"],"items_purchased_type":["Card","Relic","Card","Relic","Card"],"build_version":"2020-12-22","purchased_purges":0,"victory":false,"max_hp_per_floor":[75,75,75,75,75,75,75,75,75,75,75,75,75,75,75,75,75,75,75,75,75,85,85,85,85,85,85,85,85,85,85,85,85,85,85,85,85,85,85,85,85,85,85,85,85,85,85,85,85,85,85],"card_choices":[{"not_picked":["Conserve Battery","Cold Snap"],"picked":"Streamline","floor":0.0},{"not_picked":["Turbo","Go for the Eyes"],"picked":"Sunder","floor":1.0},{"not_picked":["Cold Snap","Streamline"],"picked":"Rebound","floor":2.0},{"not_picked":["Streamline","Cold Snap"],"picked":"Beam Cell","floor":3.0},{"not_picked":["Streamline","Conserve Battery"],"picked":"Ball Lightning","floor":11.0},{"not_picked":["Buffer","Cold Snap"],"picked":"Ball Lightning","floor":12.0},{"not_picked":["Undo","Leap","Gash"],"picked":"Chaos","floor":14.0},{"not_picked":["Hyperbeam","Thunder Strike","Rainbow"],"picked":"Electrodynamics","floor":16.0},{"not_picked":["Ball Lightning","Gash+1","Rip and Tear"],"picked":"Undo","floor":18.0},{"not_picked":["Sweeping Beam","Consume+1","Cold Snap"],"picked":"Chaos+1","floor":19.0},{"not_picked":["BootSequence","Consume","Blizzard"],"picked":"Capacitor+1","floor":20.0},{"not_picked":["Amplify","Lockon","Loop"],"picked":"Beam Cell+1","floor":24.0},{"not_picked":["Loop","Heatsinks","Rebound"],"picked":"Glacier+1","floor":25.0},{"not_picked":["Cold Snap","Ball Lightning+1","Chaos","Leap"],"picked":"SKIP","floor":27.0},{"not_picked":["Genetic Algorithm","Lockon","Storm"],"picked":"Hologram","floor":30.0},{"not_picked":["Cold Snap","Sweeping Beam","Storm+1","Steam"],"picked":"SKIP","floor":31.0},{"not_picked":["Buffer","Machine Learning","Multi-Cast"],"picked":"Biased Cognition","floor":33.0},{"not_picked":["Turbo+1"],"picked":"Redo+1","floor":35.0},{"not_picked":["Stack"],"picked":"Compile Driver+1","floor":36.0},{"not_picked":["Turbo","Redo+1"],"picked":"SKIP","floor":39.0},{"not_picked":["Turbo+1"],"picked":"Hologram+1","floor":41.0},{"not_picked":["Storm+1","Coolheaded"],"picked":"SKIP","floor":42.0},{"not_picked":["Coolheaded","Go for the Eyes+1"],"picked":"SKIP","floor":48}],"player_experience":165913,"relics_obtained":[{"floor":9.0,"key":"Mercury Hourglass"},{"floor":26.0,"key":"Ornamental Fan"},{"floor":30.0,"key":"Centennial Puzzle"},{"floor":38.0,"key":"Du-Vu Doll"},{"floor":42.0,"key":"Bag of Marbles"},{"floor":43.0,"key":"Happy Flower"},{"floor":47,"key":"Meat on the Bone"}],"event_choices":[{"damage_healed":0.0,"max_hp_gain":0.0,"max_hp_loss":0.0,"gold_gain":75.0,"event_name":"World of Goop","player_choice":"Gather Gold","floor":4.0,"gold_loss":0.0,"damage_taken":11.0},{"damage_healed":18.0,"max_hp_gain":0.0,"max_hp_loss":0.0,"gold_gain":0.0,"event_name":"The Cleric","player_choice":"Healed","floor":5.0,"gold_loss":35.0,"damage_taken":0.0},{"damage_healed":0.0,"max_hp_gain":0.0,"max_hp_loss":0.0,"gold_gain":66.0,"event_name":"Golden Wing","player_choice":"Gained Gold","floor":10.0,"gold_loss":0.0,"damage_taken":0.0},{"damage_healed":0.0,"max_hp_gain":0.0,"max_hp_loss":0.0,"gold_gain":0.0,"event_name":"Scrap Ooze","player_choice":"Success","floor":13.0,"gold_loss":0.0,"damage_taken":12.0,"relics_obtained":["Question Card"]},{"damage_healed":0.0,"max_hp_gain":0.0,"max_hp_loss":0.0,"gold_gain":0.0,"event_name":"N\u0027loth","player_choice":"Ignored","floor":21.0,"gold_loss":0.0,"damage_taken":0.0},{"damage_healed":0.0,"max_hp_gain":0.0,"max_hp_loss":0.0,"gold_gain":0.0,"event_name":"Upgrade Shrine","player_choice":"Upgraded","floor":29.0,"gold_loss":0.0,"damage_taken":0.0,"cards_upgraded":["Thunder Strike"]},{"damage_healed":0.0,"max_hp_gain":0.0,"max_hp_loss":0.0,"gold_gain":0.0,"event_name":"MindBloom","player_choice":"Fight","floor":38.0,"gold_loss":0.0,"damage_taken":0.0},{"damage_healed":0,"gold_gain":0,"player_choice":"Ignored","damage_taken":0,"max_hp_gain":0,"max_hp_loss":0,"event_name":"Mysterious Sphere","floor":44,"gold_loss":0}],"is_beta":false,"boss_relics":[{"not_picked":["Runic Pyramid","Tiny House"],"picked":"Sozu"},{"not_picked":["Fusion Hammer","Black Star"],"picked":"Busted Crown"}],"items_purged_floors":[],"is_endless":false,"potions_floor_spawned":[3,11,14,20,30,31,33,35,36,41,42],"killed_by":"Time Eater","ascension_level":1}}