{"host":"6qo42zgaknezulyg","time":1614000511,"event":{"mods":["2.2 Compatiblity","BaseMod","Better Altar","Colored Map","Faster Ascension Climbing","Highlight Path","Keyboard Shortcuts","Minty Spire (QoL Compilation)","Permanent Neow","Quick Restart","StSLib","SuperFastMode","The Problem Sleuth"],"gold_per_floor":[10,26,40,58,58,58,208,235,285,305,38,60,80,40,40,117,117,87,37,52,52,52,80,109,137,149,0,29,41,53,80,92,180,192,220,249,261,286,298,310,322,354,366,235,266,266,301,33,33,33,33],"floor_reached":52,"language":"ENG","playtime":4724,"items_purged":["Doubt","theSleuth:Defend","Shame"],"score":1814,"play_id":"220de881-cbd7-4722-a25a-162e550573be","local_time":"20210222222831","is_ascension_mode":true,"campfire_choices":[{"data":"theSleuth:OpportunityCost","floor":6.0,"key":"SMITH"},{"data":"theSleuth:Embarrass","floor":15.0,"key":"SMITH"},{"floor":29.0,"key":"REST"},{"data":"theSleuth:Ogle","floor":32.0,"key":"SMITH"},{"floor":40.0,"key":"REST"},{"floor":46.0,"key":"REST"},{"data":"theSleuth:CandyCornVampire","floor":49.0,"key":"SMITH"}],"circlet_count":0,"master_deck":["AscendersBane","theSleuth:Strike","theSleuth:Strike+1","theSleuth:Strike","theSleuth:Defend","theSleuth:KeyHandgun+1","theSleuth:TakeInventory","theSleuth:Diplomacy+1","theSleuth:CandyCornVampire","theSleuth:Joust","theSleuth:ThinkAhead+1","theSleuth:Embarrass+1","theSleuth:Ogle+1","theSleuth:FairShake","Dark Shackles+1","theSleuth:CandyCorn+1","theSleuth:VictoryPose+1","theSleuth:Treaty+1","theSleuth:Diabeatdown","CurseOfTheBell","theSleuth:Distill+1","theSleuth:CandyLeather+1","theSleuth:ThinkAhead+1","theSleuth:CandyCornVampire+1","theSleuth:BiteHardly+1","theSleuth:Pepperminthryl+1","theSleuth:FairShake+1","theSleuth:WeighIn+1","theSleuth:Supermassive+1","theSleuth:Leer+1"],"relics":["theSleuth:Typewriter","Toxic Egg 2","Whetstone","Membership Card","Odd Mushroom","Calling Bell","War Paint","Matryoshka","FossilizedHelix","MawBank","Orichalcum","Singing Bowl","Pear","Philosopher\u0027s Stone","Eternal Feather","Pantograph","Nunchaku","HornCleat","Ginger","Orrery","InkBottle"],"acts_visited":["Exordium","TheCity","TheBeyond"],"potions_floor_usage":[50,51,51],"damage_taken":[{"damage":0.0,"enemies":"Small Slimes","floor":1.0,"turns":4.0},{"damage":1.0,"enemies":"2 Louse","floor":2.0,"turns":3.0},{"damage":0.0,"enemies":"Cultist","floor":3.0,"turns":4.0},{"damage":2.0,"enemies":"Looter","floor":4.0,"turns":4.0},{"damage":18.0,"enemies":"Lagavulin","floor":8.0,"turns":8.0},{"damage":1.0,"enemies":"2 Fungi Beasts","floor":10.0,"turns":4.0},{"damage":0.0,"enemies":"The Mushroom Lair","floor":12.0,"turns":6.0},{"damage":0.0,"enemies":"Large Slime","floor":13.0,"turns":6.0},{"damage":2.0,"enemies":"Looter","floor":14.0,"turns":4.0},{"damage":10.0,"enemies":"The Guardian","floor":16.0,"turns":14.0},{"damage":9.0,"enemies":"2 Thieves","floor":18.0,"turns":4.0},{"damage":23.0,"enemies":"3 Byrds","floor":20.0,"turns":8.0},{"damage":3.0,"enemies":"Book of Stabbing","floor":23.0,"turns":8.0},{"damage":0.0,"enemies":"3 Cultists","floor":24.0,"turns":6.0},{"damage":11.0,"enemies":"Cultist and Chosen","floor":25.0,"turns":10.0},{"damage":0.0,"enemies":"Centurion and Healer","floor":28.0,"turns":17.0},{"damage":6.0,"enemies":"Snake Plant","floor":31.0,"turns":5.0},{"damage":13.0,"enemies":"Champ","floor":33.0,"turns":18.0},{"damage":0.0,"enemies":"3 Shapes","floor":35.0,"turns":3.0},{"damage":0.0,"enemies":"Orb Walker","floor":36.0,"turns":4.0},{"damage":31.0,"enemies":"Spire Growth","floor":38.0,"turns":8.0},{"damage":0.0,"enemies":"Jaw Worm Horde","floor":42.0,"turns":7.0},{"damage":42.0,"enemies":"Reptomancer","floor":45.0,"turns":8.0},{"damage":10.0,"enemies":"Nemesis","floor":47.0,"turns":17.0},{"damage":45,"enemies":"Donu and Deca","floor":50,"turns":12},{"damage":17,"enemies":"Awakened One","floor":51,"turns":36}],"seed_played":"465360526359886180","potions_obtained":[{"floor":2.0,"key":"DistilledChaos"},{"floor":3.0,"key":"BlessingOfTheForge"},{"floor":8.0,"key":"DistilledChaos"},{"floor":24.0,"key":"FearPotion"},{"floor":25.0,"key":"Strength Potion"},{"floor":33.0,"key":"EntropicBrew"},{"floor":36.0,"key":"GamblersBrew"},{"floor":45.0,"key":"BlessingOfTheForge"}],"is_trial":false,"path_per_floor":["M","M","M","M","?","R","?","E","T","M","$","?","M","M","R","B",null,"M","$","M","?","?","E","M","M","T","?","M","R","?","M","R","B",null,"M","M","?","M","?","R","?","M","T","$","E","R","E","$","R","B","B",null],"character_chosen":"THE_sleuth","items_purchased":["Membership Card","theSleuth:FairShake","Dark Shackles+1","Nunchaku","Orrery","InkBottle","DuplicationPotion"],"campfire_rested":3,"item_purchase_floors":[11,11,11,44,48,48,48],"current_hp_per_floor":[66,65,65,63,63,63,63,45,45,44,44,44,44,42,42,32,63,54,54,31,31,31,28,28,17,17,17,19,41,51,47,47,34,74,74,79,79,50,50,76,76,78,78,78,38,80,70,74,92,52,65],"gold":33,"neow_bonus":"THREE_RARE_CARDS","is_daily":false,"chose_seed":false,"campfire_upgraded":4,"win_rate":0.0,"timestamp":1614000511,"path_taken":["M","M","M","M","?","R","?","E","T","M","$","?","M","M","R","BOSS","M","$","M","?","?","E","M","M","T","?","M","R","?","M","R","BOSS","M","M","?","M","?","R","?","M","T","$","E","R","E","$","R","BOSS","BOSS"],"items_purchased_type":["Relic","Card","Card","Relic","Relic","Relic","Potion"],"build_version":"2020-12-22","purchased_purges":3,"victory":true,"max_hp_per_floor":[73,73,73,73,73,73,73,73,73,73,73,73,73,73,73,73,73,73,73,73,73,73,73,73,73,73,73,75,75,85,87,87,87,87,87,92,87,89,89,89,89,91,91,91,93,93,93,97,97,97,102],"card_choices":[{"not_picked":["theSleuth:CandyMech","theSleuth:HeroBust"],"picked":"theSleuth:CandyCornVampire","floor":0.0},{"not_picked":["theSleuth:Pepperminthryl","theSleuth:CandyCorn"],"picked":"theSleuth:Joust","floor":1.0},{"not_picked":["theSleuth:Appropriate","theSleuth:FlaskOfWhiskey"],"picked":"theSleuth:ThinkAhead","floor":2.0},{"not_picked":["theSleuth:Unscale","theSleuth:ThrowHat"],"picked":"theSleuth:OpportunityCost","floor":3.0},{"not_picked":["theSleuth:CharismaBlast","theSleuth:TootsieRollFrankenstein"],"picked":"theSleuth:Embarrass","floor":4.0},{"not_picked":["theSleuth:HeartStab","theSleuth:TruffleShuffle","theSleuth:Taze"],"picked":"SKIP","floor":8.0},{"not_picked":["theSleuth:PezUzi","theSleuth:Tootshotgun"],"picked":"theSleuth:Ogle","floor":10.0},{"not_picked":["theSleuth:TruffleTrouble","theSleuth:Tootshotgun"],"picked":"theSleuth:CandyCorn+1","floor":12.0},{"not_picked":["theSleuth:ThrowHat+1","theSleuth:ClubClubClub"],"picked":"theSleuth:VictoryPose+1","floor":13.0},{"not_picked":["theSleuth:CandyCorn+1","theSleuth:Joust"],"picked":"theSleuth:Treaty+1","floor":14.0},{"not_picked":["theSleuth:GummyWormZombie","theSleuth:BrassTacks"],"picked":"theSleuth:Diabeatdown","floor":16.0},{"not_picked":["theSleuth:Tootshotgun","theSleuth:ThrowHat+1","theSleuth:VictoryPose+1"],"picked":"SKIP","floor":18.0},{"not_picked":["theSleuth:Tootshotgun","theSleuth:ThrowHat+1","theSleuth:VictoryPose+1"],"picked":"SKIP","floor":18.0},{"not_picked":["theSleuth:Unscale+1","theSleuth:FudgeDeck","theSleuth:TripleScuffle"],"picked":"SKIP","floor":20.0},{"not_picked":["theSleuth:TruffleShuffle","theSleuth:TruffleTrouble"],"picked":"theSleuth:CandyLeather+1","floor":23.0},{"not_picked":["theSleuth:HandCannon","theSleuth:CandyLeather+1","theSleuth:SnoopDoggBust+1"],"picked":"SKIP","floor":24.0},{"not_picked":["theSleuth:Joust","theSleuth:FlaskOfWhiskey+1"],"picked":"theSleuth:ThinkAhead+1","floor":25.0},{"not_picked":["theSleuth:Joust","theSleuth:FudgeDeck","theSleuth:BenStillerBust+1"],"picked":"Singing Bowl","floor":28.0},{"not_picked":["theSleuth:RetainReturn+1","theSleuth:FairShake","theSleuth:BenStillerBust"],"picked":"Singing Bowl","floor":31.0},{"not_picked":["theSleuth:GummyWormZombie","theSleuth:Supermassive+1"],"picked":"theSleuth:CandyCornVampire","floor":33.0},{"not_picked":["theSleuth:Fortify+1","theSleuth:BellyOTheWhale"],"picked":"theSleuth:BiteHardly+1","floor":35.0},{"not_picked":["theSleuth:CandyCorn+1","theSleuth:VictoryPose+1"],"picked":"theSleuth:Pepperminthryl+1","floor":36.0},{"not_picked":["theSleuth:FairShake","theSleuth:Taze","theSleuth:Fortify+1"],"picked":"Singing Bowl","floor":38.0},{"not_picked":["theSleuth:Embarrass+1","theSleuth:Fortify+1","theSleuth:Ignore+1"],"picked":"Singing Bowl","floor":42.0},{"not_picked":["theSleuth:FoolPlate+1","theSleuth:Ignore+1","theSleuth:ClubClubClub"],"picked":"Singing Bowl","floor":45.0},{"not_picked":["theSleuth:FoolPlate+1","theSleuth:BenStillerBust+1"],"picked":"theSleuth:FairShake+1","floor":47.0},{"not_picked":["theSleuth:CandyCorn+1","theSleuth:Ogle"],"picked":"theSleuth:WeighIn+1","floor":48.0},{"not_picked":["theSleuth:CandyCorn+1","theSleuth:Pepperminthryl+1"],"picked":"theSleuth:Supermassive+1","floor":48.0},{"not_picked":["theSleuth:RetrieveArms+1","theSleuth:Fortify+1","theSleuth:Conjure"],"picked":"Singing Bowl","floor":48.0},{"not_picked":["theSleuth:TruffleShuffle","theSleuth:CandyCorn+1"],"picked":"theSleuth:Leer+1","floor":48.0},{"not_picked":["theSleuth:FlaskOfWhiskey+1","theSleuth:Tootshotgun","theSleuth:Appropriate+1"],"picked":"Singing Bowl","floor":48.0}],"player_experience":729609,"relics_obtained":[{"floor":8.0,"key":"Toxic Egg 2"},{"floor":9.0,"key":"Whetstone"},{"floor":12.0,"key":"Odd Mushroom"},{"floor":17.0,"key":"War Paint"},{"floor":17.0,"key":"Matryoshka"},{"floor":17.0,"key":"FossilizedHelix"},{"floor":23.0,"key":"MawBank"},{"floor":26.0,"key":"Orichalcum"},{"floor":26.0,"key":"Singing Bowl"},{"floor":43.0,"key":"Eternal Feather"},{"floor":43.0,"key":"Pantograph"},{"floor":45.0,"key":"HornCleat"},{"floor":47.0,"key":"Ginger"}],"event_choices":[{"cards_removed":["theSleuth:Strike"],"damage_healed":0.0,"max_hp_gain":0.0,"max_hp_loss":0.0,"gold_gain":0.0,"event_name":"Living Wall","player_choice":"Forget","floor":5.0,"gold_loss":0.0,"damage_taken":0.0},{"damage_healed":0.0,"max_hp_gain":0.0,"max_hp_loss":0.0,"gold_gain":150.0,"event_name":"Liars Game","player_choice":"AGREE","floor":7.0,"gold_loss":0.0,"damage_taken":0.0,"cards_obtained":["Doubt"]},{"damage_healed":0.0,"max_hp_gain":0.0,"max_hp_loss":0.0,"gold_gain":0.0,"event_name":"Mushrooms","player_choice":"Fought Mushrooms","floor":12.0,"gold_loss":0.0,"damage_taken":0.0},{"damage_healed":0.0,"max_hp_gain":0.0,"max_hp_loss":0.0,"gold_gain":0.0,"event_name":"The Library","player_choice":"Read","floor":21.0,"gold_loss":0.0,"damage_taken":0.0,"cards_obtained":["theSleuth:Distill"]},{"damage_healed":0.0,"max_hp_gain":0.0,"max_hp_loss":0.0,"gold_gain":0.0,"event_name":"The Mausoleum","player_choice":"Ignored","floor":22.0,"gold_loss":0.0,"damage_taken":0.0},{"damage_healed":0.0,"max_hp_gain":0.0,"max_hp_loss":0.0,"gold_gain":0.0,"event_name":"Masked Bandits","player_choice":"Paid Fearfully","floor":27.0,"gold_loss":161.0,"damage_taken":0.0},{"damage_healed":0.0,"max_hp_gain":0.0,"max_hp_loss":0.0,"gold_gain":0.0,"event_name":"Addict","player_choice":"Stole Relic","floor":30.0,"gold_loss":0.0,"damage_taken":0.0,"relics_obtained":["Pear"],"cards_obtained":["Shame"]},{"damage_healed":0.0,"max_hp_gain":0.0,"max_hp_loss":5.0,"gold_gain":0.0,"event_name":"Winding Halls","player_choice":"Max HP","floor":37.0,"gold_loss":0.0,"damage_taken":0.0},{"cards_removed":["theSleuth:Defend"],"damage_healed":0.0,"max_hp_gain":0.0,"max_hp_loss":0.0,"gold_gain":0.0,"event_name":"Falling","player_choice":"Removed Skill","floor":39.0,"gold_loss":0.0,"damage_taken":0.0},{"damage_healed":0.0,"max_hp_gain":0.0,"max_hp_loss":0.0,"gold_gain":0.0,"event_name":"Mysterious Sphere","player_choice":"Ignored","floor":41.0,"gold_loss":0.0,"damage_taken":0.0}],"is_beta":false,"boss_relics":[{"not_picked":["Coffee Dripper","SlaversCollar"],"picked":"Calling Bell"},{"not_picked":["Runic Pyramid","Black Star"],"picked":"Philosopher\u0027s Stone"}],"items_purged_floors":[11,19,44],"is_endless":false,"potions_floor_spawned":[2,3,8,16,24,25,31,33,35,36,45],"ascension_level":20}}