{"host":"epc8efk9vrywpcsw","time":1614012162,"event":{"mods":["BaseMod","Minty Spire (QoL Compilation)","Relic Stats","StSLib"],"gold_per_floor":[215,229,241,260,410,444,444,444,444,444,444],"floor_reached":10,"language":"ENG","playtime":240,"items_purged":[],"score":136,"play_id":"823cbca7-626e-4963-92fc-e93f00f49adf","local_time":"20210222174242","is_ascension_mode":true,"campfire_choices":[{"floor":8,"key":"REST"}],"circlet_count":0,"master_deck":["AscendersBane","Strike_G","Strike_G","Strike_G","Strike_G","Strike_G","Defend_G","Defend_G","Defend_G","Defend_G","Defend_G","Survivor","Neutralize","Blade Dance","Dagger Spray","Dagger Spray","Doubt","Endless Agony"],"relics":["Ring of the Snake","Tiny Chest","Potion Belt"],"acts_visited":["Exordium"],"potions_floor_usage":[6,10],"damage_taken":[{"damage":2,"enemies":"Jaw Worm","floor":1,"turns":6},{"damage":15,"enemies":"Small Slimes","floor":2,"turns":4},{"damage":0,"enemies":"Cultist","floor":3,"turns":3},{"damage":7,"enemies":"2 Fungi Beasts","floor":4,"turns":4},{"damage":31,"enemies":"Gremlin Nob","floor":6,"turns":4},{"damage":0,"enemies":"Lagavulin","floor":10,"turns":2}],"seed_played":"8816685070998419100","potions_obtained":[{"floor":2,"key":"Swift Potion"},{"floor":3,"key":"DuplicationPotion"},{"floor":6,"key":"FearPotion"}],"is_trial":false,"path_per_floor":["M","M","M","M","?","E","?","R","T","E"],"character_chosen":"THE_SILENT","items_purchased":[],"campfire_rested":1,"item_purchase_floors":[],"current_hp_per_floor":[57,42,42,35,35,4,26,45,45,45,45],"gold":444,"neow_bonus":"HUNDRED_GOLD","is_daily":false,"chose_seed":false,"campfire_upgraded":0,"win_rate":0.0,"timestamp":1614012162,"path_taken":["M","M","M","M","?","E","?","R","T","E"],"items_purchased_type":[],"build_version":"2020-12-22","purchased_purges":0,"victory":false,"max_hp_per_floor":[66,66,66,66,66,66,66,66,66,66,66],"relic_stats":{"counters":[6,23],"Tiny Chest":0,"obtain_stats":[{"Potion Belt":9,"Tiny Chest":6,"Ring of the Snake":0},{"Potion Belt":5,"Tiny Chest":5,"Ring of the Snake":0},{"Potion Belt":21,"Tiny Chest":21,"Ring of the Snake":0}],"Ring of the Snake":[12]},"card_choices":[{"not_picked":["Dagger Spray","Underhanded Strike"],"picked":"Blade Dance","floor":1},{"not_picked":["Deadly Poison","Poisoned Stab"],"picked":"Dagger Spray","floor":2},{"not_picked":["Dodge and Roll","Prepared","Tactician"],"picked":"SKIP","floor":3},{"not_picked":["Doppelganger","Heel Hook"],"picked":"Dagger Spray","floor":4},{"not_picked":["Reflex","Tactician"],"picked":"Endless Agony","floor":6}],"player_experience":538390,"relics_obtained":[{"floor":6,"key":"Tiny Chest"},{"floor":9,"key":"Potion Belt"}],"event_choices":[{"damage_healed":0,"gold_gain":150,"player_choice":"AGREE","damage_taken":0,"max_hp_gain":0,"max_hp_loss":0,"event_name":"Liars Game","floor":5,"gold_loss":0,"cards_obtained":["Doubt"]},{"damage_healed":22,"gold_gain":0,"player_choice":"Banana","damage_taken":0,"max_hp_gain":0,"max_hp_loss":0,"event_name":"Big Fish","floor":7,"gold_loss":0}],"is_beta":false,"boss_relics":[],"items_purged_floors":[],"is_endless":false,"potions_floor_spawned":[2,3,6],"killed_by":"Lagavulin","ascension_level":20}}