{"host":"lkve521c3unthi3l","time":1614017539,"event":{"mods":["BaseMod","Better Third Choice","BetterRewards","Duelist Mod","Marisa（霧雨　魔理沙）","Minty Spire (QoL Compilation)","Reliquary","Replay The Spire","StSLib","The Animator","The Cursed","The Marked"],"gold_per_floor":[142,142,142,158,177,203,203,78,131,81,81,94,122,142,142,243,243,259,293,328,340,357,357,369,369,416,416,434,460,473,473,473],"floor_reached":31,"language":"ENG","playtime":4034,"items_purged":["theDuelist:Mountain+1"],"score":365,"play_id":"e7611b6d-a7fb-4efa-abf8-e03a908e86a3","local_time":"20210222131219","is_ascension_mode":true,"campfire_choices":[{"floor":7.0,"key":"REST"},{"floor":11.0,"key":"RECALL"},{"floor":15.0,"key":"DIG"},{"floor":23,"key":"REST"},{"floor":27,"key":"REST"}],"circlet_count":0,"master_deck":["theDuelist:SevenColoredFish+1","theDuelist:BambooSwordCursed+1","theDuelist:CyberDragonDrei+1","theDuelist:NaturiaBambooShoot+1","theDuelist:NaturiaGuardian+1","theDuelist:ShiranuiSpectralsword+1","theDuelist:SuperheavySoulbuster+1","theDuelist:VioletCrystal+1","theDuelist:NaturalDisaster+1","theDuelist:RainbowKuriboh","theDuelist:TwilightRoseKnight","theDuelist:DarkworldThorns","theDuelist:TwilightRoseKnight","theDuelist:WitchBlackRose","theDuelist:SuperheavyBenkei","theDuelist:DoubleTool","theDuelist:BattleOx","theDuelist:ElectromagneticShield+1","theDuelist:LightningRodLord","theDuelist:DeltaMagnet","theDuelist:GilfordLegend+1","theDuelist:PredaplantChimerafflesia+1","theDuelist:GraydleAlligator"],"relics":["theDuelist:MillenniumPuzzle","theDuelist:CardPoolRelic","theDuelist:CardPoolBasicRelic","theDuelist:BoosterPackPoolRelic","theDuelist:CardPoolAddRelic","theDuelist:CardPoolMinusRelic","theDuelist:CardPoolSaveRelic","theDuelist:CardPoolOptionsRelic","NeowsBlessing","theDuelist:ZoneToken","Frozen Eye","Potion Belt","InkBottle","reliquary:SilkGlove","HoveringKite","Red Mask","reliquary:TatteredRug","MealTicket"],"acts_visited":["Exordium","TheCity"],"potions_floor_usage":[18,18,24,29,31],"damage_taken":[{"damage":0.0,"enemies":"Small Slimes","floor":1.0,"turns":1.0},{"damage":0.0,"enemies":"Jaw Worm","floor":4.0,"turns":1.0},{"damage":0.0,"enemies":"2 Louse","floor":5.0,"turns":1.0},{"damage":30.0,"enemies":"Gremlin Nob","floor":6.0,"turns":4.0},{"damage":0.0,"enemies":"Blue Slaver","floor":12.0,"turns":1.0},{"damage":16.0,"enemies":"Lagavulin","floor":13.0,"turns":3.0},{"damage":6.0,"enemies":"2 Fungi Beasts","floor":14.0,"turns":2.0},{"damage":0.0,"enemies":"Slime Boss","floor":16.0,"turns":7.0},{"damage":0,"enemies":"Spheric Guardian","floor":18,"turns":2},{"damage":21,"enemies":"Masked Bandits","floor":20,"turns":4},{"damage":8,"enemies":"2 Thieves","floor":21,"turns":2},{"damage":23,"enemies":"Centurion and Healer","floor":22,"turns":4},{"damage":23,"enemies":"Shelled Parasite and Fungi","floor":24,"turns":5},{"damage":18,"enemies":"Snake Plant","floor":28,"turns":3},{"damage":30,"enemies":"Slavers","floor":29,"turns":6},{"damage":0,"enemies":"Centurion and Healer","floor":30,"turns":4},{"damage":18,"enemies":"Snecko","floor":31,"turns":2}],"seed_played":"-5816253000422450834","potions_obtained":[{"floor":4.0,"key":"Dexterity Potion"},{"floor":5.0,"key":"Energy Potion"},{"floor":6.0,"key":"Explosive Potion"},{"floor":12.0,"key":"AttackPotion"},{"floor":16.0,"key":"theDuelist:SolderPotionB"},{"floor":20,"key":"theDuelist:BottledKuriboh"},{"floor":21,"key":"PowerPotion"},{"floor":22,"key":"CultistPotion"},{"floor":30,"key":"Regen Potion"}],"is_trial":false,"path_per_floor":["M","?","?","M","M","E","R","$","T","?","R","M","E","M","R","B",null,"M","?","?","M","M","R","M","?","T","R","M","E","M","M"],"character_chosen":"THE_DUELIST","items_purchased":["theDuelist:DarkworldThorns"],"campfire_rested":3,"item_purchase_floors":[8],"current_hp_per_floor":[80,74,74,74,74,44,68,68,68,68,68,68,52,46,46,46,80,80,80,59,51,28,52,29,29,29,53,35,5,5,0,0],"gold":473,"neow_bonus":"THREE_ENEMY_KILL","is_daily":false,"chose_seed":false,"campfire_upgraded":0,"win_rate":0.0,"timestamp":1614017539,"path_taken":["M","?","?","M","M","E","R","$","T","?","R","M","E","M","R","BOSS","M","?","?","M","M","R","M","?","T","R","M","E","M","M"],"items_purchased_type":["Card"],"build_version":"2020-12-22","purchased_purges":1,"victory":false,"max_hp_per_floor":[80,80,80,80,80,80,80,80,80,80,80,80,80,80,80,80,80,80,80,80,80,80,80,80,80,80,80,80,80,80,80,80],"card_choices":[{"not_picked":["theDuelist:IcyCrevasse","theDuelist:BadReaction","theDuelist:WonderGarage","theDuelist:PyramidLight"],"picked":"theDuelist:NaturalDisaster","floor":1.0},{"not_picked":["theDuelist:WonderGarage","theDuelist:BlindDestruction","theDuelist:PyramidLight","theDuelist:NaturalDisaster","theDuelist:CommanderSwords"],"picked":"SKIP","floor":4.0},{"not_picked":["theDuelist:ThousandEyesIdol","theDuelist:WitchBlackRose","theDuelist:RainbowKuriboh","theDuelist:RainbowOverdragon"],"picked":"theDuelist:RainbowKuriboh","floor":5.0},{"not_picked":["theDuelist:DespairFromDark","theDuelist:SeaMonsterTheseus","theDuelist:DeepSweeper","theDuelist:ElectromagneticShield"],"picked":"theDuelist:TwilightRoseKnight","floor":6.0},{"not_picked":["theDuelist:NaturiaBambooShoot+1","theDuelist:NaturiaGuardian+1","theDuelist:SuperheavySoulbuster+1","theDuelist:NaturalDisaster+1"],"picked":"theDuelist:TwilightRoseKnight","floor":12.0},{"not_picked":["theDuelist:Sabersaurus","theDuelist:AncientGearFist","theDuelist:LightningRodLord","theDuelist:AllyJustice","theDuelist:GigaMantis"],"picked":"SKIP","floor":13.0},{"not_picked":["theDuelist:DarklordMarie","theDuelist:VampireGrimson","theDuelist:BetaMagnet","theDuelist:SeaMonsterTheseus"],"picked":"theDuelist:WitchBlackRose","floor":14.0},{"not_picked":["theDuelist:SwordsConcealing","theDuelist:FiveHeaded","theDuelist:GoldGadget","theDuelist:DecayedCommander"],"picked":"theDuelist:SuperheavyBenkei","floor":16.0},{"not_picked":["theDuelist:DarklordMarie","theDuelist:BetaMagnet","theDuelist:SevenColoredFish","theDuelist:DrillBarnacle"],"picked":"theDuelist:NaturiaRagweed","floor":18},{"not_picked":["theDuelist:SevenColoredFish","theDuelist:Boneheimer","theDuelist:DarklordMarie","theDuelist:Sabersaurus"],"picked":"theDuelist:DoubleTool","floor":20},{"not_picked":["theDuelist:BattleguardKing","theDuelist:StrayLambs","theDuelist:RainbowBridge","theDuelist:GiantTrapHole"],"picked":"theDuelist:BattleOx","floor":21},{"not_picked":["theDuelist:BadReaction","theDuelist:BugMatrix+1","theDuelist:Wasteland"],"picked":"theDuelist:ElectromagneticShield+1","floor":22},{"not_picked":["theDuelist:AttackTheMoon","theDuelist:NaturiaLandoise+1"],"picked":"theDuelist:LightningRodLord","floor":24},{"not_picked":["theDuelist:HammerShot","theDuelist:WormWarlord","theDuelist:BattleguardKing","theDuelist:GraniteLoyalist"],"picked":"theDuelist:GilfordLegend+1","floor":28},{"not_picked":["theDuelist:Miscellaneousaurus","theDuelist:ThunderSeaHorse","theDuelist:GoldGadget","theDuelist:YellowBelliedOni"],"picked":"theDuelist:PredaplantChimerafflesia+1","floor":29},{"not_picked":["theDuelist:SevenColoredFish+1","theDuelist:BetaMagnet+1","theDuelist:ThousandEyesIdol","theDuelist:Yazi"],"picked":"theDuelist:GraydleAlligator","floor":30}],"player_experience":64024,"relics_obtained":[{"floor":6.0,"key":"Potion Belt"},{"floor":13.0,"key":"InkBottle"},{"floor":15.0,"key":"reliquary:SilkGlove"},{"floor":20,"key":"Red Mask"},{"floor":26,"key":"reliquary:TatteredRug"},{"floor":29,"key":"MealTicket"}],"event_choices":[{"damage_healed":0.0,"max_hp_gain":0.0,"max_hp_loss":0.0,"gold_gain":0.0,"event_name":"Aknamkanon\u0027s Tomb","player_choice":"Dig - random Duelist relic","duelist":true,"floor":2.0,"gold_loss":0.0,"damage_taken":0.0},{"cards_removed":["theDuelist:CastleDragonSouls"],"damage_healed":0.0,"max_hp_gain":0.0,"max_hp_loss":0.0,"gold_gain":0.0,"event_name":"The Cleric","player_choice":"Card Removal","floor":10.0,"gold_loss":50.0,"damage_taken":0.0},{"damage_healed":0,"gold_gain":0,"player_choice":"Sold Naturia Ragweed for 34 Gold.","duelist":true,"damage_taken":0,"max_hp_gain":0,"max_hp_loss":0,"event_name":"Card Trader","floor":19,"gold_loss":0},{"damage_healed":0,"gold_gain":0,"player_choice":"Fought Bandits","damage_taken":0,"max_hp_gain":0,"max_hp_loss":0,"event_name":"Masked Bandits","floor":20,"gold_loss":0},{"damage_healed":0,"gold_gain":0,"player_choice":"Delta Electro","duelist":true,"damage_taken":0,"max_hp_gain":0,"max_hp_loss":0,"event_name":"Egyptian Village","floor":25,"gold_loss":0,"cards_obtained":["Delta Electromagnet Warrior"]}],"is_beta":false,"boss_relics":[{"not_picked":["reliquary:KinkedSpring","reliquary:RedPaperclip"],"picked":"HoveringKite"}],"items_purged_floors":[8],"is_endless":false,"potions_floor_spawned":[4,5,6,12,16,20,21,22,30],"killed_by":"Snecko","ascension_level":3}}