{"host":"96dqtlax74dz00hw","time":1614031231,"event":{"mods":["Bard","BaseMod","Better Altar","ChefMod","Colored Powertips","Downfall","Hermit","Minty Spire (QoL Compilation)","Permanent Neow","Rare Cards Sparkle","StSLib","The Cursed","The Disciple","The Edgeheg","The IronCluck","The Problem Sleuth"],"gold_per_floor":[109,119,129,141,155,180,180,200,200,200,235,252,252,271,271,271,271],"floor_reached":16,"language":"ENG","playtime":1476,"items_purged":[],"score":141,"play_id":"45f3a2b5-f49a-4ab7-99e2-8a5f9592175e","local_time":"20210222140031","is_ascension_mode":false,"campfire_choices":[{"data":"hermit:Manifest","floor":7,"key":"SMITH"},{"data":"hermit:FullyLoaded","floor":10,"key":"SMITH"},{"data":"hermit:BodyArmor","floor":15,"key":"SMITH"}],"circlet_count":0,"master_deck":["hermit:Strike_Hermit","hermit:Strike_Hermit","hermit:Strike_Hermit","hermit:Strike_Hermit","hermit:Defend_Hermit","hermit:Defend_Hermit","hermit:Defend_Hermit","hermit:Snapshot","hermit:Covet","hermit:Manifest+1","hermit:Feint","hermit:BodyArmor+1","hermit:FinalCanter","hermit:Desperado","hermit:SprayPray","hermit:FullyLoaded+1","hermit:Determination+1","hermit:FlashPowder"],"relics":["hermit:Momento","Gremlin Horn","Frozen Egg 2","Pear"],"acts_visited":["Exordium"],"potions_floor_usage":[6,8,12],"damage_taken":[{"damage":1,"enemies":"Cultist","floor":1,"turns":3},{"damage":1,"enemies":"Jaw Worm","floor":2,"turns":3},{"damage":5,"enemies":"Small Slimes","floor":3,"turns":6},{"damage":2,"enemies":"Blue Slaver","floor":4,"turns":6},{"damage":0,"enemies":"Exordium Wildlife","floor":5,"turns":3},{"damage":22,"enemies":"Gremlin Nob","floor":6,"turns":4},{"damage":4,"enemies":"Large Slime","floor":8,"turns":3},{"damage":14,"enemies":"Lagavulin","floor":11,"turns":7},{"damage":3,"enemies":"Red Slaver","floor":12,"turns":3},{"damage":0,"enemies":"Exordium Wildlife","floor":14,"turns":2},{"damage":45,"enemies":"Slime Boss","floor":16,"turns":9}],"seed_played":"4029496046662339125","potions_obtained":[{"floor":1,"key":"AttackPotion"},{"floor":5,"key":"Explosive Potion"},{"floor":12,"key":"Fruit Juice"},{"floor":14,"key":"SpeedPotion"}],"is_trial":false,"path_per_floor":["M","M","M","M","M","E","R","M","T","R","E","M","?","M","R","B"],"character_chosen":"HERMIT","items_purchased":[],"campfire_rested":0,"item_purchase_floors":[],"current_hp_per_floor":[81,80,75,73,73,51,51,47,47,47,43,45,45,45,45,0,0],"gold":271,"neow_bonus":"TEN_PERCENT_HP_BONUS","is_daily":false,"chose_seed":false,"campfire_upgraded":3,"win_rate":0.0,"timestamp":1614031231,"path_taken":["M","M","?","M","M","E","R","M","T","R","E","M","?","M","R","BOSS"],"items_purchased_type":[],"build_version":"2020-12-22","purchased_purges":0,"victory":false,"max_hp_per_floor":[82,82,82,82,82,82,82,82,82,82,92,97,97,97,97,97,97],"card_choices":[{"not_picked":["hermit:Midnight","hermit:BodyArmor"],"picked":"hermit:Manifest","floor":1},{"not_picked":["hermit:Ricochet","hermit:HoleUp"],"picked":"hermit:Feint","floor":2},{"not_picked":["hermit:LowProfile","hermit:Ricochet"],"picked":"hermit:BodyArmor","floor":3},{"not_picked":["hermit:Manifest","hermit:ItchyTrigger"],"picked":"hermit:FinalCanter","floor":4},{"not_picked":["hermit:Ricochet","hermit:LowProfile"],"picked":"hermit:Desperado","floor":5},{"not_picked":["hermit:Headshot","hermit:NoHoldsBarred"],"picked":"hermit:SprayPray","floor":6},{"not_picked":["hermit:Shortfuse","hermit:ItchyTrigger"],"picked":"hermit:FullyLoaded","floor":8},{"not_picked":["hermit:Snipe","hermit:Virtue"],"picked":"hermit:Determination+1","floor":11},{"not_picked":["hermit:Vantage","hermit:Ricochet"],"picked":"hermit:FlashPowder","floor":12},{"not_picked":["hermit:TrackingShot","hermit:EyeOfTheStorm","hermit:CalledShot"],"picked":"SKIP","floor":14}],"player_experience":928490,"relics_obtained":[{"floor":6,"key":"Gremlin Horn"},{"floor":9,"key":"Frozen Egg 2"},{"floor":11,"key":"Pear"}],"event_choices":[{"cards_removed":["hermit:Defend_Hermit"],"damage_healed":0,"gold_gain":0,"player_choice":"Purged","damage_taken":0,"max_hp_gain":0,"max_hp_loss":0,"event_name":"Purifier","floor":13,"gold_loss":0}],"is_beta":false,"boss_relics":[],"items_purged_floors":[],"is_endless":false,"potions_floor_spawned":[1,5,12,14],"killed_by":"Slime Boss","ascension_level":0}}