{"host":"ab7pxspaffl0aqg0","time":1614037563,"event":{"mods":["BaseMod","BetterRewards","Colored Map","Downfall","Hubris","Infinite Spire","Minty Spire (QoL Compilation)","Prisma Mod","Relic Sorter","Replay The Spire","Shop Mod","StSLib"],"gold_per_floor":[99,114,127,144,144,162,162,172,185,185,185,218,218,236,251,352,352,252,252,252,0,16,43,43,75,88,88,23,23,8,8,8,8],"floor_reached":31,"language":"ENG","playtime":12327,"items_purged":["Pride"],"score":275,"play_id":"187be57f-402d-4169-8303-992f399d75d5","local_time":"20210222154603","is_ascension_mode":false,"campfire_choices":[{"data":"bronze:Goto","floor":1.0,"key":"SMITH"},{"data":"bronze:Optimize","floor":10.0,"key":"SMITH"},{"floor":13.0,"key":"RECALL"},{"data":"bronze:Verify","floor":18.0,"key":"SMITH"}],"circlet_count":0,"master_deck":["bronze:Strike","bronze:Defend","bronze:Defend","bronze:Defend","bronze:Defend","bronze:Replicate","bronze:Goto+1","bronze:DelayedSlice","bronze:DelayedGuard","bronze:Turbo","bronze:WhirlingStrike","bronze:Optimize+1","bronze:ForLoop","bronze:Overheat","bronze:Verify+1","bronze:Deprecate+1","bronze:ClassDefault","bronze:BronzeOrb","bronze:Return","bronze:Branch","bronze:Branch","bronze:Frontload"],"relics":["bronze:BronzeCore","hubris:Icosahedron","Gremlin Horn","downfall:BrokenWingStatue","Calipers","Empty Cage","downfall:HeartBlessingRed","MerchantsRug","Pondfish Scales","infinitespire:Beetle Shell","bronze:SilverBullet"],"acts_visited":["Exordium","TheCity"],"potions_floor_usage":[30],"damage_taken":[{"damage":2.0,"enemies":"Cultist","floor":2.0,"turns":5.0},{"damage":0.0,"enemies":"2 Louse","floor":3.0,"turns":3.0},{"damage":1.0,"enemies":"Jaw Worm","floor":4.0,"turns":4.0},{"damage":1.0,"enemies":"3 Louse","floor":6.0,"turns":2.0},{"damage":2.0,"enemies":"Blue Slaver","floor":8.0,"turns":3.0},{"damage":2.0,"enemies":"2 Fungi Beasts","floor":9.0,"turns":3.0},{"damage":14.0,"enemies":"Lagavulin","floor":12.0,"turns":5.0},{"damage":13.0,"enemies":"Large Slime","floor":14.0,"turns":3.0},{"damage":5.0,"enemies":"Exordium Thugs","floor":15.0,"turns":3.0},{"damage":21.0,"enemies":"IC_STATUS_ARCHETYPE","floor":16.0,"turns":7.0},{"damage":10.0,"enemies":"downfall:FleeingMerchant","floor":21.0,"turns":4.0},{"damage":17.0,"enemies":"Shell Parasite","floor":22.0,"turns":5.0},{"damage":17.0,"enemies":"Replay:Snechameleon","floor":23.0,"turns":7.0},{"damage":21,"enemies":"Slavers","floor":25,"turns":4},{"damage":9,"enemies":"downfall:LooterAlt2","floor":26,"turns":3},{"damage":0,"enemies":"downfall:FleeingMerchant","floor":28,"turns":4},{"damage":0,"enemies":"downfall:FleeingMerchant","floor":30,"turns":4},{"damage":9,"enemies":"Snecko","floor":31,"turns":3}],"seed_played":"6540925162975542143","potions_obtained":[{"floor":3.0,"key":"Block Potion"},{"floor":4.0,"key":"bronze:BuildAFunctionPotion"},{"floor":8.0,"key":"Weak Potion"},{"floor":12.0,"key":"Milkshake"},{"floor":25,"key":"Strength Potion"},{"floor":26,"key":"Slimebound:ThreeZeroPotion"}],"is_trial":false,"path_per_floor":["R","M","M","M","?","M","T","M","M","R","?","E","R","M","M","B",null,"R","?","?","$","M","E","T","E","M","?","$","?","$","M"],"character_chosen":"THE_AUTOMATON","items_purchased":["bronze:ClassDefault","MerchantsRug"],"campfire_rested":0,"item_purchase_floors":[21,21],"current_hp_per_floor":[77,75,75,74,74,73,73,71,69,69,69,55,55,42,37,16,77,77,77,77,67,50,33,33,12,3,3,3,3,3,0,0,0],"gold":8,"neow_bonus":"TEN_PERCENT_HP_BONUS","is_daily":false,"chose_seed":false,"campfire_upgraded":3,"win_rate":0.0,"timestamp":1614037563,"path_taken":["R","M","M","M","?","M","T","M","M","R","?","E","R","M","M","BOSS","R","?","?","$","M","E","T","E","M","?","?","?","$","?"],"items_purchased_type":["Card","Relic"],"build_version":"2020-12-22","purchased_purges":1,"victory":false,"max_hp_per_floor":[77,77,77,77,77,77,77,77,77,77,77,77,77,77,77,77,77,77,77,77,77,77,77,77,77,77,77,77,77,77,77,77,77],"card_choices":[{"not_picked":["bronze:Fortify","bronze:Frontload"],"picked":"bronze:DelayedSlice","floor":2.0},{"not_picked":["bronze:Iterate","bronze:BitShift"],"picked":"bronze:DelayedGuard","floor":3.0},{"not_picked":["bronze:Return","bronze:ForceShield"],"picked":"bronze:Turbo","floor":4.0},{"not_picked":["bronze:OilSpill","bronze:Branch"],"picked":"bronze:WhirlingStrike","floor":6.0},{"not_picked":["bronze:Iterate","bronze:AlphaBuild"],"picked":"bronze:Optimize","floor":8.0},{"not_picked":["bronze:BuggyMess","bronze:Iterate"],"picked":"bronze:ForLoop","floor":9.0},{"not_picked":["bronze:Overload","bronze:WildBeam","bronze:Shell"],"picked":"SKIP","floor":12.0},{"not_picked":["bronze:BugBarrage","bronze:Flail","bronze:CloningBeam"],"picked":"SKIP","floor":14.0},{"not_picked":["bronze:DigitalCarnage","bronze:Fortify"],"picked":"bronze:Overheat","floor":15.0},{"not_picked":["bronze:RecursiveStrike","bronze:Mutator"],"picked":"bronze:Verify","floor":16.0},{"not_picked":["bronze:RecursiveStrike","bronze:DelayedGuard+1"],"picked":"bronze:Deprecate+1","floor":21.0},{"not_picked":["bronze:Overload","bronze:CutThrough","bronze:FollowUp"],"picked":"SKIP","floor":22.0},{"not_picked":["bronze:BuggyMess","bronze:Optimize"],"picked":"bronze:BronzeOrb","floor":23.0},{"not_picked":["bronze:BitShift","bronze:Virus","bronze:OilSpill+1"],"picked":"SKIP","floor":25},{"not_picked":["bronze:WhirlingStrike","bronze:OilSpill"],"picked":"bronze:Return","floor":26},{"not_picked":["bronze:Deprecate","bronze:DelayedGuard"],"picked":"bronze:Branch","floor":28},{"not_picked":["bronze:Branch","bronze:Overheat"],"picked":"bronze:Frontload","floor":30}],"player_experience":213132,"relics_obtained":[{"floor":7.0,"key":"Gremlin Horn"},{"floor":12.0,"key":"Calipers"},{"floor":23.0,"key":"Pondfish Scales"},{"floor":25,"key":"infinitespire:Beetle Shell"}],"event_choices":[{"damage_healed":0,"gold_gain":0,"player_choice":"Stole Relic","damage_taken":0,"relics_obtained":["bronze:SilverBullet"],"max_hp_gain":0,"max_hp_loss":0,"event_name":"Addict","floor":27,"gold_loss":0,"cards_obtained":["Pride"]}],"is_beta":false,"boss_relics":[{"not_picked":["Snecko Eye","Kintsugi"],"picked":"Empty Cage"}],"items_purged_floors":[28],"is_endless":false,"potions_floor_spawned":[3,4,8,12,25,26],"killed_by":"Snecko","ascension_level":0}}