{"host":"Ringo","time":1614003788,"event":{"mods":["BaseMod","Colored Map","Conspire","Dota2Spire","Hubris","Minty Spire (QoL Compilation)","Replay The Spire","StSLib","The Construct","[IsaacMod]ÒÔÈö¼âËþ","¡¾ÒÅÎï¿¨ÅÆ¡¿REMEMod"],"gold_per_floor":[112,162,437,41,51,86,117,143,143,172,172,172,191,222,222,294,294,309,309,309,344,89,118,150,175,200,230,257,257,257],"floor_reached":29,"language":"ZHS","playtime":845,"items_purged":["Regret","Pot Of Greed"],"score":1496,"play_id":"b2ec5416-b981-47b4-98b8-ebf978b8ebab","local_time":"20210222222308","daily_mods":["SealedDeck","Vintage","Colorless Cards","Heirloom","Time Dilation","Flight","DeadlyEvents","Elite Swarm","Lethality","Binary"],"is_ascension_mode":true,"campfire_choices":[{"data":"Armaments","floor":11,"key":"SMITH"},{"data":"Entrench","floor":12,"key":"SMITH"},{"data":"conspire:Banana","floor":15,"key":"SMITH"}],"circlet_count":0,"master_deck":["AscendersBane","ReplayTheSpireMod:Necrogeddon","Replay:Undeath\u0027s Touch","Pommel Strike","hubris:ReadiedAction","Thunderclap","conspire:Banana+1","Shrug It Off","Entrench+1","ReplayTheSpireMod:LeadingStrike","Armaments+1","Pot Of Greed","Flex","Anger","Double Tap+1","REME_Cut","Seeing Red","ReplayTheSpireMod:Trickstab"],"relics":["Burning Blood","Busted Crown","HushsDoor","REME_ComplimentaryCards","replay:Trail_Library","SatanicBible","Dota2Spire:AssaultCuirass","Grinning Jar","Bottled Lightning","hubris:ChampionShield","BargainBundle","REME_HandOfSuture","Pet Ghost","TheBean","BlankCard","Mummified Hand","hubris:OldNail","hubris:BottledRain","Paper Frog","Bronze Scales","Regal Pillow","Philosopher\u0027s Stone","MealTicket","Dota2Spire:PowerTreads","Replay:Bottled Eggs","Mirror","TuHaoJin","BookofShadows","Dream Catcher","PillsDrop","Blue Doll"],"acts_visited":["Exordium","TheCity"],"potions_floor_usage":[],"damage_taken":[{"damage":0.0,"enemies":"Small Slimes","floor":1.0,"turns":2.0},{"damage":0.0,"enemies":"Hiden Room Battle","floor":2.0,"turns":1.0},{"damage":0,"enemies":"Cultist","floor":5,"turns":2},{"damage":0,"enemies":"Replay:BlueRogue","floor":6,"turns":2},{"damage":0,"enemies":"Lagavulin","floor":7,"turns":2},{"damage":0,"enemies":"Gremlin Nob","floor":8,"turns":2},{"damage":0,"enemies":"3 Sentries","floor":10,"turns":4},{"damage":0,"enemies":"2 Louse","floor":13,"turns":1},{"damage":0,"enemies":"Gremlin Nob","floor":14,"turns":1},{"damage":0,"enemies":"Slime Boss","floor":16,"turns":1},{"damage":0,"enemies":"2 Thieves","floor":18,"turns":1},{"damage":0,"enemies":"Gremlin Leader","floor":21,"turns":1},{"damage":0,"enemies":"Book of Stabbing","floor":23,"turns":2},{"damage":0,"enemies":"Gremlin Leader","floor":24,"turns":2},{"damage":0,"enemies":"Slavers","floor":25,"turns":1},{"damage":0,"enemies":"Book of Stabbing","floor":27,"turns":2},{"damage":0,"enemies":"Gremlin Leader","floor":28,"turns":2},{"damage":21,"enemies":"Slavers","floor":29,"turns":2}],"seed_played":"8131351998027294837","potions_obtained":[{"floor":1.0,"key":"BloodPotion"},{"floor":2.0,"key":"Cursed Concoction"},{"floor":5,"key":"Dexterity Potion"},{"floor":14,"key":"Dexterity Potion"}],"is_trial":true,"path_per_floor":["M","?","?","$","M","E","E","E","T","E","R","R","M","E","R","B",null,"M","?","?","E","$","E","E","E","T","E","E","E"],"character_chosen":"IRONCLAD","items_purchased":["BargainBundle","Fruit Juice","REME_HandOfSuture","Pet Ghost","Flex","Anger","Double Tap","REME_Cut","Seeing Red","ReplayTheSpireMod:Trickstab"],"campfire_rested":0,"item_purchase_floors":[4,4,4,4,4,17,17,22,22,22],"current_hp_per_floor":[75,77,77,82,84,85,86,87,87,88,88,88,90,90,90,90,80,82,82,67,73,82,84,86,88,88,90,92,73,73],"gold":257,"neow_bonus":"","is_daily":false,"chose_seed":false,"campfire_upgraded":3,"win_rate":0.0,"timestamp":1614003788,"path_taken":["M","?","?","$","?","E","E","E","T","E","R","R","?","E","R","BOSS","M","?","?","?","$","E","E","E","T","E","E","E"],"items_purchased_type":["Relic","Potion","Relic","Relic","Card","Card","Card","Card","Card","Card"],"build_version":"2020-12-18","purchased_purges":2,"victory":false,"max_hp_per_floor":[76,77,77,82,84,85,86,87,87,88,88,88,90,90,90,90,80,82,82,82,82,82,84,86,88,88,90,92,94,94],"card_choices":[],"player_experience":740593,"relics_obtained":[{"floor":1.0,"key":"Grinning Jar"},{"floor":2.0,"key":"Bottled Lightning"},{"floor":2.0,"key":"hubris:ChampionShield"},{"floor":5,"key":"TheBean"},{"floor":6,"key":"BlankCard"},{"floor":7,"key":"Mummified Hand"},{"floor":8,"key":"hubris:OldNail"},{"floor":9,"key":"hubris:BottledRain"},{"floor":10,"key":"Paper Frog"},{"floor":13,"key":"Bronze Scales"},{"floor":14,"key":"Regal Pillow"},{"floor":18,"key":"MealTicket"},{"floor":21,"key":"Replay:Bottled Eggs"},{"floor":23,"key":"Mirror"},{"floor":24,"key":"TuHaoJin"},{"floor":25,"key":"BookofShadows"},{"floor":26,"key":"Dream Catcher"},{"floor":27,"key":"PillsDrop"},{"floor":28,"key":"Blue Doll"}],"event_choices":[{"damage_healed":0.0,"max_hp_gain":0.0,"max_hp_loss":0.0,"gold_gain":0.0,"event_name":"HidenRoomEvent","player_choice":"Fight","floor":2.0,"gold_loss":0.0,"damage_taken":0.0},{"damage_healed":0.0,"max_hp_gain":0.0,"max_hp_loss":0.0,"gold_gain":275.0,"event_name":"Golden Shrine","player_choice":"Desecrate","floor":3.0,"gold_loss":0.0,"damage_taken":0.0,"cards_obtained":["Regret"]},{"damage_healed":0,"gold_gain":0,"player_choice":"Simplicity","damage_taken":0,"max_hp_gain":0,"max_hp_loss":0,"event_name":"Back to Basics","floor":19,"gold_loss":0,"cards_upgraded":[]}],"is_beta":true,"boss_relics":[{"not_picked":["Replay:Bronze Core","hubris:HollowSoul"],"picked":"Philosopher\u0027s Stone"},{"not_picked":[]}],"items_purged_floors":[4,17],"is_endless":false,"potions_floor_spawned":[1,2,5,10,14,21,24,25,27],"killed_by":"Slavers","ascension_level":20}}