{"host":"py7qdianp3jrm8dm","time":1614035961,"event":{"mods":["AchievementEnabler","BaseMod","Bestiary","Downfall","Highlight Path","Minty Spire (QoL Compilation)","Relic Stats","StSLib"],"gold_per_floor":[11,11,27,42,42,42,67,80,150,225,241,241,241,261,261,337,337,355,373,298,298,278,278,303,303,380,410,423,423,453,464,464,536,536,546,560,124,134,154,154,171,171,171,199,213,246,246,88,88,88,88,88,9,38,38,38],"floor_reached":55,"language":"ENG","playtime":3789,"items_purged":["Strike_R","Strike_R"],"score":1597,"play_id":"0e527d5c-1297-48ca-bed3-fba82d0dba41","local_time":"20210222231921","is_ascension_mode":true,"campfire_choices":[{"data":"Anger","floor":6,"key":"SMITH"},{"data":"Barricade","floor":12,"key":"SMITH"},{"data":"Body Slam","floor":15,"key":"SMITH"},{"data":"Entrench","floor":23,"key":"SMITH"},{"data":"Power Through","floor":25,"key":"SMITH"},{"data":"Disarm","floor":29,"key":"SMITH"},{"data":"Impervious","floor":32,"key":"SMITH"},{"floor":40,"key":"RECALL"},{"floor":42,"key":"REST"},{"data":"Strike_R","floor":49,"key":"PURGE"},{"data":"Strike_R","floor":52,"key":"PURGE"}],"circlet_count":0,"master_deck":["AscendersBane","Defend_R","Defend_R","Defend_R","Defend_R","Bash","Barricade+1","Shrug It Off","Anger+1","Power Through+1","Body Slam+1","Disarm+1","Pain","Intimidate","Impervious+1","Entrench+1","Feel No Pain","Body Slam+1","Juggernaut","Metallicize+1","Disarm","Offering","Power Through+1","Bloodletting","Shrug It Off","Burning Pact"],"relics":["Burning Blood","CaptainsWheel","Self Forming Clay","WarpedTongs","Mark of Pain","Toy Ornithopter","PreservedInsect","Boot","Fusion Hammer","Mercury Hourglass","StoneCalendar","Peace Pipe","Singing Bowl","Oddly Smooth Stone","Bag of Marbles"],"acts_visited":["Exordium","TheCity","TheBeyond","TheEnding"],"potions_floor_usage":[7,50,55],"damage_taken":[{"damage":11,"enemies":"Cultist","floor":1,"turns":4},{"damage":2,"enemies":"Small Slimes","floor":3,"turns":5},{"damage":0,"enemies":"2 Louse","floor":4,"turns":3},{"damage":22,"enemies":"3 Sentries","floor":7,"turns":12},{"damage":13,"enemies":"Lots of Slimes","floor":8,"turns":6},{"damage":1,"enemies":"2 Fungi Beasts","floor":11,"turns":4},{"damage":6,"enemies":"Large Slime","floor":14,"turns":7},{"damage":9,"enemies":"Slime Boss","floor":16,"turns":14},{"damage":3,"enemies":"3 Byrds","floor":18,"turns":8},{"damage":1,"enemies":"Chosen","floor":19,"turns":6},{"damage":8,"enemies":"Gremlin Leader","floor":24,"turns":7},{"damage":4,"enemies":"Book of Stabbing","floor":27,"turns":6},{"damage":2,"enemies":"Sentry and Sphere","floor":28,"turns":4},{"damage":42,"enemies":"Gremlin Leader","floor":30,"turns":6},{"damage":6,"enemies":"3 Cultists","floor":31,"turns":5},{"damage":5,"enemies":"Champ","floor":33,"turns":10},{"damage":13,"enemies":"3 Shapes","floor":35,"turns":5},{"damage":18,"enemies":"3 Darklings","floor":36,"turns":9},{"damage":10,"enemies":"Transient","floor":38,"turns":5},{"damage":4,"enemies":"Sphere and 2 Shapes","floor":39,"turns":6},{"damage":10,"enemies":"3 Darklings","floor":41,"turns":6},{"damage":9,"enemies":"Giant Head","floor":44,"turns":3},{"damage":12,"enemies":"Jaw Worm Horde","floor":45,"turns":5},{"damage":8,"enemies":"Reptomancer","floor":46,"turns":7},{"damage":35,"enemies":"Time Eater","floor":50,"turns":15},{"damage":37,"enemies":"Shield and Spear","floor":54,"turns":6},{"damage":45,"enemies":"The Heart","floor":55,"turns":12}],"seed_played":"4305507087180812541","potions_obtained":[{"floor":1,"key":"BlessingOfTheForge"},{"floor":14,"key":"DuplicationPotion"},{"floor":19,"key":"Swift Potion"},{"floor":31,"key":"BloodPotion"}],"is_trial":false,"path_per_floor":["M","$","M","M","?","R","E","M","T","?","M","R","?","M","R","B",null,"M","M","$","?","?","R","E","R","T","E","M","R","E","M","R","B",null,"M","M","$","M","M","R","M","R","T","E","M","E","?","$","R","B",null,"R","$","E","B"],"character_chosen":"IRONCLAD","items_purchased":["Mercury Hourglass","Shrug It Off","Oddly Smooth Stone","Burning Pact"],"campfire_rested":1,"item_purchase_floors":[37,37,48,53],"current_hp_per_floor":[63,63,67,73,73,73,57,50,50,39,44,44,44,44,44,41,67,70,75,75,75,75,75,73,73,73,75,75,75,39,39,39,40,66,59,47,47,43,45,45,41,63,63,60,54,54,54,54,54,45,69,69,69,40,0,0],"gold":38,"neow_bonus":"THREE_RARE_CARDS","is_daily":false,"chose_seed":false,"campfire_upgraded":7,"win_rate":0.0,"timestamp":1614035961,"path_taken":["M","$","M","M","?","R","E","M","T","?","M","R","?","?","R","BOSS","M","?","$","?","?","R","E","R","T","E","M","R","E","M","R","BOSS","M","M","$","M","M","R","M","R","T","E","M","E","?","$","R","BOSS","R","$","E","BOSS"],"items_purchased_type":["Relic","Card","Relic","Card"],"build_version":"2020-12-22","purchased_purges":2,"victory":false,"max_hp_per_floor":[75,75,75,75,75,75,75,75,75,75,75,75,75,75,75,75,75,75,75,75,75,75,75,75,75,75,75,75,75,75,75,75,75,75,75,75,75,75,75,75,75,75,75,75,75,77,77,77,77,77,77,77,77,79,79,79],"relic_stats":{"Peace Pipe":2,"Singing Bowl":4,"counters":[27,186],"Self Forming Clay":[312],"StoneCalendar":[104],"PreservedInsect":316,"Boot":[8],"obtain_stats":[{"Singing Bowl":46,"Self Forming Clay":9,"Oddly Smooth Stone":48,"StoneCalendar":43,"PreservedInsect":27,"Boot":30,"Burning Blood":0,"WarpedTongs":13,"Mercury Hourglass":37,"Peace Pipe":44,"CaptainsWheel":7,"Mark of Pain":17,"Fusion Hammer":34,"Bag of Marbles":54,"Toy Ornithopter":24},{"Singing Bowl":24,"Self Forming Clay":5,"Oddly Smooth Stone":24,"StoneCalendar":21,"PreservedInsect":12,"Boot":14,"Burning Blood":0,"WarpedTongs":6,"Mercury Hourglass":18,"Peace Pipe":22,"CaptainsWheel":4,"Mark of Pain":8,"Fusion Hammer":16,"Bag of Marbles":26,"Toy Ornithopter":11},{"Singing Bowl":153,"Self Forming Clay":30,"Oddly Smooth Stone":153,"StoneCalendar":138,"PreservedInsect":82,"Boot":92,"Burning Blood":0,"WarpedTongs":34,"Mercury Hourglass":121,"Peace Pipe":141,"CaptainsWheel":24,"Mark of Pain":55,"Fusion Hammer":107,"Bag of Marbles":174,"Toy Ornithopter":76}],"Burning Blood":152,"Toy Ornithopter":10,"WarpedTongs":[140],"Mercury Hourglass":[208]},"card_choices":[{"not_picked":["Exhume","Brutality"],"picked":"Barricade","floor":0},{"not_picked":["Uppercut","Seeing Red"],"picked":"Shrug It Off","floor":1},{"not_picked":["Twin Strike","Flex"],"picked":"Anger","floor":3},{"not_picked":["Sentinel","Clash"],"picked":"Power Through","floor":4},{"not_picked":["Burning Pact","Twin Strike"],"picked":"Body Slam","floor":7},{"not_picked":["Anger","Perfected Strike"],"picked":"Disarm","floor":8},{"not_picked":["Pommel Strike","Feed","Cleave"],"picked":"SKIP","floor":11},{"not_picked":["Sword Boomerang","Clothesline"],"picked":"Intimidate","floor":14},{"not_picked":["Offering","Bludgeon"],"picked":"Impervious","floor":16},{"not_picked":["Armaments","Rage"],"picked":"Entrench","floor":18},{"not_picked":["Clash","Flex"],"picked":"Feel No Pain","floor":19},{"not_picked":["Heavy Blade","Sword Boomerang"],"picked":"Body Slam+1","floor":24},{"not_picked":["Dropkick","Shockwave"],"picked":"Juggernaut","floor":27},{"not_picked":["Sword Boomerang","Uppercut"],"picked":"Metallicize+1","floor":28},{"not_picked":["Anger","Flex","Clash"],"picked":"SKIP","floor":30},{"not_picked":["Twin Strike","Carnage"],"picked":"Disarm","floor":31},{"not_picked":["Bludgeon","Reaper"],"picked":"Offering","floor":33},{"not_picked":["Flex","Perfected Strike"],"picked":"Power Through+1","floor":35},{"not_picked":["Wild Strike","Shockwave"],"picked":"Bloodletting","floor":36},{"not_picked":["Perfected Strike","Havoc","Iron Wave+1"],"picked":"SKIP","floor":38},{"not_picked":["Body Slam","Corruption","Perfected Strike"],"picked":"SKIP","floor":39},{"not_picked":["Carnage","Wild Strike","Iron Wave"],"picked":"SKIP","floor":41},{"not_picked":["Perfected Strike","Clothesline","Flex"],"picked":"SKIP","floor":44},{"not_picked":["Cleave+1","Iron Wave","Feel No Pain"],"picked":"SKIP","floor":45},{"not_picked":["Havoc","Clothesline","Wild Strike"],"picked":"Singing Bowl","floor":46},{"not_picked":["Havoc+1","Thunderclap","Whirlwind"],"picked":"Singing Bowl","floor":54}],"player_experience":653410,"relics_obtained":[{"floor":7,"key":"CaptainsWheel"},{"floor":9,"key":"Self Forming Clay"},{"floor":24,"key":"Toy Ornithopter"},{"floor":27,"key":"PreservedInsect"},{"floor":30,"key":"Boot"},{"floor":43,"key":"StoneCalendar"},{"floor":44,"key":"Peace Pipe"},{"floor":46,"key":"Singing Bowl"},{"floor":54,"key":"Bag of Marbles"}],"event_choices":[{"damage_healed":0,"gold_gain":0,"player_choice":"Ignored","damage_taken":0,"max_hp_gain":0,"max_hp_loss":0,"event_name":"Liars Game","floor":5,"gold_loss":0},{"damage_healed":0,"gold_gain":75,"player_choice":"Gather Gold","damage_taken":11,"max_hp_gain":0,"max_hp_loss":0,"event_name":"World of Goop","floor":10,"gold_loss":0},{"damage_healed":0,"gold_gain":0,"player_choice":"Rummage","damage_taken":0,"relics_obtained":["WarpedTongs"],"max_hp_gain":0,"max_hp_loss":0,"event_name":"Accursed Blacksmith","floor":13,"gold_loss":0,"cards_obtained":["Pain"]},{"cards_removed":["Strike_R"],"damage_healed":0,"gold_gain":0,"player_choice":"Elegance","damage_taken":0,"max_hp_gain":0,"max_hp_loss":0,"event_name":"Back to Basics","floor":21,"gold_loss":0},{"damage_healed":0,"gold_gain":0,"player_choice":"Bought 1 Potion","damage_taken":0,"max_hp_gain":0,"max_hp_loss":0,"event_name":"The Woman in Blue","floor":22,"gold_loss":0},{"damage_healed":0,"gold_gain":0,"player_choice":"Ignored","damage_taken":0,"max_hp_gain":0,"max_hp_loss":0,"event_name":"Tomb of Lord Red Mask","floor":47,"gold_loss":0}],"is_beta":false,"boss_relics":[{"not_picked":["Snecko Eye","Philosopher\u0027s Stone"],"picked":"Mark of Pain"},{"not_picked":["Tiny House","SacredBark"],"picked":"Fusion Hammer"}],"items_purged_floors":[20,37],"is_endless":false,"potions_floor_spawned":[1,14,19,28,31,33,38,44,45],"killed_by":"The Heart","ascension_level":16}}