{"host":"8is2j71l4wmybkoi","time":1614005463,"event":{"mods":["AchievementEnabler","BaseMod","Colored Map","DeckTracker","Minty Spire (QoL Compilation)","Rare Cards Sparkle","Relic Stats","StSLib","SuperFastMode"],"gold_per_floor":[112,262,278,278,278,278,290,365,365,379,58,68,97,108,108,186,186,201,217,132,57,7,7,32,32,32],"floor_reached":25,"language":"KOR","playtime":804,"items_purged":["Doubt"],"score":387,"play_id":"ca8b1ce6-37dc-44bd-a977-ef26b562cc55","local_time":"20210222235103","is_ascension_mode":true,"campfire_choices":[{"data":"Sunder","floor":6,"key":"SMITH"},{"floor":15,"key":"REST"},{"data":"Darkness","floor":23,"key":"SMITH"}],"circlet_count":0,"master_deck":["AscendersBane","Strike_B","Strike_B","Defend_B","Defend_B","Defend_B","Zap","Dualcast","Sunder+1","Sweeping Beam","Cold Snap","Coolheaded","Undo","White Noise","Darkness+1","Reboot","Self Repair+1","Doom and Gloom+1","Defragment"],"relics":["Cracked Core","Sundial","Eternal Feather","SlaversCollar","Dream Catcher","Ornamental Fan"],"acts_visited":["Exordium","TheCity"],"potions_floor_usage":[10,13,14,14,16,24,25],"damage_taken":[{"damage":1,"enemies":"Cultist","floor":1,"turns":3},{"damage":0,"enemies":"2 Louse","floor":3,"turns":2},{"damage":12,"enemies":"Small Slimes","floor":7,"turns":3},{"damage":1,"enemies":"Exordium Thugs","floor":10,"turns":3},{"damage":4,"enemies":"2 Fungi Beasts","floor":12,"turns":2},{"damage":18,"enemies":"Gremlin Nob","floor":13,"turns":3},{"damage":0,"enemies":"Looter","floor":14,"turns":1},{"damage":7,"enemies":"The Guardian","floor":16,"turns":14},{"damage":12,"enemies":"Shell Parasite","floor":18,"turns":6},{"damage":3,"enemies":"Spheric Guardian","floor":19,"turns":5},{"damage":31,"enemies":"Book of Stabbing","floor":24,"turns":6},{"damage":47,"enemies":"Chosen and Byrds","floor":25,"turns":4}],"seed_played":"8421583704980103621","potions_obtained":[{"floor":7,"key":"LiquidMemories"},{"floor":10,"key":"SteroidPotion"},{"floor":13,"key":"EntropicBrew"},{"floor":19,"key":"Explosive Potion"},{"floor":24,"key":"Ancient Potion"}],"is_trial":false,"path_per_floor":["M","?","M","?","?","R","M","?","T","M","$","M","E","M","R","B",null,"M","M","?","?","?","R","E","M"],"character_chosen":"DEFECT","items_purchased":["Sundial"],"campfire_rested":1,"item_purchase_floors":[11],"current_hp_per_floor":[45,45,45,50,50,50,38,27,27,26,26,22,4,4,35,28,64,52,49,49,49,49,58,47,0,0],"gold":32,"neow_bonus":"REMOVE_TWO","is_daily":false,"chose_seed":false,"campfire_upgraded":2,"win_rate":0.0,"timestamp":1614005463,"path_taken":["M","?","M","?","?","R","?","?","T","M","$","M","E","M","R","BOSS","M","M","?","?","?","R","E","M"],"items_purchased_type":["Relic"],"build_version":"2020-12-22","purchased_purges":1,"victory":false,"max_hp_per_floor":[71,71,71,76,76,76,76,76,76,76,76,76,76,76,76,76,76,76,76,76,76,76,76,76,76,76],"relic_stats":{"Dream Catcher":0,"counters":[12,52],"Sundial":[10],"Ornamental Fan":[0],"Eternal Feather":18,"obtain_stats":[{"SlaversCollar":17,"Dream Catcher":20,"Sundial":11,"Ornamental Fan":24,"Eternal Feather":13,"Cracked Core":0},{"SlaversCollar":8,"Dream Catcher":10,"Sundial":4,"Ornamental Fan":11,"Eternal Feather":6,"Cracked Core":0},{"SlaversCollar":31,"Dream Catcher":42,"Sundial":11,"Ornamental Fan":48,"Eternal Feather":16,"Cracked Core":0}]},"card_choices":[{"not_picked":["Barrage","Beam Cell"],"picked":"Sunder","floor":1},{"not_picked":["Stack","Barrage"],"picked":"Sweeping Beam","floor":3},{"not_picked":["Compile Driver","Barrage"],"picked":"Coolheaded","floor":7},{"not_picked":["Gash","Leap"],"picked":"Undo","floor":10},{"not_picked":["Steam","Force Field","Leap"],"picked":"SKIP","floor":12},{"not_picked":["Steam","Force Field","Leap"],"picked":"SKIP","floor":12},{"not_picked":["Steam","Force Field","Leap"],"picked":"SKIP","floor":12},{"not_picked":["Turbo","Redo"],"picked":"White Noise","floor":13},{"not_picked":["Redo","Go for the Eyes"],"picked":"Darkness","floor":14},{"not_picked":["Hyperbeam","Echo Form"],"picked":"Reboot","floor":16},{"not_picked":["Gash","Ball Lightning"],"picked":"Self Repair+1","floor":18},{"not_picked":["Steam","Hologram+1"],"picked":"Doom and Gloom+1","floor":19},{"not_picked":["Loop","Storm"],"picked":"Defragment","floor":24}],"player_experience":1295643,"relics_obtained":[{"floor":13,"key":"Eternal Feather"},{"floor":24,"key":"Ornamental Fan"}],"event_choices":[{"damage_healed":0,"gold_gain":150,"player_choice":"AGREE","damage_taken":0,"max_hp_gain":0,"max_hp_loss":0,"event_name":"Liars Game","floor":2,"gold_loss":0,"cards_obtained":["Doubt"]},{"damage_healed":0,"gold_gain":0,"player_choice":"Donut","damage_taken":0,"max_hp_gain":5,"max_hp_loss":0,"event_name":"Big Fish","floor":4,"gold_loss":0},{"damage_healed":0,"gold_gain":0,"player_choice":"1 cards matched","damage_taken":0,"max_hp_gain":0,"max_hp_loss":0,"event_name":"Match and Keep!","floor":5,"gold_loss":0,"cards_obtained":["Cold Snap"]},{"damage_healed":0,"gold_gain":75,"player_choice":"Gather Gold","damage_taken":11,"max_hp_gain":0,"max_hp_loss":0,"event_name":"World of Goop","floor":8,"gold_loss":0},{"damage_healed":0,"gold_gain":0,"player_choice":"Obtained Relic","damage_taken":0,"relics_obtained":["Dream Catcher"],"max_hp_gain":0,"max_hp_loss":0,"event_name":"Addict","floor":20,"gold_loss":85},{"cards_removed":["Strike_B"],"damage_healed":0,"gold_gain":0,"player_choice":"Gave Gold","damage_taken":0,"max_hp_gain":0,"max_hp_loss":0,"event_name":"Beggar","floor":21,"gold_loss":75},{"damage_healed":0,"gold_gain":0,"player_choice":"Bet on Murderer","damage_taken":0,"max_hp_gain":0,"max_hp_loss":0,"event_name":"The Joust","floor":22,"gold_loss":50}],"is_beta":false,"boss_relics":[{"not_picked":["FrozenCore","Cursed Key"],"picked":"SlaversCollar"}],"items_purged_floors":[11],"is_endless":false,"potions_floor_spawned":[7,10,13,19,24],"killed_by":"Chosen and Byrds","ascension_level":15}}