{"host":"ydujlihd8f5px9gp","time":1614036319,"event":{"mods":["AchievementEnabler","BaseMod","Block Reminder","Colored Map","Minty Spire (QoL Compilation)","StSLib","ojb\u0027s Info Mod"],"gold_per_floor":[111,111,127,52,76,95,138,138,165,165,199,213,227,242,242,242,242],"floor_reached":16,"language":"ENG","playtime":482,"items_purged":["Injury"],"score":137,"play_id":"67975a22-1209-4df2-91ac-26cf89b078bc","local_time":"20210222202519","is_ascension_mode":true,"campfire_choices":[{"floor":15,"key":"REST"}],"circlet_count":0,"master_deck":["Strike_B","Strike_B","Strike_B","Strike_B","Defend_B","Defend_B","Defend_B","Defend_B","Zap","Dualcast","Streamline+1","Reprogram","Scrape","Streamline+1","Parasite","Go for the Eyes","Reprogram","Beam Cell"],"relics":["Cracked Core","Golden Idol","Oddly Smooth Stone","Whetstone","Meat on the Bone","Boot"],"acts_visited":["Exordium"],"potions_floor_usage":[12,16],"damage_taken":[{"damage":7,"enemies":"Jaw Worm","floor":1,"turns":3},{"damage":7,"enemies":"Small Slimes","floor":3,"turns":3},{"damage":3,"enemies":"2 Louse","floor":5,"turns":2},{"damage":11,"enemies":"Blue Slaver","floor":6,"turns":5},{"damage":32,"enemies":"Gremlin Nob","floor":7,"turns":4},{"damage":26,"enemies":"Lagavulin","floor":11,"turns":7},{"damage":16,"enemies":"Exordium Thugs","floor":12,"turns":4},{"damage":6,"enemies":"3 Louse","floor":13,"turns":3},{"damage":6,"enemies":"Looter","floor":14,"turns":4},{"damage":62,"enemies":"Hexaghost","floor":16,"turns":7}],"seed_played":"-8590440136060332379","potions_obtained":[{"floor":5,"key":"AttackPotion"},{"floor":6,"key":"Explosive Potion"},{"floor":7,"key":"BlessingOfTheForge"}],"is_trial":false,"path_per_floor":["M","?","M","$","M","M","E","?","T","T","E","M","M","M","R","B"],"character_chosen":"DEFECT","items_purchased":[],"campfire_rested":1,"item_purchase_floors":[],"current_hp_per_floor":[75,75,68,68,65,54,22,42,42,42,28,24,30,36,60,0,0],"gold":242,"neow_bonus":"TEN_PERCENT_HP_BONUS","is_daily":false,"chose_seed":false,"campfire_upgraded":0,"win_rate":0.0,"timestamp":1614036319,"path_taken":["M","?","M","$","M","M","E","?","T","?","E","M","?","M","R","BOSS"],"items_purchased_type":[],"build_version":"2020-12-22","purchased_purges":1,"victory":false,"max_hp_per_floor":[82,82,82,82,82,82,82,82,82,82,82,82,82,82,82,82,82],"card_choices":[{"not_picked":["Skim","Cold Snap"],"picked":"Streamline","floor":1},{"not_picked":["Turbo","Leap"],"picked":"Reprogram","floor":3},{"not_picked":["Storm","Reinforced Body"],"picked":"Scrape","floor":5},{"not_picked":["Compile Driver","Scrape","Sweeping Beam"],"picked":"SKIP","floor":6},{"not_picked":["Static Discharge","Beam Cell"],"picked":"Streamline","floor":7},{"not_picked":["Compile Driver","Recycle"],"picked":"Go for the Eyes","floor":11},{"not_picked":["Melter","Ball Lightning","Beam Cell"],"picked":"SKIP","floor":12},{"not_picked":["White Noise","Hologram"],"picked":"Reprogram","floor":13},{"not_picked":["Sweeping Beam","Turbo"],"picked":"Beam Cell","floor":14}],"player_experience":164998,"relics_obtained":[{"floor":7,"key":"Oddly Smooth Stone"},{"floor":9,"key":"Whetstone"},{"floor":10,"key":"Meat on the Bone"},{"floor":11,"key":"Boot"}],"event_choices":[{"damage_healed":0,"gold_gain":0,"player_choice":"Take Wound","damage_taken":0,"relics_obtained":["Golden Idol"],"max_hp_gain":0,"max_hp_loss":0,"event_name":"Golden Idol","floor":2,"gold_loss":0,"cards_obtained":["Injury"]},{"damage_healed":20,"gold_gain":0,"player_choice":"Healed and dodged fight","damage_taken":0,"max_hp_gain":0,"max_hp_loss":0,"event_name":"Mushrooms","floor":8,"gold_loss":0,"cards_obtained":["Parasite"]}],"is_beta":false,"boss_relics":[],"items_purged_floors":[4],"is_endless":false,"potions_floor_spawned":[5,6,7,11],"killed_by":"Hexaghost","ascension_level":4}}