{"host":"w14xfy17z3c5mpoi","time":1614010788,"event":{"mods":["AchievementEnabler","BaseMod","Minty Spire (QoL Compilation)","Relic Stats"],"gold_per_floor":[109,109,128,128,128,153,153,168,168,168,229,240,22,48,48,125,125,135,135,145,145,145,155,155,170,170,188,221,22,22,54,54,129,129,139,219,219,219,236,271,271,305,328,368,377,406,441,470,470,470],"floor_reached":51,"language":"ENG","playtime":3626,"items_purged":["Strike_G","Strike_G+1"],"score":1569,"play_id":"fb1212a5-d434-455b-bdf5-b769f3b4c3ff","local_time":"20210222111948","is_ascension_mode":true,"campfire_choices":[{"data":"Footwork","floor":7,"key":"SMITH"},{"data":"Neutralize","floor":10,"key":"SMITH"},{"data":"Wraith Form v2","floor":15,"key":"SMITH"},{"floor":24,"key":"REST"},{"data":"Tools of the Trade","floor":30,"key":"SMITH"},{"data":"Terror","floor":32,"key":"SMITH"},{"floor":45,"key":"REST"},{"data":"Wraith Form v2","floor":49,"key":"SMITH"}],"circlet_count":0,"master_deck":["AscendersBane","Strike_G+1","Defend_G","Defend_G","Defend_G","Defend_G","Defend_G","Survivor","Neutralize+1","Quick Slash","Dagger Throw","Masterful Stab","Footwork+1","Poisoned Stab","Leg Sweep","Blade Dance","Footwork+1","Wraith Form v2+1","Tools of the Trade+1","Blade Dance","Necronomicurse","Backflip","PiercingWail","PiercingWail","Terror+1","Backstab+1","Venomology+1","Choke+1","Panacea","Dramatic Entrance+1","Finesse","Backflip","Crippling Poison","Doppelganger","Dash+1","Accuracy","Endless Agony+1","Blade Dance","Wraith Form v2+1"],"relics":["Ring of the Snake","NeowsBlessing","Question Card","Nunchaku","Mummified Hand","Blood Vial","DollysMirror","Dead Branch","HoveringKite","Necronomicon","HornCleat","Molten Egg 2","Dream Catcher","Membership Card","InkBottle","Philosopher\u0027s Stone","Ornamental Fan","CeramicFish","Mango","Ancient Tea Set","Sundial","Paper Crane"],"acts_visited":["Exordium","TheCity","TheBeyond"],"potions_floor_usage":[11,11,11,14,23,23,31,39,40,44,46,48,50],"damage_taken":[{"damage":0,"enemies":"Jaw Worm","floor":1,"turns":1},{"damage":0,"enemies":"2 Louse","floor":3,"turns":1},{"damage":0,"enemies":"Gremlin Nob","floor":6,"turns":1},{"damage":0,"enemies":"Small Slimes","floor":8,"turns":3},{"damage":20,"enemies":"Lagavulin Event","floor":11,"turns":4},{"damage":1,"enemies":"Blue Slaver","floor":12,"turns":4},{"damage":4,"enemies":"3 Sentries","floor":14,"turns":6},{"damage":28,"enemies":"The Guardian","floor":16,"turns":16},{"damage":15,"enemies":"Shell Parasite","floor":18,"turns":5},{"damage":0,"enemies":"Chosen","floor":20,"turns":2},{"damage":0,"enemies":"Snecko","floor":23,"turns":2},{"damage":0,"enemies":"Snake Plant","floor":25,"turns":5},{"damage":0,"enemies":"Centurion and Healer","floor":27,"turns":4},{"damage":2,"enemies":"Book of Stabbing","floor":28,"turns":5},{"damage":0,"enemies":"Gremlin Leader","floor":31,"turns":5},{"damage":34,"enemies":"Automaton","floor":33,"turns":5},{"damage":0,"enemies":"Orb Walker","floor":35,"turns":2},{"damage":4,"enemies":"3 Shapes","floor":39,"turns":3},{"damage":4,"enemies":"Nemesis","floor":40,"turns":5},{"damage":0,"enemies":"Reptomancer","floor":42,"turns":2},{"damage":14,"enemies":"Nemesis","floor":44,"turns":5},{"damage":0,"enemies":"Maw","floor":46,"turns":2},{"damage":0,"enemies":"Reptomancer","floor":47,"turns":2},{"damage":0,"enemies":"Transient","floor":48,"turns":5},{"damage":0,"enemies":"Awakened One","floor":50,"turns":8}],"seed_played":"-923938169871197775","potions_obtained":[{"floor":3,"key":"GamblersBrew"},{"floor":8,"key":"EntropicBrew"},{"floor":11,"key":"SpeedPotion"},{"floor":14,"key":"CunningPotion"},{"floor":20,"key":"AttackPotion"},{"floor":23,"key":"Regen Potion"},{"floor":28,"key":"ColorlessPotion"},{"floor":31,"key":"SpeedPotion"},{"floor":35,"key":"PowerPotion"},{"floor":39,"key":"FearPotion"},{"floor":47,"key":"Dexterity Potion"}],"is_trial":false,"path_per_floor":["M","?","M","?","T","E","R","M","T","R","?","M","$","E","R","B",null,"M","?","M","?","T","M","R","M","T","M","E","$","R","E","R","B",null,"M","T","?","?","M","E","?","E","T","E","R","M","E","M","R","B",null],"character_chosen":"THE_SILENT","items_purchased":["DollysMirror","Membership Card"],"campfire_rested":2,"item_purchase_floors":[13,29],"current_hp_per_floor":[63,49,49,49,49,49,49,49,49,49,29,30,30,28,28,2,53,40,24,26,26,26,28,49,51,51,53,53,53,53,55,55,23,58,60,60,60,50,57,55,55,71,71,59,84,84,84,84,84,84],"gold":470,"neow_bonus":"THREE_ENEMY_KILL","is_daily":false,"chose_seed":false,"campfire_upgraded":6,"win_rate":0.0,"timestamp":1614010788,"path_taken":["M","?","M","?","?","E","R","M","T","R","?","?","$","E","R","BOSS","M","?","M","?","?","M","R","M","T","M","E","$","R","E","R","BOSS","M","?","?","?","M","E","?","E","T","E","R","M","E","?","R","BOSS"],"items_purchased_type":["Relic","Relic"],"build_version":"2020-12-22","purchased_purges":2,"victory":true,"max_hp_per_floor":[70,70,70,70,70,70,70,70,70,70,70,70,70,70,70,70,70,70,70,70,70,70,70,70,70,70,70,70,70,70,70,70,70,70,70,70,70,70,70,70,70,84,84,84,84,84,84,84,84,84],"relic_stats":{"counters":[25,103],"Dead Branch":[242],"CeramicFish":63,"HoveringKite":[46],"Question Card":26,"Blood Vial":32,"Nunchaku":[42],"Dream Catcher":1,"Mummified Hand":[81],"Ornamental Fan":[196],"Sundial":[0],"Necronomicon":[20],"obtain_stats":[{"NeowsBlessing":0,"Dead Branch":14,"CeramicFish":40,"HoveringKite":17,"Mango":42,"Paper Crane":47,"Question Card":5,"Ancient Tea Set":43,"Blood Vial":11,"Nunchaku":6,"Dream Catcher":28,"HornCleat":22,"Mummified Hand":9,"DollysMirror":13,"Ornamental Fan":36,"Sundial":44,"Molten Egg 2":26,"Philosopher\u0027s Stone":34,"Necronomicon":19,"Membership Card":29,"InkBottle":31,"Ring of the Snake":0},{"NeowsBlessing":0,"Dead Branch":7,"CeramicFish":19,"HoveringKite":8,"Mango":20,"Paper Crane":23,"Question Card":2,"Ancient Tea Set":20,"Blood Vial":5,"Nunchaku":3,"Dream Catcher":14,"HornCleat":10,"Mummified Hand":4,"DollysMirror":6,"Ornamental Fan":17,"Sundial":21,"Molten Egg 2":12,"Philosopher\u0027s Stone":16,"Necronomicon":9,"Membership Card":14,"InkBottle":15,"Ring of the Snake":0},{"NeowsBlessing":0,"Dead Branch":20,"CeramicFish":79,"HoveringKite":36,"Mango":81,"Paper Crane":90,"Question Card":2,"Ancient Tea Set":81,"Blood Vial":10,"Nunchaku":3,"Dream Catcher":59,"HornCleat":43,"Mummified Hand":6,"DollysMirror":14,"Ornamental Fan":71,"Sundial":86,"Molten Egg 2":50,"Philosopher\u0027s Stone":69,"Necronomicon":41,"Membership Card":59,"InkBottle":64,"Ring of the Snake":0}],"InkBottle":[36],"Ring of the Snake":[50]},"card_choices":[{"not_picked":["Outmaneuver","Bane"],"picked":"Quick Slash","floor":1},{"not_picked":["Outmaneuver","Bane"],"picked":"Dagger Throw","floor":3},{"not_picked":["Deflect","Corpse Explosion","Calculated Gamble"],"picked":"Footwork","floor":6},{"not_picked":["Deadly Poison","Escape Plan","Slice"],"picked":"Poisoned Stab","floor":8},{"not_picked":["Calculated Gamble","Blade Dance","PiercingWail"],"picked":"Leg Sweep","floor":11},{"not_picked":["Calculated Gamble","Expertise","Outmaneuver"],"picked":"Blade Dance","floor":12},{"not_picked":["Dagger Throw","Backstab","Finisher"],"picked":"Wraith Form v2","floor":14},{"not_picked":["After Image","Grand Finale","A Thousand Cuts"],"picked":"Tools of the Trade","floor":16},{"not_picked":["Cloak And Dagger","Deadly Poison","Catalyst+1"],"picked":"Blade Dance","floor":18},{"not_picked":["Sucker Punch","Deflect","Leg Sweep"],"picked":"Backflip","floor":20},{"not_picked":["Prepared","Underhanded Strike","Skewer"],"picked":"PiercingWail","floor":23},{"not_picked":["Prepared","Cloak And Dagger","Sucker Punch"],"picked":"PiercingWail","floor":25},{"not_picked":["Bane+1","Cloak And Dagger","Tactician","Grand Finale+1"],"picked":"SKIP","floor":27},{"not_picked":["Poisoned Stab+1","Blade Dance","Prepared"],"picked":"Terror","floor":28},{"not_picked":["Deadly Poison","Deflect","Sucker Punch+1"],"picked":"Backstab+1","floor":31},{"not_picked":["Bullet Time","Doppelganger","Glass Knife+1"],"picked":"Venomology","floor":33},{"not_picked":["Setup+1","Dagger Throw+1","Deadly Poison"],"picked":"Choke+1","floor":35},{"not_picked":["Deep Breath","Mind Blast+1","Finesse"],"picked":"Panacea","floor":38},{"not_picked":["Enlightenment","Purity","Madness"],"picked":"Dramatic Entrance+1","floor":38},{"not_picked":["PanicButton","Violence","Trip"],"picked":"Finesse","floor":38},{"not_picked":["Flying Knee+1","Outmaneuver","Poisoned Stab+1"],"picked":"Backflip","floor":39},{"not_picked":["Heel Hook+1","Sucker Punch+1","Outmaneuver"],"picked":"Crippling Poison","floor":40},{"not_picked":["Cloak And Dagger","PiercingWail+1","Outmaneuver+1"],"picked":"Doppelganger","floor":42},{"not_picked":["Crippling Poison+1","Venomology","Dodge and Roll"],"picked":"Dash+1","floor":44},{"not_picked":["Underhanded Strike+1","Blade Dance","Dagger Throw+1"],"picked":"Accuracy","floor":45},{"not_picked":["Quick Slash+1","Flying Knee+1","Cloak And Dagger"],"picked":"Endless Agony+1","floor":46},{"not_picked":["Quick Slash+1","PiercingWail","All Out Attack+1"],"picked":"Blade Dance","floor":47},{"not_picked":["Dash+1","Acrobatics","Dagger Spray+1"],"picked":"Wraith Form v2","floor":48}],"player_experience":769761,"relics_obtained":[{"floor":5,"key":"Question Card"},{"floor":6,"key":"Nunchaku"},{"floor":9,"key":"Mummified Hand"},{"floor":11,"key":"Blood Vial"},{"floor":14,"key":"Dead Branch"},{"floor":19,"key":"Necronomicon"},{"floor":22,"key":"HornCleat"},{"floor":26,"key":"Molten Egg 2"},{"floor":28,"key":"Dream Catcher"},{"floor":31,"key":"InkBottle"},{"floor":36,"key":"Ornamental Fan"},{"floor":40,"key":"CeramicFish"},{"floor":42,"key":"Mango"},{"floor":43,"key":"Ancient Tea Set"},{"floor":44,"key":"Sundial"},{"floor":47,"key":"Paper Crane"}],"event_choices":[{"damage_healed":0,"gold_gain":0,"player_choice":"Entered Light","damage_taken":14,"max_hp_gain":0,"max_hp_loss":0,"event_name":"Shining Light","floor":2,"gold_loss":0,"cards_upgraded":["Strike_G","Strike_G"]},{"damage_healed":0,"gold_gain":0,"cards_transformed":["Strike_G"],"player_choice":"Change","damage_taken":0,"max_hp_gain":0,"max_hp_loss":0,"event_name":"Living Wall","floor":4,"gold_loss":0,"cards_obtained":["Masterful Stab"]},{"damage_healed":0,"gold_gain":0,"player_choice":"Searched \u00272\u0027 times","damage_taken":0,"max_hp_gain":0,"max_hp_loss":0,"event_name":"Dead Adventurer","floor":11,"gold_loss":0},{"damage_healed":0,"gold_gain":0,"player_choice":"Obtained Book","damage_taken":16,"max_hp_gain":0,"max_hp_loss":0,"event_name":"Cursed Tome","floor":19,"gold_loss":0},{"cards_removed":["Strike_G"],"damage_healed":0,"gold_gain":0,"player_choice":"Elegance","damage_taken":0,"max_hp_gain":0,"max_hp_loss":0,"event_name":"Back to Basics","floor":21,"gold_loss":0},{"damage_healed":0,"gold_gain":0,"player_choice":"Ignored","damage_taken":0,"max_hp_gain":0,"max_hp_loss":0,"event_name":"Tomb of Lord Red Mask","floor":37,"gold_loss":0},{"damage_healed":0,"gold_gain":0,"player_choice":"Memory 3","damage_taken":10,"max_hp_gain":0,"max_hp_loss":0,"event_name":"SensoryStone","floor":38,"gold_loss":0},{"damage_healed":0,"gold_gain":0,"player_choice":"Forge","damage_taken":0,"max_hp_gain":0,"max_hp_loss":0,"event_name":"Accursed Blacksmith","floor":41,"gold_loss":0,"cards_upgraded":["Venomology"]}],"is_beta":false,"boss_relics":[{"not_picked":["Black Star","Ring of the Serpent"],"picked":"HoveringKite"},{"not_picked":["WristBlade","SlaversCollar"],"picked":"Philosopher\u0027s Stone"}],"items_purged_floors":[13,29],"is_endless":false,"potions_floor_spawned":[3,8,11,14,20,23,28,31,35,39,42,47],"ascension_level":13}}