{"host":"qiddgr1lyn3b7c88","time":1614032612,"event":{"mods":["Aspiration","BaseMod","Colored Map","Highlight Path","Minty Spire (QoL Compilation)","Replay The Spire","Shop Mod","StSLib","Synergy Search","The Alterego","egg"],"gold_per_floor":[112,112,132,147,164,164,3,3,28,53,53,71,89,102,102,197,197,209,209,149,159,169,169,201,218,294,294,294,325,325,345,345,445,445,463,480,37,37,37,51,51,51],"floor_reached":41,"language":"ENG","playtime":2670,"items_purged":["Strike_B"],"score":834,"play_id":"0be12833-c68c-4f34-a7ac-926428e1a576","local_time":"20210222172332","is_ascension_mode":true,"campfire_choices":[{"data":"Defragment","floor":6.0,"key":"SMITH"},{"data":"ReplayTheSpireMod:Fabricate Wheel","floor":8.0,"key":"SMITH"},{"data":"Fusion","floor":11.0,"key":"SMITH"},{"floor":15.0,"key":"REST"},{"floor":23.0,"key":"REST"},{"data":"Buffer","floor":27.0,"key":"SMITH"}],"circlet_count":0,"master_deck":["Strike_B","Defend_B","Defend_B","Defend_B","Defend_B","Zap","Dualcast","Genetic Algorithm","Fusion+1","Defragment+1","Barrage","Cold Snap","Genetic Algorithm","Electrodynamics","Steam","Coolheaded","Compile Driver","Buffer+1","Sweeping Beam","Cold Snap","Ball Lightning+1","Loop","Chill","Steam+1","Coolheaded","Loop","Reboot","Ghostly","Ghostly","Ghostly","Ghostly","Ghostly","Creative AI","Rip and Tear","Chill+1","Ball Lightning+1","Parasite","Skim+1","Panic Button+1","Turbo+1"],"relics":["Cracked Core","aspiration:Nostalgia","PureWater","Toy Ornithopter","Bag of Marbles","Prayer Wheel","SlaversCollar","Chameleon Ring","Blue Candle","Smiling Mask","PreservedInsect","Replay:Grab Bag","Coffee Dripper","Cursed Key","Empty Cage","Prayer Wheel","TheAbacus","Molten Egg 2"],"acts_visited":["Exordium","TheCity","TheBeyond"],"potions_floor_usage":[],"damage_taken":[{"damage":0.0,"enemies":"Cultist","floor":1.0,"turns":3.0},{"damage":7.0,"enemies":"2 Louse","floor":3.0,"turns":3.0},{"damage":8.0,"enemies":"Jaw Worm","floor":4.0,"turns":5.0},{"damage":20.0,"enemies":"Large Slime","floor":5.0,"turns":4.0},{"damage":10.0,"enemies":"Gremlin Nob","floor":10.0,"turns":3.0},{"damage":9.0,"enemies":"Looter","floor":12.0,"turns":3.0},{"damage":0.0,"enemies":"Blue Slaver","floor":13.0,"turns":3.0},{"damage":11.0,"enemies":"Exordium Thugs","floor":14.0,"turns":3.0},{"damage":0.0,"enemies":"Fading Forest","floor":16.0,"turns":11.0},{"damage":15.0,"enemies":"Spheric Guardian","floor":18.0,"turns":4.0},{"damage":19.0,"enemies":"2 Thieves","floor":20.0,"turns":4.0},{"damage":9.0,"enemies":"Chosen and Byrds","floor":21.0,"turns":5.0},{"damage":16.0,"enemies":"Snecko","floor":22.0,"turns":6.0},{"damage":0.0,"enemies":"Slavers","floor":24.0,"turns":4.0},{"damage":0.0,"enemies":"Snake Plant","floor":25.0,"turns":5.0},{"damage":19.0,"enemies":"Replay:Snechameleon","floor":29.0,"turns":7.0},{"damage":5.0,"enemies":"Sentry and Sphere","floor":31.0,"turns":10.0},{"damage":0.0,"enemies":"Collector","floor":33.0,"turns":10.0},{"damage":7.0,"enemies":"Orb Walker","floor":35.0,"turns":4.0},{"damage":0.0,"enemies":"3 Darklings","floor":36.0,"turns":6.0},{"damage":14,"enemies":"Writhing Mass","floor":40,"turns":9},{"damage":27,"enemies":"Spire Growth","floor":41,"turns":8}],"seed_played":"1893043883573183177","potions_obtained":[{"floor":2.0,"key":"SteroidPotion"},{"floor":2.0,"key":"EssenceOfSteel"},{"floor":2.0,"key":"FearPotion"},{"floor":3.0,"key":"Fire Potion"},{"floor":10.0,"key":"LiquidMemories"},{"floor":21.0,"key":"DistilledChaos"},{"floor":24.0,"key":"Dexterity Potion"},{"floor":31.0,"key":"Fire Potion"},{"floor":33.0,"key":"ColorlessPotion"},{"floor":40,"key":"LiquidBronze"}],"is_trial":false,"path_per_floor":["M","?","M","M","M","R","$","R","T","E","R","M","M","M","R","B",null,"M","?","M","M","M","R","E","M","T","R","?","E","T","M","R_BF","B",null,"M","M","$","PTL","PTL","M","M"],"character_chosen":"DEFECT","items_purchased":["ReplayTheSpireMod:Fabricate Wheel","Cold Snap","TheAbacus","Molten Egg 2"],"campfire_rested":2,"item_purchase_floors":[7,7,37,37],"current_hp_per_floor":[68,68,61,53,33,33,33,33,33,33,33,24,24,13,35,43,67,52,52,33,24,8,30,35,40,40,40,37,23,23,18,29,29,35,28,28,28,28,28,14,0,0],"gold":51,"neow_bonus":"NOSTALGIA","is_daily":false,"chose_seed":false,"campfire_upgraded":4,"win_rate":0.0,"timestamp":1614032612,"path_taken":["M","?","M","M","M","R","$","R","T","E","R","M","M","M","R","BOSS","M","?","M","M","M","R","E","?","T","R","?","E","?","M","R_BF","BOSS","M","M","$","PTL","PTL","M","M"],"items_purchased_type":["Card","Card","Relic","Relic"],"build_version":"2020-12-22","purchased_purges":1,"victory":false,"max_hp_per_floor":[75,75,75,75,75,75,75,75,75,75,75,75,75,75,75,75,75,75,75,75,75,75,75,75,75,75,75,37,37,37,37,37,37,37,37,37,37,37,37,37,37,37],"card_choices":[{"not_picked":["Conserve Battery","Lockon"],"picked":"Genetic Algorithm","floor":1.0},{"not_picked":["Crystallizer","Streamline"],"picked":"Fusion","floor":3.0},{"not_picked":["Stack","Undo"],"picked":"Defragment","floor":4.0},{"not_picked":["Melter","Double Energy"],"picked":"Barrage","floor":5.0},{"not_picked":["Leap","BootSequence"],"picked":"Genetic Algorithm","floor":10.0},{"not_picked":["Panic Button","ReplaySolidLightProjector"],"picked":"Steam","floor":12.0},{"not_picked":["ReplayRNGCard","ReplayTheSpireMod:GoodbyeWorld","Cold Snap"],"picked":"SKIP","floor":12.0},{"not_picked":["Sweeping Beam","Steam"],"picked":"Coolheaded","floor":13.0},{"not_picked":["Doom and Gloom","Stack","Leap"],"picked":"SKIP","floor":13.0},{"not_picked":["Sweeping Beam","Crystallizer"],"picked":"Turbo","floor":14.0},{"not_picked":["Rebound","Time Bomb"],"picked":"Compile Driver","floor":14.0},{"not_picked":["Creative AI","Amplify"],"picked":"Buffer","floor":16.0},{"not_picked":["Leap+1","Beam Cell+1"],"picked":"Sweeping Beam","floor":18.0},{"not_picked":["Turbo","Reprogram"],"picked":"Cold Snap","floor":18.0},{"not_picked":["Go for the Eyes","BootSequence"],"picked":"Ball Lightning","floor":20.0},{"not_picked":["Chaos","Panic Button","ReplaySort"],"picked":"SKIP","floor":20.0},{"not_picked":["Go for the Eyes","Gash"],"picked":"Loop","floor":21.0},{"not_picked":["Steam","Go for the Eyes"],"picked":"Chill","floor":21.0},{"not_picked":["Multi-Cast","Stack"],"picked":"Steam+1","floor":22.0},{"not_picked":["Steam","Auto Shields","Leap"],"picked":"SKIP","floor":22.0},{"not_picked":["Cold Snap","Sweeping Beam"],"picked":"Coolheaded","floor":24.0},{"not_picked":["Stack","Cold Snap+1"],"picked":"Loop","floor":25.0},{"not_picked":["Coolheaded","Redo"],"picked":"Reboot","floor":25.0},{"not_picked":["Sunder","Compile Driver"],"picked":"Creative AI","floor":29.0},{"not_picked":["Redo+1","Steam"],"picked":"Rip and Tear","floor":31.0},{"not_picked":["Coolheaded+1","ReplayGash+1","Steam"],"picked":"SKIP","floor":31.0},{"not_picked":["Amplify","All For One"],"picked":"ReplayTheSpireMod:Fabricate Wheel","floor":33.0},{"not_picked":["Streamline","Sweeping Beam"],"picked":"Chill+1","floor":35.0},{"not_picked":["Rip and Tear","Coolheaded","ReplaySolidLightProjector"],"picked":"SKIP","floor":35.0},{"not_picked":["Compile Driver+1","Steam"],"picked":"Ball Lightning+1","floor":36.0},{"not_picked":["Hologram","Scrape+1","Conserve Battery"],"picked":"SKIP","floor":36.0},{"not_picked":["Rip and Tear","Ball Lightning+1","Hologram"],"picked":"SKIP","floor":36.0},{"not_picked":["Beam Cell+1","Turbo"],"picked":"Skim+1","floor":40},{"not_picked":["Rip and Tear+1","Melter+1"],"picked":"Panic Button+1","floor":40},{"not_picked":["Beam Cell+1","ReplayTheSpireMod:Omega Cannon+1"],"picked":"Turbo+1","floor":40}],"player_experience":1057649,"relics_obtained":[{"floor":9.0,"key":"Toy Ornithopter"},{"floor":10.0,"key":"Bag of Marbles"},{"floor":24.0,"key":"Chameleon Ring"},{"floor":26.0,"key":"Blue Candle"},{"floor":29.0,"key":"Smiling Mask"},{"floor":30.0,"key":"PreservedInsect"}],"event_choices":[{"damage_healed":0.0,"max_hp_gain":0.0,"max_hp_loss":0.0,"gold_gain":0.0,"event_name":"Lab","player_choice":"Got Potions","floor":2.0,"gold_loss":0.0,"damage_taken":0.0},{"cards_removed":["Turbo"],"damage_healed":0.0,"max_hp_gain":0.0,"max_hp_loss":0.0,"gold_gain":0.0,"event_name":"Purifier","player_choice":"Purged","floor":19.0,"gold_loss":0.0,"damage_taken":0.0},{"damage_healed":0.0,"max_hp_gain":0.0,"max_hp_loss":38.0,"gold_gain":0.0,"event_name":"Ghosts","player_choice":"Became a Ghost","floor":28.0,"gold_loss":0.0,"damage_taken":0.0,"cards_obtained":["Ghostly","Ghostly","Ghostly","Ghostly","Ghostly"]}],"is_beta":false,"boss_relics":[{"not_picked":["Replay:Wanted Poster","ChewingGum"],"picked":"SlaversCollar"},{"not_picked":["Astrolabe","Pandora\u0027s Box"],"picked":"Replay:Grab Bag"},{"not_picked":["aspiration:FutureDiary","Fusion Hammer"],"picked":"Coffee Dripper"},{"not_picked":["Velvet Choker","ReplayTheSpireMod:Onyx Gauntlets"],"picked":"Cursed Key"},{"not_picked":["aspiration:RunicSpoon","aspiration:RitualDagger"],"picked":"Empty Cage"}],"items_purged_floors":[37],"is_endless":false,"potions_floor_spawned":[3,4,10,21,24,31,33,40],"killed_by":"Spire Growth","ascension_level":8}}