{"host":"qbjtml023iza03hb","time":1614004266,"event":{"mods":["AchievementEnabler","BaseMod","Better Sensory Stone","Better Skull","Minty Spire (QoL Compilation)","StSLib","The Animator"],"gold_per_floor":[125,145,161,111,36,62,62,62,89,89,99,124,143,43,43,141,141,155,170,170,183,88,116,116,116,139,238,251,251,251,266,266,368,368,388,141,141,141,165,165,165,196,196,227,227,257,257,11,11,15],"floor_reached":51,"language":"FRA","playtime":5324,"items_purged":["animator:Defend","animator:Strike"],"score":745,"play_id":"3177ea40-8dcd-46b5-ab8f-d4272125e539","local_time":"20210222153106","is_ascension_mode":false,"campfire_choices":[{"data":"animator:Konayuki","floor":7.0,"key":"SMITH"},{"data":"animator:Shion","floor":10.0,"key":"SMITH"},{"data":"animator:KyokoSakura","floor":15.0,"key":"SMITH"},{"floor":30,"key":"REST"},{"data":"animator:Konayuki","floor":32,"key":"SMITH"},{"data":"animator:Shizu","floor":40,"key":"SMITH"},{"floor":45,"key":"REST"},{"data":"animator:MaesHughes","floor":47,"key":"SMITH"},{"data":"animator:KyokoSakura","floor":49,"key":"SMITH"}],"circlet_count":0,"master_deck":["animator:Defend_TenSura","animator:Benimaru","animator:Shuna","animator:Shion+1","animator:Konayuki+1","animator:MaesHughes+1","animator:KyokoSakura+1","animator:HighElfArcher","animator:MaesHughes+1","animator:HigakiRinne","animator:Envy+1","animator:UneriGinkaku+1","animator:NononJakuzure+1","animator:Konayuki+1","animator:LizardPriest+1","animator:Shuna","animator:MamizouFutatsuiwa","animator:Konayuki+1","animator:Shichika+1","animator:KyokoSakura+1","animator:HigakiRinne+1","animator:Shizu+1","animator:HighElfArcher+1","animator:Biyorigo","animator:GuildGirl+1","animator:Shuna+1","animator:MaesHughes+1","animator:Shimakaze","animator:HigakiRinne+1","animator:Priestess+1","animator:Konayuki+1","animator:Laby","animator:IchigoKurosaki+1"],"relics":["animator:TheMissingPiece","NeowsBlessing","Gambling Chip","Toy Ornithopter","Astrolabe","Nloth\u0027s Gift","Toxic Egg 2","Enchiridion","Sozu","Orrery","Torii","Bottled Flame","animator:EngravedStaff","Lee\u0027s Waffle"],"acts_visited":["Exordium","TheCity","TheBeyond"],"potions_floor_usage":[33],"damage_taken":[{"damage":0.0,"enemies":"Cultist","floor":1.0,"turns":1.0},{"damage":0.0,"enemies":"Jaw Worm","floor":2.0,"turns":1.0},{"damage":0.0,"enemies":"2 Louse","floor":3.0,"turns":1.0},{"damage":24.0,"enemies":"Lagavulin","floor":6.0,"turns":5.0},{"damage":6.0,"enemies":"Red Slaver","floor":11.0,"turns":3.0},{"damage":0.0,"enemies":"Large Slime","floor":12.0,"turns":2.0},{"damage":19.0,"enemies":"Exordium Thugs","floor":13.0,"turns":3.0},{"damage":1.0,"enemies":"Hexaghost","floor":16.0,"turns":6.0},{"damage":0.0,"enemies":"Chosen","floor":18.0,"turns":2.0},{"damage":5.0,"enemies":"3 Byrds","floor":19.0,"turns":2.0},{"damage":12.0,"enemies":"Sentry and Sphere","floor":21.0,"turns":5.0},{"damage":25.0,"enemies":"Book of Stabbing","floor":23.0,"turns":5.0},{"damage":6.0,"enemies":"Centurion and Healer","floor":28.0,"turns":6.0},{"damage":9,"enemies":"Snake Plant","floor":31,"turns":3},{"damage":5,"enemies":"Champ","floor":33,"turns":7},{"damage":0,"enemies":"Orb Walker","floor":35,"turns":3},{"damage":27,"enemies":"3 Darklings","floor":39,"turns":6},{"damage":8,"enemies":"4 Shapes","floor":42,"turns":5},{"damage":7,"enemies":"Jaw Worm Horde","floor":44,"turns":5},{"damage":0,"enemies":"Giant Head","floor":46,"turns":7},{"damage":51,"enemies":"Time Eater","floor":50,"turns":7}],"seed_played":"1007841714287326510","potions_obtained":[{"floor":2.0,"key":"Strength Potion"},{"floor":3.0,"key":"LiquidMemories"},{"floor":12.0,"key":"EssenceOfSteel"},{"floor":13.0,"key":"GamblersBrew"},{"floor":28.0,"key":"LiquidBronze"},{"floor":31,"key":"DuplicationPotion"},{"floor":33,"key":"Fire Potion"}],"is_trial":false,"path_per_floor":["M","M","M","?","$","E","R","?","T","R","M","M","M","$","R","B",null,"M","M","?","M","$","E","?","?","T","?","M","?","R","M","R","B",null,"M","$","T","?","M","R","?","M","T","M","R","E","R","$","R","B",null],"character_chosen":"THE_ANIMATOR","items_purchased":["animator:MamizouFutatsuiwa","Orrery","animator:MaesHughes+1","animator:Shimakaze","animator:IchigoKurosaki+1","Lee\u0027s Waffle"],"campfire_rested":2,"item_purchase_floors":[22,36,36,36,48,48],"current_hp_per_floor":[66,66,66,66,66,42,42,42,42,42,36,36,17,17,17,21,66,66,62,62,55,55,35,19,19,19,19,13,7,27,18,18,18,67,68,68,68,59,32,32,32,25,25,18,38,38,38,76,76,25],"gold":15,"neow_bonus":"THREE_ENEMY_KILL","is_daily":false,"chose_seed":false,"campfire_upgraded":7,"win_rate":0.0,"timestamp":1614004266,"path_taken":["M","M","?","?","$","E","R","?","T","R","M","?","M","$","R","BOSS","M","M","?","M","?","E","?","?","T","?","M","?","R","?","R","BOSS","M","?","?","?","M","R","?","M","T","M","R","E","R","$","R","BOSS"],"items_purchased_type":["Card","Relic","Card","Card","Card","Relic"],"build_version":"2020-12-22","purchased_purges":2,"victory":true,"max_hp_per_floor":[66,66,66,66,66,66,66,66,66,66,66,66,66,66,66,66,66,66,67,67,67,67,67,67,67,67,67,67,67,67,67,67,67,67,68,68,68,68,68,68,68,69,69,69,69,69,69,76,76,76],"card_choices":[{"not_picked":["animator:Raven","animator:Nanami"],"picked":"animator:Shion","floor":1.0},{"not_picked":["animator:Elsword","animator:EmiyaShirou"],"picked":"animator:Konayuki","floor":2.0},{"not_picked":["animator:Gluttony","animator:OrikoMikuni","animator:Scar"],"picked":"SKIP","floor":3.0},{"not_picked":["animator:ElricAlphonse","animator:Pride"],"picked":"animator:MaesHughes","floor":6.0},{"not_picked":["animator:WinryRockbell","animator:LizardPriest"],"picked":"animator:KyokoSakura","floor":11.0},{"not_picked":["animator:SakuraMatou","animator:Shuna"],"picked":"animator:HighElfArcher","floor":12.0},{"not_picked":["animator:Greed","animator:Chung"],"picked":"animator:MaesHughes","floor":13.0},{"not_picked":["animator:Biyorigo","animator:HomuraAkemi"],"picked":"animator:HigakiRinne","floor":16.0},{"not_picked":["animator:Nanami","animator:ZankiKiguchi"],"picked":"animator:Konayuki","floor":18.0},{"not_picked":["animator:ElricAlphonse","animator:Spearman+1"],"picked":"animator:LizardPriest+1","floor":19.0},{"not_picked":["animator:Gilgamesh","animator:Laby"],"picked":"animator:Shuna","floor":21.0},{"not_picked":["animator:CowGirl+1","animator:Pride+1"],"picked":"animator:Konayuki+1","floor":23.0},{"not_picked":["animator:Emonzaemon","animator:Nanami+1"],"picked":"animator:Shichika+1","floor":28.0},{"not_picked":["animator:UneriGinkaku","animator:Millim"],"picked":"animator:KyokoSakura","floor":31},{"not_picked":["animator:MadokaKaname+1","animator:Greed"],"picked":"animator:HigakiRinne+1","floor":33},{"not_picked":["animator:Father+1","animator:Shion"],"picked":"animator:Shizu","floor":35},{"not_picked":["animator:Emonzaemon","animator:Shion"],"picked":"animator:HighElfArcher+1","floor":36},{"not_picked":["animator:Elesis","animator:Lancer"],"picked":"animator:Biyorigo","floor":36},{"not_picked":["animator:DwarfShaman","animator:Millim+1"],"picked":"animator:GuildGirl+1","floor":36},{"not_picked":["animator:Ciel+1","animator:Millim"],"picked":"animator:Shuna+1","floor":36},{"not_picked":["animator:Add+1","animator:Hitei+1","animator:SakuraMatou+1"],"picked":"SKIP","floor":39},{"not_picked":["animator:Spearman","animator:HighElfArcher"],"picked":"animator:Priestess+1","floor":42},{"not_picked":["animator:UneriGinkaku","animator:IrohaTamaki"],"picked":"animator:Konayuki+1","floor":44},{"not_picked":["animator:Eve","animator:GazelDwargon"],"picked":"animator:Laby","floor":46}],"player_experience":507655,"relics_obtained":[{"floor":6.0,"key":"Gambling Chip"},{"floor":9.0,"key":"Toy Ornithopter"},{"floor":23.0,"key":"Toxic Egg 2"},{"floor":24.0,"key":"Enchiridion"},{"floor":37,"key":"Torii"},{"floor":43,"key":"Bottled Flame"},{"floor":46,"key":"animator:EngravedStaff"}],"event_choices":[{"cards_removed":["animator:Strike"],"damage_healed":0.0,"max_hp_gain":0.0,"max_hp_loss":0.0,"gold_gain":0.0,"event_name":"The Cleric","player_choice":"Card Removal","floor":4.0,"gold_loss":50.0,"damage_taken":0.0},{"cards_removed":["animator:Defend"],"damage_healed":0.0,"max_hp_gain":0.0,"max_hp_loss":0.0,"gold_gain":0.0,"event_name":"Bonfire Elementals","player_choice":"Offered Basic","floor":8.0,"gold_loss":0.0,"damage_taken":0.0},{"damage_healed":0.0,"max_hp_gain":0.0,"max_hp_loss":0.0,"gold_gain":0.0,"event_name":"N\u0027loth","player_choice":"Traded Relic","floor":20.0,"relics_lost":["animator:LivingPicture"],"gold_loss":0.0,"damage_taken":0.0,"relics_obtained":["Nloth\u0027s Gift"]},{"damage_healed":0.0,"max_hp_gain":0.0,"max_hp_loss":0.0,"gold_gain":0.0,"event_name":"Cursed Tome","player_choice":"Obtained Book","floor":24.0,"gold_loss":0.0,"damage_taken":16.0},{"damage_healed":0.0,"max_hp_gain":0.0,"max_hp_loss":0.0,"gold_gain":0.0,"event_name":"Vampires","player_choice":"Ignored","floor":25.0,"gold_loss":0.0,"damage_taken":0.0},{"damage_healed":0.0,"max_hp_gain":0.0,"max_hp_loss":0.0,"gold_gain":99.0,"event_name":"Nest","player_choice":"Stole From Cult","floor":27.0,"gold_loss":0.0,"damage_taken":0.0},{"damage_healed":0,"gold_gain":0,"player_choice":"Damaged","damage_taken":6,"max_hp_gain":0,"max_hp_loss":0,"event_name":"Wheel of Change","floor":29,"gold_loss":0},{"damage_healed":0,"gold_gain":0,"player_choice":"Embrace Madness","damage_taken":9,"max_hp_gain":0,"max_hp_loss":0,"event_name":"Winding Halls","floor":38,"gold_loss":0,"cards_obtained":["animator:HigakiRinne"]},{"damage_healed":0,"gold_gain":0,"player_choice":"Upgraded","damage_taken":0,"max_hp_gain":0,"max_hp_loss":0,"event_name":"Upgrade Shrine","floor":41,"gold_loss":0,"cards_upgraded":["animator:MaesHughes"]}],"is_beta":false,"boss_relics":[{"not_picked":["Mark of Pain","Calling Bell"],"picked":"Astrolabe"},{"not_picked":["animator:RacePiece","Mark of Pain"],"picked":"Sozu"}],"items_purged_floors":[5,14],"is_endless":false,"potions_floor_spawned":[2,3,12,13,28,31,33,46],"ascension_level":0}}