{"host":"yq9izw6r1wt570l5","time":1614022176,"event":{"mods":["AchievementEnabler","BaseMod","BetterRewards","Colored Powertips","Downfall","Hermit","Infinite Spire","Jorbs\u0027s Wanderer Trilogy","Minty Spire (QoL Compilation)","Replay The Spire","StSLib","The Bladedancer","The Cursed","The Runesmith"],"gold_per_floor":[113,113,133,147,159,186,249,249,249,249,249,263,291,261,261,362,462,472,507,507,523,535,535,550,550,619,632,632,667,677,704,704,807,807,819,819,819,819,819],"floor_reached":38,"language":"ENG","playtime":2275,"items_purged":[],"score":574,"play_id":"7d366447-f107-4bfc-8b04-6182fdc47fa2","local_time":"20210222162936","is_ascension_mode":false,"campfire_choices":[{"data":"1","floor":8,"key":"LIFT"},{"data":"2","floor":10,"key":"LIFT"},{"data":"3","floor":15,"key":"LIFT"},{"floor":23,"key":"RECALL"},{"floor":28,"key":"REST"},{"floor":32,"key":"REST"}],"circlet_count":0,"master_deck":["Strike_R","Strike_R","Strike_R","Strike_R","Strike_R","Defend_R","Bash","Apotheosis+1","Cleave","Combust","Heavy Blade","Infernal Blade","Bloodletting","ReplayTheSpireMod:Muscle Training","Double Tap","ReplayTheSpireMod:LeadingStrike+1","ReplayTheSpireMod:Limb From Limb+1","Rupture+1","infinitespire:NeuralNetwork","Bloodletting+1","Seeing Red+1","Dual Wield+1","Infernal Blade+1","Brutality","Dark Embrace+1","Secret Weapon+1","Battle Trance+1","Entrench+1","Perfected Strike+1"],"relics":["Burning Blood","infinitespire:Joker Card","Girya","Shuriken","Oddly Smooth Stone","Replay:Bottled Steam","Replay:Wanted Poster","Red Mask","Ice Cream","Toxic Egg 2","Counterbalance","Strawberry","Runic Cube","Onion Ring","Astrolabe"],"acts_visited":["Exordium","TheCity","TheBeyond"],"potions_floor_usage":[6,6,7,19,22,33,38],"damage_taken":[{"damage":1,"enemies":"Cultist","floor":1,"turns":4},{"damage":2,"enemies":"2 Louse","floor":3,"turns":2},{"damage":10,"enemies":"Jaw Worm","floor":4,"turns":4},{"damage":7,"enemies":"Red Slaver","floor":5,"turns":4},{"damage":7,"enemies":"3 Sentries","floor":6,"turns":7},{"damage":6,"enemies":"3 Sentries","floor":7,"turns":2},{"damage":0,"enemies":"2 Fungi Beasts","floor":12,"turns":2},{"damage":12,"enemies":"Replay:BlueRogue","floor":13,"turns":3},{"damage":2,"enemies":"Slime Boss","floor":16,"turns":3},{"damage":24,"enemies":"3 Byrds","floor":18,"turns":3},{"damage":5,"enemies":"Masked Bandits","floor":19,"turns":3},{"damage":8,"enemies":"Chosen","floor":21,"turns":3},{"damage":16,"enemies":"Centurion and Healer","floor":22,"turns":3},{"damage":8,"enemies":"Snecko","floor":24,"turns":3},{"damage":10,"enemies":"Cultist and Chosen","floor":27,"turns":2},{"damage":21,"enemies":"Slavers","floor":29,"turns":4},{"damage":16,"enemies":"3 Cultists","floor":30,"turns":4},{"damage":32,"enemies":"Gremlin Leader","floor":31,"turns":4},{"damage":26,"enemies":"Collector","floor":33,"turns":5},{"damage":13,"enemies":"3 Shapes","floor":35,"turns":3},{"damage":34,"enemies":"infinitespire:Three Voidlings","floor":38,"turns":3},{"damage":101,"enemies":"Nightmare_Alpha","floor":38,"turns":4}],"seed_played":"7945946203532177473","potions_obtained":[{"floor":1,"key":"infinitespire:BlackPotion"},{"floor":3,"key":"EssenceOfSteel"},{"floor":6,"key":"Explosive Potion"},{"floor":12,"key":"Elixir"},{"floor":14,"key":"Swift Potion"},{"floor":14,"key":"EssenceOfSteel"},{"floor":21,"key":"AttackPotion"},{"floor":27,"key":"DistilledChaos"},{"floor":29,"key":"FairyPotion"}],"is_trial":false,"path_per_floor":["M","?","M","M","M","E","?","R","T","R","$","M","E","?","R","B",null,"M","?","?","M","M","R","M","AVR","T","M","R","E","M","E","R","B",null,"M","?","AVR","?"],"character_chosen":"IRONCLAD","items_purchased":["Apotheosis","Girya"],"campfire_rested":2,"item_purchase_floors":[0,0],"current_hp_per_floor":[49,49,53,49,48,47,47,47,47,47,47,53,47,47,47,51,75,57,58,58,56,46,46,44,44,44,40,62,47,37,18,42,22,82,75,75,75,0,0],"gold":819,"neow_bonus":"","is_daily":false,"chose_seed":false,"campfire_upgraded":0,"win_rate":0.0,"timestamp":1614022176,"path_taken":["M","?","M","M","M","E","?","R","T","R","$","M","E","?","R","BOSS","M","?","?","M","M","R","M","AVR","T","M","R","E","?","E","R","BOSS","M","?","AVR","?"],"items_purchased_type":["Card","Relic"],"build_version":"2020-12-22","purchased_purges":0,"victory":false,"max_hp_per_floor":[75,75,75,75,75,75,75,75,75,75,75,75,75,75,75,75,75,75,75,75,75,75,75,75,75,75,75,75,75,75,82,82,82,82,82,82,82,82,82],"card_choices":[{"not_picked":["Pommel Strike","Replay:Undeath\u0027s Touch"],"picked":"Cleave","floor":1},{"not_picked":["Warcry","Dark Embrace"],"picked":"Combust","floor":3},{"not_picked":["Armaments","Twin Strike"],"picked":"Heavy Blade","floor":4},{"not_picked":["Intimidate","Cleave"],"picked":"Infernal Blade","floor":5},{"not_picked":["Clash","Twin Strike"],"picked":"Bloodletting","floor":6},{"not_picked":["Anger","Armaments"],"picked":"ReplayTheSpireMod:Muscle Training","floor":12},{"not_picked":["Replay:Undeath\u0027s Touch","Flex","Dark Embrace"],"picked":"SKIP","floor":13},{"not_picked":["Hemogenesis","Barricade"],"picked":"Double Tap","floor":16},{"not_picked":["Twin Strike+1","Iron Wave"],"picked":"ReplayTheSpireMod:LeadingStrike+1","floor":18},{"not_picked":["Eclipse","Shrug It Off"],"picked":"ReplayTheSpireMod:Limb From Limb+1","floor":21},{"not_picked":["Second Wind","Shrug It Off+1","Body Slam"],"picked":"SKIP","floor":22},{"not_picked":["ReplayTheSpireMod:Strike From Hell","Twin Strike+1"],"picked":"Rupture+1","floor":24},{"not_picked":["True Grit+1","Eclipse+1"],"picked":"Bloodletting+1","floor":27},{"not_picked":["Searing Blow","Anger"],"picked":"Seeing Red+1","floor":29},{"not_picked":["Iron Wave","Heavy Blade"],"picked":"Dual Wield+1","floor":30},{"not_picked":["Battle Trance+1","Sword Boomerang"],"picked":"Infernal Blade+1","floor":31},{"not_picked":["Berserk","Corruption"],"picked":"Brutality","floor":33},{"not_picked":["Pommel Strike","Sever Soul"],"picked":"Dark Embrace+1","floor":35},{"not_picked":["Apotheosis+1","Discovery+1"],"picked":"Secret Weapon+1","floor":36}],"player_experience":67897,"relics_obtained":[{"floor":6,"key":"Shuriken"},{"floor":13,"key":"Replay:Bottled Steam"},{"floor":19,"key":"Red Mask"},{"floor":26,"key":"Toxic Egg 2"},{"floor":29,"key":"Counterbalance"},{"floor":31,"key":"Strawberry"}],"event_choices":[{"damage_healed":0,"gold_gain":0,"player_choice":"Searched \u00273\u0027 times","damage_taken":0,"relics_obtained":["Oddly Smooth Stone"],"max_hp_gain":0,"max_hp_loss":0,"event_name":"Dead Adventurer","floor":7,"gold_loss":0},{"damage_healed":0,"gold_gain":0,"player_choice":"Bought 2 Potions","damage_taken":0,"max_hp_gain":0,"max_hp_loss":0,"event_name":"The Woman in Blue","floor":14,"gold_loss":0},{"damage_healed":0,"gold_gain":0,"player_choice":"Fought Bandits","damage_taken":0,"max_hp_gain":0,"max_hp_loss":0,"event_name":"Masked Bandits","floor":19,"gold_loss":0},{"damage_healed":0,"gold_gain":0,"player_choice":"Ignored","damage_taken":0,"max_hp_gain":0,"max_hp_loss":0,"event_name":"Vampires","floor":20,"gold_loss":0},{"damage_healed":0,"gold_gain":0,"player_choice":"Memory 1","damage_taken":0,"max_hp_gain":0,"max_hp_loss":0,"event_name":"SensoryStone","floor":36,"gold_loss":0}],"is_beta":false,"boss_relics":[{"not_picked":["Calling Bell","Runic Pyramid"],"picked":"Replay:Wanted Poster"},{"not_picked":["ReplayTheSpireMod:DimensionalGlitch","Electric Blood"],"picked":"Runic Cube"}],"items_purged_floors":[],"is_endless":false,"potions_floor_spawned":[1,3,6,12,16,21,27,29,31],"killed_by":"Nightmare_Alpha","ascension_level":0}}