{"host":"lmshf3swj20gmdor","time":1614009301,"event":{"mods":["2.2 Compatiblity","BaseMod","Conspire","Downfall","Googly Eyes","Hubris","Minty Spire (QoL Compilation)","Replay The Spire","Spikes Relics","StSLib","Synergy Search","The Servant 0.9.4"],"gold_per_floor":[0,15,31,44,57,92,92,119,133,151,151,136,136,164,182,283,283,283,293,307,307,307,307],"floor_reached":21,"language":"ENG","playtime":733,"items_purged":[],"score":306,"play_id":"e5dc8cbb-fb19-4750-9623-eb0652952f1e","local_time":"20210222155501","is_ascension_mode":true,"campfire_choices":[],"circlet_count":0,"master_deck":["bronze:Strike","bronze:Strike","bronze:Defend","bronze:Defend","bronze:Defend","bronze:Defend","bronze:Goto","bronze:InfiniteLoop","bronze:Shell","bronze:FollowUp","bronze:Boost","bronze:ItsAFeature","bronze:Iterate","bronze:FineTuning+1","bronze:Overload+1"],"relics":["bronze:BronzeCore","hexamod:BolsterEngine","SpikesRelics:ToyHorsey","hubris:DeckOfHolding","MiniBlackHole","Ring of Chaos"],"acts_visited":["Exordium","TheCity"],"potions_floor_usage":[16],"damage_taken":[{"damage":0,"enemies":"2 Louse","floor":2,"turns":3},{"damage":12,"enemies":"Jaw Worm","floor":3,"turns":4},{"damage":0,"enemies":"Cultist","floor":4,"turns":3},{"damage":15,"enemies":"Large Slime","floor":5,"turns":6},{"damage":24,"enemies":"Replay:BlueRogue","floor":6,"turns":5},{"damage":1,"enemies":"3 Sentries","floor":8,"turns":5},{"damage":0,"enemies":"downfall:LooterAlt","floor":9,"turns":2},{"damage":10,"enemies":"Red Slaver","floor":10,"turns":2},{"damage":0,"enemies":"downfall:FleeingMerchant","floor":12,"turns":4},{"damage":0,"enemies":"Gremlin Nob","floor":14,"turns":4},{"damage":1,"enemies":"Exordium Thugs","floor":15,"turns":4},{"damage":0,"enemies":"IC_STATUS_ARCHETYPE","floor":16,"turns":5},{"damage":21,"enemies":"Chosen","floor":19,"turns":5},{"damage":24,"enemies":"Spheric Guardian","floor":20,"turns":6},{"damage":25,"enemies":"Snake Plant","floor":21,"turns":3}],"seed_played":"-8227252034685824897","potions_obtained":[{"floor":2,"key":"Languid Potion"},{"floor":3,"key":"SpeedPotion"},{"floor":4,"key":"Explosive Potion"},{"floor":5,"key":"bronze:CleanCodePotion"},{"floor":18,"key":"CultistPotion"}],"is_trial":false,"path_per_floor":["R","M","M","M","M","E","T","E","M","M","?","$","?","E","M","B",null,"R","M","M","M"],"character_chosen":"THE_AUTOMATON","items_purchased":[],"campfire_rested":0,"item_purchase_floors":[],"current_hp_per_floor":[70,70,58,58,43,19,19,18,18,8,8,8,8,8,7,7,70,70,49,25,0,0,0],"gold":307,"neow_bonus":"THREE_RARE_CARDS","is_daily":false,"chose_seed":false,"campfire_upgraded":0,"win_rate":0.0,"timestamp":1614009301,"path_taken":["R","M","M","M","M","E","T","E","M","M","?","$","?","E","M","BOSS","R","M","M","?"],"items_purchased_type":[],"build_version":"2020-12-22","purchased_purges":0,"victory":false,"max_hp_per_floor":[70,70,70,70,70,70,70,70,70,70,70,70,70,70,70,70,70,70,70,70,70,70,70],"card_choices":[{"not_picked":["bronze:TinkerersToolbox","bronze:SpaghettiCode"],"picked":"bronze:InfiniteLoop","floor":0},{"not_picked":["bronze:Flail","bronze:ForceShield"],"picked":"bronze:FollowUp","floor":2},{"not_picked":["bronze:Constructor","bronze:CutThrough","bronze:Return"],"picked":"SKIP","floor":3},{"not_picked":["bronze:ForLoop","bronze:FineTuning","bronze:Constructor"],"picked":"SKIP","floor":4},{"not_picked":["bronze:BugBarrage","bronze:CloningBeam"],"picked":"bronze:Boost","floor":5},{"not_picked":["bronze:DigitalCarnage","bronze:Branch"],"picked":"bronze:ItsAFeature","floor":6},{"not_picked":["bronze:Deprecate","bronze:ChosenStrike"],"picked":"bronze:Iterate","floor":8},{"not_picked":["bronze:Overheat","bronze:HyperBeam","bronze:WhirlingStrike"],"picked":"SKIP","floor":9},{"not_picked":["bronze:Flail","bronze:Repulsor","bronze:Overheat"],"picked":"SKIP","floor":10},{"not_picked":["bronze:ForLoop","bronze:CutThrough","bronze:Invalidate"],"picked":"SKIP","floor":12},{"not_picked":["bronze:WhirlingStrike","bronze:Overheat","bronze:OilSpill"],"picked":"SKIP","floor":14},{"not_picked":["bronze:Frontload","bronze:InfiniteBeams","bronze:Separator"],"picked":"SKIP","floor":15},{"not_picked":["bronze:Deprecate","bronze:ClassDefault"],"picked":"bronze:Overload+1","floor":19},{"not_picked":["bronze:Shell","bronze:Turbo","bronze:Invalidate"],"picked":"SKIP","floor":20}],"player_experience":831102,"relics_obtained":[{"floor":6,"key":"hexamod:BolsterEngine"},{"floor":7,"key":"SpikesRelics:ToyHorsey"},{"floor":8,"key":"hubris:DeckOfHolding"},{"floor":14,"key":"MiniBlackHole"}],"event_choices":[],"is_beta":false,"boss_relics":[{"not_picked":["Replay:Ancient Bell","hubris:CrackedHourglass"],"picked":"Ring of Chaos"}],"items_purged_floors":[],"is_endless":false,"potions_floor_spawned":[2,3,4,5,8,14,19],"killed_by":"Snake Plant","ascension_level":2}}