{"host":"wqi7jvkbznmdbtu0","time":1614009938,"event":{"mods":["Act Like it!","BaseMod","Downfall","Hermit","Hubris","Infinite Spire","Mimic Mod","Minty Spire (QoL Compilation)","Quick Restart","Replay The Spire","Ruina","StSLib","The Construct","The Jungle","The Mystic"],"gold_per_floor":[111,36,36,51,68,68,103,103,103,128,142,153,153,153,153,258,258,275,275,26,64,7,7,7,31,58,58,96,133,133,172,172,291,291,321,365,389,389],"floor_reached":37,"language":"ENG","playtime":2575,"items_purged":["Strike_G","Catalyst"],"score":531,"play_id":"62cb2ca0-1624-4e97-897d-7046f046e91f","local_time":"20210222160538","is_ascension_mode":false,"campfire_choices":[{"data":"Die Die Die","floor":6.0,"key":"SMITH"},{"floor":15.0,"key":"REST"},{"data":"Storm of Steel","floor":23.0,"key":"SMITH"},{"data":"After Image","floor":32.0,"key":"SMITH"}],"circlet_count":0,"master_deck":["Strike_G+1","Defend_G+1","Defend_G+1","Defend_G+1","Defend_G+1","Survivor","Neutralize","Backstab","Die Die Die+1","Neutralize","Outmaneuver","Flying Knee","Acrobatics","Storm of Steel+1","Noxious Fumes+1","Replay:Poison Smokescreen+1","Glass Knife","All Out Attack","Flying Knee","After Image+1","Flying Knee","Dodge and Roll","Replay:Bag of Tricks","Backflip+1","Cloak And Dagger+1"],"relics":["Ring of the Snake","NeowsBlessing","Ice Cream","Blue Candle","ReplayTheSpireMod:Lightbulb","infinitespire:Bottled Soul","Gremlin Food","Empty Cage","hubris:Icosahedron","Replay:Bandana","MealTicket","WristBlade"],"acts_visited":["Exordium","TheCity","TheBeyond"],"potions_floor_usage":[33,33,36],"damage_taken":[{"damage":0.0,"enemies":"Cultist","floor":1.0,"turns":1.0},{"damage":0.0,"enemies":"Jaw Worm","floor":4.0,"turns":1.0},{"damage":0.0,"enemies":"2 Louse","floor":5.0,"turns":1.0},{"damage":2.0,"enemies":"3 Sentries","floor":7.0,"turns":7.0},{"damage":26.0,"enemies":"Lagavulin","floor":10.0,"turns":10.0},{"damage":8.0,"enemies":"Exordium Thugs","floor":11.0,"turns":2.0},{"damage":0.0,"enemies":"3 Louse","floor":12.0,"turns":3.0},{"damage":12.0,"enemies":"The Guardian","floor":16.0,"turns":14.0},{"damage":0.0,"enemies":"Chosen","floor":18.0,"turns":4.0},{"damage":7.0,"enemies":"Shell Parasite","floor":21.0,"turns":4.0},{"damage":16.0,"enemies":"Snake Plant","floor":25.0,"turns":5.0},{"damage":4.0,"enemies":"Chosen and Byrds","floor":28.0,"turns":5.0},{"damage":18.0,"enemies":"Centurion and Healer","floor":29.0,"turns":4.0},{"damage":10.0,"enemies":"Sentry and Sphere","floor":31.0,"turns":3.0},{"damage":10,"enemies":"Pondfish","floor":33,"turns":11},{"damage":21,"enemies":"3 Shapes","floor":35,"turns":3},{"damage":21,"enemies":"3 Darklings","floor":36,"turns":3},{"damage":33,"enemies":"2 Orb Walkers","floor":37,"turns":3}],"seed_played":"-6104383257586261638","potions_obtained":[{"floor":10.0,"key":"SteroidPotion"},{"floor":12.0,"key":"SpeedPotion"},{"floor":18.0,"key":"Fire Potion"},{"floor":21.0,"key":"Languid Potion"},{"floor":35,"key":"LiquidBronze"}],"is_trial":false,"path_per_floor":["M","$","?","M","M","R","E","T","T","E","M","M","?","T","R","B",null,"M","?","$","M","$","R","?","M","T","?","M","M","?","M","R","B",null,"M","M","?"],"character_chosen":"THE_SILENT","items_purchased":["Replay:Bandana","Replay:Poison Smokescreen+1"],"campfire_rested":1,"item_purchase_floors":[20,22],"current_hp_per_floor":[70,70,70,70,70,70,68,68,68,42,34,34,57,57,70,58,70,70,70,70,63,63,63,63,47,47,47,43,25,25,15,15,5,70,49,28,0,0],"gold":389,"neow_bonus":"THREE_ENEMY_KILL","is_daily":false,"chose_seed":false,"campfire_upgraded":3,"win_rate":0.0,"timestamp":1614009938,"path_taken":["M","$","?","?","M","R","E","?","T","E","M","M","?","?","R","BOSS","M","?","$","M","?","R","?","M","T","?","M","M","?","M","R","BOSS","M","?","?"],"items_purchased_type":["Relic","Card"],"build_version":"2020-12-22","purchased_purges":2,"victory":false,"max_hp_per_floor":[70,70,70,70,70,70,70,70,70,70,70,70,70,70,70,70,70,70,70,70,70,70,70,70,70,70,70,70,70,70,70,70,70,70,70,70,70,70],"card_choices":[{"not_picked":["ReplayTheSpireMod:The Works","Reflex"],"picked":"Backstab","floor":1.0},{"not_picked":["Acrobatics","Caltrops","PiercingWail"],"picked":"SKIP","floor":4.0},{"not_picked":["Choke","hubris:SlightOfHand"],"picked":"Cloak And Dagger","floor":5.0},{"not_picked":["Hidden Blade","Deflect"],"picked":"Outmaneuver","floor":7.0},{"not_picked":["Dodge and Roll","Draining Mist","Flying Knee"],"picked":"SKIP","floor":10.0},{"not_picked":["Dodge and Roll","Draining Mist"],"picked":"Flying Knee","floor":10.0},{"not_picked":["Escape Plan","Underhanded Strike","Prepared"],"picked":"SKIP","floor":11.0},{"not_picked":["Backflip","Dagger Throw"],"picked":"Acrobatics","floor":12.0},{"not_picked":["Venomology","Tools of the Trade"],"picked":"Storm of Steel","floor":16.0},{"not_picked":["Dagger Spray+1","Slice","Well Laid Plans+1"],"picked":"SKIP","floor":18.0},{"not_picked":["Skewer","Deflect"],"picked":"Noxious Fumes+1","floor":21.0},{"not_picked":["Sucker Punch","ReplayTheSpireMod:Speed Training","Hidden Blade+1"],"picked":"SKIP","floor":25.0},{"not_picked":["Dagger Spray","Dash+1"],"picked":"Flying Knee","floor":28.0},{"not_picked":["Blade Dance","Skewer"],"picked":"After Image","floor":29.0},{"not_picked":["Leg Sweep","Expertise+1"],"picked":"Dodge and Roll","floor":31.0},{"not_picked":["Poison Darts","Tools of the Trade"],"picked":"Replay:Bag of Tricks","floor":33},{"not_picked":["Sucker Punch","Prepared"],"picked":"Backflip+1","floor":35},{"not_picked":["Dagger Throw","Deflect"],"picked":"Cloak And Dagger+1","floor":36}],"player_experience":90868,"relics_obtained":[{"floor":7.0,"key":"Ice Cream"},{"floor":8.0,"key":"Blue Candle"},{"floor":9.0,"key":"ReplayTheSpireMod:Lightbulb"},{"floor":10.0,"key":"infinitespire:Bottled Soul"},{"floor":14.0,"key":"Gremlin Food"},{"floor":26.0,"key":"MealTicket"}],"event_choices":[{"damage_healed":0.0,"max_hp_gain":0.0,"max_hp_loss":0.0,"gold_gain":0.0,"event_name":"Match and Keep!","player_choice":"3 cards matched","floor":3.0,"gold_loss":0.0,"damage_taken":0.0,"cards_obtained":["Die Die Die","Neutralize","Catalyst"]},{"damage_healed":23.0,"max_hp_gain":0.0,"max_hp_loss":0.0,"gold_gain":0.0,"event_name":"Big Fish","player_choice":"Banana","floor":13.0,"gold_loss":0.0,"damage_taken":0.0},{"damage_healed":0.0,"max_hp_gain":0.0,"max_hp_loss":0.0,"gold_gain":0.0,"event_name":"Back to Basics","player_choice":"Simplicity","floor":24.0,"gold_loss":0.0,"damage_taken":0.0,"cards_upgraded":["Strike_G","Defend_G","Defend_G","Defend_G","Defend_G","Defend_G"]},{"damage_healed":0.0,"max_hp_gain":0.0,"max_hp_loss":0.0,"gold_gain":0.0,"cards_transformed":["Cloak And Dagger","Strike_G"],"event_name":"Drug Dealer","player_choice":"Became Test Subject","floor":27.0,"gold_loss":0.0,"damage_taken":0.0,"cards_obtained":["Glass Knife","All Out Attack"]},{"damage_healed":0.0,"max_hp_gain":0.0,"max_hp_loss":0.0,"gold_gain":0.0,"cards_transformed":["Defend_G"],"event_name":"Transmorgrifier","player_choice":"Transformed","floor":30.0,"gold_loss":0.0,"damage_taken":0.0,"cards_obtained":["Flying Knee"]},{"damage_healed":0,"gold_gain":0,"player_choice":"Fight","damage_taken":0,"max_hp_gain":0,"max_hp_loss":0,"event_name":"Mysterious Sphere","floor":37,"gold_loss":0}],"is_beta":false,"boss_relics":[{"not_picked":["SlaversCollar","Ring of Chaos"],"picked":"Empty Cage"},{"not_picked":["hubris:CrackedHourglass","Replay:Drink Me"],"picked":"WristBlade"}],"items_purged_floors":[2,20],"is_endless":false,"potions_floor_spawned":[10,12,18,21,25,29,35],"killed_by":"2 Orb Walkers","ascension_level":0}}