{"host":"9ac506c1ebg8floo","time":1614032099,"event":{"mods":["BaseMod","Colored Powertips","Curses Come First","Minty Spire (QoL Compilation)","Replay The Spire","Shop Mod","StSLib"],"gold_per_floor":[111,111,125,125,49,49,100,100,100,120,154,170,190,205,205,205,205],"floor_reached":16,"language":"ENG","playtime":853,"items_purged":[],"score":102,"play_id":"3413b2b7-0dcf-492f-b964-8c11b15446b8","local_time":"20210222231459","is_ascension_mode":false,"campfire_choices":[{"data":"ReplayTheSpireMod:Scrap Shanks","floor":6,"key":"SMITH"},{"data":"Replay:Poison Smokescreen","floor":8,"key":"SMITH"},{"data":"ReplayTheSpireMod:Scrap Shanks","floor":15,"key":"SMITH"}],"circlet_count":0,"master_deck":["Strike_G","Strike_G","Strike_G","Strike_G","Strike_G","Defend_G","Defend_G","Defend_G","Defend_G","Survivor","Neutralize","Acrobatics","Replay:Poison Smokescreen+1","ReplayTheSpireMod:Scrap Shanks+1","Terror","Fluid Movement","ReplayTheSpireMod:Scrap Shanks+1","Finisher"],"relics":["Ring of the Snake","NeowsBlessing","Golden Idol","Tiny Chest","Ginger","The Courier"],"acts_visited":["Exordium"],"potions_floor_usage":[11,16,16],"damage_taken":[{"damage":0,"enemies":"Small Slimes","floor":1,"turns":1},{"damage":0,"enemies":"Jaw Worm","floor":3,"turns":1},{"damage":0,"enemies":"Cultist","floor":10,"turns":1},{"damage":20,"enemies":"Gremlin Nob","floor":11,"turns":4},{"damage":4,"enemies":"Looter","floor":12,"turns":4},{"damage":8,"enemies":"2 Fungi Beasts","floor":13,"turns":4},{"damage":6,"enemies":"Blue Slaver","floor":14,"turns":4},{"damage":11,"enemies":"The Guardian","floor":16,"turns":8}],"seed_played":"-7298228636980630381","potions_obtained":[{"floor":10,"key":"PowerPotion"},{"floor":11,"key":"LifebloodPotion"},{"floor":13,"key":"Toxic Potion"}],"is_trial":false,"path_per_floor":["M","?","M","?","$","R","T","R","T","M","E","M","M","M","R","B"],"character_chosen":"THE_SILENT","items_purchased":["ReplayTheSpireMod:Scrap Shanks"],"campfire_rested":0,"item_purchase_floors":[5],"current_hp_per_floor":[70,53,53,46,46,46,46,46,46,46,26,22,14,8,8,0,0],"gold":205,"neow_bonus":"THREE_ENEMY_KILL","is_daily":false,"chose_seed":false,"campfire_upgraded":3,"win_rate":0.0,"timestamp":1614032099,"path_taken":["M","?","M","?","$","R","?","R","T","M","E","M","M","?","R","BOSS"],"items_purchased_type":["Card"],"build_version":"2020-12-22","purchased_purges":0,"victory":false,"max_hp_per_floor":[70,70,70,70,70,70,70,70,70,70,70,70,70,70,70,70,70],"card_choices":[{"not_picked":["Sucker Punch","Blade Dance"],"picked":"Acrobatics","floor":1},{"not_picked":["All Out Attack","Accuracy"],"picked":"Replay:Poison Smokescreen","floor":3},{"not_picked":["Heel Hook","Quick Slash"],"picked":"Terror","floor":10},{"not_picked":["Dodge and Roll","Backflip","Blade Dance"],"picked":"SKIP","floor":11},{"not_picked":["Poisoned Stab","Crippling Poison"],"picked":"Fluid Movement","floor":12},{"not_picked":["Outmaneuver","Deadly Poison"],"picked":"ReplayTheSpireMod:Scrap Shanks","floor":13},{"not_picked":["Malaise","Masterful Stab"],"picked":"Finisher","floor":14}],"player_experience":361009,"relics_obtained":[{"floor":7,"key":"Tiny Chest"},{"floor":9,"key":"Ginger"},{"floor":11,"key":"The Courier"}],"event_choices":[{"damage_healed":0,"gold_gain":0,"player_choice":"Take Damage","damage_taken":17,"relics_obtained":["Golden Idol"],"max_hp_gain":0,"max_hp_loss":0,"event_name":"Golden Idol","floor":2,"gold_loss":0},{"cards_removed":["Defend_G"],"damage_healed":0,"gold_gain":0,"player_choice":"Card Removal","damage_taken":7,"max_hp_gain":0,"max_hp_loss":0,"event_name":"Golden Wing","floor":4,"gold_loss":0}],"is_beta":false,"boss_relics":[],"items_purged_floors":[],"is_endless":false,"potions_floor_spawned":[10,11,13],"killed_by":"The Guardian","ascension_level":0}}