{"host":"jt67skv49snb75sm","time":1614005847,"event":{"mods":["BaseMod","Bestiary","Minty Spire (QoL Compilation)","Relic Stats"],"gold_per_floor":[118,268,4,4,22,47,58,89,89,89,105,115,115,147,147,221,221,240,240,240,240,240,240],"floor_reached":22,"language":"ENG","playtime":1026,"items_purged":["Doubt"],"score":423,"play_id":"7d6eba0b-5a3d-4c87-9201-8b63fa11dbb8","local_time":"20210222155727","is_ascension_mode":true,"campfire_choices":[{"data":"Ragnarok","floor":10,"key":"SMITH"},{"floor":15,"key":"REST"}],"circlet_count":0,"master_deck":["AscendersBane","Strike_P","Strike_P","Strike_P","Strike_P","Defend_P","Defend_P","Defend_P","Defend_P","Eruption+1","Vigilance","FlyingSleeves","EmptyFist+1","Wireheading","FlurryOfBlows","ClearTheMind","Ragnarok+1","FlurryOfBlows","EmptyMind","MentalFortress","ConjureBlade","Protect","RitualDagger"],"relics":["PureWater","Oddly Smooth Stone","Pocketwatch","Pear","Letter Opener","Mummified Hand","Black Star"],"acts_visited":["Exordium","TheCity"],"potions_floor_usage":[12,21],"damage_taken":[{"damage":4.0,"enemies":"2 Louse","floor":1.0,"turns":3.0},{"damage":0.0,"enemies":"Jaw Worm","floor":5.0,"turns":1.0},{"damage":27.0,"enemies":"3 Sentries","floor":6.0,"turns":6.0},{"damage":0.0,"enemies":"Cultist","floor":7.0,"turns":2.0},{"damage":2,"enemies":"Lagavulin","floor":8,"turns":5},{"damage":26,"enemies":"Lots of Slimes","floor":11,"turns":3},{"damage":1,"enemies":"3 Louse","floor":12,"turns":4},{"damage":5,"enemies":"Gremlin Nob","floor":14,"turns":3},{"damage":4,"enemies":"The Guardian","floor":16,"turns":9},{"damage":18,"enemies":"Shell Parasite","floor":18,"turns":4},{"damage":0,"enemies":"2 Thieves","floor":21,"turns":1},{"damage":22,"enemies":"Snecko","floor":22,"turns":5}],"seed_played":"-1879631893606711992","potions_obtained":[{"floor":1.0,"key":"SneckoOil"},{"floor":5.0,"key":"Regen Potion"},{"floor":8,"key":"LiquidBronze"},{"floor":14,"key":"SmokeBomb"}],"is_trial":false,"path_per_floor":["M","?","$","?","M","E","M","E","T","R","M","M","?","E","R","B",null,"M","?","?","M","M"],"character_chosen":"WATCHER","items_purchased":["EmptyFist","Oddly Smooth Stone"],"campfire_rested":1,"item_purchase_floors":[3,3],"current_hp_per_floor":[63,63,63,63,63,36,36,44,44,44,18,29,29,24,49,45,74,56,32,26,26,4,4],"gold":240,"neow_bonus":"TEN_PERCENT_HP_BONUS","is_daily":false,"chose_seed":false,"campfire_upgraded":1,"win_rate":0.0,"timestamp":1614005847,"path_taken":["M","?","?","?","M","E","?","E","T","R","M","?","?","E","R","BOSS","M","?","?","M","M"],"items_purchased_type":["Card","Relic"],"build_version":"2020-12-22","purchased_purges":1,"victory":false,"max_hp_per_floor":[74,74,74,74,74,74,74,84,84,84,84,84,84,84,84,84,84,84,89,89,89,89,89],"relic_stats":{"counters":[12,46],"Mummified Hand":[9],"Black Star":0,"Letter Opener":[40],"obtain_stats":[{"Pear":8,"Mummified Hand":14,"Oddly Smooth Stone":3,"Black Star":17,"Letter Opener":9,"PureWater":0,"Pocketwatch":6},{"Pear":5,"Mummified Hand":8,"Oddly Smooth Stone":1,"Black Star":9,"Letter Opener":5,"PureWater":0,"Pocketwatch":3},{"Pear":17,"Mummified Hand":27,"Oddly Smooth Stone":3,"Black Star":36,"Letter Opener":17,"PureWater":0,"Pocketwatch":10}],"Pocketwatch":[38]},"card_choices":[{"not_picked":["Consecrate","WreathOfFlame"],"picked":"FlyingSleeves","floor":1.0},{"not_picked":["FlyingSleeves","CarveReality"],"picked":"Wireheading","floor":5.0},{"not_picked":["WaveOfTheHand","EmptyBody"],"picked":"FlurryOfBlows","floor":6.0},{"not_picked":["WindmillStrike","Prostrate"],"picked":"ClearTheMind","floor":7.0},{"not_picked":["TalkToTheHand","Sanctity"],"picked":"Ragnarok","floor":8},{"not_picked":["FollowUp","CrushJoints"],"picked":"FlurryOfBlows","floor":11},{"not_picked":["Worship","WreathOfFlame"],"picked":"EmptyMind","floor":12},{"not_picked":["InnerPeace","WindmillStrike"],"picked":"MentalFortress","floor":14},{"not_picked":["Judgement","Ragnarok"],"picked":"ConjureBlade","floor":16},{"not_picked":["ThirdEye","SashWhip"],"picked":"Protect","floor":18}],"player_experience":871027,"relics_obtained":[{"floor":6.0,"key":"Pocketwatch"},{"floor":8,"key":"Pear"},{"floor":9,"key":"Letter Opener"},{"floor":14,"key":"Mummified Hand"}],"event_choices":[{"damage_healed":0.0,"max_hp_gain":0.0,"max_hp_loss":0.0,"gold_gain":150.0,"event_name":"Liars Game","player_choice":"AGREE","floor":2.0,"gold_loss":0.0,"damage_taken":0.0,"cards_obtained":["Doubt"]},{"damage_healed":0.0,"max_hp_gain":0.0,"max_hp_loss":0.0,"gold_gain":0.0,"event_name":"Accursed Blacksmith","player_choice":"Forge","floor":4.0,"gold_loss":0.0,"damage_taken":0.0,"cards_upgraded":["Eruption"]},{"damage_healed":0,"gold_gain":0,"player_choice":"Grow","damage_taken":0,"max_hp_gain":0,"max_hp_loss":0,"event_name":"Living Wall","floor":13,"gold_loss":0,"cards_upgraded":["EmptyFist"]},{"damage_healed":0,"gold_gain":0,"player_choice":"Shed Blood","damage_taken":29,"max_hp_gain":5,"max_hp_loss":0,"event_name":"Forgotten Altar","floor":19,"gold_loss":0},{"damage_healed":0,"gold_gain":0,"player_choice":"Joined the Cult","damage_taken":6,"max_hp_gain":0,"max_hp_loss":0,"event_name":"Nest","floor":20,"gold_loss":0,"cards_obtained":["RitualDagger"]}],"is_beta":false,"boss_relics":[{"not_picked":["Velvet Choker","Cursed Key"],"picked":"Black Star"}],"items_purged_floors":[3],"is_endless":false,"potions_floor_spawned":[1,5,8,14],"killed_by":"Snecko","ascension_level":19}}