{"host":"vh33hu3wddwn6yt6","time":1614022159,"event":{"mods":["AchievementEnabler","Act Like it!","Aspiration","BaseMod","Better Altar","Better Match","Better Note","Better Sensory Stone","Better Skull","Better Third Choice","BetterRewards","Bossed Relics","Downfall","Hubris","Infinite Spire","Minty Spire (QoL Compilation)","Permanent Neow","Replay The Spire","Robot Space Explorer","Shop Mod","Spicy Shops","StSLib","SuperFastMode","The Blackbeard","The Marked","The Necromancer","The Runesmith","The Servant 0.9.4","Wandering Minibosses"],"gold_per_floor":[113,113,113,131,147,182,182,192,192,157,184,1,1,14,14,113,113,123,135,135,146,146,146,162,162,185,185,31,59,59,74,74,74,74],"floor_reached":33,"language":"DEU","playtime":1062,"items_purged":["Strike_P"],"score":289,"play_id":"f384930f-4d4a-431c-add5-8129432c15ac","local_time":"20210222202919","is_ascension_mode":true,"campfire_choices":[{"data":"WindmillStrike","floor":7,"key":"SMITH"},{"floor":15,"key":"REST"},{"data":"Panache","floor":23,"key":"SMITH"},{"floor":25,"key":"REST"},{"floor":30,"key":"REST"},{"floor":32,"key":"REST"}],"circlet_count":0,"master_deck":["Strike_P","Strike_P","Strike_P","Defend_P","Defend_P","Defend_P","Defend_P","Eruption","Vigilance+1","Panache+1","WindmillStrike+1","FlyingSleeves","LikeWater+1","Replay:LoomingThreat+1","CurseOfTheBell","MasterReality+1","LikeWater+1","Replay:LoomingThreat+1","Collect"],"relics":["PureWater","NeowsBlessing","Frozen Egg 2","Unceasing Top","Replay:Wax Seal","hubris:BundleOfHerbs","Calling Bell","Blood Vial","Molten Egg 2","aspiration:HatOfInfinitePower","aspiration:PoetsPen_weak","Orichalcum","Replay:Baseball","Letter Opener"],"acts_visited":["Exordium","TheCity"],"potions_floor_usage":[6,8,11,18,29,31],"damage_taken":[{"damage":0,"enemies":"Small Slimes","floor":1,"turns":1},{"damage":0,"enemies":"2 Louse","floor":4,"turns":1},{"damage":0,"enemies":"Cultist","floor":5,"turns":1},{"damage":35,"enemies":"3 Sentries","floor":6,"turns":17},{"damage":3,"enemies":"Large Slime","floor":8,"turns":8},{"damage":38,"enemies":"Gremlin Nob","floor":11,"turns":6},{"damage":0,"enemies":"2 Fungi Beasts","floor":14,"turns":4},{"damage":66,"enemies":"Hexaghost","floor":16,"turns":17},{"damage":5,"enemies":"Chosen","floor":18,"turns":4},{"damage":11,"enemies":"Spheric Guardian","floor":19,"turns":6},{"damage":13,"enemies":"Snecko","floor":21,"turns":6},{"damage":33,"enemies":"Centurion and Healer","floor":24,"turns":8},{"damage":28,"enemies":"Slavers","floor":29,"turns":7},{"damage":15,"enemies":"Shelled Parasite and Fungi","floor":31,"turns":5},{"damage":104,"enemies":"hubris:MusketHawk","floor":33,"turns":6}],"seed_played":"7396240687583308402","potions_obtained":[{"floor":1,"key":"Dexterity Potion"},{"floor":6,"key":"AttackPotion"},{"floor":8,"key":"Swift Potion"},{"floor":16,"key":"DistilledChaos"},{"floor":24,"key":"Dexterity Potion"},{"floor":29,"key":"infinitespire:BlackPotion"},{"floor":31,"key":"BottledMiracle"}],"is_trial":false,"path_per_floor":["M","?","?","M","M","E","R","M","T","?","E","$","?","M","R","B",null,"M","M","?","M","AVR","R","M","R","T","?","$","E","R","M","R","B"],"character_chosen":"WATCHER","items_purchased":["LikeWater+1","hubris:BundleOfHerbs","Replay:LoomingThreat+1"],"campfire_rested":4,"item_purchase_floors":[12,12,28],"current_hp_per_floor":[72,72,72,72,72,37,37,34,34,52,14,14,14,14,35,4,72,67,58,65,54,54,54,23,44,44,44,44,18,39,26,47,0,0],"gold":74,"neow_bonus":"THREE_ENEMY_KILL","is_daily":false,"chose_seed":false,"campfire_upgraded":2,"win_rate":0.0,"timestamp":1614022159,"path_taken":["M","?","?","?","M","E","R","M","T","?","E","$","?","?","R","BOSS","M","M","?","?","AVR","R","M","R","T","?","$","E","R","M","R","BOSS"],"items_purchased_type":["Card","Relic","Card"],"build_version":"2020-12-22","purchased_purges":1,"victory":false,"max_hp_per_floor":[72,72,72,72,72,72,72,72,72,72,72,72,72,72,72,72,72,72,72,72,72,72,72,72,72,72,72,72,72,72,72,72,72,72],"card_choices":[{"not_picked":["Wallop","Replay:BluntJabs","ClearTheMind"],"picked":"SKIP","floor":1},{"not_picked":["Replay:Sssssssssstrike","Discovery"],"picked":"Panache","floor":3},{"not_picked":["SignatureMove","CrushJoints","EmptyFist"],"picked":"SKIP","floor":4},{"not_picked":["Prostrate","Protect"],"picked":"WindmillStrike","floor":5},{"not_picked":["ReachHeaven","SashWhip","ThirdEye"],"picked":"SKIP","floor":6},{"not_picked":["Tantrum","EmptyFist","Protect"],"picked":"SKIP","floor":8},{"not_picked":["Tantrum","Crescendo"],"picked":"FlyingSleeves","floor":11},{"not_picked":["Weave","Protect","Wireheading+1"],"picked":"SKIP","floor":14},{"not_picked":["SpiritShield","Alpha"],"picked":"Replay:LoomingThreat+1","floor":16},{"not_picked":["FollowUp+1","Consecrate+1","Prostrate"],"picked":"SKIP","floor":18},{"not_picked":["SpiritShield","ThirdEye+1","MentalFortress+1"],"picked":"SKIP","floor":19},{"not_picked":["PathToVictory","Evaluate","ClearTheMind"],"picked":"SKIP","floor":21},{"not_picked":["Halt","Protect"],"picked":"MasterReality+1","floor":24},{"not_picked":["Halt+1","ThirdEye"],"picked":"Collect","floor":29},{"not_picked":["CutThroughFate+1","Evaluate+1","Prostrate"],"picked":"SKIP","floor":31}],"player_experience":639059,"relics_obtained":[{"floor":6,"key":"Frozen Egg 2"},{"floor":9,"key":"Unceasing Top"},{"floor":11,"key":"Replay:Wax Seal"},{"floor":17,"key":"Blood Vial"},{"floor":17,"key":"Molten Egg 2"},{"floor":17,"key":"aspiration:HatOfInfinitePower"},{"floor":26,"key":"Replay:Baseball"},{"floor":29,"key":"Letter Opener"}],"event_choices":[{"damage_healed":0,"gold_gain":0,"player_choice":"Grow","damage_taken":0,"max_hp_gain":0,"max_hp_loss":0,"event_name":"Living Wall","floor":2,"gold_loss":0,"cards_upgraded":["Vigilance"]},{"damage_healed":0,"gold_gain":1,"player_choice":"1","damage_taken":0,"max_hp_gain":0,"max_hp_loss":0,"event_name":"betterStone:BetterStone","floor":3,"gold_loss":0},{"damage_healed":18,"gold_gain":0,"player_choice":"Healed","damage_taken":0,"max_hp_gain":0,"max_hp_loss":0,"event_name":"The Cleric","floor":10,"gold_loss":35},{"damage_healed":0,"gold_gain":0,"player_choice":"Ignored","damage_taken":0,"max_hp_gain":0,"max_hp_loss":0,"event_name":"Golden Idol","floor":13,"gold_loss":0},{"damage_healed":0,"gold_gain":0,"player_choice":"Copied","damage_taken":0,"max_hp_gain":0,"max_hp_loss":0,"event_name":"Duplicator","floor":27,"gold_loss":0,"cards_obtained":["LikeWater"]}],"is_beta":false,"boss_relics":[{"not_picked":["Cursed Key","Replay:Drink Me"],"picked":"Calling Bell"}],"items_purged_floors":[22],"is_endless":false,"potions_floor_spawned":[1,6,8,16,24,29,31],"killed_by":"hubris:MusketHawk","ascension_level":1}}