{"host":"raai0vtvcfkt8csp","time":1614008369,"event":{"mods":["2.2 Compatiblity","BaseMod","Beaked The Cultist","Block Reminder","Booster Modes","Clockwork Mod","Custom Start","DeckTracker","Defective Defect","Defuse TimeMaze Blight","Dio Mod","GifTheSpireLib","Infinite Spire","Minty Spire (QoL Compilation)","Quick Restart","Random Character Button","Rare Cards Sparkle","StSLib","The Marked","Uncapped","Unceasing Turn Reminder"],"gold_per_floor":[109,109,109,109,134,172,195,229,256,292,306,306,339,354,354,484,484,500,500,346,346,361,393,407,440,440,467,485,514,514,514,514,609,609,629,639,739,619,629,659,659,687,687,733,758,770,782,812,824,944,965,965],"floor_reached":51,"language":"ENG","playtime":3150,"items_purged":[],"score":1323,"play_id":"0c6a500c-582b-4826-b3e4-d153d623e768","local_time":"20210222163929","is_ascension_mode":true,"campfire_choices":[{"data":"Clockwork:RampUp","floor":12.0,"key":"SMITH"},{"data":"Clockwork:RampUp","floor":15.0,"key":"SMITH"},{"data":"Clockwork:CraftMomentumEngine","floor":30.0,"key":"SMITH"},{"data":"Clockwork:HeadStart","floor":32.0,"key":"SMITH"},{"data":"infinitespire:UltimateForm","floor":41.0,"key":"SMITH"},{"data":"Clockwork:TimeWalk","floor":46.0,"key":"SMITH"},{"data":"Clockwork:UnlimitedCogworks","floor":49.0,"key":"SMITH"}],"circlet_count":0,"master_deck":["Clockwork:UnlimitedCogworks","Clockwork:UnlimitedCogworks","Clockwork:UnlimitedCogworks","Clockwork:UnlimitedCogworks","Clockwork:HelicalCog+1","Clockwork:HelicalCog","Clockwork:HelicalCog+1","Clockwork:HelicalCog","Clockwork:HelicalCog","Clockwork:HelicalCog","Clockwork:HelicalCog","Clockwork:HelicalCog","Clockwork:HelicalCog","Clockwork:HelicalCog","Clockwork:HelicalCog","Clockwork:HelicalCog","Clockwork:HelicalCog","Clockwork:HelicalCog","Clockwork:HelicalCog","Clockwork:HelicalCog","Clockwork:HelicalCog","Clockwork:HelicalCog","Clockwork:HelicalCog","Clockwork:HelicalCog","Clockwork:HelicalCog","Clockwork:HelicalCog","Clockwork:HelicalCog","Clockwork:HelicalCog","Clockwork:HelicalCog","Clockwork:HelicalCog","Clockwork:HelicalCog","Clockwork:HelicalCog","Clockwork:HelicalCog","Clockwork:HelicalCog","Clockwork:KaliMa","Clockwork:Redundancy","infinitespire:Execution","Clockwork:SystemHardening","Clockwork:SystemHardening","Clockwork:RampUp+1","Clockwork:RampUp+1","Clockwork:KaliMa","Clockwork:ElasticNanites","Clockwork:LogisticRegression","Clockwork:HeadStart+1","Clockwork:InertialShield","Clockwork:TimeWalk+1","Clockwork:SystemHardening+1","Clockwork:TimeOut+1","infinitespire:UltimateForm+1","Clockwork:CraftBloodPhial+1","Clockwork:ElasticNanites+1","Clockwork:UnlimitedCogworks+1","Clockwork:Strangle+1","Clockwork:KaliMa+1"],"relics":["Clockwork:MomentumEngine","infinitespire:Bottled Soul","Bloody Idol","Clockwork:BeatingHeart","Bronze Scales","Boot","Oddly Smooth Stone","Strawberry","TungstenRod","Runic Pyramid","Nilry\u0027s Codex","Blood Vial","Ornamental Fan","Gremlin Horn","Bottled Flame","Molten Egg 2","Black Star","infinitespire:Joker Card","Torii","CaptainsWheel","infinitespire:Beetle Shell","Gambling Chip","infinitespire:FocusingShard","MawBank","infinitespire:Satchel","CeramicFish","beaked:SacredDeck"],"acts_visited":["Exordium","TheCity","TheBeyond"],"potions_floor_usage":[],"damage_taken":[{"damage":0.0,"enemies":"Small Slimes","floor":1.0,"turns":2.0},{"damage":0.0,"enemies":"2 Louse","floor":5.0,"turns":1.0},{"damage":0.0,"enemies":"3 Sentries","floor":6.0,"turns":7.0},{"damage":0.0,"enemies":"Jaw Worm","floor":7.0,"turns":1.0},{"damage":0.0,"enemies":"Lagavulin","floor":8.0,"turns":2.0},{"damage":0.0,"enemies":"Gremlin Nob","floor":10.0,"turns":2.0},{"damage":0.0,"enemies":"Gremlin Gang","floor":11.0,"turns":1.0},{"damage":0.0,"enemies":"3 Sentries","floor":13.0,"turns":2.0},{"damage":0.0,"enemies":"Large Slime","floor":14.0,"turns":2.0},{"damage":22.0,"enemies":"The Guardian","floor":16.0,"turns":7.0},{"damage":0.0,"enemies":"Spheric Guardian","floor":18.0,"turns":1.0},{"damage":0.0,"enemies":"3 Byrds","floor":22.0,"turns":1.0},{"damage":0.0,"enemies":"Gremlin Leader","floor":23.0,"turns":2.0},{"damage":0.0,"enemies":"Shelled Parasite and Fungi","floor":24.0,"turns":2.0},{"damage":0.0,"enemies":"Slavers","floor":25.0,"turns":1.0},{"damage":7.0,"enemies":"Nightmare","floor":27.0,"turns":5.0},{"damage":16.0,"enemies":"Snake Plant","floor":28.0,"turns":2.0},{"damage":1.0,"enemies":"Book of Stabbing","floor":29.0,"turns":2.0},{"damage":0.0,"enemies":"Collector","floor":33.0,"turns":2.0},{"damage":0.0,"enemies":"3 Shapes","floor":35.0,"turns":1.0},{"damage":0.0,"enemies":"Orb Walker","floor":36.0,"turns":1.0},{"damage":0.0,"enemies":"infinitespire:Three Voidlings","floor":37.0,"turns":1.0},{"damage":71.0,"enemies":"Nightmare_Alpha","floor":37.0,"turns":10.0},{"damage":0.0,"enemies":"Jaw Worm Horde","floor":39.0,"turns":1.0},{"damage":0.0,"enemies":"Giant Head","floor":40.0,"turns":3.0},{"damage":0.0,"enemies":"Nemesis","floor":42.0,"turns":3.0},{"damage":0.0,"enemies":"Reptomancer","floor":44.0,"turns":1.0},{"damage":0.0,"enemies":"Writhing Mass","floor":45.0,"turns":1.0},{"damage":0.0,"enemies":"Spire Growth","floor":48.0,"turns":1.0},{"damage":6.0,"enemies":"Time Eater","floor":50.0,"turns":4.0}],"seed_played":"-4216526171723358513","potions_obtained":[{"floor":5.0,"key":"LiquidBronze"},{"floor":6.0,"key":"SmokeBomb"},{"floor":11.0,"key":"Regen Potion"},{"floor":28.0,"key":"Fruit Juice"},{"floor":33.0,"key":"EntropicBrew"},{"floor":40.0,"key":"DistilledChaos"}],"is_trial":true,"path_per_floor":["M","?","?","?","M","E","M","E","T","E","M","R","E","M","R","B",null,"M","?","$","?","M","E","M","E","T","NM","M","E","R","?","R","B",null,"M","M","?","?","M","E","R","E","T","E","M","R","$","M","R","B",null],"character_chosen":"CLOCKWORK","items_purchased":["Clockwork:LogisticRegression","Clockwork:HeadStart"],"campfire_rested":0,"item_purchase_floors":[20,20],"current_hp_per_floor":[85,64,47,26,26,26,26,26,26,33,33,33,33,33,33,11,92,92,80,80,80,85,90,92,92,92,90,86,92,92,97,97,97,97,97,97,43,43,50,57,57,64,64,76,88,93,97,97,97,97,97,97],"gold":965,"neow_bonus":"","is_daily":false,"chose_seed":false,"campfire_upgraded":7,"win_rate":0.0,"timestamp":1614008369,"path_taken":["M","?","?","?","M","E","?","E","T","E","M","R","E","?","R","BOSS","M","?","$","?","M","E","M","E","T","NM","M","E","R","?","R","BOSS","M","M","?","?","M","E","R","E","T","E","M","R","$","?","R","BOSS"],"items_purchased_type":["Card","Card"],"build_version":"2020-12-22","purchased_purges":0,"victory":false,"max_hp_per_floor":[85,85,85,85,85,85,85,85,85,92,92,92,92,92,92,92,92,92,92,92,92,92,92,92,92,92,92,97,97,97,97,97,97,97,97,97,97,97,97,97,97,97,97,97,97,97,97,97,97,97,97,97],"card_choices":[{"not_picked":["Clockwork:Roundhouse","Clockwork:StasisBreak"],"picked":"Clockwork:Redundancy","floor":1.0},{"not_picked":["infinitespire:Punishment","infinitespire:FutureSight"],"picked":"infinitespire:Execution","floor":2.0},{"not_picked":["Clockwork:ChargingBlade","Clockwork:CogToss"],"picked":"Clockwork:CogShield","floor":5.0},{"not_picked":["Clockwork:StasisBreak","Clockwork:Friction"],"picked":"Clockwork:SystemHardening","floor":6.0},{"not_picked":["Clockwork:Roundhouse","Clockwork:Improve","Clockwork:WindupStrike"],"picked":"SKIP","floor":7.0},{"not_picked":["Clockwork:Pluck","Clockwork:CogShield"],"picked":"Clockwork:SystemHardening","floor":8.0},{"not_picked":["Clockwork:DefectiveParts","Clockwork:MechanicalBulk"],"picked":"Clockwork:RampUp","floor":10.0},{"not_picked":["Clockwork:EnthusiasticStrike","Clockwork:ChargingBlade","Clockwork:CogShield"],"picked":"SKIP","floor":11.0},{"not_picked":["Clockwork:CogBarrier","Clockwork:CogShield","Clockwork:Efficiency"],"picked":"SKIP","floor":13.0},{"not_picked":["Clockwork:SpringShield","Clockwork:AdaptiveCannon"],"picked":"Clockwork:RampUp","floor":14.0},{"not_picked":["Clockwork:WindupStrike","Clockwork:Randomization"],"picked":"Clockwork:KaliMa","floor":16.0},{"not_picked":["Clockwork:StasisBreak","Clockwork:Pluck"],"picked":"Clockwork:ElasticNanites","floor":18.0},{"not_picked":["Clockwork:Redundancy","Clockwork:SnapKeep","Clockwork:RevUp"],"picked":"SKIP","floor":22.0},{"not_picked":["Clockwork:SearingStrike","Clockwork:CogShield","Clockwork:CogBarrier"],"picked":"SKIP","floor":23.0},{"not_picked":["Clockwork:AdaptiveCannon","Clockwork:Minimalism+1"],"picked":"Clockwork:CraftMomentumEngine","floor":24.0},{"not_picked":["Clockwork:Roundhouse","Clockwork:SnapKeep","Clockwork:Minimalism"],"picked":"SKIP","floor":25.0},{"not_picked":["Clockwork:Friction","Clockwork:Improve","Clockwork:RevUp"],"picked":"SKIP","floor":27.0},{"not_picked":["Clockwork:OccamsRazor","Clockwork:Redundancy","Clockwork:Pluck+1"],"picked":"SKIP","floor":28.0},{"not_picked":["Clockwork:SystemScan","Clockwork:ChargingShield+1"],"picked":"Clockwork:InertialShield","floor":29.0},{"not_picked":["Clockwork:PerfectForm","Clockwork:CraftQuicksilverHourglass+1"],"picked":"Clockwork:TimeWalk","floor":33.0},{"not_picked":["Clockwork:ChargingShield+1","Clockwork:ReserveSystems+1"],"picked":"Clockwork:SystemHardening+1","floor":35.0},{"not_picked":["Clockwork:Pluck+1","Clockwork:RevUp"],"picked":"Clockwork:TimeOut+1","floor":36.0},{"not_picked":["infinitespire:Collect","infinitespire:Gouge"],"picked":"infinitespire:UltimateForm","floor":37.0},{"not_picked":["Clockwork:Minimalism+1","Clockwork:AdaptiveShield+1"],"picked":"Clockwork:CraftBloodPhial+1","floor":37.0},{"not_picked":["Clockwork:Redundancy+1","Clockwork:AdaptiveCannon+1"],"picked":"Clockwork:ElasticNanites+1","floor":39.0},{"not_picked":["Clockwork:StasisBreak+1","Clockwork:PerfectedShield+1","Clockwork:SearchingStrike+1"],"picked":"SKIP","floor":40.0},{"not_picked":["Clockwork:Selectivity+1","Clockwork:ChargingBlade+1"],"picked":"Clockwork:UnlimitedCogworks","floor":42.0},{"not_picked":["Clockwork:SpringShield+1","Clockwork:SystemHardening","Clockwork:ReserveSystems"],"picked":"SKIP","floor":44.0},{"not_picked":["Clockwork:SearchingStrike+1","Clockwork:ReserveSystems","Clockwork:ForgeStrike+1"],"picked":"SKIP","floor":45.0},{"not_picked":["Clockwork:AdaptiveCannon+1","Clockwork:TimeOut","Clockwork:ChargingBlade+1"],"picked":"SKIP","floor":48.0},{"not_picked":["Clockwork:PerfectForm","Clockwork:WindupStrike+1"],"picked":"Clockwork:Strangle+1","floor":50.0}],"player_experience":1087852,"relics_obtained":[{"floor":6.0,"key":"Bronze Scales"},{"floor":8.0,"key":"Boot"},{"floor":9.0,"key":"Oddly Smooth Stone"},{"floor":10.0,"key":"Strawberry"},{"floor":13.0,"key":"TungstenRod"},{"floor":19.0,"key":"Nilry\u0027s Codex"},{"floor":23.0,"key":"Blood Vial"},{"floor":25.0,"key":"Ornamental Fan"},{"floor":26.0,"key":"Gremlin Horn"},{"floor":27.0,"key":"Bottled Flame"},{"floor":29.0,"key":"Molten Egg 2"},{"floor":37.0,"key":"infinitespire:Joker Card"},{"floor":40.0,"key":"CaptainsWheel"},{"floor":40.0,"key":"infinitespire:Beetle Shell"},{"floor":42.0,"key":"Gambling Chip"},{"floor":42.0,"key":"infinitespire:FocusingShard"},{"floor":43.0,"key":"MawBank"},{"floor":44.0,"key":"infinitespire:Satchel"},{"floor":44.0,"key":"CeramicFish"}],"event_choices":[{"damage_healed":0.0,"max_hp_gain":0.0,"max_hp_loss":0.0,"gold_gain":0.0,"event_name":"Shining Light","player_choice":"Entered Light","floor":3.0,"gold_loss":0.0,"damage_taken":17.0,"cards_upgraded":["Clockwork:HelicalCog","Clockwork:HelicalCog"]},{"damage_healed":0.0,"max_hp_gain":0.0,"max_hp_loss":0.0,"gold_gain":0.0,"event_name":"Golden Idol","player_choice":"Take Damage","floor":4.0,"gold_loss":0.0,"damage_taken":21.0,"relics_obtained":["Golden Idol"]},{"damage_healed":0.0,"max_hp_gain":0.0,"max_hp_loss":0.0,"gold_gain":0.0,"event_name":"Cursed Tome","player_choice":"Obtained Book","floor":19.0,"gold_loss":0.0,"damage_taken":16.0},{"damage_healed":0.0,"max_hp_gain":0.0,"max_hp_loss":0.0,"gold_gain":0.0,"event_name":"Forgotten Altar","player_choice":"Gave Idol","floor":21.0,"relics_lost":["Golden Idol"],"gold_loss":0.0,"damage_taken":0.0,"relics_obtained":["Bloody Idol"]},{"cards_removed":["Clockwork:CogShield"],"damage_healed":5.0,"max_hp_gain":0.0,"max_hp_loss":0.0,"gold_gain":0.0,"event_name":"Bonfire Elementals","player_choice":"Offered Common","floor":31.0,"gold_loss":0.0,"damage_taken":0.0},{"cards_removed":["Clockwork:CogShield"],"damage_healed":5.0,"max_hp_gain":0.0,"max_hp_loss":0.0,"gold_gain":0.0,"event_name":"Bonfire Elementals","player_choice":"Offered Special","floor":31.0,"gold_loss":0.0,"damage_taken":0.0},{"damage_healed":0.0,"max_hp_gain":0.0,"max_hp_loss":0.0,"gold_gain":0.0,"event_name":"WeMeetAgain","player_choice":"Paid Gold","floor":38.0,"gold_loss":120.0,"damage_taken":0.0,"relics_obtained":["Torii"]}],"is_beta":false,"boss_relics":[{"not_picked":["Tiny House","Velvet Choker"],"picked":"Runic Pyramid"},{"not_picked":["infinitespire:Cupcake","Cursed Key"],"picked":"Black Star"},{"not_picked":["SacredBark","Empty Cage"],"picked":"beaked:SacredDeck"}],"items_purged_floors":[],"is_endless":true,"potions_floor_spawned":[5,6,11,16,18,23,25,28,33,35,36,40,42,44,45],"ascension_level":1}}