{"host":"1ftto2vaskemldx8","time":1614014693,"event":{"mods":["BaseMod","Downfall","Minty Spire (QoL Compilation)","Replay The Spire","StSLib","Together in Spire","[功能]功能增强和修复MOD"],"gold_per_floor":[188,201,213,225,225,4,4,21,49,149,149,3,30,48,59,161,0,0,18,18,118,14,14,40,58,87,6,206,430,465,465,479,579,579,279,299,313,313,313,148,196,272,302,322,166,199,199,299,341,341,341,369,220,220,220,220],"floor_reached":57,"language":"ZHS","playtime":6000,"items_purged":["Normality","champ:Strike","champ:Defend","champ:Strike","champ:Defend","champ:Strike","champ:Defend","champ:IronFortress","champ:TornadoPunch"],"score":1481,"play_id":"e50a5e8b-e8f4-42d6-a89d-e28d90e0e8bd","local_time":"20210223012453","is_ascension_mode":false,"campfire_choices":[{"floor":11,"key":"RECALL"},{"data":"champ:CheapShot","floor":23,"key":"SMITH"},{"floor":35,"key":"DIG"},{"data":"champ:UltimateStance","floor":47,"key":"SMITH"},{"floor":54,"key":"REST"}],"circlet_count":0,"master_deck":["champ:Execute","champ:Taunt","champ:FancyFootwork","champ:CrownThrow+1","champ:BringItOn+1","champ:PreciseThrust+1","champ:UltimateStance+1","champ:GutPunch","champ:GladiatorStyle","champ:RisingSlash","expansioncontent:StudyTheSpire","champ:RapidStrikes","champ:HoldFirm","champ:SkillfulDodge","champ:Improvising","champ:EnGarde+1","J.A.X.","champ:CrookedStrike","champ:Circumvent","champ:CheapShot+1","champ:VampiricStrike","champ:SetATrap+1","champ:Duel+1","champ:DefensiveShout","champ:FanOfKnives+1","champ:StanceDance","champ:FocusedBerserking","champ:LastStand","champ:IronFortress+1","HandOfGreed+1","champ:SteelEdge+1","champ:FocusedDefense","champ:CalledShot","expansioncontent:StudyTheSpire"],"relics":["champ:ChampionCrown","Ginger","Shuriken","Mirror","Lee\u0027s Waffle","Whetstone","Ice Cream","TheAbacus","Vajra","EctoplasmExtend","MutagenicStrength","BargainBundle","Question Card","Omamori","Regal Pillow","Molten Egg 2","Incense Burner","Lantern","Toolbox","downfall:RedIOU","Cursed Key","downfall:HeartBlessingRed","downfall:HeartBlessingGreen","downfall:HeartBlessingBlue","Toy Ornithopter","champ:BerserkersGuideToSlaughter","Akabeko","Potion Belt","Pocketwatch","Blood Vial","Iron Hammer","Unceasing Top","Sling","Replay:Bottled Snecko","BranchBurnRelic","Gremlin Horn","Gremlin Food","Mercury Hourglass","Frozen Eye"],"acts_visited":["Exordium","TheCity","TheBeyond","TheEnding"],"potions_floor_usage":[8,9,9,16,16,19,21,21,21,26,27,27,32,33,42,42,42,43,46,50,52,52,52,52,52,52,52,52,52,52,52,55,55,55,55,55],"damage_taken":[{"damage":25,"enemies":"Jaw Worm","floor":2,"turns":5},{"damage":11,"enemies":"Cultist","floor":3,"turns":4},{"damage":10,"enemies":"2 Louse","floor":4,"turns":3},{"damage":10,"enemies":"downfall:FleeingMerchant","floor":6,"turns":4},{"damage":17,"enemies":"Exordium Thugs","floor":8,"turns":3},{"damage":10,"enemies":"Gremlin Nob","floor":9,"turns":2},{"damage":16,"enemies":"downfall:FleeingMerchant","floor":12,"turns":4},{"damage":26,"enemies":"Replay:BlueRogue","floor":13,"turns":5},{"damage":16,"enemies":"3 Louse","floor":14,"turns":3},{"damage":2,"enemies":"Lots of Slimes","floor":15,"turns":3},{"damage":15,"enemies":"SI_SHIV_ARCHETYPE","floor":16,"turns":4},{"damage":15,"enemies":"Spheric Guardian","floor":19,"turns":4},{"damage":39,"enemies":"downfall:Augmenter","floor":21,"turns":6},{"damage":28,"enemies":"downfall:FleeingMerchant","floor":22,"turns":4},{"damage":20,"enemies":"Chosen","floor":25,"turns":4},{"damage":10,"enemies":"Replay:Snechameleon","floor":26,"turns":5},{"damage":7,"enemies":"downfall:FleeingMerchant","floor":27,"turns":4},{"damage":10,"enemies":"downfall:FleeingMerchant","floor":29,"turns":3},{"damage":16,"enemies":"Slavers","floor":30,"turns":3},{"damage":1,"enemies":"3 Cultists","floor":32,"turns":5},{"damage":13,"enemies":"WA_ARCHETYPE_CALM","floor":33,"turns":4},{"damage":21,"enemies":"3 Darklings","floor":36,"turns":3},{"damage":18,"enemies":"3 Shapes","floor":37,"turns":4},{"damage":12,"enemies":"2 Orb Walkers","floor":42,"turns":4},{"damage":6,"enemies":"Giant Head","floor":43,"turns":6},{"damage":0,"enemies":"3 Darklings","floor":44,"turns":3},{"damage":5,"enemies":"Reptomancer","floor":46,"turns":3},{"damage":0,"enemies":"Jaw Worm Horde","floor":49,"turns":2},{"damage":52,"enemies":"IC_BLOCK_ARCHETYPE","floor":50,"turns":7},{"damage":13,"enemies":"downfall:CharBossMerchant","floor":52,"turns":6},{"damage":23,"enemies":"downfall:NeowBoss","floor":55,"turns":11},{"damage":51,"enemies":"downfall:NeowBossFinal","floor":56,"turns":8}],"seed_played":"2729413358220391177","potions_obtained":[{"floor":2,"key":"Fire Potion"},{"floor":3,"key":"Toxic Potion"},{"floor":5,"key":"downfall:CursedFountainPotion"},{"floor":8,"key":"DistilledChaos"},{"floor":9,"key":"DuplicationPotion"},{"floor":13,"key":"Flashbang"},{"floor":16,"key":"champ:OpenerPotion"},{"floor":19,"key":"SkillPotion"},{"floor":19,"key":"Venom Potion"},{"floor":25,"key":"FearPotion"},{"floor":26,"key":"Fire Potion"},{"floor":26,"key":"DuplicationPotion"},{"floor":30,"key":"FearPotion"},{"floor":30,"key":"LifebloodPotion"},{"floor":32,"key":"Elixir"},{"floor":33,"key":"SpeedPotion"},{"floor":36,"key":"EntropicBrew"},{"floor":37,"key":"Explosive Potion"},{"floor":42,"key":"Milkshake"},{"floor":44,"key":"FearPotion"},{"floor":46,"key":"Elixir"},{"floor":49,"key":"DuplicationPotion"},{"floor":52,"key":"BlessingOfTheForge"}],"is_trial":false,"path_per_floor":["R","M","M","M","?","$","T","M","E","?","R","$","E","M","M","B",null,"R","M","?","?","$","R","T","M","E","$","?","$","E","?","M","B",null,"R","M","M","?","?","$","T","?","E","M","$","E","R","?","M","B",null,"E","$","R","B","B",null],"character_chosen":"THE_CHAMP","items_purchased":["Shuriken","Mirror","Lee\u0027s Waffle","champ:PreciseThrust","champ:UltimateStance","champ:GutPunch","Ice Cream","expansioncontent:StudyTheSpire","TheAbacus","BargainBundle","Question Card","champ:VampiricStrike","Molten Egg 2","champ:FanOfKnives+1","Incense Burner","Lantern","Toolbox","champ:FocusedBerserking","Dead Branch","champ:BerserkersGuideToSlaughter","Akabeko","HandOfGreed+1","Iron Hammer","Unceasing Top","Sling","champ:FocusedDefense","Gremlin Food","Mercury Hourglass","Frozen Eye","expansioncontent:StudyTheSpire"],"campfire_rested":1,"item_purchase_floors":[6,6,6,6,6,6,12,12,12,22,22,22,27,27,29,29,29,29,40,40,40,40,45,45,45,45,53,53,53,53],"current_hp_per_floor":[90,85,84,84,84,97,97,80,80,80,80,79,58,52,50,50,97,97,82,63,54,46,46,46,36,36,39,39,39,23,23,32,29,102,112,106,103,103,103,103,103,112,112,112,112,112,112,112,112,75,112,112,112,112,112,86],"gold":220,"neow_bonus":"ONE_RARE_RELIC","is_daily":false,"chose_seed":false,"campfire_upgraded":2,"win_rate":0.0,"timestamp":1614014693,"path_taken":["R","M","M","M","?","$","T","?","E","?","R","?","E","?","M","BOSS","R","M","?","?","$","R","T","M","E","$","?","$","E","?","M","BOSS","R","M","M","?","?","$","T","?","E","M","$","E","R","?","M","BOSS","E","$","R","BOSS","BOSS"],"items_purchased_type":["Relic","Relic","Relic","Card","Card","Card","Relic","Card","Relic","Relic","Relic","Card","Relic","Card","Relic","Relic","Relic","Card","Relic","Relic","Relic","Card","Relic","Relic","Relic","Card","Relic","Relic","Relic","Card"],"build_version":"2020-12-22","purchased_purges":9,"victory":true,"max_hp_per_floor":[90,90,90,90,90,97,97,97,97,97,97,97,97,97,97,97,97,97,97,102,102,102,102,102,102,102,102,102,102,102,102,102,102,102,112,112,112,112,112,112,112,112,112,112,112,112,112,112,112,112,112,112,112,112,112,112],"card_choices":[{"not_picked":["champ:Backstep","champ:FlashCut"],"picked":"champ:FancyFootwork","floor":2},{"not_picked":["champ:Lariat","champ:DefensiveShout"],"picked":"champ:TornadoPunch","floor":3},{"not_picked":["champ:PerfectedStrike","champ:Circumvent"],"picked":"champ:CrownThrow","floor":4},{"not_picked":["champ:FlashCut","champ:Lariat"],"picked":"champ:BringItOn","floor":6},{"not_picked":["champ:FlashCut","champ:Haymaker"],"picked":"champ:IronFortress","floor":8},{"not_picked":["champ:RisingSlash","champ:AdrenalArmor"],"picked":"champ:GladiatorStyle","floor":9},{"not_picked":["champ:Haymaker","champ:EnragedBash"],"picked":"champ:RisingSlash","floor":12},{"not_picked":["champ:Haymaker","champ:Circumvent"],"picked":"champ:RapidStrikes","floor":13},{"not_picked":["champ:FlashCut","champ:CrownThrow"],"picked":"champ:HoldFirm","floor":14},{"not_picked":["champ:EnragedBash","champ:IronFortress"],"picked":"champ:SkillfulDodge","floor":15},{"not_picked":["champ:IgnorePain","champ:Devastate"],"picked":"champ:Improvising","floor":16},{"not_picked":["champ:SetATrap+1","champ:TornadoPunch"],"picked":"champ:EnGarde+1","floor":19},{"not_picked":[],"picked":"J.A.X.","floor":21},{"not_picked":["champ:BringItOn+1","champ:BerserkersShout"],"picked":"champ:CheapShot","floor":22},{"not_picked":["champ:EnGarde+1","champ:FlashCut","champ:Circumvent"],"picked":"champ:SetATrap+1","floor":25},{"not_picked":["champ:Lariat","champ:EnragedBash","champ:FlashCut+1"],"picked":"champ:Duel+1","floor":26},{"not_picked":["champ:FalseCounter","champ:RecklessLeap+1","champ:EnGarde"],"picked":"champ:DefensiveShout","floor":27},{"not_picked":["champ:UltimateStance","champ:Haymaker+1","champ:Encircle+1"],"picked":"champ:StanceDance","floor":29},{"not_picked":["champ:Haymaker+1","champ:DeathBlow+1","champ:FanOfKnives+1","champ:EndlessRage"],"picked":"SKIP","floor":30},{"not_picked":["champ:GladiatorStyle","champ:Endure+1","champ:EnGarde","champ:DefensiveShout"],"picked":"SKIP","floor":32},{"not_picked":["champ:SwordThrow+1","champ:HoldFirm","champ:ShieldThrow+1"],"picked":"champ:LastStand","floor":33},{"not_picked":["champ:SetATrap+1","champ:BladeFlurry+1","champ:Shatter+1"],"picked":"champ:IronFortress+1","floor":36},{"not_picked":["champ:CrookedStrike+1","champ:Backstep+1","champ:TornadoPunch+1"],"picked":"champ:BringItOn+1","floor":37},{"not_picked":["champ:DefensiveShout","champ:FocusedDefense","champ:PreciseThrust+1"],"picked":"champ:SteelEdge+1","floor":43},{"not_picked":["champ:GutPunch+1","champ:PreciseThrust+1","champ:BladeFlurry+1","champ:FanOfKnives+1"],"picked":"SKIP","floor":44},{"not_picked":["champ:Shatter+1","champ:FocusedBerserking","champ:EndlessRage"],"picked":"champ:CalledShot","floor":46},{"not_picked":["champ:SkillfulDodge","champ:Haymaker+1","champ:EnGarde+1","champ:BringItOn+1"],"picked":"SKIP","floor":49},{"not_picked":["champ:FaceSlap+1","champ:AdrenalArmor","champ:FalseCounter+1","champ:FancyFootwork"],"picked":"SKIP","floor":52}],"player_experience":220174,"relics_obtained":[{"floor":9,"key":"Whetstone"},{"floor":13,"key":"Vajra"},{"floor":21,"key":"MutagenicStrength"},{"floor":24,"key":"Omamori"},{"floor":26,"key":"Regal Pillow"},{"floor":30,"key":"CeramicFish"},{"floor":35,"key":"Toy Ornithopter"},{"floor":41,"key":"Potion Belt"},{"floor":42,"key":"Pocketwatch"},{"floor":43,"key":"Blood Vial"},{"floor":46,"key":"Replay:Bottled Snecko"},{"floor":52,"key":"Gremlin Horn"}],"event_choices":[{"damage_healed":0,"gold_gain":0,"player_choice":"Ignored","damage_taken":0,"max_hp_gain":0,"max_hp_loss":0,"event_name":"Ghosts","floor":18,"gold_loss":0},{"cards_removed":["champ:BringItOn"],"damage_healed":0,"gold_gain":0,"player_choice":"Removed Skill","damage_taken":0,"max_hp_gain":0,"max_hp_loss":0,"event_name":"Falling","floor":39,"gold_loss":0},{"damage_healed":0,"gold_gain":0,"player_choice":"Fight","damage_taken":0,"max_hp_gain":0,"max_hp_loss":0,"event_name":"Mysterious Sphere","floor":42,"gold_loss":0}],"is_beta":false,"boss_relics":[{"not_picked":["Runic Pyramid","Replay:Wanted Poster"],"picked":"EctoplasmExtend"},{"not_picked":["Kintsugi","Honey Jar"],"picked":"Cursed Key"}],"items_purged_floors":[6,6,6,6,6,12,27,40,53],"is_endless":false,"potions_floor_spawned":[2,3,8,9,13,13,15,16,19,19,25,26,26,30,30,32,33,36,37,42,44,46,46,46,49,52],"ascension_level":0}}