{"host":"dq2d9inx7yjdstkp","time":1614010396,"event":{"mods":["AchievementEnabler","BaseMod","Colored Map","Minty Spire (QoL Compilation)","StSLib"],"gold_per_floor":[110,22,22,32,107,137,137,157,183,196,213,228,53,124,124,223,223,237,237,257,88,103,130,130,164,164,191,221,233,245,356,368,478,490,522,534,151,162,177,177,52,72,72,72,72,98,98,98,98,98,98],"floor_reached":50,"language":"KOR","playtime":2491,"items_purged":["Injury","Pain","Defend_R"],"score":510,"play_id":"50502d7b-a554-4075-bf57-4fd81f73145f","local_time":"20210223011316","is_ascension_mode":false,"campfire_choices":[{"data":"Battle Trance","floor":7,"key":"SMITH"},{"data":"Bash","floor":15,"key":"SMITH"},{"data":"Master of Strategy","floor":24,"key":"SMITH"},{"floor":29,"key":"REST"},{"data":"Carnage","floor":32,"key":"SMITH"},{"floor":40,"key":"REST"},{"floor":47,"key":"REST"},{"floor":49,"key":"REST"}],"circlet_count":0,"master_deck":["Strike_R+1","Strike_R","Strike_R","Defend_R","Defend_R","Defend_R","Bash+1","Second Wind","Carnage+1","Bloodletting","Purity","Battle Trance+1","Warcry","Impervious","Master of Strategy+1","Fiend Fire","Twin Strike","Necronomicurse","Carnage+1","Bandage Up","Warcry","Inflame+1","Intimidate","Brutality","Chrysalis","Dark Embrace","Dropkick","Violence","Infernal Blade"],"relics":["Burning Blood","PreservedInsect","Whetstone","Pen Nib","Matryoshka","Mark of Pain","Necronomicon","Blood Vial","Self Forming Clay","Centennial Puzzle","MawBank","MutagenicStrength","Fusion Hammer","WarpedTongs","Strawberry","Frozen Egg 2","Boot"],"acts_visited":["Exordium","TheCity","TheBeyond"],"potions_floor_usage":[16,16,16,25,50],"damage_taken":[{"damage":0,"enemies":"Small Slimes","floor":1,"turns":3},{"damage":2,"enemies":"Jaw Worm","floor":4,"turns":3},{"damage":20,"enemies":"3 Sentries","floor":6,"turns":8},{"damage":0,"enemies":"Cultist","floor":8,"turns":2},{"damage":0,"enemies":"Looter","floor":10,"turns":2},{"damage":10,"enemies":"Large Slime","floor":11,"turns":6},{"damage":7,"enemies":"Exordium Thugs","floor":12,"turns":4},{"damage":11,"enemies":"Hexaghost","floor":16,"turns":6},{"damage":10,"enemies":"2 Thieves","floor":18,"turns":2},{"damage":10,"enemies":"Chosen","floor":20,"turns":2},{"damage":0,"enemies":"Snake Plant","floor":22,"turns":2},{"damage":15,"enemies":"Book of Stabbing","floor":23,"turns":2},{"damage":23,"enemies":"Slavers","floor":25,"turns":4},{"damage":15,"enemies":"Shelled Parasite and Fungi","floor":27,"turns":4},{"damage":4,"enemies":"Centurion and Healer","floor":28,"turns":3},{"damage":62,"enemies":"Champ","floor":33,"turns":7},{"damage":18,"enemies":"3 Shapes","floor":35,"turns":4},{"damage":0,"enemies":"Orb Walker","floor":38,"turns":2},{"damage":8,"enemies":"Sphere and 2 Shapes","floor":39,"turns":3},{"damage":20,"enemies":"3 Darklings","floor":42,"turns":3},{"damage":5,"enemies":"Giant Head","floor":46,"turns":5},{"damage":87,"enemies":"Awakened One","floor":50,"turns":8}],"seed_played":"-933974420798551999","potions_obtained":[{"floor":1,"key":"Weak Potion"},{"floor":4,"key":"EssenceOfSteel"},{"floor":10,"key":"Block Potion"},{"floor":18,"key":"AttackPotion"},{"floor":25,"key":"Strength Potion"},{"floor":28,"key":"DuplicationPotion"},{"floor":33,"key":"Energy Potion"}],"is_trial":false,"path_per_floor":["M","$","?","M","?","E","R","M","T","M","M","M","$","T","R","B",null,"M","?","M","$","M","E","R","E","T","M","M","R","?","?","R","B",null,"M","?","$","M","M","R","$","M","T","?","$","E","R","?","R","B"],"character_chosen":"IRONCLAD","items_purchased":["Purity","Master of Strategy","Bandage Up","Chrysalis","Dark Embrace","Dropkick"],"campfire_rested":4,"item_purchase_floors":[2,13,21,37,37,37],"current_hp_per_floor":[80,80,73,77,66,52,52,58,58,64,60,59,59,59,59,54,80,76,60,56,56,66,57,57,46,46,43,51,75,75,75,75,24,80,72,72,72,80,80,80,80,66,73,73,73,80,87,87,87,0,0],"gold":98,"neow_bonus":"TRANSFORM_TWO_CARDS","is_daily":false,"chose_seed":false,"campfire_upgraded":4,"win_rate":0.0,"timestamp":1614010396,"path_taken":["M","$","?","M","?","E","R","M","T","M","M","M","?","?","R","BOSS","M","?","M","$","M","E","R","E","T","M","M","R","?","?","R","BOSS","M","?","?","M","M","R","$","M","T","?","$","E","R","?","R","BOSS"],"items_purchased_type":["Card","Card","Card","Card","Card","Card"],"build_version":"2020-12-22","purchased_purges":3,"victory":false,"max_hp_per_floor":[80,80,80,80,80,80,80,80,80,80,80,80,80,80,80,80,80,80,80,80,80,80,80,80,80,80,80,80,80,80,80,80,80,80,80,80,80,80,80,80,80,80,87,87,87,87,87,87,87,87,87],"card_choices":[{"not_picked":["Dual Wield","Second Wind"],"picked":"Bloodletting","floor":1},{"not_picked":["Clash","Sword Boomerang"],"picked":"Battle Trance","floor":4},{"not_picked":["Reckless Charge","Fire Breathing","Perfected Strike"],"picked":"SKIP","floor":6},{"not_picked":["Flex","Feel No Pain"],"picked":"Warcry","floor":8},{"not_picked":["Power Through","Body Slam","Anger"],"picked":"SKIP","floor":10},{"not_picked":["Perfected Strike","Twin Strike"],"picked":"Clash","floor":11},{"not_picked":["Infernal Blade","True Grit"],"picked":"Impervious","floor":12},{"not_picked":["Berserk","Juggernaut"],"picked":"Fiend Fire","floor":16},{"not_picked":["Body Slam","Shrug It Off"],"picked":"Twin Strike","floor":18},{"not_picked":["Clothesline","Perfected Strike"],"picked":"Carnage","floor":20},{"not_picked":["True Grit+1","Searing Blow"],"picked":"Warcry","floor":22},{"not_picked":["Demon Form","True Grit+1"],"picked":"Inflame+1","floor":23},{"not_picked":["Body Slam","Cleave"],"picked":"Intimidate","floor":25},{"not_picked":["Rampage","Sword Boomerang","Dual Wield"],"picked":"SKIP","floor":27},{"not_picked":["Second Wind","Power Through+1","Twin Strike"],"picked":"SKIP","floor":28},{"not_picked":["Juggernaut","Feed"],"picked":"Brutality","floor":33},{"not_picked":["Clothesline","Fire Breathing","Iron Wave"],"picked":"SKIP","floor":35},{"not_picked":["True Grit","Clothesline","Iron Wave+1"],"picked":"SKIP","floor":38},{"not_picked":["Dual Wield","Shrug It Off+1","Fire Breathing"],"picked":"SKIP","floor":39},{"not_picked":["Clash","True Grit+1","Cleave+1"],"picked":"SKIP","floor":42},{"not_picked":["Secret Weapon","Impatience"],"picked":"Violence","floor":44},{"not_picked":["Warcry","Juggernaut+1"],"picked":"Infernal Blade","floor":46}],"player_experience":799,"relics_obtained":[{"floor":6,"key":"Whetstone"},{"floor":9,"key":"Pen Nib"},{"floor":14,"key":"Matryoshka"},{"floor":19,"key":"Necronomicon"},{"floor":23,"key":"Blood Vial"},{"floor":25,"key":"Self Forming Clay"},{"floor":26,"key":"Centennial Puzzle"},{"floor":26,"key":"MawBank"},{"floor":43,"key":"Strawberry"},{"floor":43,"key":"Frozen Egg 2"},{"floor":46,"key":"Boot"}],"event_choices":[{"damage_healed":0,"gold_gain":0,"player_choice":"Success","damage_taken":7,"relics_obtained":["PreservedInsect"],"max_hp_gain":0,"max_hp_loss":0,"event_name":"Scrap Ooze","floor":3,"gold_loss":0},{"damage_healed":0,"gold_gain":75,"player_choice":"Gather Gold","damage_taken":11,"max_hp_gain":0,"max_hp_loss":0,"event_name":"World of Goop","floor":5,"gold_loss":0},{"damage_healed":0,"gold_gain":0,"player_choice":"Obtained Book","damage_taken":16,"max_hp_gain":0,"max_hp_loss":0,"event_name":"Cursed Tome","floor":19,"gold_loss":0},{"damage_healed":0,"gold_gain":0,"player_choice":"Inject Mutagens","damage_taken":0,"relics_obtained":["MutagenicStrength"],"max_hp_gain":0,"max_hp_loss":0,"event_name":"Drug Dealer","floor":30,"gold_loss":0},{"damage_healed":0,"gold_gain":99,"player_choice":"Stole From Cult","damage_taken":0,"max_hp_gain":0,"max_hp_loss":0,"event_name":"Nest","floor":31,"gold_loss":0},{"damage_healed":0,"gold_gain":0,"player_choice":"Rummage","damage_taken":0,"relics_obtained":["WarpedTongs"],"max_hp_gain":0,"max_hp_loss":0,"event_name":"Accursed Blacksmith","floor":36,"gold_loss":0,"cards_obtained":["Pain"]},{"damage_healed":0,"gold_gain":0,"player_choice":"Memory 1","damage_taken":0,"max_hp_gain":0,"max_hp_loss":0,"event_name":"SensoryStone","floor":44,"gold_loss":0},{"cards_removed":["Clash"],"damage_healed":0,"gold_gain":0,"player_choice":"Removed Attack","damage_taken":0,"max_hp_gain":0,"max_hp_loss":0,"event_name":"Falling","floor":48,"gold_loss":0}],"is_beta":false,"boss_relics":[{"not_picked":["Philosopher\u0027s Stone","Runic Cube"],"picked":"Mark of Pain"},{"not_picked":["Runic Pyramid","Black Blood"],"picked":"Fusion Hammer"}],"items_purged_floors":[21,37,41],"is_endless":false,"potions_floor_spawned":[1,4,10,11,18,25,28,33,38,39],"killed_by":"Awakened One","ascension_level":0}}