{"host":"xo0glkmxta74xh34","time":1614033313,"event":{"mods":["BaseMod","Downfall","Minty Spire (QoL Compilation)","Reliquary","Replay The Spire","StSLib"],"gold_per_floor":[0,11,11,11,24,56,56,67,79,79,102,102,141,141,170,279,279,279,292,304,318,327,327,354,365,44,57,57,69,69,87,116,116,116,116],"floor_reached":33,"language":"ENG","playtime":1588,"items_purged":["downfall:Bewildered"],"score":521,"play_id":"4556d922-cbd3-4f25-b792-e6dd0f168106","local_time":"20210222163513","is_ascension_mode":true,"campfire_choices":[{"data":"Poisoned Strike","floor":1,"key":"SMITH"},{"floor":10,"key":"REST"},{"data":"hexamod:ParanormalForm","floor":18,"key":"SMITH"},{"floor":23,"key":"REST"},{"floor":28,"key":"REST"}],"circlet_count":0,"master_deck":["hexamod:Strike","hexamod:Strike","hexamod:Strike","hexamod:Defend","hexamod:Defend","hexamod:Defend","hexamod:Defend","hexamod:Sear","hexamod:Float","Poisoned Strike+1","Poisoned Strike+1","hexamod:ExtraCrispy","hexamod:ParanormalForm+1","hexamod:RainOfEmbers","hexamod:GiftsFromTheDead","hexamod:UnlimitedPower","hexamod:ExtraCrispy"],"relics":["hexamod:SpiritBrand","ReplayFunnel","reliquary:QuartzCube","CeramicFish","Ring of Fury","Ring of Peace","Simple Rune","sneckomod:SneckoTalon","sneckomod:BabySnecko","reliquary:Stiletto","Divine Protection"],"acts_visited":["Exordium","TheCity"],"potions_floor_usage":[9,29,29,29,29,32,33],"damage_taken":[{"damage":3,"enemies":"Small Slimes","floor":2,"turns":3},{"damage":0,"enemies":"Jaw Worm","floor":5,"turns":3},{"damage":10,"enemies":"3 Sentries","floor":6,"turns":8},{"damage":0,"enemies":"Cultist","floor":8,"turns":3},{"damage":11,"enemies":"Exordium Thugs","floor":9,"turns":4},{"damage":0,"enemies":"Lagavulin","floor":13,"turns":5},{"damage":0,"enemies":"3 Louse","floor":15,"turns":4},{"damage":19,"enemies":"WA_ARCHETYPE_RETAIN","floor":16,"turns":7},{"damage":0,"enemies":"Spheric Guardian","floor":19,"turns":4},{"damage":0,"enemies":"Shell Parasite","floor":20,"turns":4},{"damage":15,"enemies":"Sentry and Sphere","floor":21,"turns":5},{"damage":5,"enemies":"Cultist and Chosen","floor":25,"turns":5},{"damage":0,"enemies":"downfall:FleeingMerchant","floor":26,"turns":4},{"damage":12,"enemies":"Snake Plant","floor":27,"turns":5},{"damage":0,"enemies":"Sentry and Sphere","floor":29,"turns":4},{"damage":0,"enemies":"Snecko","floor":31,"turns":5},{"damage":0,"enemies":"Centurion and Healer","floor":32,"turns":6},{"damage":77,"enemies":"DF_ARCHETYPE_CLAW","floor":33,"turns":8}],"seed_played":"8645297714867395941","potions_obtained":[{"floor":5,"key":"Adrenaline Potion"},{"floor":6,"key":"Cursed Concoction"},{"floor":13,"key":"FearPotion"},{"floor":16,"key":"bronze:BurnAndBuffPotion"},{"floor":25,"key":"EntropicBrew"},{"floor":29,"key":"hexamod:EctoCoolerPotion"},{"floor":32,"key":"SmokeBomb"}],"is_trial":false,"path_per_floor":["R","M","?","?","M","E","T","M","M","R","T","?","E","?","M","B",null,"R","M","M","M","?","R","T","M","$","M","R","M","?","M","M","B"],"character_chosen":"THE_SPIRIT","items_purchased":["Divine Protection"],"campfire_rested":3,"item_purchase_floors":[26],"current_hp_per_floor":[63,60,60,60,60,50,50,50,39,60,60,60,60,65,65,46,68,68,68,68,53,53,75,75,70,70,58,75,75,75,75,75,0,0,0],"gold":116,"neow_bonus":"RANDOM_COLORLESS_2","is_daily":false,"chose_seed":false,"campfire_upgraded":2,"win_rate":0.0,"timestamp":1614033313,"path_taken":["R","M","?","?","?","E","T","M","M","R","?","?","E","?","M","BOSS","R","M","M","M","?","R","T","M","$","M","R","M","?","M","M","BOSS"],"items_purchased_type":["Relic"],"build_version":"2020-12-22","purchased_purges":1,"victory":false,"max_hp_per_floor":[70,70,70,70,70,70,70,70,70,70,70,70,70,75,75,75,75,75,75,75,75,75,75,75,75,75,75,75,75,75,75,75,75,75,75],"card_choices":[{"not_picked":["ReplayTheSpireMod:Brewmster","The Bomb"],"picked":"Poisoned Strike","floor":0},{"not_picked":["hexamod:GhostLash","hexamod:SwordOfDarkness","hexamod:DynamicBlow"],"picked":"SKIP","floor":2},{"not_picked":["hexamod:BacktrackSmack","hexamod:SpectersWail"],"picked":"hexamod:ExtraCrispy","floor":5},{"not_picked":["hexamod:SuperheatedStrike","hexamod:HeatMetal","hexamod:GhostShield"],"picked":"SKIP","floor":6},{"not_picked":["hexamod:ShieldOfDarkness","hexamod:FastForward","hexamod:SpectersWail"],"picked":"SKIP","floor":8},{"not_picked":["hexamod:FastForward","hexamod:ShieldOfDarkness","hexamod:BurningTouch"],"picked":"SKIP","floor":9},{"not_picked":["hexamod:InspiringFlames","hexamod:GhostOfSpireFuture"],"picked":"hexamod:ParanormalForm","floor":13},{"not_picked":["hexamod:HauntingEcho","hexamod:GhostLash"],"picked":"hexamod:RainOfEmbers","floor":15},{"not_picked":["hexamod:Toasty","hexamod:ApocalypticArmor"],"picked":"hexamod:GiftsFromTheDead","floor":16},{"not_picked":["hexamod:PhantomFireball","hexamod:Firestarter","hexamod:AdvancingGuard"],"picked":"SKIP","floor":19},{"not_picked":["hexamod:SwordOfDarkness","hexamod:StepThrough","hexamod:Hexaguard"],"picked":"SKIP","floor":20},{"not_picked":["hexamod:HeatCrush","hexamod:Hexaguard","hexamod:NightmareStrike"],"picked":"SKIP","floor":21},{"not_picked":["hexamod:NightmareGuise","hexamod:SpectralSpark+1","hexamod:EtherealExpedition"],"picked":"SKIP","floor":25},{"not_picked":["hexamod:Firestarter","hexamod:Haunt"],"picked":"hexamod:UnlimitedPower","floor":26},{"not_picked":["hexamod:Again","hexamod:GhostLash","hexamod:SpectersWail"],"picked":"SKIP","floor":27},{"not_picked":["hexamod:Rewind","hexamod:HeatMetal","hexamod:AdvancingGuard"],"picked":"SKIP","floor":29},{"not_picked":["hexamod:SuperheatedStrike","hexamod:NightmareStrike","hexamod:FastForward+1"],"picked":"SKIP","floor":31},{"not_picked":["hexamod:ThermalTransfer","hexamod:Incineration"],"picked":"hexamod:ExtraCrispy","floor":32}],"player_experience":544520,"relics_obtained":[{"floor":6,"key":"ReplayFunnel"},{"floor":7,"key":"reliquary:QuartzCube"},{"floor":11,"key":"CeramicFish"},{"floor":12,"key":"Ring of Fury"},{"floor":12,"key":"Ring of Peace"},{"floor":13,"key":"Simple Rune"},{"floor":24,"key":"reliquary:Stiletto"}],"event_choices":[{"damage_healed":0,"gold_gain":0,"player_choice":"Donut","damage_taken":0,"max_hp_gain":5,"max_hp_loss":0,"event_name":"Big Fish","floor":14,"gold_loss":0}],"is_beta":false,"boss_relics":[{"not_picked":["Astrolabe","Painkiller Herb"],"picked":"sneckomod:SneckoTalon"}],"items_purged_floors":[26],"is_endless":false,"potions_floor_spawned":[5,6,13,16,21,25,29,31,32],"killed_by":"DF_ARCHETYPE_CLAW","ascension_level":7}}