{"host":"js2su9tbbk4rmjfl","time":1614028995,"event":{"mods":["AchievementEnabler","BaseMod","Block Reminder","Colored Map","Colored Powertips","Highlight Path","Minty Spire (QoL Compilation)","Relic Stats"],"gold_per_floor":[214,289,307,26,42,42,72,72,97,130,130,145,177,177,177,250,250,265,282,282,282],"floor_reached":20,"language":"ENG","playtime":1160,"items_purged":["Strike_R"],"score":374,"play_id":"ce28b20f-34b2-4e19-81b5-de5bfdf8e486","local_time":"20210222222315","is_ascension_mode":true,"campfire_choices":[{"data":"Searing Blow","floor":6,"key":"SMITH"},{"data":"Searing Blow+1","floor":8,"key":"SMITH"},{"floor":15,"key":"REST"}],"circlet_count":0,"master_deck":["AscendersBane","Strike_R","Strike_R","Strike_R","Defend_R","Defend_R","Defend_R","Bash","Searing Blow+3","Warcry","Spot Weakness","Headbutt","Iron Wave","Immolate","Twin Strike+1"],"relics":["Burning Blood","HandDrill","Omamori","Orichalcum","Singing Bowl","Frozen Egg 2","Empty Cage"],"acts_visited":["Exordium","TheCity"],"potions_floor_usage":[7,12,16],"damage_taken":[{"damage":14,"enemies":"Jaw Worm","floor":1,"turns":5},{"damage":2,"enemies":"2 Louse","floor":3,"turns":3},{"damage":7,"enemies":"Cultist","floor":5,"turns":4},{"damage":25,"enemies":"3 Sentries","floor":7,"turns":6},{"damage":25,"enemies":"Gremlin Nob","floor":10,"turns":4},{"damage":4,"enemies":"Gremlin Gang","floor":12,"turns":2},{"damage":14,"enemies":"3 Sentries","floor":13,"turns":7},{"damage":12,"enemies":"Slime Boss","floor":16,"turns":8},{"damage":27,"enemies":"Chosen","floor":18,"turns":4},{"damage":23,"enemies":"Shell Parasite","floor":19,"turns":3},{"damage":33,"enemies":"Shelled Parasite and Fungi","floor":20,"turns":2}],"seed_played":"1158201828163085854","potions_obtained":[{"floor":5,"key":"Strength Potion"},{"floor":7,"key":"Explosive Potion"},{"floor":13,"key":"FearPotion"},{"floor":19,"key":"FearPotion"}],"is_trial":false,"path_per_floor":["M","?","M","$","M","R","E","R","T","E","?","M","E","?","R","B",null,"M","M","M"],"character_chosen":"IRONCLAD","items_purchased":["HandDrill","Spot Weakness"],"campfire_rested":1,"item_purchase_floors":[4,4],"current_hp_per_floor":[60,49,53,53,52,52,33,33,33,14,14,18,12,1,24,18,64,45,28,0,0],"gold":282,"neow_bonus":"HUNDRED_GOLD","is_daily":false,"chose_seed":false,"campfire_upgraded":2,"win_rate":0.0,"timestamp":1614028995,"path_taken":["M","?","M","$","M","R","E","R","T","E","?","M","E","?","R","BOSS","M","?","?"],"items_purchased_type":["Relic","Card"],"build_version":"2020-12-22","purchased_purges":1,"victory":false,"max_hp_per_floor":[75,75,75,75,75,75,75,75,75,75,75,77,79,79,79,79,79,81,81,81,81],"relic_stats":{"Singing Bowl":6,"counters":[11,48],"HandDrill":[8],"Orichalcum":[108],"obtain_stats":[{"Singing Bowl":10,"HandDrill":4,"Omamori":7,"Orichalcum":9,"Frozen Egg 2":13,"Empty Cage":17,"Burning Blood":0},{"Singing Bowl":5,"HandDrill":2,"Omamori":4,"Orichalcum":4,"Frozen Egg 2":7,"Empty Cage":8,"Burning Blood":0},{"Singing Bowl":22,"HandDrill":8,"Omamori":18,"Orichalcum":18,"Frozen Egg 2":31,"Empty Cage":39,"Burning Blood":0}],"Burning Blood":60},"card_choices":[{"not_picked":["Havoc","Whirlwind"],"picked":"Searing Blow","floor":1},{"not_picked":["Rupture","Sentinel"],"picked":"Warcry","floor":3},{"not_picked":["Heavy Blade","Clash"],"picked":"Headbutt","floor":5},{"not_picked":["Evolve","Corruption","Perfected Strike"],"picked":"SKIP","floor":7},{"not_picked":["Combust","Twin Strike"],"picked":"Iron Wave","floor":10},{"not_picked":["Bloodletting","Flex","Seeing Red"],"picked":"Singing Bowl","floor":12},{"not_picked":["Dark Embrace+1","Bloodletting","Thunderclap"],"picked":"Singing Bowl","floor":13},{"not_picked":["Berserk+1","Feed"],"picked":"Immolate","floor":16},{"not_picked":["Hemokinesis","Wild Strike","Havoc"],"picked":"Singing Bowl","floor":18},{"not_picked":["Flex","Clash"],"picked":"Twin Strike+1","floor":19}],"player_experience":896410,"relics_obtained":[{"floor":7,"key":"Omamori"},{"floor":9,"key":"Orichalcum"},{"floor":10,"key":"Singing Bowl"},{"floor":13,"key":"Frozen Egg 2"}],"event_choices":[{"damage_healed":0,"gold_gain":75,"player_choice":"Gather Gold","damage_taken":11,"max_hp_gain":0,"max_hp_loss":0,"event_name":"World of Goop","floor":2,"gold_loss":0},{"damage_healed":0,"gold_gain":0,"player_choice":"Grow","damage_taken":0,"max_hp_gain":0,"max_hp_loss":0,"event_name":"Living Wall","floor":11,"gold_loss":0,"cards_upgraded":["Searing Blow"]},{"damage_healed":0,"gold_gain":0,"player_choice":"Damaged","damage_taken":11,"max_hp_gain":0,"max_hp_loss":0,"event_name":"Wheel of Change","floor":14,"gold_loss":0}],"is_beta":false,"boss_relics":[{"not_picked":["Calling Bell","Black Star"],"picked":"Empty Cage"}],"items_purged_floors":[4],"is_endless":false,"potions_floor_spawned":[5,7,13,19],"killed_by":"Shelled Parasite and Fungi","ascension_level":19}}