{"host":"0z6l31g9ps0v9zzp","time":1614010869,"event":{"mods":["Act Like it!","BaseMod","CapriCore","Minty Spire (QoL Compilation)","MostiFishMod","StSLib"],"gold_per_floor":[111,36,86,97,115,145,220,250,299,114,114,144,144,162,162,237,237,257,257,272,272,286,286,316,340,352,377,159,491,491,501,501,572,572,587,612,682,682,682,713,713,307,359,402,430,456,456,479,479,479,479,479,479,283,327,327],"floor_reached":57,"language":"ZHS","playtime":1821,"items_purged":["Defend_P","Strike_P","Eruption","Defend_P+1","BowlingBash+1"],"score":3167,"play_id":"7d2b55aa-aae6-4612-be32-b0795fb8b873","local_time":"20210223002109","is_ascension_mode":true,"campfire_choices":[{"data":"Eruption","floor":11.0,"key":"SMITH"},{"data":"TalkToTheHand","floor":13.0,"key":"SMITH"},{"data":"Tantrum","floor":15.0,"key":"SMITH"},{"data":"MostiFishMod:PathToVictory","floor":23.0,"key":"SMITH"},{"data":"Adaptation","floor":32.0,"key":"SMITH"},{"data":"ForeignInfluence","floor":41,"key":"SMITH"},{"data":"Sanctity","floor":47,"key":"SMITH"},{"floor":49,"key":"RECALL"},{"data":"InnerPeace","floor":53,"key":"SMITH"}],"circlet_count":0,"master_deck":["AscendersBane","Strike_P+1","Strike_P+1","Strike_P+1","Defend_P+1","Defend_P+1","Eruption+1","Vigilance+1","Tantrum+1","TalkToTheHand+1","SignatureMove+1","Sanctity+1","Vault+1","Omniscience+1","MostiFishMod:PathToVictory+1","MostiFishMod:StarOceanP+1","Adaptation+1","DeusExMachina+1","Collect+1","ForeignInfluence+1","MostiFishMod:Galeforce+1","MostiFishMod:StarWish+1","LessonLearned+1","InnerPeace+1","MostiFishMod:StarLaLaLa+1","TalkToTheHand+1"],"relics":["PureWater","DaveBox","NeowsBlessing","BrkXgEgg","SynthV:TestCard","HornCleat","Pen Nib","Centennial Puzzle","Ice Cream","Jackal-EndForJourney","MawBank","Blood Vial","Membership Card","Old Coin","ChiXiaoBlade","DianPoetry","Pantograph","Sundial","Bird Faced Urn","Bag of Preparation","CeramicFish","Shuriken","Lantern"],"acts_visited":["Exordium","TheCity","TheBeyond","TheEnding"],"potions_floor_usage":[40,42,44,50,56,56,56],"damage_taken":[{"damage":0.0,"enemies":"Small Slimes","floor":1.0,"turns":1.0},{"damage":0.0,"enemies":"Cultist","floor":4.0,"turns":1.0},{"damage":0.0,"enemies":"2 Louse","floor":5.0,"turns":1.0},{"damage":15.0,"enemies":"3 Sentries","floor":6.0,"turns":4.0},{"damage":0.0,"enemies":"Lagavulin","floor":8.0,"turns":3.0},{"damage":0.0,"enemies":"Gremlin Nob","floor":12.0,"turns":2.0},{"damage":0.0,"enemies":"Large Slime","floor":14.0,"turns":2.0},{"damage":5.0,"enemies":"Hexaghost","floor":16.0,"turns":7.0},{"damage":2.0,"enemies":"3 Byrds","floor":18.0,"turns":4.0},{"damage":12.0,"enemies":"2 Thieves","floor":20.0,"turns":4.0},{"damage":10.0,"enemies":"Centurion and Healer","floor":22.0,"turns":2.0},{"damage":0.0,"enemies":"Book of Stabbing","floor":24.0,"turns":3.0},{"damage":10.0,"enemies":"Snake Plant","floor":25.0,"turns":3.0},{"damage":0.0,"enemies":"Snecko","floor":27.0,"turns":1.0},{"damage":0.0,"enemies":"Slavers","floor":29.0,"turns":3.0},{"damage":0.0,"enemies":"3 Cultists","floor":31.0,"turns":2.0},{"damage":26.0,"enemies":"Collector","floor":33.0,"turns":5.0},{"damage":5.0,"enemies":"Orb Walker","floor":35.0,"turns":2.0},{"damage":0.0,"enemies":"Mind Bloom Boss Battle","floor":36.0,"turns":2.0},{"damage":0,"enemies":"Reptomancer","floor":40,"turns":3},{"damage":0,"enemies":"Nemesis","floor":44,"turns":4},{"damage":0,"enemies":"3 Darklings","floor":45,"turns":2},{"damage":0,"enemies":"Reptomancer","floor":46,"turns":3},{"damage":0,"enemies":"Jaw Worm Horde","floor":48,"turns":2},{"damage":42,"enemies":"Time Eater","floor":50,"turns":3},{"damage":39,"enemies":"Donu and Deca","floor":51,"turns":4},{"damage":33,"enemies":"Shield and Spear","floor":55,"turns":2},{"damage":44,"enemies":"The Heart","floor":56,"turns":6}],"seed_played":"4769260656362113769","potions_obtained":[{"floor":4.0,"key":"BottledMiracle"},{"floor":12.0,"key":"EssenceOfSteel"},{"floor":24.0,"key":"Fire Potion"},{"floor":29.0,"key":"Swift Potion"},{"floor":31.0,"key":"EssenceOfSteel"},{"floor":36.0,"key":"DuplicationPotion"},{"floor":44,"key":"Weak Potion"},{"floor":45,"key":"Fire Potion"},{"floor":55,"key":"EntropicBrew"}],"is_trial":false,"path_per_floor":["M","$","?","M","M","E","?","E","T","$","R","E","R","M","R","B",null,"M","?","M","?","M","R","E","M","T","M","$","E","?","M","R","B",null,"M","?","T","T","?","E","R","$","T","E","M","E","R","M","R","B","B",null,"R","$","E","B",null],"character_chosen":"WATCHER","items_purchased":["Sanctity","Membership Card","Bird Faced Urn","Fruit Juice","MostiFishMod:Galeforce+1","MostiFishMod:StarLaLaLa+1","PowerPotion"],"campfire_rested":0,"item_purchase_floors":[10,28,42,42,42,54,54],"current_hp_per_floor":[61,61,55,55,55,40,29,29,29,29,29,29,29,29,29,24,57,55,55,43,43,33,33,33,23,23,25,25,27,27,29,29,5,52,49,51,51,51,51,53,53,58,58,64,68,72,72,73,73,35,27,62,62,62,35,30],"gold":327,"neow_bonus":"THREE_ENEMY_KILL","is_daily":false,"chose_seed":false,"campfire_upgraded":8,"win_rate":0.0,"timestamp":1614010869,"path_taken":["M","$","?","M","M","E","?","E","T","$","R","E","R","M","R","BOSS","M","?","M","?","M","R","E","M","T","M","$","E","?","M","R","BOSS","M","?","?","?","?","E","R","$","T","E","?","E","R","M","R","BOSS","BOSS","R","$","E","BOSS"],"items_purchased_type":["Card","Relic","Relic","Potion","Card","Card","Potion"],"build_version":"2020-12-22","purchased_purges":5,"victory":true,"max_hp_per_floor":[68,68,68,68,68,68,68,68,68,68,68,68,68,68,68,68,68,68,68,68,68,68,68,68,68,68,68,68,68,68,68,68,68,68,68,68,68,68,68,68,68,73,73,73,73,73,73,73,73,73,73,73,73,73,73,73],"card_choices":[{"not_picked":["EmptyFist","BattleHymn"],"picked":"BowlingBash","floor":1.0},{"not_picked":["FlurryOfBlows","Crescendo","FearNoEvil","ClearTheMind"],"picked":"Tantrum","floor":4.0},{"not_picked":["WindmillStrike","EmptyFist","FlurryOfBlows","WheelKick"],"picked":"TalkToTheHand","floor":5.0},{"not_picked":["Crescendo","EmptyBody","Evaluate","Establishment+1"],"picked":"SignatureMove","floor":6.0},{"not_picked":["PathToVictory","Collect","FlyingSleeves","Conclude","LikeWater"],"picked":"SKIP","floor":8.0},{"not_picked":["Perseverance","PathToVictory","BowlingBash","Nirvana","ThirdEye"],"picked":"SKIP","floor":12.0},{"not_picked":["SignatureMove","Prostrate","SashWhip","SpiritShield+1","JustLucky"],"picked":"SKIP","floor":14.0},{"not_picked":["MostiFishMod:KamiSmash+1","ConjureBlade+1","Judgement+1","MostiFishMod:StarWish+1"],"picked":"Vault+1","floor":16.0},{"not_picked":["BowlingBash","CarveReality","Prostrate","MostiFishMod:Nomercy","ThirdEye"],"picked":"SKIP","floor":18.0},{"not_picked":["FollowUp","ThirdEye+1","Collect","BattleHymn"],"picked":"MostiFishMod:PathToVictory","floor":20.0},{"not_picked":["WheelKick","LikeWater","ClearTheMind","FollowUp","Indignation"],"picked":"SKIP","floor":22.0},{"not_picked":["Study","Sanctity","ForeignInfluence","Pray"],"picked":"MostiFishMod:StarOceanP+1","floor":24.0},{"not_picked":["Wireheading","SashWhip","FlyingSleeves","EmptyFist","Protect"],"picked":"SKIP","floor":25.0},{"not_picked":["FollowUp","JustLucky+1","ReachHeaven","ThirdEye"],"picked":"Adaptation","floor":27.0},{"not_picked":["CrushJoints","Crescendo","MostiFishMod:Clarity","Prostrate","FollowUp"],"picked":"SKIP","floor":29.0},{"not_picked":["Vengeance","Protect","BattleHymn+1","LikeWater","CrushJoints"],"picked":"SKIP","floor":31.0},{"not_picked":["Wish+1","MostiFishMod:Disappear+1","Alpha+1","MostiFishMod:Minus+1"],"picked":"DeusExMachina+1","floor":33.0},{"not_picked":["JustLucky","BowlingBash","ThirdEye+1","Collect+1","CutThroughFate"],"picked":"SKIP","floor":35.0},{"not_picked":["JustLucky","BowlingBash","ThirdEye+1","CutThroughFate"],"picked":"Collect+1","floor":35.0},{"not_picked":["Wireheading+1","JustLucky+1","Meditate","ThirdEye"],"picked":"ForeignInfluence","floor":40},{"not_picked":["FearNoEvil","Halt","Pray+1","Crescendo"],"picked":"MostiFishMod:StarWish+1","floor":44},{"not_picked":["ClearTheMind","FollowUp","Crescendo+1","BowlingBash"],"picked":"LessonLearned+1","floor":45},{"not_picked":["FlyingSleeves","Evaluate","Perseverance","CarveReality+1","Prostrate+1"],"picked":"SKIP","floor":46},{"not_picked":["Worship","Consecrate","Crescendo","Evaluate"],"picked":"InnerPeace","floor":48},{"not_picked":["Meditate+1","Perseverance","ConjureBlade+1","Worship"],"picked":"TalkToTheHand+1","floor":55}],"player_experience":291441,"relics_obtained":[{"floor":1.0,"key":"SynthV:TestCard"},{"floor":6.0,"key":"HornCleat"},{"floor":8.0,"key":"Pen Nib"},{"floor":9.0,"key":"Centennial Puzzle"},{"floor":12.0,"key":"Ice Cream"},{"floor":24.0,"key":"MawBank"},{"floor":26.0,"key":"Blood Vial"},{"floor":29.0,"key":"Old Coin"},{"floor":36.0,"key":"DianPoetry"},{"floor":38.0,"key":"Pantograph"},{"floor":40,"key":"Sundial"},{"floor":43,"key":"Bag of Preparation"},{"floor":44,"key":"CeramicFish"},{"floor":46,"key":"Shuriken"},{"floor":55,"key":"Lantern"}],"event_choices":[{"damage_healed":0.0,"max_hp_gain":0.0,"max_hp_loss":0.0,"gold_gain":50.0,"event_name":"FaceTrader","player_choice":"Touch","floor":3.0,"gold_loss":0.0,"damage_taken":6.0},{"damage_healed":0.0,"max_hp_gain":0.0,"max_hp_loss":0.0,"gold_gain":75.0,"event_name":"World of Goop","player_choice":"Gather Gold","floor":7.0,"gold_loss":0.0,"damage_taken":11.0},{"damage_healed":0.0,"max_hp_gain":0.0,"max_hp_loss":0.0,"gold_gain":0.0,"event_name":"The Library","player_choice":"Read","floor":19.0,"gold_loss":0.0,"damage_taken":0.0,"cards_obtained":["Omniscience"]},{"damage_healed":0.0,"max_hp_gain":0.0,"max_hp_loss":0.0,"gold_gain":0.0,"event_name":"Back to Basics","player_choice":"Simplicity","floor":21.0,"gold_loss":0.0,"damage_taken":0.0,"cards_upgraded":["Strike_P","Strike_P","Strike_P","Defend_P","Defend_P","Defend_P"]},{"damage_healed":0.0,"max_hp_gain":0.0,"max_hp_loss":0.0,"gold_gain":0.0,"event_name":"Ghosts","player_choice":"Ignored","floor":30.0,"gold_loss":0.0,"damage_taken":0.0},{"damage_healed":0.0,"max_hp_gain":0.0,"max_hp_loss":0.0,"gold_gain":0.0,"event_name":"MindBloom","player_choice":"Fight","floor":36.0,"gold_loss":0.0,"damage_taken":0.0},{"damage_healed":0.0,"max_hp_gain":0.0,"max_hp_loss":0.0,"gold_gain":0.0,"event_name":"Accursed Blacksmith","player_choice":"Forge","floor":39.0,"gold_loss":0.0,"damage_taken":0.0,"cards_upgraded":["SignatureMove"]}],"is_beta":false,"boss_relics":[{"not_picked":["Pandora\u0027s Box","RhineFirstAidKit"],"picked":"Jackal-EndForJourney"},{"not_picked":["SacredBark","HereWithMe"],"picked":"ChiXiaoBlade"}],"items_purged_floors":[2,10,28,42,54],"is_endless":false,"potions_floor_spawned":[4,12,14,16,18,24,29,31,36,44,45,48,55],"ascension_level":20}}