{"host":"ymw71f7rc9ndansy","time":1614004517,"event":{"mods":["100% Spire Juice","ATMod(阿瑾Mod)","Act Like it!","Aspiration","BaseMod","DeckTracker","Energized Spire","Gensokyo","Hubris","Koishi","Library of Ruina","Library of Ruina Extra","Minty Spire (QoL Compilation)","MostiFishMod","Relic Filter Mod","Reliquary","Remove Card Discount Mod","Replay The Spire","RumiaBox-露米娅的神秘盒子","StSLib","TestMod","【功能Mod】精心准备","【遗物卡牌】REMEMod"],"gold_per_floor":[116,104,120,133,133,177,177,217,299,314,314,337,302,302,62,220,220,244,262,262,279,178,207,226,226,106,124,4,0,0,13,13,114,114,114],"floor_reached":34,"language":"ZHS","playtime":872,"items_purged":["Injury","Writhe","Parasite","Moonworks:LongDistanceShot","Moonworks:Strike","Moonworks:Strike","Moonworks:Strike","Moonworks:Strike"],"score":459,"play_id":"552b0294-e215-4d3b-89ca-5b4cd6f9f80e","local_time":"20210222223517","is_ascension_mode":false,"campfire_choices":[{"data":"Moonworks:NicePresent","floor":15.0,"key":"SMITH"},{"data":"Moonworks:AnotherUltimateWeapon","floor":25,"key":"SMITH"},{"data":"Moonworks:Blazing","floor":28,"key":"SMITH"}],"circlet_count":0,"master_deck":["Moonworks:Defend","Moonworks:Defend","Moonworks:Defend","Moonworks:Defend","Moonworks:Ambush","AT_WarpDrive+1","TrashDisposal","Moonworks:NicePresent","Moonworks:IndiscriminateFireSupport","Moonworks:SubspaceTunnel","Moonworks:AngelHand","Moonworks:NicePresent+1","Moonworks:ImOnFire","Moonworks:Blazing+1","Moonworks:NicePresent","Moonworks:AnotherUltimateWeapon+1","Moonworks:NicePresent","Moonworks:NicePresent","Moonworks:HolyNight"],"relics":["Moonworks:Homemark","testmod-TestBox","DaveBox","REME_ComplimentaryCards","AT_ATBox","AT_SeraphEmbrace","HaiYi:Twilight","testmod-Laevatain","NeowsBlessing","SynthV:TestCard","Bloody Idol","PageOfJudgementBird","reliquary:NewFriend","EasyGame_NEW","Akabeko","aspiration:FetidBarrel","energizedSpire:NeverEndingSparkler"],"acts_visited":["Exordium","TheCity","TheBeyond"],"potions_floor_usage":[],"damage_taken":[{"damage":0.0,"enemies":"Small Slimes","floor":1.0,"turns":1.0},{"damage":0.0,"enemies":"2 Louse","floor":3.0,"turns":1.0},{"damage":11.0,"enemies":"Jaw Worm","floor":4.0,"turns":2.0},{"damage":18.0,"enemies":"Lagavulin","floor":6.0,"turns":5.0},{"damage":9.0,"enemies":"3 Sentries","floor":8.0,"turns":2.0},{"damage":0.0,"enemies":"Exordium Wildlife","floor":10.0,"turns":2.0},{"damage":0.0,"enemies":"Gremlin Gang","floor":12.0,"turns":1.0},{"damage":19.0,"enemies":"The Guardian","floor":16.0,"turns":5.0},{"damage":0,"enemies":"Spheric Guardian","floor":18,"turns":2},{"damage":0,"enemies":"2 Thieves","floor":19,"turns":1},{"damage":0,"enemies":"Snake Plant","floor":21,"turns":1},{"damage":0,"enemies":"Snecko","floor":22,"turns":2},{"damage":11,"enemies":"Replay:Snechameleon","floor":23,"turns":3},{"damage":0,"enemies":"Centurion and Healer","floor":24,"turns":1},{"damage":0,"enemies":"3 Cultists","floor":27,"turns":2},{"damage":0,"enemies":"Chosen and Byrds","floor":31,"turns":1},{"damage":0,"enemies":"Champ","floor":33,"turns":3}],"seed_played":"-8041911000576674761","potions_obtained":[{"floor":8.0,"key":"REME_GoldPotion"},{"floor":10.0,"key":"Block Potion"},{"floor":19,"key":"EssenceOfSteel"},{"floor":22,"key":"FearPotion"},{"floor":24,"key":"DistilledChaos"},{"floor":27,"key":"LiquidMemories"}],"is_trial":false,"path_per_floor":["M","$","M","M","?","E","?","E","T","M","$","M","?","$","R","B",null,"M","M","?","M","M","E","M","R","T","M","R","$","?","M","R","B",null],"character_chosen":"THE_STARBREAKER","items_purchased":[],"campfire_rested":0,"item_purchase_floors":[],"current_hp_per_floor":[60,57,57,48,34,20,20,16,16,21,21,21,35,35,35,49,57,57,57,57,57,57,57,57,57,57,57,57,57,57,57,57,57,57,57],"gold":114,"neow_bonus":"THREE_ENEMY_KILL","is_daily":false,"chose_seed":false,"campfire_upgraded":3,"win_rate":0.0,"timestamp":1614004517,"path_taken":["M","$","M","M","?","E","?","E","T","M","$","M","?","$","R","BOSS","M","M","?","M","M","E","M","R","T","M","R","$","?","M","R","BOSS"],"items_purchased_type":[],"build_version":"2020-12-22","purchased_purges":8,"victory":false,"max_hp_per_floor":[60,57,57,57,57,57,57,57,57,57,57,57,57,57,57,57,57,57,57,57,57,57,57,57,57,57,57,57,57,57,57,57,57,57,57],"card_choices":[{"not_picked":["Moonworks:JonathanRush","Moonworks:ImOnFire","Moonworks:IndiscriminateFireSupport","Moonworks:LulusLuckyEgg"],"picked":"Moonworks:NicePresent","floor":3.0},{"not_picked":["Moonworks:DeployBits","Moonworks:Assault","Moonworks:TreasureThief","Moonworks:LulusLuckyEgg"],"picked":"Moonworks:IndiscriminateFireSupport","floor":4.0},{"not_picked":["Moonworks:IndiscriminateFireSupport","Moonworks:SakisCookie","Moonworks:NicePresent","Moonworks:MixPhenomenon"],"picked":"Moonworks:SubspaceTunnel","floor":6.0},{"not_picked":["Moonworks:EvilSpyWorkPreparation","Moonworks:IntelligenceOfficer","Moonworks:LulusLuckyEgg","Moonworks:IndiscriminateFireSupport"],"picked":"Moonworks:AngelHand","floor":8.0},{"not_picked":["Moonworks:Bloodlust","Moonworks:Assault","Moonworks:AwakeningOfTalent","Moonworks:BigMagnum"],"picked":"Moonworks:NicePresent","floor":10.0},{"not_picked":["Moonworks:SealedMemories","Moonworks:JonathanRush","Moonworks:BigMagnum","Moonworks:MixPhenomenon"],"picked":"Moonworks:ImOnFire","floor":12.0},{"not_picked":["Moonworks:PlushieMaster","Moonworks:SubspaceTunnel","Moonworks:Wanted","Moonworks:LeapThroughSpace"],"picked":"Moonworks:Blazing","floor":16.0},{"not_picked":["Moonworks:EvilSpyWorkPreparation","Moonworks:AngelHand","Moonworks:ImOnFire","Moonworks:CastOff"],"picked":"Moonworks:NicePresent","floor":19},{"not_picked":["Moonworks:Wanted","Moonworks:IndiscriminateFireSupport","Moonworks:SakisCookie+1","Moonworks:BigMagnum+1"],"picked":"Moonworks:AnotherUltimateWeapon","floor":23},{"not_picked":["Moonworks:CloudOfSeagulls+1","Moonworks:JonathanRush","Moonworks:EvilSpyWorkPreparation","Moonworks:Assault+1"],"picked":"Moonworks:NicePresent","floor":24},{"not_picked":["Moonworks:JonathanRush","Moonworks:ImOnFire","Moonworks:BigMagnum","Moonworks:LulusLuckyEgg"],"picked":"Moonworks:NicePresent","floor":31},{"not_picked":["Moonworks:SubspaceTunnel","Moonworks:ShieldCounter","Moonworks:AccelHyper","Moonworks:CrystalBarrier"],"picked":"Moonworks:HolyNight","floor":33}],"player_experience":1120153,"relics_obtained":[{"floor":1.0,"key":"SynthV:TestCard"},{"floor":6.0,"key":"PageOfJudgementBird"},{"floor":8.0,"key":"reliquary:NewFriend"},{"floor":23,"key":"Akabeko"},{"floor":26,"key":"aspiration:FetidBarrel"}],"event_choices":[{"damage_healed":0.0,"max_hp_gain":0.0,"max_hp_loss":0.0,"gold_gain":0.0,"event_name":"Golden Idol","player_choice":"Take Damage","floor":5.0,"gold_loss":0.0,"damage_taken":14.0,"relics_obtained":["Golden Idol"]},{"damage_healed":14.0,"max_hp_gain":0.0,"max_hp_loss":0.0,"gold_gain":0.0,"event_name":"The Cleric","player_choice":"Healed","floor":13.0,"gold_loss":35.0,"damage_taken":0.0},{"damage_healed":0,"gold_gain":0,"player_choice":"Gave Idol","damage_taken":0,"relics_obtained":["Bloody Idol"],"max_hp_gain":0,"max_hp_loss":0,"event_name":"Forgotten Altar","floor":20,"relics_lost":["Golden Idol"],"gold_loss":0},{"damage_healed":0,"gold_gain":0,"player_choice":"Ignored","damage_taken":0,"max_hp_gain":0,"max_hp_loss":0,"event_name":"Vampires","floor":30,"gold_loss":0}],"is_beta":false,"boss_relics":[{"not_picked":["REME_ChargedStone","Pandora\u0027s Box"],"picked":"EasyGame_NEW"},{"not_picked":["TimeKeys","ExusiaiGun"],"picked":"energizedSpire:NeverEndingSparkler"}],"items_purged_floors":[2,2,2,2,2,2,29,29],"is_endless":false,"potions_floor_spawned":[1,8,10,19,22,24,27],"ascension_level":0}}