{"host":"xp5rvh2jwe2ejyfm","time":1614018326,"event":{"mods":["2.2 Compatiblity","Aspiration","Bard","BaseMod","Beaked The Cultist","Better Altar","Better Match","Better Note","Better Sensory Stone","Better Skull","BetterRewards","Colored Powertips","Conspire","Downfall","GifTheSpireLib","Gremlin Mod","GungeonMod","Hermit","Hubris","Jorbs\u0027s Wanderer Trilogy","Mad Scientist","Minty Spire (QoL Compilation)","Potionbrewer","Quick Restart","Replay The Spire","Robot Space Explorer","Shade Mod","Somnambulant","StSLib","The Bug Knight","The Clintock","The Construct","The Cursed","The Disciple","The Forsaken","The Hierophant","The Marked","The Mystic","The Necromancer","The Runesmith","The Servant 0.9.4","The Valiant","The Witch","TheFirefly","TheVacant","thorton"],"gold_per_floor":[118,131,141,160,173,173,201,201,201,201,216,227,40,58,58,58,58],"floor_reached":16,"language":"ENG","playtime":1025,"items_purged":[],"score":106,"play_id":"0ed14cf5-8df6-4ca1-bcb5-f997275c5cc9","local_time":"20210222132526","is_ascension_mode":false,"campfire_choices":[{"data":"mysticmod:ShockingGrasp","floor":6,"key":"SMITH"},{"floor":10,"key":"REST"},{"floor":15,"key":"RECALL"}],"circlet_count":0,"master_deck":["mysticmod:Strike_Mystic","mysticmod:Strike_Mystic","mysticmod:Strike_Mystic","mysticmod:Strike_Mystic","mysticmod:Defend_Mystic","mysticmod:Defend_Mystic","mysticmod:Defend_Mystic","mysticmod:Defend_Mystic","mysticmod:ArcaneDodge","mysticmod:ShockingGrasp+1","mysticmod:Snowball","mysticmod:Fireball","mysticmod:MagicMissile","mysticmod:TomeOfSpells","mysticmod:PreparedCaster+1","mysticmod:Snowball","mysticmod:Dedication","mysticmod:Alacrity","mysticmod:ComboCaster","mysticmod:PunishingArmor","mysticmod:Flourish","mysticmod:Probe"],"relics":["mysticmod:SpellBook","NeowsBlessing","Nunchaku"],"acts_visited":["Exordium"],"potions_floor_usage":[7,14,16,16],"damage_taken":[{"damage":0,"enemies":"conspire:RoseBush","floor":1,"turns":1},{"damage":0,"enemies":"Cultist","floor":2,"turns":1},{"damage":0,"enemies":"Jaw Worm","floor":3,"turns":1},{"damage":6,"enemies":"2 Fungi Beasts","floor":4,"turns":3},{"damage":23,"enemies":"Exordium Thugs","floor":5,"turns":5},{"damage":25,"enemies":"3 Sentries","floor":7,"turns":6},{"damage":19,"enemies":"3 Louse","floor":11,"turns":3},{"damage":3,"enemies":"Blue Slaver","floor":12,"turns":3},{"damage":5,"enemies":"2 Fungi Beasts","floor":14,"turns":5},{"damage":20,"enemies":"Slime Boss","floor":16,"turns":6}],"seed_played":"2605689552478748611","potions_obtained":[{"floor":1,"key":"BlessingOfTheForge"},{"floor":4,"key":"potionbrewer:CleansingPotion"},{"floor":11,"key":"potionbrewer:DiscountPotion"},{"floor":14,"key":"SteroidPotion"}],"is_trial":false,"path_per_floor":["M","M","M","M","M","R","E","?","T","R","M","M","$","M","R","B"],"character_chosen":"MYSTIC_CLASS","items_purchased":["mysticmod:ComboCaster","mysticmod:PunishingArmor","mysticmod:Flourish"],"campfire_rested":1,"item_purchase_floors":[13,13,13],"current_hp_per_floor":[77,77,77,71,48,48,23,23,23,46,27,24,24,19,19,0,0],"gold":58,"neow_bonus":"THREE_ENEMY_KILL","is_daily":false,"chose_seed":false,"campfire_upgraded":1,"win_rate":0.0,"timestamp":1614018326,"path_taken":["M","M","M","M","M","R","E","?","T","R","M","M","$","?","R","BOSS"],"items_purchased_type":["Card","Card","Card"],"build_version":"2020-12-22","purchased_purges":0,"victory":false,"max_hp_per_floor":[77,77,77,77,77,77,77,77,77,77,77,77,77,77,77,77,77],"card_choices":[{"not_picked":["mysticmod:SuddenClarity","mysticmod:ComponentsPouch"],"picked":"mysticmod:Snowball","floor":1},{"not_picked":["mysticmod:HunkerDown","mysticmod:Disengage"],"picked":"mysticmod:Fireball","floor":2},{"not_picked":["mysticmod:Grease","mysticmod:Feint"],"picked":"mysticmod:MagicMissile","floor":3},{"not_picked":["mysticmod:MagicMissile","mysticmod:EarthenWall"],"picked":"mysticmod:TomeOfSpells","floor":4},{"not_picked":["mysticmod:Feint","mysticmod:LightningBolt"],"picked":"mysticmod:PreparedCaster","floor":5},{"not_picked":["mysticmod:PowerAttack","mysticmod:EarthenWall"],"picked":"mysticmod:Snowball","floor":7},{"not_picked":["mysticmod:Disengage","mysticmod:Probe"],"picked":"mysticmod:Dedication","floor":11},{"not_picked":["mysticmod:BulkUp","mysticmod:Fireball"],"picked":"mysticmod:Alacrity","floor":12},{"not_picked":["mysticmod:BulkUp","mysticmod:Alacrity"],"picked":"mysticmod:Probe","floor":14}],"player_experience":573884,"relics_obtained":[{"floor":7,"key":"Nunchaku"}],"event_choices":[{"damage_healed":0,"gold_gain":0,"player_choice":"Forge","damage_taken":0,"max_hp_gain":0,"max_hp_loss":0,"event_name":"Accursed Blacksmith","floor":8,"gold_loss":0,"cards_upgraded":["mysticmod:PreparedCaster"]}],"is_beta":false,"boss_relics":[],"items_purged_floors":[],"is_endless":false,"potions_floor_spawned":[1,4,11,14],"killed_by":"Slime Boss","ascension_level":0}}