{"host":"qnonbmyem8gan59d","time":1614014869,"event":{"mods":["BaseMod","Colored Powertips","Downfall","Hermit","Minty Spire (QoL Compilation)","Replay The Spire","StSLib"],"gold_per_floor":[199,288,298,311,326,311,311,325,337,137,171,171,186,82,94,195,195,195,195,295,295,313,142,168,180,196,226,249,275,175,185,195,298,298,298,310,324,324,208,240,264,264,264,264,312,365,365,383,413,419,419,478,320,320,334,334,334],"floor_reached":55,"language":"ENG","playtime":4991,"items_purged":[],"score":814,"play_id":"208ace1a-faac-462d-ad3e-e9e74768c6ff","local_time":"20210222112749","is_ascension_mode":false,"campfire_choices":[{"floor":1.0,"key":"RECALL"},{"data":"champ:CalledShot","floor":10.0,"key":"SMITH"},{"data":"champ:LastStand","floor":18.0,"key":"SMITH"},{"data":"champ:FanOfKnives","floor":30.0,"key":"SMITH"},{"data":"champ:SteelEdge","floor":44.0,"key":"SMITH"},{"data":"champ:SteelEdge","floor":47.0,"key":"SMITH"},{"data":"champ:UltimateStance","floor":54,"key":"SMITH"}],"circlet_count":0,"master_deck":["champ:Strike","champ:Strike","champ:Strike","champ:Strike","champ:Defend","champ:Defend","champ:Defend","champ:Execute","champ:Taunt","champ:CalledShot+1","champ:FlashCut","champ:PreciseThrust","champ:AdrenalArmor","champ:FancyFootwork","champ:EnragedBash","champ:FaceSlap","champ:Endure","champ:SkillfulDodge","champ:CrownThrow","champ:VampiricStrike","champ:DefensiveShout","champ:BringItOn+1","champ:BringItOn","champ:LastStand+1","champ:Shatter","champ:SetATrap","champ:EnGarde","champ:PreciseThrust+1","champ:FanOfKnives+1","champ:Shatter+1","champ:SteelEdge+1","champ:CalledShot+1","champ:SteelEdge+1","Parasite","champ:FlashCut","champ:UltimateStance+1"],"relics":["champ:ChampionCrown","Bag of Marbles","downfall:HeartBlessingBlue","downfall:HeartBlessingRed","Garlic","Coffee Dripper","champ:DefensiveTrainingManual","Ice Cream","Darkstone Periapt","PreservedInsect","Happy Flower","Boot","Replay:Wax Seal","Ancient Tea Set","Lantern","downfall:HeartBlessingGreen","SlaversCollar","Shuriken","Replay:Bandana","Gremlin Food","Simple Rune"],"acts_visited":["Exordium","TheCity","TheBeyond","TheEnding"],"potions_floor_usage":[],"damage_taken":[{"damage":0.0,"enemies":"Small Slimes","floor":3.0,"turns":4.0},{"damage":10.0,"enemies":"Jaw Worm","floor":4.0,"turns":2.0},{"damage":0.0,"enemies":"Cultist","floor":5.0,"turns":3.0},{"damage":25.0,"enemies":"downfall:FleeingMerchant","floor":6.0,"turns":4.0},{"damage":21.0,"enemies":"2 Fungi Beasts","floor":8.0,"turns":4.0},{"damage":0.0,"enemies":"3 Louse","floor":9.0,"turns":2.0},{"damage":38.0,"enemies":"Lagavulin","floor":11.0,"turns":5.0},{"damage":5.0,"enemies":"downfall:LooterAlt","floor":13.0,"turns":3.0},{"damage":15.0,"enemies":"downfall:FleeingMerchant","floor":14.0,"turns":4.0},{"damage":5.0,"enemies":"Blue Slaver","floor":15.0,"turns":4.0},{"damage":55.0,"enemies":"SI_SHIV_ARCHETYPE","floor":16.0,"turns":10.0},{"damage":50.0,"enemies":"IC_STATUS_ARCHETYPE","floor":20.0,"turns":9.0},{"damage":37.0,"enemies":"downfall:LooterAlt2","floor":22.0,"turns":4.0},{"damage":15.0,"enemies":"downfall:FleeingMerchant","floor":23.0,"turns":4.0},{"damage":15.0,"enemies":"3 Byrds","floor":25.0,"turns":5.0},{"damage":28.0,"enemies":"Cultist and Chosen","floor":26.0,"turns":6.0},{"damage":7.0,"enemies":"Slavers","floor":27.0,"turns":3.0},{"damage":20.0,"enemies":"Gremlin Leader","floor":29.0,"turns":6.0},{"damage":20.0,"enemies":"Centurion and Healer","floor":31.0,"turns":4.0},{"damage":8.0,"enemies":"Snake Plant","floor":32.0,"turns":3.0},{"damage":39.0,"enemies":"IC_MUSHROOM_ARCHETYPE","floor":33.0,"turns":7.0},{"damage":5.0,"enemies":"Orb Walker","floor":36.0,"turns":2.0},{"damage":30.0,"enemies":"3 Darklings","floor":37.0,"turns":6.0},{"damage":15.0,"enemies":"downfall:FleeingMerchant","floor":39.0,"turns":4.0},{"damage":0.0,"enemies":"R_Hoarder","floor":40.0,"turns":6.0},{"damage":0.0,"enemies":"Spire Growth","floor":45.0,"turns":2.0},{"damage":25.0,"enemies":"Writhing Mass","floor":48.0,"turns":8.0},{"damage":15.0,"enemies":"Sphere and 2 Shapes","floor":49.0,"turns":3.0},{"damage":77.0,"enemies":"WA_ARCHETYPE_DIVINITY","floor":50.0,"turns":9.0},{"damage":137,"enemies":"downfall:CharBossMerchant","floor":52,"turns":8},{"damage":36,"enemies":"downfall:NeowBoss","floor":55,"turns":5}],"seed_played":"4456304377548660923","potions_obtained":[{"floor":3.0,"key":"DuplicationPotion"},{"floor":4.0,"key":"Reflective Coating"},{"floor":9.0,"key":"ColorlessPotion"},{"floor":15.0,"key":"champ:TechniquePotion"},{"floor":31.0,"key":"DuplicationPotion"},{"floor":33.0,"key":"Weak Potion"},{"floor":52,"key":"BlessingOfTheForge"}],"is_trial":false,"path_per_floor":["R","?","M","M","M","$","T","M","M","R","E","?","M","$","M","B",null,"R","?","?","?","M","$","T","M","M","E","T","E","R","M","M","B",null,"R","M","M","?","$","E","T","?","?","R","M","T","R","M","M","B",null,"E","$","R","B"],"character_chosen":"THE_CHAMP","items_purchased":["champ:DefensiveShout","champ:BringItOn+1","Happy Flower","FairyPotion","champ:UltimateStance"],"campfire_rested":0,"item_purchase_floors":[14,14,23,39,53],"current_hp_per_floor":[90,90,90,90,90,90,90,89,89,99,91,96,96,96,96,76,105,105,105,85,85,58,58,58,58,45,43,43,43,43,43,40,16,105,105,105,100,100,100,100,100,100,100,100,100,100,100,91,91,19,111,33,33,33,0,0,0],"gold":334,"neow_bonus":"HUNDRED_GOLD","is_daily":false,"chose_seed":false,"campfire_upgraded":6,"win_rate":0.0,"timestamp":1614014869,"path_taken":["R","?","?","M","M","$","T","M","M","R","E","?","M","$","M","BOSS","R","?","?","?","M","$","T","M","M","E","?","E","R","?","M","BOSS","R","M","M","?","$","E","T","?","?","R","?","?","R","?","M","BOSS","E","$","R","BOSS"],"items_purchased_type":["Card","Card","Relic","Potion","Card"],"build_version":"2020-12-22","purchased_purges":0,"victory":false,"max_hp_per_floor":[90,90,90,90,90,90,90,90,90,100,100,105,105,105,105,105,105,105,105,105,105,105,105,105,105,105,105,105,105,105,105,105,105,105,105,105,105,105,105,105,105,105,105,105,105,105,105,111,111,111,111,111,111,111,111,111,111],"card_choices":[{"not_picked":["champ:Lariat","champ:Shatter"],"picked":"champ:CalledShot","floor":2.0},{"not_picked":["champ:FocusedDefense","champ:RisingSlash"],"picked":"champ:FlashCut","floor":2.0},{"not_picked":["champ:Circumvent","champ:Parry"],"picked":"champ:PreciseThrust","floor":3.0},{"not_picked":["champ:BladeFlurry","champ:EndlessRage"],"picked":"champ:AdrenalArmor","floor":4.0},{"not_picked":["champ:Backstep","champ:FlashCut"],"picked":"champ:FancyFootwork","floor":5.0},{"not_picked":["champ:AdrenalArmor","champ:HeartStrike"],"picked":"champ:EnragedBash","floor":6.0},{"not_picked":["champ:GladiatorStyle","champ:CrownThrow"],"picked":"champ:FaceSlap","floor":8.0},{"not_picked":["champ:ShieldWall","champ:FlashCut"],"picked":"champ:Endure","floor":9.0},{"not_picked":["champ:HeartStrike","champ:FalseCounter"],"picked":"champ:SkillfulDodge","floor":11.0},{"not_picked":["champ:PerfectedStrike","champ:ShieldWall"],"picked":"champ:CrownThrow","floor":13.0},{"not_picked":["champ:RapidStrikes","champ:Parry"],"picked":"champ:VampiricStrike","floor":14.0},{"not_picked":["champ:FanOfKnives","champ:SkillfulDodge"],"picked":"champ:BringItOn","floor":15.0},{"not_picked":["champ:StrikeOfGenius","champ:IgnorePain"],"picked":"champ:LastStand","floor":16.0},{"not_picked":["champ:Parry+1","champ:PreciseThrust"],"picked":"champ:Shatter","floor":22.0},{"not_picked":["champ:ShieldWall","champ:DancingMaster"],"picked":"champ:SetATrap","floor":23.0},{"not_picked":["champ:Circumvent","champ:FancyFootwork"],"picked":"champ:EnGarde","floor":25.0},{"not_picked":["champ:ArenaPreparation","champ:FanOfKnives"],"picked":"champ:PreciseThrust+1","floor":26.0},{"not_picked":["champ:FlashCut","champ:HoldFirm"],"picked":"champ:FanOfKnives","floor":27.0},{"not_picked":["champ:Lariat","champ:Circumvent"],"picked":"champ:Shatter+1","floor":29.0},{"not_picked":["champ:Backstep","champ:GladiatorStyle"],"picked":"champ:SteelEdge","floor":31.0},{"not_picked":["champ:PreemptiveStrike","champ:Haymaker"],"picked":"champ:CalledShot+1","floor":32.0},{"not_picked":["champ:Devastate","champ:CheapShot"],"picked":"champ:SteelEdge","floor":33.0},{"not_picked":["champ:ShieldWall","champ:Shatter","champ:Backstep"],"picked":"SKIP","floor":36.0},{"not_picked":["champ:BladeFlurry","champ:Backstep+1","champ:TornadoPunch+1"],"picked":"SKIP","floor":37.0},{"not_picked":["champ:PerfectedStrike","champ:FancyFootwork","champ:FocusedDefense"],"picked":"SKIP","floor":39.0},{"not_picked":["champ:FancyFootwork+1","champ:ShieldWall","champ:IronFortress"],"picked":"SKIP","floor":40.0},{"not_picked":["champ:CrownThrow","champ:PerfectedStrike+1","champ:Circumvent+1"],"picked":"SKIP","floor":45.0},{"not_picked":["champ:RapidStrikes+1","champ:BringItOn","champ:FancyFootwork"],"picked":"SKIP","floor":48.0},{"not_picked":["champ:DefensiveShout+1","champ:HeartStrike","champ:RapidStrikes+1"],"picked":"SKIP","floor":49.0},{"not_picked":["champ:PreciseThrust","champ:RisingSlash+1"],"picked":"champ:FlashCut","floor":52}],"player_experience":121852,"relics_obtained":[{"floor":2.0,"key":"Bag of Marbles"},{"floor":11.0,"key":"Garlic"},{"floor":20.0,"key":"Ice Cream"},{"floor":20.0,"key":"Darkstone Periapt"},{"floor":24.0,"key":"Boot"},{"floor":27.0,"key":"Replay:Wax Seal"},{"floor":28.0,"key":"Ancient Tea Set"},{"floor":29.0,"key":"Lantern"},{"floor":40.0,"key":"Shuriken"},{"floor":41.0,"key":"Replay:Bandana"},{"floor":46.0,"key":"Gremlin Food"},{"floor":52,"key":"Simple Rune"}],"event_choices":[{"damage_healed":0.0,"max_hp_gain":5.0,"max_hp_loss":0.0,"gold_gain":0.0,"event_name":"Big Fish","player_choice":"Donut","floor":12.0,"gold_loss":0.0,"damage_taken":0.0},{"cards_removed":["champ:Defend"],"damage_healed":0.0,"max_hp_gain":0.0,"max_hp_loss":0.0,"gold_gain":0.0,"event_name":"Falling","player_choice":"Removed Skill","floor":43.0,"gold_loss":0.0,"damage_taken":0.0}],"is_beta":false,"boss_relics":[{"not_picked":["bronze:MakeshiftBattery","Ring of Chaos"],"picked":"Coffee Dripper"},{"not_picked":["Empty Cage","Kintsugi"],"picked":"SlaversCollar"}],"items_purged_floors":[],"is_endless":false,"potions_floor_spawned":[3,4,9,15,16,22,25,31,33,40,45,48,52],"killed_by":"downfall:NeowBoss","ascension_level":0}}