{"host":"0r455zfix56tawas","time":1614025541,"event":{"mods":["AlwaysNeverKeys","BaseMod","Colored Powertips","Downfall","Highlight Path","Minty Spire (QoL Compilation)","StSLib","The Necromancer","The Servant 0.9.4"],"gold_per_floor":[99,117,136,52,227,227,278,178,198,216,230,230,249,259,274,374,374,374,391,405,405,355,555,579,579,590,614,636,721,721,721,739,842,842,842,854,854,906,467,482,482,498,398,408,408,428,428,95,109,109],"floor_reached":51,"language":"ENG","playtime":4061,"items_purged":["hexamod:NecessarySacrifice"],"score":770,"play_id":"0b64512b-a871-42b0-a049-34de6f4959ea","local_time":"20210222212541","is_ascension_mode":false,"campfire_choices":[{"data":"hexamod:Float","floor":1,"key":"SMITH"},{"data":"hexamod:Sear","floor":8,"key":"SMITH"},{"data":"hexamod:HexaLevel","floor":12,"key":"SMITH"},{"data":"hexamod:InspiringFlames","floor":18,"key":"SMITH"},{"data":"hexamod:GhostOfSpireFuture","floor":30,"key":"SMITH"},{"floor":35,"key":"RECALL"},{"data":"hexamod:TimeWarp","floor":43,"key":"SMITH"},{"floor":45,"key":"REST"},{"floor":47,"key":"REST"}],"circlet_count":0,"master_deck":["hexamod:Strike+1","hexamod:Strike","hexamod:Defend","hexamod:Defend+1","hexamod:Defend","hexamod:Defend+1","hexamod:Sear+1","hexamod:Float+1","hexamod:HeatMetal+1","hexamod:ShieldOfDarkness","hexamod:AdvancingGuard+1","hexamod:EmpoweredFlame","hexamod:HexaLevel+1","hexamod:InspiringFlames+1","hexamod:HauntingEcho","hexamod:FastForward","hexamod:TimeWarp+1","hexamod:GhostOfSpireFuture+1","hexamod:FastForward+1","hexamod:Firestarter+1","hexamod:Rewind+1","hexamod:AdvancingGuard","hexamod:Rewind+1","hexamod:AdvancingGuard","hexamod:PhantomFireball","hexamod:FourthSeal","hexamod:CatchUp+1","hexamod:FastForward","hexamod:StepThrough","hexamod:GhostOfSpirePast","hexamod:AdvancingGuard+1","hexamod:FifthSeal","hexamod:FirstSeal","hexamod:Firestarter+1","hexamod:SixthSeal","hexamod:ThermalTransfer+1","hexamod:SearingWound"],"relics":["hexamod:SpiritBrand","downfall:HeartBlessingBlue","hexamod:IceCube","Enchiridion","Bag of Marbles","hexamod:TheBrokenSeal","Philosopher\u0027s Stone","Dead Branch","ClockworkSouvenir","Centennial Puzzle","downfall:HeartBlessingRed","Mummified Hand"],"acts_visited":["Exordium","TheCity","TheBeyond"],"potions_floor_usage":[27,50,50,50,50,50,50],"damage_taken":[{"damage":1,"enemies":"Small Slimes","floor":2,"turns":3},{"damage":0,"enemies":"Jaw Worm","floor":3,"turns":4},{"damage":0,"enemies":"downfall:FleeingMerchant","floor":4,"turns":4},{"damage":1,"enemies":"2 Louse","floor":9,"turns":3},{"damage":0,"enemies":"downfall:LooterAlt","floor":10,"turns":3},{"damage":0,"enemies":"2 Fungi Beasts","floor":11,"turns":6},{"damage":3,"enemies":"Red Slaver","floor":13,"turns":4},{"damage":0,"enemies":"downfall:LooterAlt","floor":14,"turns":4},{"damage":4,"enemies":"3 Louse","floor":15,"turns":5},{"damage":24,"enemies":"WA_ARCHETYPE_RETAIN","floor":16,"turns":7},{"damage":23,"enemies":"downfall:LooterAlt2","floor":19,"turns":6},{"damage":7,"enemies":"Spheric Guardian","floor":20,"turns":6},{"damage":9,"enemies":"Spheric Guardian","floor":23,"turns":7},{"damage":12,"enemies":"Snake Plant","floor":26,"turns":5},{"damage":14,"enemies":"Shelled Parasite and Fungi","floor":27,"turns":7},{"damage":0,"enemies":"Centurion and Healer","floor":28,"turns":6},{"damage":31,"enemies":"Cultist and Chosen","floor":32,"turns":8},{"damage":40,"enemies":"IC_MUSHROOM_ARCHETYPE","floor":33,"turns":8},{"damage":0,"enemies":"3 Darklings","floor":36,"turns":4},{"damage":39,"enemies":"2 Orb Walkers","floor":38,"turns":5},{"damage":0,"enemies":"downfall:FleeingMerchant","floor":39,"turns":4},{"damage":0,"enemies":"Orb Walker","floor":40,"turns":3},{"damage":13,"enemies":"3 Darklings","floor":42,"turns":4},{"damage":0,"enemies":"Sphere and 2 Shapes","floor":44,"turns":7},{"damage":21,"enemies":"Writhing Mass","floor":46,"turns":3},{"damage":3,"enemies":"downfall:FleeingMerchant","floor":48,"turns":4},{"damage":14,"enemies":"3 Darklings","floor":49,"turns":5},{"damage":36,"enemies":"SI_POISON_ARCHETYPE","floor":50,"turns":11}],"seed_played":"9061973092382605308","potions_obtained":[{"floor":9,"key":"Guardian:BlockOnCardUsePotion"},{"floor":10,"key":"Strength Potion"},{"floor":11,"key":"DistilledChaos"},{"floor":26,"key":"EntropicBrew"},{"floor":32,"key":"SteroidPotion"},{"floor":33,"key":"Guardian:BlockOnCardUsePotion"}],"is_trial":false,"path_per_floor":["R","M","M","$","?","?","T","R","M","M","M","R","M","M","M","B",null,"R","M","M","?","?","?","T","?","M","M","M","?","R","?","M","B",null,"R","M","?","?","$","M","T","M","R","M","R","M","R","?","M","B",null],"character_chosen":"THE_SPIRIT","items_purchased":["hexamod:EmpoweredFlame","hexamod:FastForward","hexamod:StepThrough","hexamod:GhostOfSpirePast","ClockworkSouvenir","Mummified Hand","hexamod:SearingWound"],"campfire_rested":2,"item_purchase_floors":[4,39,39,39,39,48,48],"current_hp_per_floor":[77,76,76,76,76,76,76,86,85,85,85,85,82,82,78,54,87,87,64,57,41,73,71,71,71,66,59,66,52,52,52,85,45,97,97,97,97,58,58,58,58,45,45,45,74,53,82,79,65,36],"gold":109,"neow_bonus":"TEN_PERCENT_HP_BONUS","is_daily":false,"chose_seed":false,"campfire_upgraded":6,"win_rate":0.0,"timestamp":1614025541,"path_taken":["R","M","M","$","?","?","T","R","M","M","?","R","M","M","M","BOSS","R","M","M","?","?","?","T","?","M","M","?","?","R","?","M","BOSS","R","M","?","?","$","M","T","M","R","M","R","M","R","?","M","BOSS"],"items_purchased_type":["Card","Card","Card","Card","Relic","Relic","Card"],"build_version":"2020-12-22","purchased_purges":1,"victory":true,"max_hp_per_floor":[77,77,77,77,77,77,77,87,87,87,87,87,87,87,87,87,87,87,87,87,87,87,87,87,87,87,87,87,87,87,87,97,97,97,97,97,97,97,97,97,97,97,97,97,97,97,97,97,97,97],"card_choices":[{"not_picked":["hexamod:GhostLash","hexamod:HeatCrush"],"picked":"hexamod:HeatMetal","floor":2},{"not_picked":["hexamod:NightmareGuise","hexamod:GhostLash"],"picked":"hexamod:ShieldOfDarkness","floor":3},{"not_picked":["hexamod:SwordOfDarkness","hexamod:Hexaguard"],"picked":"hexamod:AdvancingGuard","floor":4},{"not_picked":["hexamod:SpectersWail","hexamod:PhantomFireball"],"picked":"hexamod:HexaLevel","floor":9},{"not_picked":["hexamod:Firestarter","hexamod:HeatShield"],"picked":"hexamod:InspiringFlames","floor":10},{"not_picked":["hexamod:HeatMetal","hexamod:GhostLash"],"picked":"hexamod:HauntingEcho","floor":11},{"not_picked":["hexamod:BurningTouch","hexamod:HauntingEcho"],"picked":"hexamod:ThirdSeal","floor":13},{"not_picked":["hexamod:SwordOfDarkness","hexamod:NightmareGuise","hexamod:BacktrackSmack"],"picked":"SKIP","floor":14},{"not_picked":["hexamod:GhostOfSpireFuture","hexamod:GhostflameBarrier","hexamod:HexaLevel"],"picked":"SKIP","floor":14},{"not_picked":["hexamod:HauntingEcho","hexamod:SpectersWail"],"picked":"hexamod:FastForward","floor":15},{"not_picked":["hexamod:HexaLevel","hexamod:GhostOfSpirePresent"],"picked":"hexamod:TimeWarp","floor":16},{"not_picked":["hexamod:TurnItUp","hexamod:SearingWound"],"picked":"hexamod:FifthSeal","floor":16},{"not_picked":["hexamod:FirstSeal","hexamod:SecondSeal"],"picked":"hexamod:SixthSeal","floor":19},{"not_picked":["hexamod:ThirdSeal","hexamod:SpectersWail"],"picked":"hexamod:GhostOfSpireFuture","floor":19},{"not_picked":["hexamod:EtherealExpedition+1","hexamod:Hexaguard","hexamod:SpectersWail"],"picked":"SKIP","floor":19},{"not_picked":["hexamod:ThirdSeal","hexamod:SecondSeal"],"picked":"hexamod:FirstSeal","floor":20},{"not_picked":["hexamod:ThermalTransfer","hexamod:Firestarter"],"picked":"hexamod:FastForward","floor":20},{"not_picked":["hexamod:Hexaguard","hexamod:GhostShield+1"],"picked":"hexamod:Firestarter+1","floor":20},{"not_picked":["hexamod:HeatMetal","hexamod:ChargedBarrage"],"picked":"hexamod:Again","floor":26},{"not_picked":["hexamod:ThirdSeal","hexamod:FirstSeal"],"picked":"hexamod:SecondSeal","floor":26},{"not_picked":["hexamod:SpectersWail","hexamod:BacktrackSmack"],"picked":"hexamod:Rewind+1","floor":26},{"not_picked":["hexamod:ThirdSeal","hexamod:Incineration"],"picked":"hexamod:AdvancingGuard","floor":27},{"not_picked":["hexamod:SwordOfDarkness","hexamod:GhostOfSpirePresent"],"picked":"hexamod:Rewind+1","floor":27},{"not_picked":["hexamod:FirstSeal","hexamod:SecondSeal"],"picked":"hexamod:FourthSeal","floor":28},{"not_picked":["hexamod:HeatMetal","hexamod:SwordOfDarkness+1"],"picked":"hexamod:AdvancingGuard","floor":28},{"not_picked":["hexamod:HeatMetal","hexamod:Firestarter","hexamod:SpectersWail"],"picked":"SKIP","floor":32},{"not_picked":["hexamod:BacktrackSmack+1","hexamod:Firestarter","hexamod:NightmareStrike+1"],"picked":"SKIP","floor":36},{"not_picked":["hexamod:SpectersWail","hexamod:ShieldOfDarkness+1"],"picked":"hexamod:FourthSeal","floor":38},{"not_picked":["hexamod:ExtraCrispy","hexamod:SpectersWail+1"],"picked":"hexamod:CatchUp+1","floor":39},{"not_picked":["hexamod:GhostOfSpirePresent","hexamod:HauntingEcho+1"],"picked":"hexamod:AdvancingGuard","floor":40},{"not_picked":["hexamod:HauntingEcho","hexamod:FastForward+1"],"picked":"hexamod:FifthSeal","floor":42},{"not_picked":["hexamod:SecondSeal","hexamod:FourthSeal"],"picked":"hexamod:FirstSeal","floor":44},{"not_picked":["hexamod:HauntingEcho+1","hexamod:GhostShield+1"],"picked":"hexamod:Firestarter+1","floor":44},{"not_picked":["hexamod:Hexaguard+1","hexamod:SwordOfDarkness","hexamod:Firestarter"],"picked":"SKIP","floor":46},{"not_picked":["hexamod:FirstSeal","hexamod:SecondSeal"],"picked":"hexamod:SixthSeal","floor":48},{"not_picked":["hexamod:GhostShield+1","hexamod:FirstSeal"],"picked":"hexamod:ThermalTransfer+1","floor":48},{"not_picked":["hexamod:ThermalTransfer","hexamod:HauntingEcho+1","hexamod:SpectersWail"],"picked":"SKIP","floor":49}],"player_experience":998019,"relics_obtained":[{"floor":21,"key":"Enchiridion"},{"floor":24,"key":"Bag of Marbles"},{"floor":38,"key":"Dead Branch"},{"floor":41,"key":"Centennial Puzzle"}],"event_choices":[{"cards_removed":["Doubt"],"damage_healed":0,"gold_gain":0,"player_choice":"Card Removal","damage_taken":0,"max_hp_gain":0,"max_hp_loss":0,"event_name":"The Cleric","floor":6,"gold_loss":0},{"damage_healed":0,"gold_gain":0,"cards_transformed":["hexamod:Again","hexamod:Strike"],"player_choice":"Became Test Subject","damage_taken":0,"max_hp_gain":0,"max_hp_loss":0,"event_name":"Drug Dealer","floor":31,"gold_loss":0,"cards_obtained":["hexamod:PhantomFireball","hexamod:NecessarySacrifice"]},{"damage_healed":0,"gold_gain":0,"player_choice":"Fight","damage_taken":0,"max_hp_gain":0,"max_hp_loss":0,"event_name":"Mysterious Sphere","floor":38,"gold_loss":0}],"is_beta":false,"boss_relics":[{"not_picked":["Sozu","Velvet Choker"],"picked":"hexamod:IceCube"},{"not_picked":["Runic Dome","Coffee Dripper"],"picked":"Philosopher\u0027s Stone"}],"items_purged_floors":[39],"is_endless":false,"potions_floor_spawned":[9,10,11,15,16,19,26,32,33,36,38,46,49],"ascension_level":0}}