{"host":"he07elbwfbprxmdo","time":1614021394,"event":{"mods":["BaseMod","Better Skull","Better Third Choice","Better Vampires","Block Reminder","Clockwork Mod","Colored Map","Downfall","Energized Spire","Fox Events","Halation","Hermit","Highlight Path","Marisa????????","Minty Spire (QoL Compilation)","Relic Stats","StSLib","The Animator","The Servant 0.9.4","Unceasing Turn Reminder"],"gold_per_floor":[99,109,129,143,160,160,160,160,182,182,182,198,229,247,266,266,266,266],"floor_reached":16,"language":"ENG","playtime":1338,"items_purged":[],"score":104,"play_id":"a13aa908-d013-4909-90d2-40782bb845e7","local_time":"20210222211634","is_ascension_mode":false,"campfire_choices":[{"data":"sneckomod:TailWhip","floor":8,"key":"SMITH"},{"data":"sneckomod:WideSting","floor":10,"key":"SMITH"}],"circlet_count":0,"master_deck":["sneckomod:Strike","sneckomod:Strike","sneckomod:Strike","sneckomod:Defend","sneckomod:Defend","sneckomod:Defend","sneckomod:TailWhip+1","sneckomod:SnekBite","sneckomod:Unknown1Cost","sneckomod:UnknownStrike","sneckomod:UnknownStrike","sneckomod:UnknownUncommonAttack","Madness","sneckomod:WideSting+1","sneckomod:IronFang","sneckomod:WideSting","sneckomod:Nope+1"],"relics":["sneckomod:SneckoSoul","halation:SwordOfLegend","Odd Mushroom","Toxic Egg 2"],"acts_visited":[],"potions_floor_usage":[9,16,16],"damage_taken":[{"damage":0,"enemies":"Small Slimes","floor":2,"turns":4},{"damage":6,"enemies":"Jaw Worm","floor":3,"turns":4},{"damage":4,"enemies":"Cultist","floor":4,"turns":4},{"damage":10,"enemies":"downfall:LooterAlt","floor":5,"turns":4},{"damage":28,"enemies":"The Mushroom Lair","floor":9,"turns":5},{"damage":8,"enemies":"Large Slime","floor":12,"turns":5},{"damage":20,"enemies":"Gremlin Nob","floor":13,"turns":5},{"damage":5,"enemies":"3 Louse","floor":14,"turns":4},{"damage":15,"enemies":"downfall:LooterAlt","floor":15,"turns":3},{"damage":2,"enemies":"SI_SHIV_ARCHETYPE","floor":16,"turns":2}],"seed_played":"-4798436549115547250","potions_obtained":[{"floor":2,"key":"Explosive Potion"},{"floor":5,"key":"BlessingOfTheForge"},{"floor":9,"key":"BlessingOfTheForge"},{"floor":13,"key":"GamblersBrew"},{"floor":15,"key":"Fire Potion"}],"is_trial":false,"path_per_floor":["R","M","M","M","M","R","T","R","?","R","?","M","E","M","M","B"],"character_chosen":"THE_SNECKO","items_purchased":[],"campfire_rested":0,"item_purchase_floors":[],"current_hp_per_floor":[99,99,93,89,79,79,79,78,50,50,50,42,22,17,2,0,0,0],"gold":266,"neow_bonus":"TEN_PERCENT_HP_BONUS","is_daily":false,"chose_seed":false,"campfire_upgraded":2,"win_rate":0.0,"timestamp":1614021394,"path_taken":["R","M","M","M","M","R","T","R","?","R","?","M","E","?","M","BOSS"],"items_purchased_type":[],"build_version":"2020-12-22","purchased_purges":0,"victory":false,"max_hp_per_floor":[99,99,99,99,99,99,99,99,99,99,99,99,99,99,99,99,99,99],"relic_stats":{"counters":[10,40],"obtain_stats":[{"halation:SwordOfLegend":7,"Odd Mushroom":9,"Toxic Egg 2":13,"sneckomod:SneckoSoul":0},{"halation:SwordOfLegend":4,"Odd Mushroom":5,"Toxic Egg 2":7,"sneckomod:SneckoSoul":0},{"halation:SwordOfLegend":16,"Odd Mushroom":21,"Toxic Egg 2":31,"sneckomod:SneckoSoul":0}]},"card_choices":[{"not_picked":["sneckomod:SnekBeam","sneckomod:ImprovisedAttack"],"picked":"sneckomod:Unknown1Cost","floor":2},{"not_picked":["sneckomod:Unknown2Cost","sneckomod:IronFang"],"picked":"sneckomod:UnknownStrike","floor":3},{"not_picked":["sneckomod:ImprovisedAttack","sneckomod:DiceCrush"],"picked":"sneckomod:UnknownStrike","floor":4},{"not_picked":["sneckomod:DiceBlock","sneckomod:SoulExchange"],"picked":"sneckomod:UnknownUncommonAttack","floor":5},{"not_picked":["sneckomod:UnknownCommonSkill","sneckomod:RainOfDice"],"picked":"sneckomod:WideSting","floor":9},{"not_picked":["sneckomod:UnknownVulnerable","sneckomod:CheapStock"],"picked":"sneckomod:IronFang","floor":12},{"not_picked":["sneckomod:UnknownUncommonAttack","sneckomod:UnknownUncommonSkill+1"],"picked":"sneckomod:WideSting","floor":13},{"not_picked":["sneckomod:UnlimitedRolls","sneckomod:SoulRoll+1","sneckomod:QuickMove+1"],"picked":"SKIP","floor":14},{"not_picked":["sneckomod:UnknownCommonSkill+1","sneckomod:Unknown1Cost+1"],"picked":"sneckomod:Nope+1","floor":15}],"player_experience":182127,"relics_obtained":[{"floor":7,"key":"halation:SwordOfLegend"},{"floor":9,"key":"Odd Mushroom"},{"floor":13,"key":"Toxic Egg 2"}],"event_choices":[{"damage_healed":0,"gold_gain":0,"player_choice":"Fought Mushrooms","damage_taken":0,"max_hp_gain":0,"max_hp_loss":0,"event_name":"Mushrooms","floor":9,"gold_loss":0}],"is_beta":false,"boss_relics":[],"items_purged_floors":[],"is_endless":false,"potions_floor_spawned":[2,5,9,13,15],"killed_by":"SI_SHIV_ARCHETYPE","ascension_level":0}}