{"host":"ptk1shuto3uimndw","time":1614010862,"event":{"mods":["AchievementEnabler","BaseMod","Bestiary","Colored Map","Colored Powertips","Curses Come First","Minty Spire (QoL Compilation)","Quick Restart","Rare Cards Sparkle","Relic Stats","StSLib","Uncapped"],"gold_per_floor":[114,189,66,66,83,83,113,113,113,138,150,177,189,219,231,318,330,352,375,405,437,449,461,473,473],"floor_reached":24,"language":"ENG","playtime":724,"items_purged":[],"score":381,"play_id":"bbc7881f-2ce6-47d6-afb7-7f28f6378e47","local_time":"20210222172102","is_ascension_mode":true,"campfire_choices":[{"data":"Swivel","floor":6.0,"key":"SMITH"},{"data":"Eruption","floor":8.0,"key":"SMITH"},{"data":"Meditate","floor":13.0,"key":"SMITH"},{"data":"CrushJoints","floor":15.0,"key":"SMITH"},{"floor":23,"key":"REST"}],"circlet_count":0,"master_deck":["AscendersBane","Eruption+1","Vigilance","ThirdEye","Alpha","Meditate+1","Swivel+1","MentalFortress","CutThroughFate","FlyingSleeves","Conclude","Perseverance","CrushJoints+1","FearNoEvil","WheelKick","ThirdEye","FlurryOfBlows","DevaForm","Crescendo+1","WheelKick+1"],"relics":["Pandora\u0027s Box","Unceasing Top","TungstenRod","MawBank","InkBottle","Black Star","Enchiridion"],"acts_visited":["Exordium","TheCity"],"potions_floor_usage":[20],"damage_taken":[{"damage":0.0,"enemies":"Jaw Worm","floor":1.0,"turns":2.0},{"damage":0.0,"enemies":"2 Louse","floor":5.0,"turns":3.0},{"damage":0.0,"enemies":"Gremlin Nob","floor":7.0,"turns":3.0},{"damage":8.0,"enemies":"3 Sentries","floor":10.0,"turns":3.0},{"damage":0.0,"enemies":"Small Slimes","floor":12.0,"turns":4.0},{"damage":0.0,"enemies":"3 Louse","floor":14.0,"turns":2.0},{"damage":21.0,"enemies":"The Guardian","floor":16.0,"turns":7.0},{"damage":13,"enemies":"2 Thieves","floor":18,"turns":2},{"damage":0,"enemies":"Chosen","floor":19,"turns":6},{"damage":10,"enemies":"Snecko","floor":20,"turns":3},{"damage":19,"enemies":"3 Cultists","floor":21,"turns":4},{"damage":34,"enemies":"Snake Plant","floor":24,"turns":5}],"seed_played":"-6899603103715478047","potions_obtained":[{"floor":5.0,"key":"SneckoOil"},{"floor":7.0,"key":"DuplicationPotion"},{"floor":20,"key":"Weak Potion"}],"is_trial":false,"path_per_floor":["M","?","$","?","M","R","E","R","T","E","?","M","R","M","R","B",null,"M","M","M","M","?","R","M"],"character_chosen":"WATCHER","items_purchased":["Perseverance","CrushJoints"],"campfire_rested":1,"item_purchase_floors":[3,3],"current_hp_per_floor":[65,54,54,59,59,59,59,59,59,51,49,49,49,49,49,28,65,52,52,42,23,11,34,0,0],"gold":473,"neow_bonus":"BOSS_RELIC","is_daily":false,"chose_seed":false,"campfire_upgraded":4,"win_rate":0.0,"timestamp":1614010862,"path_taken":["M","?","$","?","M","R","E","R","T","E","?","M","R","M","R","BOSS","BOSS","M","M","M","M","?","R","M"],"items_purchased_type":["Card","Card"],"build_version":"2020-12-22","purchased_purges":0,"victory":false,"max_hp_per_floor":[72,72,72,77,77,77,77,77,77,77,77,77,77,77,77,77,77,77,77,77,77,77,77,77,77],"relic_stats":{"counters":[12,44],"Pandora\u0027s Box":["ThirdEye","Alpha","Meditate","Swivel","MentalFortress","CutThroughFate","FlyingSleeves","Conclude"],"Black Star":0,"MawBank":168,"obtain_stats":[{"Enchiridion":22,"Pandora\u0027s Box":0,"Black Star":17,"PureWater":0,"MawBank":10,"Unceasing Top":7,"TungstenRod":9,"InkBottle":11},{"Enchiridion":11,"Pandora\u0027s Box":0,"Black Star":7,"PureWater":0,"MawBank":4,"Unceasing Top":3,"TungstenRod":3,"InkBottle":4},{"Enchiridion":39,"Pandora\u0027s Box":0,"Black Star":24,"PureWater":0,"MawBank":11,"Unceasing Top":8,"TungstenRod":8,"InkBottle":11}],"Unceasing Top":[0],"TungstenRod":24,"InkBottle":[9]},"card_choices":[{"not_picked":["FlyingSleeves","Consecrate","BowlingBash"],"picked":"SKIP","floor":1.0},{"not_picked":["Consecrate","ThirdEye"],"picked":"FearNoEvil","floor":5.0},{"not_picked":["Protect","Collect"],"picked":"WheelKick","floor":7.0},{"not_picked":["MasterReality","Sanctity"],"picked":"ThirdEye","floor":10.0},{"not_picked":["Consecrate","SignatureMove","InnerPeace"],"picked":"SKIP","floor":12.0},{"not_picked":["Fasting2","FollowUp"],"picked":"FlurryOfBlows","floor":14.0},{"not_picked":["Brilliance","MasterReality"],"picked":"DevaForm","floor":16},{"not_picked":["PathToVictory","EmptyFist"],"picked":"Crescendo+1","floor":18},{"not_picked":["Study","Protect"],"picked":"WheelKick+1","floor":19},{"not_picked":["FollowUp","EmptyFist","Study"],"picked":"SKIP","floor":20},{"not_picked":["CrushJoints","Evaluate","ForeignInfluence+1"],"picked":"SKIP","floor":21}],"player_experience":286316,"relics_obtained":[{"floor":7.0,"key":"Unceasing Top"},{"floor":9.0,"key":"TungstenRod"},{"floor":10.0,"key":"MawBank"},{"floor":22,"key":"Enchiridion"}],"event_choices":[{"damage_healed":0.0,"max_hp_gain":0.0,"max_hp_loss":0.0,"gold_gain":75.0,"event_name":"World of Goop","player_choice":"Gather Gold","floor":2.0,"gold_loss":0.0,"damage_taken":11.0},{"damage_healed":0.0,"max_hp_gain":5.0,"max_hp_loss":0.0,"gold_gain":0.0,"event_name":"Big Fish","player_choice":"Donut","floor":4.0,"gold_loss":0.0,"damage_taken":0.0},{"damage_healed":0.0,"max_hp_gain":0.0,"max_hp_loss":0.0,"gold_gain":0.0,"event_name":"Scrap Ooze","player_choice":"Success","floor":11.0,"gold_loss":0.0,"damage_taken":3.0,"relics_obtained":["InkBottle"]},{"damage_healed":0,"gold_gain":0,"player_choice":"Obtained Book","damage_taken":16,"max_hp_gain":0,"max_hp_loss":0,"event_name":"Cursed Tome","floor":22,"gold_loss":0}],"is_beta":false,"boss_relics":[{"not_picked":["Fusion Hammer","Coffee Dripper"],"picked":"Black Star"}],"items_purged_floors":[],"is_endless":false,"potions_floor_spawned":[5,7,20,21],"killed_by":"Snake Plant","ascension_level":13}}