{"host":"en4narc5947t7k9n","time":1614020151,"event":{"mods":["AchievementEnabler","BaseMod","Colored Map","Minty Spire (QoL Compilation)","SuperFastMode"],"gold_per_floor":[118,78,95,21,32,32,47,79,79,4,31,43,43,43,43,147,147,157,171,183,202,202,202,227,227,227],"floor_reached":25,"language":"KOR","playtime":1359,"items_purged":["Strike_G"],"score":233,"play_id":"12394135-8c96-4fb4-9322-5443c9c17e2b","local_time":"20210223035551","is_ascension_mode":false,"campfire_choices":[{"data":"Noxious Fumes","floor":6,"key":"SMITH"},{"floor":15,"key":"RECALL"},{"floor":23,"key":"REST"}],"circlet_count":0,"master_deck":["Strike_G","Strike_G","Strike_G","Strike_G","Defend_G","Defend_G","Defend_G","Defend_G","Defend_G","Survivor","Neutralize","Poisoned Stab","Cloak And Dagger","Noxious Fumes+1","Prepared","Calculated Gamble","Masterful Stab","Acrobatics","Terror+1","After Image","Dagger Throw","Bouncing Flask+1","Finisher+1","Outmaneuver+1","Escape Plan+1"],"relics":["Ring of the Snake","NeowsBlessing","Kunai","Shovel","SlaversCollar","Oddly Smooth Stone"],"acts_visited":["Exordium","TheCity"],"potions_floor_usage":[8,8,11,16,16,20,21],"damage_taken":[{"damage":0,"enemies":"Cultist","floor":1,"turns":1},{"damage":0,"enemies":"2 Louse","floor":3,"turns":1},{"damage":0,"enemies":"Small Slimes","floor":5,"turns":1},{"damage":2,"enemies":"Blue Slaver","floor":7,"turns":4},{"damage":21,"enemies":"3 Sentries","floor":8,"turns":6},{"damage":7,"enemies":"Gremlin Nob","floor":11,"turns":4},{"damage":0,"enemies":"3 Louse","floor":12,"turns":3},{"damage":11,"enemies":"Hexaghost","floor":16,"turns":9},{"damage":41,"enemies":"3 Byrds","floor":18,"turns":6},{"damage":0,"enemies":"Chosen","floor":19,"turns":5},{"damage":9,"enemies":"Centurion and Healer","floor":20,"turns":6},{"damage":9,"enemies":"Cultist and Chosen","floor":21,"turns":6},{"damage":32,"enemies":"Book of Stabbing","floor":24,"turns":7},{"damage":20,"enemies":"Snake Plant","floor":25,"turns":3}],"seed_played":"241595680566815936","potions_obtained":[{"floor":2,"key":"Fire Potion"},{"floor":2,"key":"CunningPotion"},{"floor":2,"key":"Energy Potion"},{"floor":7,"key":"Poison Potion"},{"floor":8,"key":"Poison Potion"},{"floor":12,"key":"LiquidMemories"},{"floor":19,"key":"Explosive Potion"},{"floor":20,"key":"Regen Potion"}],"is_trial":false,"path_per_floor":["M","?","M","$","M","R","M","E","T","$","E","M","$","?","R","B",null,"M","M","M","M","?","R","E","M"],"character_chosen":"THE_SILENT","items_purchased":["Noxious Fumes"],"campfire_rested":1,"item_purchase_floors":[4],"current_hp_per_floor":[70,70,70,70,70,70,68,47,47,47,40,40,40,40,40,29,70,29,29,20,26,26,47,15,0,0],"gold":227,"neow_bonus":"THREE_ENEMY_KILL","is_daily":false,"chose_seed":false,"campfire_upgraded":1,"win_rate":0.0,"timestamp":1614020151,"path_taken":["M","?","?","$","M","R","M","E","T","$","E","M","$","?","R","BOSS","M","M","M","M","?","R","E","M"],"items_purchased_type":["Card"],"build_version":"2020-12-22","purchased_purges":1,"victory":false,"max_hp_per_floor":[70,70,70,70,70,70,70,70,70,70,70,70,70,70,70,70,70,70,70,70,70,70,70,70,70,70],"card_choices":[{"not_picked":["Underhanded Strike","Deflect"],"picked":"Poisoned Stab","floor":1},{"not_picked":["Poisoned Stab","Quick Slash"],"picked":"Cloak And Dagger","floor":3},{"not_picked":["Eviscerate","Slice"],"picked":"Prepared","floor":5},{"not_picked":["Well Laid Plans","Blade Dance"],"picked":"Calculated Gamble","floor":7},{"not_picked":["Blur","Accuracy"],"picked":"Masterful Stab","floor":8},{"not_picked":["Flying Knee","Outmaneuver"],"picked":"Acrobatics","floor":11},{"not_picked":["Underhanded Strike","Setup"],"picked":"Terror","floor":12},{"not_picked":["Phantasmal Killer","Night Terror"],"picked":"After Image","floor":16},{"not_picked":["Dagger Spray","Underhanded Strike"],"picked":"Dagger Throw","floor":18},{"not_picked":["Distraction","Blade Dance"],"picked":"Bouncing Flask+1","floor":19},{"not_picked":["Blade Dance","Concentrate"],"picked":"Finisher+1","floor":20},{"not_picked":["Deadly Poison","Distraction"],"picked":"Outmaneuver+1","floor":21},{"not_picked":["Riddle With Holes","Crippling Poison"],"picked":"Escape Plan+1","floor":24}],"player_experience":172060,"relics_obtained":[{"floor":8,"key":"Kunai"},{"floor":11,"key":"Shovel"},{"floor":24,"key":"Oddly Smooth Stone"}],"event_choices":[{"damage_healed":0,"gold_gain":0,"player_choice":"Bought 3 Potions","damage_taken":0,"max_hp_gain":0,"max_hp_loss":0,"event_name":"The Woman in Blue","floor":2,"gold_loss":0},{"damage_healed":0,"gold_gain":0,"player_choice":"Grow","damage_taken":0,"max_hp_gain":0,"max_hp_loss":0,"event_name":"Living Wall","floor":14,"gold_loss":0,"cards_upgraded":["Terror"]},{"damage_healed":0,"gold_gain":0,"player_choice":"Ignored","damage_taken":0,"max_hp_gain":0,"max_hp_loss":0,"event_name":"The Mausoleum","floor":22,"gold_loss":0}],"is_beta":false,"boss_relics":[{"not_picked":["HoveringKite","WristBlade"],"picked":"SlaversCollar"}],"items_purged_floors":[10],"is_endless":false,"potions_floor_spawned":[7,8,12,19,20],"killed_by":"Snake Plant","ascension_level":0}}