{"host":"gm50ke85n5jz306u","time":1614023147,"event":{"mods":["AchievementEnabler","AlwaysNeverKeys","Aspiration","BaseMod","Bestiary","Better Altar","Better Match","Better Note","Better Sensory Stone","Better Skull","Better Third Choice","Better Vampires","Better-Laid Plans","BetterRewards","Colored Powertips","Curses Come First","DNKmod","Defuse TimeMaze Blight","Disable Question Mark Monsters","Displayed Cursed Tome","Downfall","Emptier Cage","Extra Virgin Snecko Oil","Filter the Spire","Friendly Minions","Gremlin Skip","Hermit","Hubris","Hyrulean Relics","Ironclad Rager","Jorbs\u0027s Wanderer Trilogy","Koishi","Lobotomy","Marisa????????","Marked Mod","Minty Spire (QoL Compilation)","Permanent Neow","Poor People Problems","Quick Restart","Reimu??????","Relic Filter Mod","Relic Sorter","Remilia??????","Remove Card Discount Mod","Reorder Act Four","Replay The Spire","Shop Mod","StSLib","Synergy Search","Td1madao Mod","The Administrix","The Animator","The Blue Laboratory","The Bug Knight","The Construct","The Cursed","The Disciple","The Hierophant","The Necromancer","The Poker Player","The Runesmith","The Senshi","The Servant 0.9.4","Thieving Mod","Transform Curses","WarShipGirlsR/????R mod","Youmu??????"],"gold_per_floor":[10018,10032,10052,10052,10067,10096,10108,9464,9487,9497,9105,9180,9180,9195,9195,9299,9299,9315,9330,9350,9300,9315,9343,9343,8678,8701,8701,8701,8712,8712,8712,8712,8332,8332,8435,8435,8451,8461,7980,8000,8014,8039,8039,8052,8052,8063,7377,7377,7377,7377,7377],"floor_reached":50,"language":"ENG","playtime":3783,"items_purged":["Defend_W","Defend_W","Defend_W","Defend_W","Strike_W","Strike_W","Strike_W","Summon_Undead_Army","Summon_Undead_Army","Summon_Undead_Army","Summon_Lich","Summon_Undead+1","Grasp_Heart","Bone_Wall","Bone_Spikes","Bone_Bullets","Bone_Bullets","Negative_Energy_Arrows"],"score":521,"play_id":"45278a04-9051-4894-869f-1aea4577c1dd","local_time":"20210222204547","is_ascension_mode":false,"campfire_choices":[{"data":"Summon_Undead","floor":13.0,"key":"SMITH"},{"data":"Cloudkill","floor":15.0,"key":"SMITH"},{"data":"Violent_Necrosis","floor":27.0,"key":"SMITH"},{"data":"Toxic_Smoke_Screen","floor":32.0,"key":"SMITH"},{"data":"Siphon_Strength","floor":34.0,"key":"SMITH"},{"data":"Negative_Energy_Shield","floor":43,"key":"SMITH"},{"floor":49,"key":"REST"}],"circlet_count":0,"master_deck":["Cloudkill+1","Toxic_Smoke_Screen+1","Stop_Heart","Toxic_Smoke_Screen+1","Toxic_Smoke_Screen+1","Negative_Energy_Sphere","Acid_Javelin+1","Negative_Energy_Shield+1","Negative_Energy_Sphere","Violent_Necrosis+1","Stop_Heart","Blood_Curse","Siphon_Strength+1","Negative_Energy_Shield+1","Blood_Curse+1","Acid_Javelin","Negative_Energy_Shield+1","Spectral_Walk+1","Negative_Energy_Shield+1","Cloudkill+1","Bone_Prison+1"],"relics":["Vampire_Amulet","Ornamental Fan","aspiration:Lifesprig","HollowMod:LifeEnderRelic","Pen Nib","MerchantsRug","Mastiff:ReiMu","Orichalcum","SlaversCollar","ReplayFunnel","Boot","Sling","Dream Catcher","Gremlin Food","hubris:EmptyBottle","Blood Vial","Toxic Egg 2","Chameleon Ring","aspiration:StickyExplosives_weak"],"acts_visited":["Exordium","TheCity","TheBeyond"],"potions_floor_usage":[],"damage_taken":[{"damage":0.0,"enemies":"Jaw Worm","floor":1.0,"turns":3.0},{"damage":4.0,"enemies":"Cultist","floor":2.0,"turns":4.0},{"damage":5.0,"enemies":"Small Slimes","floor":3.0,"turns":4.0},{"damage":5.0,"enemies":"Looter","floor":5.0,"turns":4.0},{"damage":35.0,"enemies":"3 Sentries","floor":6.0,"turns":7.0},{"damage":10.0,"enemies":"Lots of Slimes","floor":7.0,"turns":2.0},{"damage":0.0,"enemies":"3 Louse","floor":10.0,"turns":3.0},{"damage":16.0,"enemies":"Gremlin Gang","floor":14.0,"turns":4.0},{"damage":6.0,"enemies":"Hexaghost","floor":16.0,"turns":7.0},{"damage":10.0,"enemies":"Shell Parasite","floor":18.0,"turns":5.0},{"damage":0.0,"enemies":"Spheric Guardian","floor":19.0,"turns":3.0},{"damage":0.0,"enemies":"Chosen and Byrds","floor":20.0,"turns":4.0},{"damage":23.0,"enemies":"Sentry and Sphere","floor":22.0,"turns":4.0},{"damage":3.0,"enemies":"HollowMod:Nosk","floor":23.0,"turns":5.0},{"damage":9.0,"enemies":"Centurion and Healer","floor":29.0,"turns":5.0},{"damage":23,"enemies":"Champ","floor":35,"turns":10},{"damage":9,"enemies":"Orb Walker","floor":37,"turns":4},{"damage":8,"enemies":"3 Shapes","floor":38,"turns":4},{"damage":13,"enemies":"Maw","floor":40,"turns":6},{"damage":33,"enemies":"Jaw Worm Horde","floor":41,"turns":4},{"damage":22,"enemies":"Reptomancer","floor":42,"turns":6},{"damage":14,"enemies":"Transient","floor":44,"turns":5},{"damage":9,"enemies":"3 Darklings","floor":46,"turns":4},{"damage":35,"enemies":"Sphere and 2 Shapes","floor":50,"turns":3}],"seed_played":"907867964113292445","potions_obtained":[{"floor":1.0,"key":"Regen Potion"},{"floor":7.0,"key":"Strength Potion"},{"floor":16.0,"key":"blueLaboratory:HummingbirdPotion"},{"floor":40,"key":"Adrenaline Potion"}],"is_trial":false,"path_per_floor":["M","M","M","?","M","E","M","$","T","M","$","?","R","M","R","B",null,"M","M","M","?","M","E","?","$","T","R","?","M","PTL","PTL","R","$","R","B",null,"M","M","$","M","M","E","R","M","T","M","$","?","R","M"],"character_chosen":"NECROMANCER","items_purchased":["Pen Nib","aspiration:Lifesprig","MerchantsRug","Toxic_Smoke_Screen+1","Negative_Energy_Sphere","Bone_Spikes","Summon_Undead_Army","Dream Catcher","Sling","Summon_Lich","Gremlin Food","Ornamental Fan","hubris:EmptyBottle","Blood_Curse","Block Potion","HollowMod:LifeEnderRelic","Siphon_Strength","Ancient Potion","Orichalcum","Blood Vial","Blood_Curse","Acid_Javelin","Elixir","BlessingOfTheForge","Chameleon Ring","aspiration:StickyExplosives_weak","Negative_Energy_Shield+1","Cloudkill+1"],"campfire_rested":1,"item_purchase_floors":[8,8,8,8,8,8,8,11,11,11,25,25,25,25,25,33,33,33,39,39,39,39,39,39,47,47,47,47],"current_hp_per_floor":[75,73,72,72,69,40,40,40,40,46,46,35,35,27,27,50,75,67,69,73,73,54,53,53,53,53,53,53,48,48,48,48,48,48,27,75,68,66,66,57,32,22,22,12,12,7,7,7,28,0,0],"gold":7377,"neow_bonus":"ONE_RANDOM_RARE_CARD","is_daily":false,"chose_seed":false,"campfire_upgraded":6,"win_rate":0.0,"timestamp":1614023147,"path_taken":["M","M","M","?","M","E","M","$","T","?","$","?","R","M","R","BOSS","M","M","M","?","M","E","?","$","T","R","?","M","PTL","PTL","R","$","R","BOSS","M","M","$","M","M","E","R","M","T","?","$","?","R","M"],"items_purchased_type":["Relic","Relic","Relic","Card","Card","Card","Card","Relic","Relic","Card","Relic","Relic","Relic","Card","Potion","Relic","Card","Potion","Relic","Relic","Card","Card","Potion","Potion","Relic","Relic","Card","Card"],"build_version":"2020-12-22","purchased_purges":18,"victory":false,"max_hp_per_floor":[75,75,75,75,75,75,75,75,75,75,75,75,75,75,75,75,75,75,75,75,75,75,75,75,75,75,75,75,75,75,75,75,75,75,75,75,75,75,75,75,75,75,75,75,75,75,75,71,71,71,71],"card_choices":[{"not_picked":["Bone_Prison","Bone_Spikes"],"picked":"Summon_Undead_Army","floor":1.0},{"not_picked":["Vampiric_Strike","Bones_to_Steel"],"picked":"Summon_Undead_Army","floor":2.0},{"not_picked":["Negative_Energy_Sphere","Finger_Of_Death"],"picked":"Toxic_Smoke_Screen","floor":3.0},{"not_picked":["Negative_Energy_Shield","Finger_Of_Death"],"picked":"Bone_Bullets","floor":5.0},{"not_picked":["Shade_Step","Summon_Vampire_Lady"],"picked":"Stop_Heart","floor":6.0},{"not_picked":["Stop_Heart","Bone_Armor"],"picked":"Toxic_Smoke_Screen","floor":7.0},{"not_picked":["Scare","Negative_Energy_Mist"],"picked":"Summon_Undead","floor":10.0},{"not_picked":["Blood_for_Blood","Bone_Armor"],"picked":"Bone_Bullets","floor":14.0},{"not_picked":["Detonate_Bones","Summon_Vampire_Lady"],"picked":"Grasp_Heart","floor":16.0},{"not_picked":["Summon_Lich","Blood_Whip+1"],"picked":"Acid_Javelin+1","floor":18.0},{"not_picked":["Bones_to_Steel","Bone_Spikes"],"picked":"Negative_Energy_Shield","floor":19.0},{"not_picked":["Necromantic_Selection","Death_Coil"],"picked":"Negative_Energy_Sphere","floor":20.0},{"not_picked":["Chill_Blood+1","Spectral_Walk"],"picked":"Violent_Necrosis","floor":22.0},{"not_picked":["Bone_Bullets","Life_Tap"],"picked":"Stop_Heart","floor":23.0},{"not_picked":["Finger_Of_Death","Bone_Bullets","Consume_Illness+1"],"picked":"SKIP","floor":29.0},{"not_picked":["Blood_Curse+1","Shackles_Of_Pain"],"picked":"Negative_Energy_Shield+1","floor":37},{"not_picked":["Pandemic+1","Blood_Whip","Bone_Spikes+1"],"picked":"SKIP","floor":38},{"not_picked":["Blood_Curse","Life_Tap"],"picked":"Negative_Energy_Shield+1","floor":40},{"not_picked":["Scare+1","Negative_Energy_Javelin+1","Death_Coil+1"],"picked":"SKIP","floor":41},{"not_picked":["Necromantic_Selection","Bone_Armor+1","Acid_Javelin"],"picked":"SKIP","floor":42},{"not_picked":["Death_Coil","Necromantic_Selection+1","Flesh_Made_Foul+1"],"picked":"SKIP","floor":44},{"not_picked":["Death_March_Dance+1","Negative_Energy_Shield+1"],"picked":"Spectral_Walk+1","floor":46},{"not_picked":["Detonate_Bones","Exploit+1"],"picked":"Bone_Prison+1","floor":49}],"player_experience":395633,"relics_obtained":[{"floor":6.0,"key":"ReplayFunnel"},{"floor":9.0,"key":"Boot"},{"floor":26.0,"key":"Mastiff:ReiMu"},{"floor":45,"key":"Toxic Egg 2"}],"event_choices":[{"cards_removed":["Strike_W"],"damage_healed":0.0,"max_hp_gain":0.0,"max_hp_loss":0.0,"gold_gain":0.0,"event_name":"Purifier","player_choice":"Purged","floor":4.0,"gold_loss":0.0,"damage_taken":0.0},{"damage_healed":0.0,"max_hp_gain":0.0,"max_hp_loss":0.0,"gold_gain":75.0,"event_name":"betterThird:BetterGoop","player_choice":"Gold","floor":12.0,"gold_loss":0.0,"damage_taken":11.0},{"damage_healed":0.0,"max_hp_gain":0.0,"max_hp_loss":0.0,"gold_gain":0.0,"event_name":"The Joust","player_choice":"Bet on Murderer","floor":21.0,"gold_loss":50.0,"damage_taken":0.0},{"damage_healed":0.0,"max_hp_gain":0.0,"max_hp_loss":0.0,"gold_gain":0.0,"event_name":"betterNote:BetterNote","player_choice":"Ignored","floor":24.0,"gold_loss":0.0,"damage_taken":0.0,"cards_obtained":["Dramatic Entrance"]},{"damage_healed":0.0,"max_hp_gain":0.0,"max_hp_loss":0.0,"gold_gain":0.0,"event_name":"Upgrade Shrine","player_choice":"Upgraded","floor":28.0,"gold_loss":0.0,"damage_taken":0.0,"cards_upgraded":["Toxic_Smoke_Screen"]},{"damage_healed":0,"gold_gain":0,"player_choice":"Max HP","damage_taken":0,"max_hp_gain":0,"max_hp_loss":4,"event_name":"Winding Halls","floor":48,"gold_loss":0}],"is_beta":false,"boss_relics":[{"not_picked":["Pandora\u0027s Box","Coffee Dripper"],"picked":"SlaversCollar"},{"not_picked":["aspiration:RunicSpoon","hubris:GrandSneckoEye","Replay:Drink Me"]}],"items_purged_floors":[11,11,11,11,11,11,11,11,11,11,25,25,25,25,25,25,25,39],"is_endless":false,"potions_floor_spawned":[1,2,7,16,19,20,29,38,40,44],"killed_by":"Sphere and 2 Shapes","ascension_level":0}}