{"host":"xo0glkmxta74xh34","time":1614016244,"event":{"mods":["BaseMod","Downfall","Minty Spire (QoL Compilation)","Reliquary","Replay The Spire","StSLib"],"gold_per_floor":[99,119,138,149,165,165,191,191,191,191,191,217,217,217,233,331,331,331,350,366,80,90,90,90,125,139,139,139,139,139,124,141,244,244,244,254,254,267,267,35,35,54,56,70,70,105,121,135,155,155],"floor_reached":51,"language":"ENG","playtime":2655,"items_purged":["Guardian:Strike_Guardian"],"score":1236,"play_id":"42f44028-dc0b-4bec-9114-8010336c844d","local_time":"20210222115044","is_ascension_mode":true,"campfire_choices":[{"data":"Guardian:HyperBeam_Guardian","floor":1.0,"key":"SMITH"},{"floor":6.0,"key":"REST"},{"floor":8.0,"key":"REST"},{"data":"Guardian:TwinSlam","floor":10.0,"key":"SMITH"},{"data":"Guardian:DonusPower","floor":13.0,"key":"SMITH"},{"floor":18.0,"key":"REST"},{"floor":28,"key":"REST"},{"floor":30,"key":"REST"},{"floor":35,"key":"REST"},{"floor":45,"key":"REST"}],"circlet_count":0,"master_deck":["AscendersBane","Guardian:Defend_Guardian","Guardian:Defend_Guardian","Guardian:Defend_Guardian","Guardian:CurlUp","Guardian:TwinSlam+1","Guardian:HyperBeam_Guardian+1","Guardian:StasisEngine","Guardian:DonusPower+1","Guardian:TimeBomb","Guardian:AncientConstruct","AbeCurse","Guardian:SpikerProtocol","Guardian:DecasProtection","Guardian:PrismaticBeam","CurseOfTheBell","CurseOfTheBell","Guardian:FierceBash","Guardian:SpikerProtocol","Guardian:SphericShield","Guardian:Planning+1","Guardian:DonusPower","Guardian:Repulse","Parasite","Guardian:ConstructionForm","Guardian:EvasiveProtocol","Guardian:PrismaticBeam","Guardian:Harden+1","Guardian:Recover+1","Guardian:StasisField"],"relics":["Guardian:ModeShifter","Orichalcum","Ancient Tea Set","Guardian:PickAxe","Abe\u0027s Treasure","Replay:Wax Seal","DollysMirror","reliquary:NewFriend","reliquary:Boomerang","downfall:ExtraCursedBell","Blood Vial","Mango","Replay:Bottled Steam","Replay:Bronze Core","TungstenRod","reliquary:ExpiredCoupon","reliquary:TatteredRug","Replay:PocketPolymizer"],"acts_visited":["Exordium","TheCity","TheBeyond"],"potions_floor_usage":[25,26,38,49,50,50,50],"damage_taken":[{"damage":1.0,"enemies":"Cultist","floor":2.0,"turns":3.0},{"damage":0.0,"enemies":"Jaw Worm","floor":3.0,"turns":1.0},{"damage":0.0,"enemies":"Small Slimes","floor":4.0,"turns":1.0},{"damage":14.0,"enemies":"3 Louse","floor":5.0,"turns":2.0},{"damage":15.0,"enemies":"Lagavulin","floor":12.0,"turns":4.0},{"damage":0.0,"enemies":"Lagavulin","floor":14.0,"turns":1.0},{"damage":10.0,"enemies":"Large Slime","floor":15.0,"turns":5.0},{"damage":54.0,"enemies":"WA_ARCHETYPE_RETAIN","floor":16.0,"turns":8.0},{"damage":6.0,"enemies":"Chosen","floor":19.0,"turns":4.0},{"damage":16.0,"enemies":"3 Byrds","floor":20.0,"turns":4.0},{"damage":5.0,"enemies":"downfall:FleeingMerchant","floor":21.0,"turns":4.0},{"damage":6.0,"enemies":"Cultist and Chosen","floor":22.0,"turns":3.0},{"damage":10,"enemies":"Slavers","floor":25,"turns":3},{"damage":12,"enemies":"Snecko","floor":26,"turns":3},{"damage":7,"enemies":"downfall:FleeingMerchant","floor":31,"turns":4},{"damage":20,"enemies":"Centurion and Healer","floor":32,"turns":5},{"damage":62,"enemies":"IC_MUSHROOM_ARCHETYPE","floor":33,"turns":8},{"damage":15,"enemies":"Orb Walker","floor":36,"turns":5},{"damage":16,"enemies":"3 Darklings","floor":38,"turns":4},{"damage":0,"enemies":"downfall:FleeingMerchant","floor":40,"turns":4},{"damage":34,"enemies":"Writhing Mass","floor":42,"turns":8},{"damage":0,"enemies":"downfall:FleeingMerchant","floor":43,"turns":5},{"damage":7,"enemies":"Maw","floor":44,"turns":7},{"damage":22,"enemies":"Nemesis","floor":46,"turns":9},{"damage":0,"enemies":"3 Darklings","floor":47,"turns":1},{"damage":3,"enemies":"Sphere and 2 Shapes","floor":48,"turns":4},{"damage":27,"enemies":"4 Shapes","floor":49,"turns":4},{"damage":0,"enemies":"SI_POISON_ARCHETYPE","floor":50,"turns":9}],"seed_played":"5060412096316216960","potions_obtained":[{"floor":2.0,"key":"Milkshake"},{"floor":4.0,"key":"Fire Potion"},{"floor":5.0,"key":"DuplicationPotion"},{"floor":19.0,"key":"Guardian:BlockOnCardUsePotion"},{"floor":25,"key":"Swift Potion"},{"floor":32,"key":"Venom Potion"},{"floor":33,"key":"Explosive Potion"},{"floor":42,"key":"Reflective Coating"},{"floor":46,"key":"champ:CounterPotion"},{"floor":48,"key":"AttackPotion"},{"floor":49,"key":"Strength Potion"}],"is_trial":false,"path_per_floor":["R","M","M","M","M","R","T","R","?","R","?","E","R","?","M","B",null,"R","M","M","$","M","?","T","E","M","?","R","?","R","$","M","B",null,"R","M","?","M","T","$","T","M","$","M","R","E","M","M","M","B",null],"character_chosen":"GUARDIAN","items_purchased":["Replay:Wax Seal","DollysMirror","reliquary:ExpiredCoupon","Guardian:Gem_Yellow","PowerPotion","Guardian:EvasiveProtocol"],"campfire_rested":7,"item_purchase_floors":[21,21,40,40,43,43],"current_hp_per_floor":[51,50,50,50,36,60,60,80,80,80,80,65,65,65,55,1,60,80,74,58,53,47,47,47,37,25,39,67,67,94,87,69,9,73,94,79,79,65,65,67,67,35,37,32,60,40,42,41,16,18],"gold":155,"neow_bonus":"THREE_RARE_CARDS","is_daily":false,"chose_seed":false,"campfire_upgraded":3,"win_rate":0.0,"timestamp":1614016244,"path_taken":["R","M","?","?","M","R","T","R","?","R","?","E","R","?","M","BOSS","R","M","M","$","M","?","T","E","M","?","R","?","R","$","M","BOSS","R","M","?","?","?","$","T","M","?","?","R","E","M","M","M","BOSS"],"items_purchased_type":["Relic","Relic","Relic","Card","Potion","Card"],"build_version":"2020-12-22","purchased_purges":1,"victory":true,"max_hp_per_floor":[80,80,80,80,80,80,80,80,80,80,80,80,80,80,80,80,80,80,80,80,80,80,80,80,80,80,94,94,94,94,94,94,94,94,94,94,94,94,94,94,94,94,94,94,94,94,94,94,94,94],"card_choices":[{"not_picked":["Guardian:GemFire","Guardian:FierceBash"],"picked":"Guardian:HyperBeam_Guardian","floor":0.0},{"not_picked":["Guardian:Suspension","Guardian:Preprogram"],"picked":"Guardian:Gem_Crimson","floor":2.0},{"not_picked":["Guardian:PiercingHide","Guardian:TemporalShield"],"picked":"Guardian:Gem_Blue","floor":3.0},{"not_picked":["Guardian:Recover","Guardian:RollAttack","Guardian:ChargeCore"],"picked":"SKIP","floor":4.0},{"not_picked":["Guardian:VentSteam","Guardian:PrimingBeam"],"picked":"Guardian:StasisEngine","floor":5.0},{"not_picked":["Guardian:Planning","Guardian:Gem_Cyan"],"picked":"Guardian:DonusPower","floor":12.0},{"not_picked":["Guardian:ShieldCharger","Guardian:Gem_Red"],"picked":"Guardian:TimeBomb","floor":15.0},{"not_picked":["Guardian:BaubleBeam","Guardian:StasisField"],"picked":"Guardian:AncientConstruct","floor":16.0},{"not_picked":["Guardian:Gem_Red","Guardian:Gem_Crimson"],"picked":"Guardian:SpikerProtocol","floor":19.0},{"not_picked":["Guardian:Clone","Guardian:Harden"],"picked":"Guardian:Gem_Blue","floor":20.0},{"not_picked":["Guardian:Planning+1","Guardian:Gem_Cyan"],"picked":"Guardian:DecasProtection","floor":21.0},{"not_picked":["Guardian:PiercingHide","Guardian:Emergency"],"picked":"Guardian:PrismaticBeam","floor":22.0},{"not_picked":["Guardian:Planning","Guardian:ShieldCharger+1","Guardian:Gem_Green"],"picked":"SKIP","floor":25},{"not_picked":["Guardian:Gem_White","Guardian:Suspension+1"],"picked":"Guardian:Gem_Crimson","floor":26},{"not_picked":["Guardian:EvasiveProtocol","Guardian:Gem_Cyan"],"picked":"Guardian:FierceBash","floor":31},{"not_picked":["Guardian:MultiBeam","Guardian:Clone"],"picked":"Guardian:SpikerProtocol","floor":32},{"not_picked":["Guardian:StasisStrike","Guardian:HyperBeam_Guardian"],"picked":"Guardian:SphericShield","floor":33},{"not_picked":["Guardian:TemporalStrike","Guardian:Clone+1"],"picked":"Guardian:Planning+1","floor":36},{"not_picked":["Guardian:Preprogram+1","Guardian:Gem_Fragmented","Guardian:PolyBeam+1"],"picked":"SKIP","floor":38},{"not_picked":["Guardian:TemporalStrike+1","Guardian:Gem_Cyan"],"picked":"Guardian:Repulse","floor":40},{"not_picked":["Guardian:WalkerClaw+1","Guardian:Reroute+1","Guardian:CrystalBeam"],"picked":"SKIP","floor":42},{"not_picked":["Guardian:PiercingHide","Guardian:FloatingOrbs"],"picked":"Guardian:ConstructionForm","floor":43},{"not_picked":["Guardian:FloatingOrbs","Guardian:MultiBeam"],"picked":"Guardian:PrismaticBeam","floor":44},{"not_picked":["Guardian:PiercingHide+1","Guardian:Gem_Purple"],"picked":"Guardian:Harden+1","floor":46},{"not_picked":["Guardian:Clone+1","Guardian:PrimingBeam","Guardian:CrystalBeam+1"],"picked":"SKIP","floor":47},{"not_picked":["Guardian:WalkerClaw+1","Guardian:Planning"],"picked":"Guardian:Recover+1","floor":48},{"not_picked":["Guardian:CrystalBeam","Guardian:Gem_Lightblue"],"picked":"Guardian:StasisField","floor":49}],"player_experience":533471,"relics_obtained":[{"floor":7.0,"key":"Orichalcum"},{"floor":12.0,"key":"Ancient Tea Set"},{"floor":24.0,"key":"reliquary:NewFriend"},{"floor":25,"key":"reliquary:Boomerang"},{"floor":27,"key":"Blood Vial"},{"floor":27,"key":"Mango"},{"floor":27,"key":"Replay:Bottled Steam"},{"floor":39,"key":"TungstenRod"},{"floor":41,"key":"reliquary:TatteredRug"},{"floor":46,"key":"Replay:PocketPolymizer"}],"event_choices":[{"cards_removed":["Guardian:Strike_Guardian"],"damage_healed":0.0,"max_hp_gain":0.0,"max_hp_loss":0.0,"gold_gain":0.0,"event_name":"The Cleric","player_choice":"Card Removal","floor":9.0,"gold_loss":0.0,"damage_taken":0.0}],"is_beta":false,"boss_relics":[{"not_picked":["ReplayTheSpireMod:DimensionalGlitch","Calling Bell"],"picked":"Abe\u0027s Treasure"},{"not_picked":["Astrolabe","reliquary:ThirdArm"],"picked":"Replay:Bronze Core"}],"items_purged_floors":[21],"is_endless":false,"potions_floor_spawned":[2,4,5,14,19,25,32,33,42,46,48,49],"ascension_level":10}}