{"host":"s7jyoiekpotq35vv","time":1614006515,"event":{"mods":["BaseMod","Colored Map","Highlight Path","Minty Spire (QoL Compilation)"],"gold_per_floor":[367,385,460,470,482,516,527,527,527,527,553,553,104,115,115,212,212,223,234,249,249,249],"floor_reached":21,"language":"ENG","playtime":1456,"items_purged":[],"score":193,"play_id":"cd75b43a-aba6-4e9c-b170-7af3f24ef32f","local_time":"20210222160835","is_ascension_mode":false,"campfire_choices":[{"data":"Armaments","floor":8,"key":"SMITH"},{"data":"Blood for Blood","floor":10,"key":"SMITH"},{"data":"Demon Form","floor":15,"key":"SMITH"}],"circlet_count":0,"master_deck":["Strike_R","Strike_R","Strike_R","Strike_R","Strike_R","Defend_R","Defend_R","Defend_R","Defend_R","Bash","Wild Strike","Perfected Strike","Combust","Armaments+1","Blood for Blood+1","Ghostly Armor","Demon Form+1","Warcry","Shrug It Off","Heavy Blade","Corruption","Feel No Pain","Shockwave","Flame Barrier"],"relics":["Black Blood","StoneCalendar","Mummified Hand","Tiny Chest","PreservedInsect","Brimstone"],"acts_visited":["Exordium","TheCity"],"potions_floor_usage":[6,6,11,16,16,20],"damage_taken":[{"damage":6,"enemies":"Cultist","floor":1,"turns":4},{"damage":7,"enemies":"2 Louse","floor":2,"turns":3},{"damage":2,"enemies":"Small Slimes","floor":4,"turns":3},{"damage":31,"enemies":"Gremlin Gang","floor":5,"turns":5},{"damage":9,"enemies":"3 Sentries","floor":6,"turns":4},{"damage":5,"enemies":"Looter","floor":7,"turns":2},{"damage":16,"enemies":"Gremlin Nob","floor":11,"turns":4},{"damage":10,"enemies":"2 Fungi Beasts","floor":14,"turns":3},{"damage":6,"enemies":"Slime Boss","floor":16,"turns":6},{"damage":23,"enemies":"2 Thieves","floor":18,"turns":3},{"damage":74,"enemies":"3 Byrds","floor":19,"turns":6},{"damage":42,"enemies":"Snake Plant","floor":20,"turns":4},{"damage":18,"enemies":"Centurion and Healer","floor":21,"turns":2}],"seed_played":"-9122273263622882985","potions_obtained":[{"floor":1,"key":"SkillPotion"},{"floor":5,"key":"CultistPotion"},{"floor":7,"key":"HeartOfIron"},{"floor":11,"key":"Dexterity Potion"},{"floor":14,"key":"DuplicationPotion"},{"floor":19,"key":"Regen Potion"}],"is_trial":false,"path_per_floor":["M","M","?","M","M","E","M","R","T","R","E","?","$","M","R","B",null,"M","M","M","M"],"character_chosen":"IRONCLAD","items_purchased":["PreservedInsect","Brimstone","Shrug It Off","FairyPotion"],"campfire_rested":0,"item_purchase_floors":[13,13,13,13],"current_hp_per_floor":[72,71,60,64,39,36,37,37,37,37,27,27,27,23,23,23,72,61,33,15,0,0],"gold":249,"neow_bonus":"TWO_FIFTY_GOLD","is_daily":false,"chose_seed":false,"campfire_upgraded":3,"win_rate":0.0,"timestamp":1614006515,"path_taken":["M","M","?","M","M","E","M","R","T","R","E","?","$","M","R","BOSS","M","M","?","M"],"items_purchased_type":["Relic","Relic","Card","Potion"],"build_version":"2020-12-22","purchased_purges":0,"victory":false,"max_hp_per_floor":[72,72,72,72,72,72,72,72,72,72,72,72,72,72,72,72,72,72,72,72,72,72],"card_choices":[{"not_picked":["Dual Wield","Flex"],"picked":"Wild Strike","floor":1},{"not_picked":["Cleave","Clothesline"],"picked":"Perfected Strike","floor":2},{"not_picked":["Sword Boomerang","Dropkick"],"picked":"Combust","floor":4},{"not_picked":["Anger","Cleave"],"picked":"Armaments","floor":5},{"not_picked":["Berserk","Heavy Blade"],"picked":"Blood for Blood","floor":6},{"not_picked":["Sword Boomerang","Clash"],"picked":"Ghostly Armor","floor":7},{"not_picked":["Headbutt","Feel No Pain"],"picked":"Demon Form","floor":11},{"not_picked":["Pommel Strike","Inflame"],"picked":"Heavy Blade","floor":14},{"not_picked":["Bludgeon","Demon Form"],"picked":"Corruption","floor":16},{"not_picked":["Cleave","Reckless Charge"],"picked":"Feel No Pain","floor":18},{"not_picked":["Disarm","Warcry+1"],"picked":"Shockwave","floor":19},{"not_picked":["Power Through","Headbutt"],"picked":"Flame Barrier","floor":20}],"player_experience":154697,"relics_obtained":[{"floor":6,"key":"StoneCalendar"},{"floor":9,"key":"Mummified Hand"},{"floor":11,"key":"Tiny Chest"}],"event_choices":[{"damage_healed":0,"gold_gain":75,"player_choice":"Gather Gold","damage_taken":11,"max_hp_gain":0,"max_hp_loss":0,"event_name":"World of Goop","floor":3,"gold_loss":0},{"damage_healed":0,"gold_gain":0,"player_choice":"1 cards matched","damage_taken":0,"max_hp_gain":0,"max_hp_loss":0,"event_name":"Match and Keep!","floor":12,"gold_loss":0,"cards_obtained":["Warcry"]}],"is_beta":false,"boss_relics":[{"not_picked":["Cursed Key","Coffee Dripper"],"picked":"Black Blood"}],"items_purged_floors":[],"is_endless":false,"potions_floor_spawned":[1,5,7,11,14,19],"killed_by":"Centurion and Healer","ascension_level":0}}