{"host":"Finnegan","time":1614027645,"event":{"mods":["AchievementEnabler","BaseMod","Colored Map","Colored Powertips","Highlight Path","Minty Spire (QoL Compilation)","Permanent Neow","Quick Restart","Rare Cards Sparkle","Relic Stats","StSLib","everything is the same but u backflip on backflip","slay the spire mod where everything is the same but ironclad has a cowboy hat"],"gold_per_floor":[118,128,203,203,218,218,251,251,251,263,263,278,278,296,296,370,370,340,340,340,340,66,66,66,66,66,66,66,66,66,66,66,66,66],"floor_reached":33,"language":"ENG","playtime":1452,"items_purged":["Strike_G"],"score":471,"play_id":"26ea5d02-022b-4987-9c14-9aeb4a6d4739","local_time":"20210222220045","is_ascension_mode":true,"campfire_choices":[{"data":"Survivor","floor":6.0,"key":"SMITH"},{"data":"Blade Dance","floor":13.0,"key":"SMITH"},{"data":"Terror","floor":15,"key":"SMITH"},{"floor":23,"key":"REST"},{"floor":25,"key":"REST"},{"data":"Envenom","floor":29,"key":"SMITH"},{"floor":32,"key":"REST"}],"circlet_count":0,"master_deck":["AscendersBane","Strike_G","Strike_G","Strike_G","Defend_G","Defend_G","Defend_G","Defend_G","Defend_G","Survivor+1","Neutralize+1","Dagger Throw","Blade Dance+1","Cloak And Dagger","Backflip","Terror+1","Envenom+1","Grand Finale","PiercingWail","Infinite Blades","Prepared","Blur+1"],"relics":["Ring of the Snake","Matryoshka","Singing Bowl","Centennial Puzzle","Ninja Scroll","Ectoplasm","Oddly Smooth Stone","Gremlin Horn","Akabeko"],"acts_visited":["Exordium","TheCity"],"potions_floor_usage":[24,27,27,33,33],"damage_taken":[{"damage":0.0,"enemies":"Jaw Worm","floor":1.0,"turns":6.0},{"damage":0.0,"enemies":"2 Louse","floor":2.0,"turns":3.0},{"damage":1.0,"enemies":"Small Slimes","floor":5.0,"turns":4.0},{"damage":30.0,"enemies":"3 Sentries","floor":7.0,"turns":12.0},{"damage":3.0,"enemies":"Exordium Wildlife","floor":10.0,"turns":4.0},{"damage":0.0,"enemies":"Blue Slaver","floor":12.0,"turns":3.0},{"damage":0,"enemies":"Gremlin Gang","floor":14,"turns":5},{"damage":23,"enemies":"The Guardian","floor":16,"turns":14},{"damage":5,"enemies":"2 Thieves","floor":18,"turns":3},{"damage":17,"enemies":"Shell Parasite","floor":20,"turns":7},{"damage":19,"enemies":"Snake Plant","floor":21,"turns":5},{"damage":31,"enemies":"Cultist and Chosen","floor":24,"turns":9},{"damage":6,"enemies":"Book of Stabbing","floor":27,"turns":4},{"damage":0,"enemies":"Chosen and Byrds","floor":28,"turns":5},{"damage":4,"enemies":"Snecko","floor":31,"turns":5},{"damage":62,"enemies":"Automaton","floor":33,"turns":8}],"seed_played":"8816107754454625768","potions_obtained":[{"floor":7.0,"key":"ColorlessPotion"},{"floor":10.0,"key":"Strength Potion"},{"floor":12.0,"key":"LiquidBronze"},{"floor":24,"key":"CunningPotion"},{"floor":28,"key":"Poison Potion"},{"floor":31,"key":"GamblersBrew"}],"is_trial":false,"path_per_floor":["M","M","?","T","M","R","E","?","T","M","?","M","R","M","R","B",null,"M","?","M","M","$","R","M","R","T","E","M","R","?","M","R","B"],"character_chosen":"THE_SILENT","items_purchased":["Infinite Blades","Regen Potion","Prepared"],"campfire_rested":3,"item_purchase_floors":[22,22,22],"current_hp_per_floor":[59,59,48,48,47,47,19,19,19,16,38,40,40,40,40,17,57,54,54,39,20,20,42,22,44,44,40,40,40,40,38,62,0,0],"gold":66,"neow_bonus":"UPGRADE_CARD","is_daily":false,"chose_seed":false,"campfire_upgraded":4,"win_rate":0.0,"timestamp":1614027645,"path_taken":["M","M","?","?","M","R","E","?","T","M","?","M","R","?","R","BOSS","M","?","?","M","$","R","M","R","T","E","M","R","?","M","R","BOSS"],"items_purchased_type":["Card","Potion","Card"],"build_version":"2020-12-18","purchased_purges":1,"victory":false,"max_hp_per_floor":[66,66,66,66,66,66,68,68,68,68,68,70,70,70,70,70,70,72,72,74,74,74,74,76,76,76,78,78,78,78,80,80,80,80],"relic_stats":{"Centennial Puzzle":[27],"Singing Bowl":14,"Gremlin Horn":[3,3],"counters":[16,97],"Ectoplasm":154,"obtain_stats":[{"Centennial Puzzle":9,"Matryoshka":4,"Singing Bowl":7,"Gremlin Horn":26,"Ninja Scroll":9,"Oddly Smooth Stone":26,"Ectoplasm":17,"Akabeko":27,"Ring of the Snake":0},{"Centennial Puzzle":4,"Matryoshka":2,"Singing Bowl":4,"Gremlin Horn":12,"Ninja Scroll":4,"Oddly Smooth Stone":12,"Ectoplasm":8,"Akabeko":13,"Ring of the Snake":0},{"Centennial Puzzle":25,"Matryoshka":9,"Singing Bowl":25,"Gremlin Horn":75,"Ninja Scroll":25,"Oddly Smooth Stone":75,"Ectoplasm":51,"Akabeko":79,"Ring of the Snake":0}],"Ring of the Snake":[32]},"card_choices":[{"not_picked":["Dodge and Roll","Flying Knee"],"picked":"Dagger Throw","floor":1.0},{"not_picked":["Well Laid Plans","Masterful Stab"],"picked":"Blade Dance","floor":2.0},{"not_picked":["Expertise","Blade Dance"],"picked":"Cloak And Dagger","floor":5.0},{"not_picked":["Dagger Throw","Endless Agony","Riddle With Holes"],"picked":"Singing Bowl","floor":7.0},{"not_picked":["Leg Sweep","Dodge and Roll"],"picked":"Backflip","floor":10.0},{"not_picked":["Outmaneuver","Acrobatics","Dagger Spray"],"picked":"Singing Bowl","floor":12.0},{"not_picked":["Night Terror","Catalyst"],"picked":"Terror","floor":14},{"not_picked":["Tools of the Trade","Doppelganger"],"picked":"Envenom","floor":16},{"not_picked":["Poisoned Stab","Dagger Spray","Leg Sweep"],"picked":"Singing Bowl","floor":18},{"not_picked":["Cloak And Dagger","Bouncing Flask","Reflex+1"],"picked":"Singing Bowl","floor":20},{"not_picked":["Setup","Dagger Spray"],"picked":"PiercingWail","floor":21},{"not_picked":["Dagger Spray","Concentrate","Outmaneuver"],"picked":"Singing Bowl","floor":24},{"not_picked":["Leg Sweep","Reflex","Backflip"],"picked":"Singing Bowl","floor":27},{"not_picked":["All Out Attack","Outmaneuver"],"picked":"Blur+1","floor":28},{"not_picked":["Terror+1","Slice","Dodge and Roll"],"picked":"Singing Bowl","floor":31}],"player_experience":915766,"relics_obtained":[{"floor":4.0,"key":"Matryoshka"},{"floor":7.0,"key":"Singing Bowl"},{"floor":9.0,"key":"Centennial Puzzle"},{"floor":9.0,"key":"Ninja Scroll"},{"floor":26,"key":"Oddly Smooth Stone"},{"floor":26,"key":"Gremlin Horn"},{"floor":27,"key":"Akabeko"}],"event_choices":[{"damage_healed":0.0,"max_hp_gain":0.0,"max_hp_loss":0.0,"gold_gain":75.0,"event_name":"World of Goop","player_choice":"Gather Gold","floor":3.0,"gold_loss":0.0,"damage_taken":11.0},{"damage_healed":0.0,"max_hp_gain":0.0,"max_hp_loss":0.0,"gold_gain":0.0,"event_name":"Scrap Ooze","player_choice":"Fled","floor":8.0,"gold_loss":0.0,"damage_taken":0.0},{"damage_healed":22.0,"max_hp_gain":0.0,"max_hp_loss":0.0,"gold_gain":0.0,"event_name":"Big Fish","player_choice":"Banana","floor":11.0,"gold_loss":0.0,"damage_taken":0.0},{"damage_healed":0,"gold_gain":0,"cards_transformed":["Strike_G"],"player_choice":"Transformed","damage_taken":0,"max_hp_gain":0,"max_hp_loss":0,"event_name":"Transmorgrifier","floor":19,"gold_loss":0,"cards_obtained":["Grand Finale"]},{"damage_healed":0,"gold_gain":0,"player_choice":"0 cards matched","damage_taken":0,"max_hp_gain":0,"max_hp_loss":0,"event_name":"Match and Keep!","floor":30,"gold_loss":0,"cards_obtained":[]}],"is_beta":true,"boss_relics":[{"not_picked":["Black Star","Philosopher\u0027s Stone"],"picked":"Ectoplasm"}],"items_purged_floors":[22],"is_endless":false,"potions_floor_spawned":[7,10,12,21,24,28,31],"killed_by":"Automaton","ascension_level":15}}