{"host":"6rzd029finub32db","time":1614005095,"event":{"mods":["BaseMod","DeckTracker","Highlight Path","Minty Spire (QoL Compilation)","Relic Stats","StSLib","SuperFastMode"],"gold_per_floor":[112,112,129,129,143,171,171,181,257,257,9,39,53,73,73,173,173,185,198,198,113,38,69,69,88,137,137,170,18,18,30,30,126,126,142,142,42,52,70,96,108,121,121,153,153,153,165,196,196,196,196,196,71,106,106],"floor_reached":56,"language":"ENG","playtime":5232,"items_purged":["Injury","Defend_G","Strike_G"],"score":1548,"play_id":"a64088d3-2490-400b-9934-8b4f318acefe","local_time":"20210222154455","is_ascension_mode":true,"campfire_choices":[{"floor":7,"key":"REST"},{"data":"Neutralize","floor":10,"key":"SMITH"},{"data":"Well Laid Plans","floor":15,"key":"SMITH"},{"data":"After Image","floor":24,"key":"SMITH"},{"data":"Caltrops","floor":30,"key":"SMITH"},{"data":"Leg Sweep","floor":32,"key":"SMITH"},{"floor":45,"key":"RECALL"},{"floor":49,"key":"REST"},{"floor":52,"key":"REST"}],"circlet_count":0,"master_deck":["Strike_G+1","Strike_G","Strike_G","Defend_G","Defend_G","Defend_G","Defend_G","Survivor","Neutralize+1","Unload","Underhanded Strike","Backflip+1","Dagger Throw+1","Infinite Blades","Die Die Die","Tactician+1","Venomology","Well Laid Plans+1","After Image+1","Acrobatics","Leg Sweep+1","Blade Dance+1","Corpse Explosion","Caltrops+1","Prepared","Finisher+1","After Image+1","Night Terror","Backstab","Outmaneuver+1","Violence","Backstab+1","Reflex","Slice+1","Adrenaline","Distraction+1"],"relics":["Ring of the Snake","InkBottle","Paper Crane","Bag of Preparation","Bottled Flame","Lantern","Prayer Wheel","HoveringKite","War Paint","Bag of Marbles","Nunchaku","MutagenicStrength","PreservedInsect","DollysMirror","Fusion Hammer","Whetstone","Torii","Pantograph","Bird Faced Urn"],"acts_visited":["Exordium","TheCity","TheBeyond","TheEnding"],"potions_floor_usage":[14,16,16,18,19,23,25,28,31,33,33,38,41,48,50,54,55,55,55],"damage_taken":[{"damage":0,"enemies":"Small Slimes","floor":1,"turns":3},{"damage":0,"enemies":"Jaw Worm","floor":3,"turns":2},{"damage":0,"enemies":"Cultist","floor":5,"turns":4},{"damage":37,"enemies":"Lagavulin","floor":6,"turns":9},{"damage":0,"enemies":"3 Louse","floor":8,"turns":3},{"damage":5,"enemies":"Gremlin Nob","floor":12,"turns":3},{"damage":0,"enemies":"Blue Slaver","floor":13,"turns":1},{"damage":0,"enemies":"Large Slime","floor":14,"turns":6},{"damage":0,"enemies":"Slime Boss","floor":16,"turns":7},{"damage":0,"enemies":"Spheric Guardian","floor":18,"turns":3},{"damage":6,"enemies":"Shell Parasite","floor":19,"turns":6},{"damage":0,"enemies":"Book of Stabbing","floor":23,"turns":6},{"damage":0,"enemies":"Snecko","floor":25,"turns":4},{"damage":30,"enemies":"Gremlin Leader","floor":28,"turns":6},{"damage":0,"enemies":"Chosen and Byrds","floor":31,"turns":4},{"damage":0,"enemies":"Collector","floor":33,"turns":6},{"damage":0,"enemies":"3 Darklings","floor":35,"turns":3},{"damage":0,"enemies":"3 Shapes","floor":38,"turns":3},{"damage":0,"enemies":"3 Darklings","floor":39,"turns":1},{"damage":0,"enemies":"Giant Head","floor":40,"turns":6},{"damage":0,"enemies":"Spire Growth","floor":41,"turns":3},{"damage":0,"enemies":"Sphere and 2 Shapes","floor":42,"turns":1},{"damage":0,"enemies":"Nemesis","floor":44,"turns":1},{"damage":0,"enemies":"4 Shapes","floor":47,"turns":1},{"damage":0,"enemies":"Reptomancer","floor":48,"turns":2},{"damage":23,"enemies":"Donu and Deca","floor":50,"turns":6},{"damage":0,"enemies":"Shield and Spear","floor":54,"turns":4},{"damage":60,"enemies":"The Heart","floor":55,"turns":10}],"seed_played":"-259765944677256969","potions_obtained":[{"floor":1,"key":"Regen Potion"},{"floor":8,"key":"CultistPotion"},{"floor":13,"key":"CunningPotion"},{"floor":16,"key":"ColorlessPotion"},{"floor":23,"key":"LiquidBronze"}],"is_trial":false,"path_per_floor":["M","?","M","T","M","E","R","M","T","R","$","E","M","M","R","B",null,"M","M","?","?","?","E","R","M","T","?","E","$","R","M","R","B",null,"M","?","$","M","M","E","M","M","T","E","R","?","M","E","R","B",null,"R","$","E","B",null],"character_chosen":"THE_SILENT","items_purchased":["Lantern","Flying Knee","DollysMirror"],"campfire_rested":3,"item_purchase_floors":[11,11,29],"current_hp_per_floor":[70,58,58,58,58,21,42,42,42,42,42,37,37,52,52,52,70,70,70,70,70,70,70,70,70,70,70,40,40,40,40,40,40,70,70,70,70,70,70,70,70,70,70,70,70,70,70,70,70,47,70,70,70,70,13],"gold":106,"neow_bonus":"THREE_RARE_CARDS","is_daily":false,"chose_seed":false,"campfire_upgraded":5,"win_rate":0.0,"timestamp":1614005095,"path_taken":["M","?","M","?","M","E","R","M","T","R","$","E","M","?","R","BOSS","M","M","?","?","?","E","R","M","T","?","E","$","R","M","R","BOSS","M","?","$","M","M","E","M","M","T","E","R","?","M","E","R","BOSS","R","$","E","BOSS"],"items_purchased_type":["Relic","Card","Relic"],"build_version":"2020-12-22","purchased_purges":3,"victory":true,"max_hp_per_floor":[70,70,70,70,70,70,70,70,70,70,70,70,70,70,70,70,70,70,70,70,70,70,70,70,70,70,70,70,70,70,70,70,70,70,70,70,70,70,70,70,70,70,70,70,70,70,70,70,70,70,70,70,70,70,70],"relic_stats":{"Torii":38,"counters":[28,114],"HoveringKite":[56],"PreservedInsect":298,"Bag of Preparation":[48],"Whetstone":["Strike_G","Dagger Throw"],"War Paint":["Tactician","Backflip"],"Nunchaku":[22],"Pantograph":0,"Bird Faced Urn":[3],"Prayer Wheel":12,"obtain_stats":[{"Lantern":11,"Torii":44,"HoveringKite":17,"PreservedInsect":28,"Bag of Preparation":6,"Whetstone":40,"Paper Crane":4,"War Paint":21,"Bottled Flame":9,"Nunchaku":26,"DollysMirror":29,"MutagenicStrength":27,"Pantograph":48,"Bird Faced Urn":54,"Prayer Wheel":12,"Fusion Hammer":34,"Bag of Marbles":23,"InkBottle":2,"Ring of the Snake":0},{"Lantern":5,"Torii":23,"HoveringKite":9,"PreservedInsect":14,"Bag of Preparation":4,"Whetstone":20,"Paper Crane":2,"War Paint":11,"Bottled Flame":5,"Nunchaku":13,"DollysMirror":14,"MutagenicStrength":13,"Pantograph":25,"Bird Faced Urn":27,"Prayer Wheel":6,"Fusion Hammer":16,"Bag of Marbles":12,"InkBottle":1,"Ring of the Snake":0},{"Lantern":21,"Torii":91,"HoveringKite":38,"PreservedInsect":63,"Bag of Preparation":18,"Whetstone":86,"Paper Crane":5,"War Paint":47,"Bottled Flame":21,"Nunchaku":57,"DollysMirror":63,"MutagenicStrength":57,"Pantograph":94,"Bird Faced Urn":104,"Prayer Wheel":24,"Fusion Hammer":73,"Bag of Marbles":53,"InkBottle":3,"Ring of the Snake":0}],"InkBottle":[56],"Ring of the Snake":[56]},"card_choices":[{"not_picked":["Night Terror","Adrenaline"],"picked":"Unload","floor":0},{"not_picked":["Dodge and Roll","Sucker Punch"],"picked":"Underhanded Strike","floor":1},{"not_picked":["Escape Plan","Bane"],"picked":"Backflip","floor":3},{"not_picked":["Sucker Punch","Quick Slash"],"picked":"Dagger Throw","floor":5},{"not_picked":["Acrobatics","Finisher"],"picked":"Infinite Blades","floor":6},{"not_picked":["Flying Knee","Blade Dance"],"picked":"Die Die Die","floor":8},{"not_picked":["Dagger Throw","PiercingWail","Escape Plan"],"picked":"SKIP","floor":12},{"not_picked":["Outmaneuver","Deflect"],"picked":"Tactician","floor":13},{"not_picked":["Escape Plan","Skewer"],"picked":"Venomology","floor":13},{"not_picked":["Blade Dance","Underhanded Strike"],"picked":"Well Laid Plans","floor":14},{"not_picked":["Reflex","Outmaneuver","Dodge and Roll"],"picked":"SKIP","floor":14},{"not_picked":["Envenom","Unload"],"picked":"After Image","floor":16},{"not_picked":["Dagger Spray","Sucker Punch"],"picked":"Acrobatics","floor":18},{"not_picked":["Deadly Poison","Flying Knee+1"],"picked":"Leg Sweep","floor":18},{"not_picked":["Expertise","Choke"],"picked":"Blade Dance+1","floor":19},{"not_picked":["Deflect","Infinite Blades"],"picked":"Corpse Explosion","floor":19},{"not_picked":["Eviscerate","Flying Knee"],"picked":"Caltrops","floor":23},{"not_picked":["Deadly Poison","Predator"],"picked":"Prepared","floor":25},{"not_picked":["Noxious Fumes","Catalyst","Dodge and Roll"],"picked":"SKIP","floor":25},{"not_picked":["Catalyst","Skewer"],"picked":"Finisher+1","floor":28},{"not_picked":["Expertise","Skewer","Deflect"],"picked":"SKIP","floor":31},{"not_picked":["Prepared","Endless Agony+1","Flechettes+1"],"picked":"SKIP","floor":31},{"not_picked":["Glass Knife","Burst"],"picked":"Night Terror","floor":33},{"not_picked":["Deflect+1","Reflex"],"picked":"Backstab","floor":35},{"not_picked":["Dodge and Roll+1","Eviscerate"],"picked":"Outmaneuver+1","floor":35},{"not_picked":["Secret Technique","Flash of Steel"],"picked":"Violence","floor":36},{"not_picked":["Eviscerate+1","Poisoned Stab+1"],"picked":"Backstab+1","floor":38},{"not_picked":["Dagger Spray","Underhanded Strike"],"picked":"Reflex","floor":38},{"not_picked":["Caltrops","Escape Plan+1"],"picked":"Slice+1","floor":39},{"not_picked":["Unload","Bane","Leg Sweep"],"picked":"SKIP","floor":39},{"not_picked":["Dagger Spray+1","Masterful Stab+1","Dagger Throw"],"picked":"SKIP","floor":40},{"not_picked":["Acrobatics+1","Well Laid Plans+1","Crippling Poison"],"picked":"SKIP","floor":41},{"not_picked":["Sucker Punch","Prepared","Noxious Fumes"],"picked":"SKIP","floor":41},{"not_picked":["Quick Slash+1","Crippling Poison+1","Outmaneuver+1"],"picked":"SKIP","floor":42},{"not_picked":["Well Laid Plans+1","Slice","Backflip"],"picked":"SKIP","floor":42},{"not_picked":["Dagger Throw+1","Backflip+1","Crippling Poison"],"picked":"SKIP","floor":44},{"not_picked":["Sucker Punch","Prepared+1"],"picked":"Adrenaline","floor":47},{"not_picked":["Bane","Quick Slash+1","Catalyst+1"],"picked":"SKIP","floor":47},{"not_picked":["Dagger Throw+1","Leg Sweep","Quick Slash+1"],"picked":"SKIP","floor":48},{"not_picked":["Dagger Throw","Expertise+1"],"picked":"Distraction+1","floor":54}],"player_experience":18686,"relics_obtained":[{"floor":4,"key":"Paper Crane"},{"floor":6,"key":"Bag of Preparation"},{"floor":9,"key":"Bottled Flame"},{"floor":12,"key":"Prayer Wheel"},{"floor":23,"key":"Bag of Marbles"},{"floor":26,"key":"Nunchaku"},{"floor":28,"key":"PreservedInsect"},{"floor":40,"key":"Whetstone"},{"floor":44,"key":"Torii"},{"floor":48,"key":"Pantograph"},{"floor":54,"key":"Bird Faced Urn"}],"event_choices":[{"damage_healed":0,"gold_gain":0,"player_choice":"Success","damage_taken":12,"relics_obtained":["InkBottle"],"max_hp_gain":0,"max_hp_loss":0,"event_name":"Scrap Ooze","floor":2,"gold_loss":0},{"damage_healed":0,"gold_gain":0,"player_choice":"Ignored","damage_taken":0,"max_hp_gain":0,"max_hp_loss":0,"event_name":"Vampires","floor":20,"gold_loss":0},{"damage_healed":0,"gold_gain":0,"player_choice":"Obtained Relic","damage_taken":0,"relics_obtained":["War Paint"],"max_hp_gain":0,"max_hp_loss":0,"event_name":"Addict","floor":21,"gold_loss":85},{"cards_removed":["Strike_G"],"damage_healed":0,"gold_gain":0,"player_choice":"Gave Gold","damage_taken":0,"max_hp_gain":0,"max_hp_loss":0,"event_name":"Beggar","floor":22,"gold_loss":75},{"damage_healed":0,"gold_gain":0,"player_choice":"Inject Mutagens","damage_taken":0,"relics_obtained":["MutagenicStrength"],"max_hp_gain":0,"max_hp_loss":0,"event_name":"Drug Dealer","floor":27,"gold_loss":0},{"damage_healed":0,"gold_gain":0,"player_choice":"Memory 1","damage_taken":0,"max_hp_gain":0,"max_hp_loss":0,"event_name":"SensoryStone","floor":36,"gold_loss":0},{"cards_removed":["Flying Knee"],"damage_healed":0,"gold_gain":0,"player_choice":"Removed Attack","damage_taken":0,"max_hp_gain":0,"max_hp_loss":0,"event_name":"Falling","floor":46,"gold_loss":0}],"is_beta":false,"boss_relics":[{"not_picked":["Busted Crown","Ectoplasm"],"picked":"HoveringKite"},{"not_picked":["Tiny House","Calling Bell"],"picked":"Fusion Hammer"}],"items_purged_floors":[11,37,53],"is_endless":false,"potions_floor_spawned":[1,8,13,16,23,28,31,38,40,42,44,54],"ascension_level":1}}