{"host":"tkinv8gv6hgcc58b","time":1614022587,"event":{"mods":["AchievementEnabler","BaseMod","BetterRewards","Colored Map","Downfall","Googly Eyes","Hermit","Minty Spire (QoL Compilation)","StSLib","The Cursed","The Disciple"],"gold_per_floor":[99,118,128,142,157,171,171,171,187,7,42,42,42,69,81,177,177,77,88,88,33,49,49,74,142,77,77,107,123,123,152,66,66,80,183,183,183,201,201,41,41,76,76,76,419,430,440,540,540,569,589,589,589,589],"floor_reached":52,"language":"ENG","playtime":3738,"items_purged":[],"score":831,"play_id":"eb62a488-7a78-4474-b52d-a40ef884af6a","local_time":"20210222143627","is_ascension_mode":true,"campfire_choices":[{"data":"Slimebound:CorrosiveSpit","floor":1.0,"key":"SMITH"},{"data":"Slimebound:LeadByExample","floor":8.0,"key":"SMITH"},{"floor":12.0,"key":"REST"},{"data":"Slimebound:Gluttony","floor":18.0,"key":"SMITH"},{"data":"Slimebound:MassFeed","floor":23.0,"key":"SMITH"},{"floor":30.0,"key":"REST"},{"data":"Slimebound:OozeBath","floor":37.0,"key":"SMITH"},{"data":"Slimebound:DouseInSlime","floor":44.0,"key":"SMITH"},{"data":"Slimebound:Equalize","floor":49.0,"key":"SMITH"}],"circlet_count":0,"master_deck":["Slimebound:Strike_Slimebound","Slimebound:Strike_Slimebound","Slimebound:Tackle+1","Slimebound:Defend_Slimebound","Slimebound:Defend_Slimebound","Slimebound:Defend_Slimebound","Slimebound:Defend_Slimebound","Slimebound:Split","Slimebound:CorrosiveSpit+1","Slimebound:LeadByExample+1","Slimebound:GoopSpray","Slimebound:TongueLash+1","Slimebound:SpikyOuterGoop","Slimebound:ForwardTackle","Slimebound:LivingWall","Slimebound:Repurpose","Slimebound:Gluttony+1","Slimebound:ItLooksTasty","Slimebound:Prepare","Slimebound:GoopSpray","Slimebound:Darklings","Slimebound:SplitLeeching","Slimebound:MassFeed+1","Slimebound:HauntingLick","Slimebound:DivideAndConquer","Slimebound:MegaLick","Slimebound:Replication","Slimebound:OozeBath","Slimebound:Schlurp","Slimebound:HungryTackle","Slimebound:HungryTackle","Slimebound:OozeBath+1","Slimebound:DivideAndConquer","Slimebound:AcidTongue+1","Slimebound:SplitSpecialist","Slimebound:DuplicatedForm+1","Slimebound:LeechingTouch","Slimebound:MassRepurpose","Slimebound:SplitBruiser","Slimebound:DouseInSlime+1","Slimebound:Equalize+1","Slimebound:AcidTongue+1","Slimebound:Prepare+1","Slimebound:MegaLick"],"relics":["Slimebound:AbsorbEndCombat","Lizard Tail","Orichalcum","Oddly Smooth Stone","Frozen Egg 2","Black Star","downfall:HeartBlessingGreen","Smiling Mask","Shuriken","Slimebound:MaxSlimesRelic","Thread and Needle","Happy Flower","Eternal Feather","Sozu","Strange Spoon","Pen Nib","Lantern","The Courier","Anchor","Whetstone"],"acts_visited":["Exordium","TheCity","TheBeyond"],"potions_floor_usage":[],"damage_taken":[{"damage":3.0,"enemies":"Cultist","floor":2.0,"turns":4.0},{"damage":9.0,"enemies":"2 Louse","floor":3.0,"turns":3.0},{"damage":9.0,"enemies":"Small Slimes","floor":4.0,"turns":4.0},{"damage":8.0,"enemies":"Exordium Thugs","floor":5.0,"turns":5.0},{"damage":13.0,"enemies":"2 Fungi Beasts","floor":6.0,"turns":4.0},{"damage":9.0,"enemies":"Gremlin Gang","floor":9.0,"turns":4.0},{"damage":3.0,"enemies":"downfall:FleeingMerchant","floor":10.0,"turns":4.0},{"damage":27.0,"enemies":"Gremlin Nob","floor":11.0,"turns":4.0},{"damage":9.0,"enemies":"Lagavulin","floor":14.0,"turns":6.0},{"damage":7.0,"enemies":"3 Louse","floor":15.0,"turns":2.0},{"damage":17.0,"enemies":"SI_SHIV_ARCHETYPE","floor":16.0,"turns":7.0},{"damage":8.0,"enemies":"Shell Parasite","floor":19.0,"turns":6.0},{"damage":3.0,"enemies":"downfall:FleeingMerchant","floor":21.0,"turns":4.0},{"damage":9.0,"enemies":"3 Byrds","floor":22.0,"turns":6.0},{"damage":1.0,"enemies":"downfall:FleeingMerchant","floor":26.0,"turns":4.0},{"damage":51.0,"enemies":"Book of Stabbing","floor":28.0,"turns":7.0},{"damage":0.0,"enemies":"Centurion and Healer","floor":29.0,"turns":5.0},{"damage":22.0,"enemies":"Gremlin Leader","floor":31.0,"turns":7.0},{"damage":2.0,"enemies":"downfall:FleeingMerchant","floor":32.0,"turns":4.0},{"damage":4.0,"enemies":"Shelled Parasite and Fungi","floor":34.0,"turns":6.0},{"damage":56.0,"enemies":"IC_MUSHROOM_ARCHETYPE","floor":35.0,"turns":9.0},{"damage":0.0,"enemies":"Orb Walker","floor":38.0,"turns":3.0},{"damage":15.0,"enemies":"downfall:FleeingMerchant","floor":40.0,"turns":4.0},{"damage":57.0,"enemies":"Nemesis","floor":42.0,"turns":7.0},{"damage":11.0,"enemies":"downfall:FleeingMerchant","floor":45.0,"turns":4.0},{"damage":18.0,"enemies":"3 Shapes","floor":46.0,"turns":3.0},{"damage":26.0,"enemies":"Spire Growth","floor":47.0,"turns":3.0},{"damage":103.0,"enemies":"Reptomancer","floor":50.0,"turns":7.0},{"damage":14.0,"enemies":"Maw","floor":51.0,"turns":5.0},{"damage":59,"enemies":"DF_ARCHETYPE_ORBS","floor":52,"turns":5}],"seed_played":"-1136292934192383032","potions_obtained":[{"floor":3.0,"key":"FairyPotion"},{"floor":6.0,"key":"Regen Potion"},{"floor":9.0,"key":"AttackPotion"},{"floor":11.0,"key":"Explosive Potion"},{"floor":20.0,"key":"EntropicBrew"}],"is_trial":false,"path_per_floor":["R","M","M","M","M","M","T","R","M","$","E","R","?","E","M","B",null,"R","M","?","$","M","R","T","T","$","?","E","M","R","E","$","?","M","B",null,"R","M","?","$","?","E","T","R","$","M","M","?","R","E","M","B"],"character_chosen":"SLIMEBOUND","items_purchased":["Slimebound:Gluttony","Slimebound:ItLooksTasty","Slimebound:Prepare","Slimebound:MegaLick","Slimebound:Schlurp","Slimebound:AcidTongue+1","Strange Spoon","Slimebound:AcidTongue+1"],"campfire_rested":2,"item_purchase_floors":[10,10,10,21,26,32,40,45],"current_hp_per_floor":[59,60,53,46,46,39,39,39,38,39,20,39,39,38,37,28,56,56,56,56,57,59,59,59,59,64,64,21,31,52,38,44,44,46,21,59,72,72,72,72,72,21,21,45,40,34,39,39,63,44,50,0,0,0],"gold":589,"neow_bonus":"ONE_RARE_RELIC","is_daily":false,"chose_seed":false,"campfire_upgraded":7,"win_rate":0.0,"timestamp":1614022587,"path_taken":["R","M","M","M","?","M","T","R","M","$","E","R","?","E","M","BOSS","R","M","?","$","?","R","T","T","$","?","E","?","R","E","$","?","M","BOSS","R","M","?","$","?","E","T","R","$","M","?","?","R","E","M","BOSS"],"items_purchased_type":["Card","Card","Card","Card","Card","Card","Relic","Card"],"build_version":"2020-12-22","purchased_purges":0,"victory":false,"max_hp_per_floor":[65,65,65,65,65,65,65,65,65,65,65,65,65,65,65,65,65,65,65,65,65,68,68,68,68,68,68,68,72,72,72,72,72,72,72,72,72,72,72,72,72,72,72,72,72,80,80,80,80,80,80,80,80,80],"card_choices":[{"not_picked":["Slimebound:GrowthPunch","Slimebound:RollThrough"],"picked":"Slimebound:LeadByExample","floor":2.0},{"not_picked":["Slimebound:GrowthPunch","Slimebound:SplitLeeching"],"picked":"Slimebound:GoopSpray","floor":3.0},{"not_picked":["Slimebound:GrowthPunch","Slimebound:Equalize"],"picked":"Slimebound:TongueLash","floor":4.0},{"not_picked":["Slimebound:HauntingLick","Slimebound:BestDefense"],"picked":"Slimebound:SpikyOuterGoop","floor":5.0},{"not_picked":["Slimebound:FormOfPuddle","Slimebound:PressTheAttack"],"picked":"Slimebound:ForwardTackle","floor":6.0},{"not_picked":["Slimebound:GoopTackle","Slimebound:PressTheAttack"],"picked":"Slimebound:LivingWall","floor":9.0},{"not_picked":["Slimebound:Recollect","Slimebound:SplitAcid"],"picked":"Slimebound:Repurpose","floor":10.0},{"not_picked":["Slimebound:ProtectTheBoss","Slimebound:PrepareCrush"],"picked":"Slimebound:GoopSpray","floor":11.0},{"not_picked":["Slimebound:RollThrough","Slimebound:BestDefense+1"],"picked":"Slimebound:Darklings","floor":14.0},{"not_picked":["Slimebound:RollThrough","Slimebound:ItLooksTasty"],"picked":"Slimebound:SplitLeeching","floor":15.0},{"not_picked":["Slimebound:SelfFormingGoo+1","Slimebound:FirmFortitude"],"picked":"Slimebound:MassFeed","floor":16.0},{"not_picked":["Slimebound:FlameTackle+1","Slimebound:ComboTackle"],"picked":"Slimebound:HauntingLick","floor":19.0},{"not_picked":["Slimebound:SlimeSpikes+1","Slimebound:SplitBruiser"],"picked":"Slimebound:DivideAndConquer","floor":21.0},{"not_picked":["Slimebound:SlimeSpikes+1","Slimebound:ComboTackle"],"picked":"Slimebound:Replication","floor":22.0},{"not_picked":["Slimebound:GrowthPunch","Slimebound:LivingWall"],"picked":"Slimebound:OozeBath","floor":26.0},{"not_picked":["Slimebound:Grow+1","Slimebound:ItLooksTasty"],"picked":"Slimebound:HungryTackle","floor":28.0},{"not_picked":["Slimebound:GoopSpray","Slimebound:SplitLeeching"],"picked":"Slimebound:HungryTackle","floor":29.0},{"not_picked":["Slimebound:LeechingTouch","Slimebound:SlimeSpikes"],"picked":"Slimebound:OozeBath","floor":31.0},{"not_picked":["Slimebound:LeechEnergy","Slimebound:Schlurp"],"picked":"Slimebound:DivideAndConquer","floor":32.0},{"not_picked":["Slimebound:ItLooksTasty+1","Slimebound:HauntingLick+1"],"picked":"Slimebound:SplitSpecialist","floor":34.0},{"not_picked":["Slimebound:SlimeSlap","Slimebound:OneTwoCombo"],"picked":"Slimebound:DuplicatedForm+1","floor":35.0},{"not_picked":["Slimebound:ComboTackle","Slimebound:SplitAcid+1"],"picked":"Slimebound:LeechingTouch","floor":38.0},{"not_picked":["Slimebound:PressTheAttack+1","Slimebound:BestDefense+1","Slimebound:Dissolve"],"picked":"SKIP","floor":40.0},{"not_picked":["Slimebound:DuplicatedForm+1","Slimebound:DisruptingSlam+1"],"picked":"Slimebound:DouseInSlime","floor":42.0},{"not_picked":["Slimebound:GoopTackle","Slimebound:RollThrough"],"picked":"Slimebound:Equalize","floor":45.0},{"not_picked":["Slimebound:SplitAcid+1","Slimebound:HauntingLick+1"],"picked":"Slimebound:Prepare+1","floor":46.0},{"not_picked":["Slimebound:ComboTackle+1","Slimebound:PrepareCrush","Slimebound:PressTheAttack"],"picked":"SKIP","floor":47.0},{"not_picked":["Slimebound:FinishingTackle","Slimebound:LeechingTouch+1"],"picked":"Slimebound:MegaLick","floor":50.0},{"not_picked":["Slimebound:SlimeSpikes+1","Slimebound:SplitBruiser","Slimebound:PressTheAttack+1"],"picked":"SKIP","floor":51.0}],"player_experience":1138132,"relics_obtained":[{"floor":7.0,"key":"Orichalcum"},{"floor":11.0,"key":"Oddly Smooth Stone"},{"floor":14.0,"key":"Frozen Egg 2"},{"floor":24.0,"key":"Smiling Mask"},{"floor":25.0,"key":"Shuriken"},{"floor":28.0,"key":"Slimebound:MaxSlimesRelic"},{"floor":28.0,"key":"Thread and Needle"},{"floor":31.0,"key":"Happy Flower"},{"floor":31.0,"key":"Eternal Feather"},{"floor":42.0,"key":"Pen Nib"},{"floor":42.0,"key":"Lantern"},{"floor":43.0,"key":"The Courier"},{"floor":50.0,"key":"Anchor"},{"floor":50.0,"key":"Whetstone"}],"event_choices":[{"cards_removed":["Writhe"],"damage_healed":0.0,"max_hp_gain":0.0,"max_hp_loss":0.0,"gold_gain":0.0,"event_name":"The Cleric","player_choice":"Card Removal","floor":13.0,"gold_loss":0.0,"damage_taken":0.0},{"damage_healed":0.0,"max_hp_gain":0.0,"max_hp_loss":0.0,"gold_gain":0.0,"event_name":"Lab","player_choice":"Got Potions","floor":20.0,"gold_loss":0.0,"damage_taken":0.0}],"is_beta":false,"boss_relics":[{"not_picked":["Astrolabe","Runic Dome"],"picked":"Black Star"},{"not_picked":["Coffee Dripper","SacredBark"],"picked":"Sozu"}],"items_purged_floors":[],"is_endless":false,"potions_floor_spawned":[3,6,9,11,15,19,28,29,34,42,46,51],"killed_by":"DF_ARCHETYPE_ORBS","ascension_level":7}}