{"host":"6nqy62k7v1jh46lb","time":1614019468,"event":{"mods":["AchievementEnabler","BaseMod","Bestiary","Block Reminder","Colored Powertips","Highlight Path","Minty Spire (QoL Compilation)","Relic Stats"],"gold_per_floor":[115,132,144,144,144,175,193,1,1,59,59,94,118,133,133,259,322,347,372,372,383,398,398,427,352,399,399,409,27,27,4,4,107,107,119,119,10,30,0,0,33,83,109,129,6,22,22,35,35,35,35,35,10,36,36,36],"floor_reached":55,"language":"ENG","playtime":10727,"items_purged":["Strike_R","Strike_R+1"],"score":677,"play_id":"d95f3072-96d5-4f14-93fc-68520015a609","local_time":"20210222194428","is_ascension_mode":false,"campfire_choices":[{"floor":15.0,"key":"RECALL"},{"floor":23.0,"key":"REST"},{"floor":30.0,"key":"REST"},{"data":"True Grit","floor":32.0,"key":"SMITH"},{"data":"Armaments","floor":40.0,"key":"SMITH"},{"floor":47.0,"key":"REST"},{"floor":49.0,"key":"DIG"},{"floor":52.0,"key":"DIG"}],"circlet_count":0,"master_deck":["Strike_R+1","Defend_R","Defend_R","Defend_R","Bash","Cleave","Warcry","Clothesline","Metallicize","Uppercut","Bandage Up","Twin Strike","Entrench","Iron Wave","Barricade","Blood for Blood+1","Clash+1","Bludgeon","Battle Trance+1","Carnage","Rampage","Spot Weakness","True Grit+1","Impervious","Shrug It Off+1","Disarm","Armaments+1","Spot Weakness+1","Parasite","Dropkick+1","Intimidate+1"],"relics":["Philosopher\u0027s Stone","Bloody Idol","Bag of Preparation","Membership Card","Eternal Feather","Tiny House","PreservedInsect","Lantern","Toolbox","Whetstone","Gremlin Horn","Empty Cage","Red Mask","Shovel","Champion Belt","Akabeko","Frozen Eye","Strawberry","Pantograph","Vajra"],"acts_visited":["Exordium","TheCity","TheBeyond","TheEnding"],"potions_floor_usage":[],"damage_taken":[{"damage":0.0,"enemies":"2 Louse","floor":1.0,"turns":3.0},{"damage":7.0,"enemies":"Small Slimes","floor":2.0,"turns":2.0},{"damage":5.0,"enemies":"Jaw Worm","floor":3.0,"turns":3.0},{"damage":20.0,"enemies":"3 Sentries","floor":6.0,"turns":7.0},{"damage":4.0,"enemies":"Lots of Slimes","floor":7.0,"turns":2.0},{"damage":13.0,"enemies":"Gremlin Nob","floor":12.0,"turns":4.0},{"damage":2.0,"enemies":"2 Fungi Beasts","floor":13.0,"turns":2.0},{"damage":3.0,"enemies":"Looter","floor":14.0,"turns":3.0},{"damage":17.0,"enemies":"Slime Boss","floor":16.0,"turns":12.0},{"damage":16.0,"enemies":"Shell Parasite","floor":18.0,"turns":6.0},{"damage":35.0,"enemies":"Spheric Guardian","floor":19.0,"turns":7.0},{"damage":14.0,"enemies":"Snake Plant","floor":21.0,"turns":6.0},{"damage":13.0,"enemies":"Snecko","floor":22.0,"turns":5.0},{"damage":61.0,"enemies":"Slavers","floor":24.0,"turns":6.0},{"damage":5.0,"enemies":"Cultist and Chosen","floor":28.0,"turns":5.0},{"damage":10.0,"enemies":"Champ","floor":33.0,"turns":9.0},{"damage":20.0,"enemies":"3 Darklings","floor":35.0,"turns":7.0},{"damage":27.0,"enemies":"Orb Walker","floor":38.0,"turns":5.0},{"damage":25.0,"enemies":"Giant Head","floor":41.0,"turns":8.0},{"damage":0.0,"enemies":"Mind Bloom Boss Battle","floor":42.0,"turns":8.0},{"damage":45.0,"enemies":"Sphere and 2 Shapes","floor":44.0,"turns":4.0},{"damage":31.0,"enemies":"Writhing Mass","floor":46.0,"turns":7.0},{"damage":6.0,"enemies":"Jaw Worm Horde","floor":48.0,"turns":5.0},{"damage":83.0,"enemies":"Awakened One","floor":50.0,"turns":17.0},{"damage":74.0,"enemies":"Shield and Spear","floor":54.0,"turns":6.0},{"damage":90,"enemies":"The Heart","floor":55,"turns":3}],"seed_played":"5072745838205594258","potions_obtained":[{"floor":2.0,"key":"DistilledChaos"},{"floor":6.0,"key":"HeartOfIron"},{"floor":7.0,"key":"Energy Potion"},{"floor":13.0,"key":"Explosive Potion"},{"floor":16.0,"key":"Swift Potion"},{"floor":17.0,"key":"PowerPotion"},{"floor":18.0,"key":"EssenceOfSteel"},{"floor":22.0,"key":"LiquidBronze"},{"floor":24.0,"key":"AttackPotion"},{"floor":27.0,"key":"FearPotion"},{"floor":27.0,"key":"DuplicationPotion"},{"floor":28.0,"key":"AttackPotion"},{"floor":41.0,"key":"Weak Potion"},{"floor":42.0,"key":"Ancient Potion"},{"floor":44.0,"key":"Dexterity Potion"},{"floor":46.0,"key":"Ancient Potion"}],"is_trial":false,"path_per_floor":["M","M","M","?","?","E","M","$","T","?","?","E","M","M","R","B",null,"M","M","?","M","M","R","E","?","T","?","M","$","R","$","R","B",null,"M","?","$","M","?","R","E","?","T","M","$","M","R","M","R","B",null,"R","$","E","B"],"character_chosen":"IRONCLAD","items_purchased":["Membership Card","Bandage Up","Toolbox","Whetstone","Gremlin Horn","Rampage","Spot Weakness","True Grit","Fruit Juice","Disarm","Armaments","Frozen Eye","PowerPotion"],"campfire_rested":3,"item_purchase_floors":[8,8,29,29,29,29,29,31,37,37,37,45,53],"current_hp_per_floor":[80,73,68,68,68,48,44,44,44,44,68,59,61,62,71,57,79,67,36,36,31,27,62,10,10,15,15,19,19,57,57,72,73,79,68,68,68,55,55,70,54,65,70,36,36,14,57,60,85,6,91,91,91,26,0,0],"gold":36,"neow_bonus":"BOSS_RELIC","is_daily":false,"chose_seed":false,"campfire_upgraded":2,"win_rate":0.0,"timestamp":1614019468,"path_taken":["M","M","M","?","?","E","M","$","T","?","?","E","?","M","R","BOSS","M","?","?","M","M","R","E","?","T","?","?","$","R","$","R","BOSS","M","?","$","M","?","R","E","?","T","M","$","M","R","M","R","BOSS","R","$","E","BOSS"],"items_purchased_type":["Relic","Card","Relic","Relic","Relic","Card","Card","Card","Potion","Card","Card","Relic","Potion"],"build_version":"2020-12-22","purchased_purges":2,"victory":false,"max_hp_per_floor":[80,80,80,80,74,74,74,74,74,74,74,74,74,74,74,74,79,79,79,79,79,79,79,79,79,79,79,79,79,79,79,79,79,79,79,79,79,84,84,84,84,84,84,84,84,84,84,84,91,91,91,91,91,91,91,91],"relic_stats":{"Shovel":2,"Gremlin Horn":[7,10],"counters":[26,152],"Bloody Idol":75,"Pantograph":25,"Eternal Feather":102,"PreservedInsect":193,"Bag of Preparation":[44],"Whetstone":["Blood for Blood","Strike_R"],"Champion Belt":[5],"obtain_stats":[{"Lantern":26,"Tiny House":17,"Gremlin Horn":29,"Golden Idol":5,"Vajra":54,"Eternal Feather":12,"PreservedInsect":24,"Bag of Preparation":6,"Whetstone":29,"Empty Cage":34,"Burning Blood":0,"Akabeko":43,"Frozen Eye":45,"Shovel":41,"Bloody Idol":20,"Strawberry":49,"Pantograph":52,"Toolbox":29,"Philosopher\u0027s Stone":0,"Red Mask":39,"Membership Card":8,"Champion Belt":42},{"Lantern":14,"Tiny House":9,"Gremlin Horn":15,"Golden Idol":3,"Vajra":25,"Eternal Feather":6,"PreservedInsect":14,"Bag of Preparation":4,"Whetstone":15,"Empty Cage":16,"Burning Blood":0,"Akabeko":20,"Frozen Eye":21,"Shovel":19,"Bloody Idol":11,"Strawberry":23,"Pantograph":24,"Toolbox":15,"Philosopher\u0027s Stone":0,"Red Mask":18,"Membership Card":5,"Champion Belt":20},{"Lantern":68,"Tiny House":38,"Gremlin Horn":73,"Golden Idol":8,"Vajra":149,"Eternal Feather":21,"PreservedInsect":68,"Bag of Preparation":15,"Whetstone":73,"Empty Cage":82,"Burning Blood":0,"Akabeko":110,"Frozen Eye":114,"Shovel":102,"Bloody Idol":51,"Strawberry":126,"Pantograph":143,"Toolbox":73,"Philosopher\u0027s Stone":0,"Red Mask":94,"Membership Card":17,"Champion Belt":110}]},"card_choices":[{"not_picked":["Havoc","Clash"],"picked":"Cleave","floor":1.0},{"not_picked":["Power Through","Body Slam"],"picked":"Warcry","floor":2.0},{"not_picked":["Thunderclap","Second Wind"],"picked":"Clothesline","floor":3.0},{"not_picked":["Clash","Headbutt"],"picked":"Metallicize","floor":6.0},{"not_picked":["Juggernaut","Armaments"],"picked":"Uppercut","floor":7.0},{"not_picked":["Heavy Blade","Cleave"],"picked":"Twin Strike","floor":12.0},{"not_picked":["Sever Soul","Sword Boomerang"],"picked":"Entrench","floor":13.0},{"not_picked":["Havoc","Thunderclap"],"picked":"Iron Wave","floor":14.0},{"not_picked":["Brutality","Berserk"],"picked":"Barricade","floor":16.0},{"not_picked":["Headbutt","Inflame"],"picked":"Blood for Blood","floor":17.0},{"not_picked":["Heavy Blade","Clothesline+1","Iron Wave+1"],"picked":"SKIP","floor":18.0},{"not_picked":["Dark Embrace+1","Sword Boomerang"],"picked":"Clash+1","floor":19.0},{"not_picked":["Pommel Strike","Twin Strike"],"picked":"Bludgeon","floor":21.0},{"not_picked":["Clash","Headbutt+1"],"picked":"Battle Trance+1","floor":22.0},{"not_picked":["Bloodletting","Warcry","Cleave"],"picked":"SKIP","floor":24.0},{"not_picked":["Havoc+1","Clothesline"],"picked":"Carnage","floor":28.0},{"not_picked":["Limit Break","Bludgeon"],"picked":"Impervious","floor":33.0},{"not_picked":["Sentinel+1","Anger+1"],"picked":"Shrug It Off+1","floor":35.0},{"not_picked":["Havoc+1","Cleave+1","Wild Strike"],"picked":"SKIP","floor":38.0},{"not_picked":["Reckless Charge+1","Rupture","Cleave+1"],"picked":"SKIP","floor":41.0},{"not_picked":["Heavy Blade+1","Clash+1"],"picked":"Spot Weakness+1","floor":42.0},{"not_picked":["Berserk","Combust","Perfected Strike+1"],"picked":"SKIP","floor":44.0},{"not_picked":["Shrug It Off+1","Combust"],"picked":"Dropkick+1","floor":46.0},{"not_picked":["Anger","Fire Breathing","Armaments+1"],"picked":"SKIP","floor":48.0},{"not_picked":["Clash","Exhume"],"picked":"Intimidate+1","floor":54.0}],"player_experience":235203,"relics_obtained":[{"floor":6.0,"key":"Bag of Preparation"},{"floor":12.0,"key":"Eternal Feather"},{"floor":24.0,"key":"PreservedInsect"},{"floor":26.0,"key":"Lantern"},{"floor":41.0,"key":"Shovel"},{"floor":42.0,"key":"Champion Belt"},{"floor":43.0,"key":"Akabeko"},{"floor":49.0,"key":"Strawberry"},{"floor":52.0,"key":"Pantograph"},{"floor":54.0,"key":"Vajra"}],"event_choices":[{"damage_healed":0.0,"max_hp_gain":0.0,"max_hp_loss":0.0,"gold_gain":0.0,"event_name":"Liars Game","player_choice":"Ignored","floor":4.0,"gold_loss":0.0,"damage_taken":0.0},{"damage_healed":0.0,"max_hp_gain":0.0,"max_hp_loss":6.0,"gold_gain":0.0,"event_name":"Golden Idol","player_choice":"Lose Max HP","floor":5.0,"gold_loss":0.0,"damage_taken":0.0,"relics_obtained":["Golden Idol"]},{"damage_healed":0.0,"max_hp_gain":0.0,"max_hp_loss":0.0,"gold_gain":58.0,"event_name":"Golden Wing","player_choice":"Gained Gold","floor":10.0,"gold_loss":0.0,"damage_taken":0.0},{"damage_healed":24.0,"max_hp_gain":0.0,"max_hp_loss":0.0,"gold_gain":0.0,"event_name":"Big Fish","player_choice":"Banana","floor":11.0,"gold_loss":0.0,"damage_taken":0.0},{"damage_healed":0.0,"max_hp_gain":0.0,"max_hp_loss":0.0,"gold_gain":0.0,"event_name":"Forgotten Altar","player_choice":"Gave Idol","floor":20.0,"relics_lost":["Golden Idol"],"gold_loss":0.0,"damage_taken":0.0,"relics_obtained":["Bloody Idol"]},{"cards_removed":["Strike_R"],"damage_healed":0.0,"max_hp_gain":0.0,"max_hp_loss":0.0,"gold_gain":0.0,"event_name":"Beggar","player_choice":"Gave Gold","floor":25.0,"gold_loss":75.0,"damage_taken":0.0},{"damage_healed":0.0,"max_hp_gain":0.0,"max_hp_loss":0.0,"gold_gain":0.0,"event_name":"Lab","player_choice":"Got Potions","floor":27.0,"gold_loss":0.0,"damage_taken":0.0},{"damage_healed":0.0,"max_hp_gain":0.0,"max_hp_loss":0.0,"gold_gain":0.0,"event_name":"Mysterious Sphere","player_choice":"Ignored","floor":36.0,"gold_loss":0.0,"damage_taken":0.0},{"damage_healed":0.0,"max_hp_gain":0.0,"max_hp_loss":0.0,"gold_gain":0.0,"event_name":"Tomb of Lord Red Mask","player_choice":"Paid","floor":39.0,"gold_loss":30.0,"damage_taken":0.0,"relics_obtained":["Red Mask"]},{"damage_healed":0.0,"max_hp_gain":0.0,"max_hp_loss":0.0,"gold_gain":0.0,"event_name":"MindBloom","player_choice":"Fight","floor":42.0,"gold_loss":0.0,"damage_taken":0.0}],"is_beta":false,"boss_relics":[{"not_picked":["Snecko Eye","Runic Dome"],"picked":"Tiny House"},{"not_picked":["Astrolabe","Mark of Pain"],"picked":"Empty Cage"}],"items_purged_floors":[29,45],"is_endless":false,"potions_floor_spawned":[2,6,7,13,16,18,22,24,28,41,42,44,46],"killed_by":"The Heart","ascension_level":0}}