{"host":"kv06jx36eid0zw4n","time":1614023660,"event":{"mods":["AchievementEnabler","Act Like it!","Aspiration","BaseMod","Beaked The Cultist","Better Note","Better Skull","Better Third Choice","BetterRewards","Block Reminder","Bossed Relics","CCEM2","Colored Map","Conspire","Curses Come First","Dota2Spire","Elementarium","Energized Spire","Fox Events","Friendly Minions","Gensokyo","GifTheSpireLib","Glutton Mod","GungeonMod","Halation","Hallownest","Hermit","Hubris","Infinite Spire","Key Reminder","KomeijiMod","Lobotomy","LobotomyExtend","Menagerie","Mimic Mod","Minty Spire (QoL Compilation)","MostiFishMod","Pale of the Ancients","Quarter Circle Forward PUNCH!","Rare Cards Sparkle","Reliquary","Replay The Spire","Ruina","RumiaBox-????????","Small Relic Pack","Spicy Shops","StSLib","Stuff the Spire","The Blue Laboratory","The Cursed","Trackpad","Uncapped","Wandering Minibosses","Wide Potions","[IsaacMod]????"],"gold_per_floor":[211,211,225,242,242,269,269,283,307,321,336,353,353,40,40,40,40],"floor_reached":16,"language":"ENG","playtime":1089,"items_purged":[],"score":189,"play_id":"60694d0d-a2fc-48d1-a3b9-d0706fb2583d","local_time":"20210222205420","is_ascension_mode":true,"campfire_choices":[{"floor":7,"key":"RECALL"},{"data":"beaked:ScreechingChant","floor":15,"key":"SMITH"}],"circlet_count":0,"master_deck":["AscendersBane","beaked:Strike_Y","beaked:Strike_Y","beaked:Strike_Y","beaked:Strike_Y","beaked:Strike_Y","beaked:Strike_Y","beaked:Defend_Y","beaked:Defend_Y","beaked:Defend_Y","beaked:Defend_Y","beaked:Ceremony","beaked:Ceremony","beaked:Ceremony","beaked:FeelMyPain","beaked:DigDeep","beaked:Recite","beaked:StunningBlow","beaked:DarkTribute","beaked:ScreechingChant+1","beaked:Resilience","beaked:Sacrifice","ReplayTheSpireMod:Wings of Steel","Gensokyo:RustyChest","Gensokyo:LockedMedkit","Gensokyo:BlemishedSteel","Gensokyo:Shovel","Gensokyo:ExoticEgg"],"relics":["beaked:MendingPlumage","DaveBox","HushsDoor","Transparent","LetterFromLob","TheBean","SynthV:TestCard","wanderingMiniBosses:ThiefScarf","hubris:Towel","Nunchaku","halation:Convergence","CCEMRelics:DefectiveTurbocharger","beaked:ThroatLozenge","infinitespire:Satchel"],"acts_visited":["Gensokyo:Gensokyo"],"potions_floor_usage":[4,6],"damage_taken":[{"damage":9,"enemies":"Gensokyo:2_Kodama","floor":1,"turns":1},{"damage":37,"enemies":"Gensokyo:3_Fairies","floor":3,"turns":4},{"damage":74,"enemies":"Gensokyo:Gryphon","floor":4,"turns":7},{"damage":58,"enemies":"Gensokyo:Aya","floor":6,"turns":4},{"damage":69,"enemies":"Gensokyo:Python_and_Kodama","floor":8,"turns":4},{"damage":18,"enemies":"Gensokyo:Kitsune","floor":10,"turns":2},{"damage":39,"enemies":"Gensokyo:5_Fairies","floor":11,"turns":3},{"damage":43,"enemies":"Gensokyo:2_Rabbits","floor":12,"turns":4},{"damage":93,"enemies":"Gensokyo:Yukari","floor":16,"turns":8}],"seed_played":"-7479011954359493436","potions_obtained":[{"floor":1,"key":"Strength Potion"},{"floor":4,"key":"blueLaboratory:FruitPunch"},{"floor":10,"key":"blueLaboratory:AbyssPotion"}],"is_trial":false,"path_per_floor":["M","?","M","M","?","E","R","M","T","M","M","M","M","COS","R","B"],"character_chosen":"BEAKED_THE_CULTIST","items_purchased":[],"campfire_rested":0,"item_purchase_floors":[],"current_hp_per_floor":[45,45,45,40,40,47,47,44,44,47,47,50,50,50,50,32,32],"gold":40,"neow_bonus":"HUNDRED_GOLD","is_daily":false,"chose_seed":false,"campfire_upgraded":1,"win_rate":0.0,"timestamp":1614023660,"path_taken":["M","?","?","M","?","E","R","M","T","M","?","?","M","COS","R","BOSS"],"items_purchased_type":[],"build_version":"2020-12-22","purchased_purges":0,"victory":false,"max_hp_per_floor":[45,45,45,45,45,47,47,47,47,47,47,50,50,50,50,50,50],"card_choices":[{"not_picked":[],"picked":"Bomb","floor":0},{"not_picked":["beaked:TuckingFeathers","beaked:Tradeoff"],"picked":"beaked:FeelMyPain","floor":1},{"not_picked":["beaked:Windmill","beaked:SacrificialDive","beaked:BloodForTheGods","beaked:Molting"],"picked":"beaked:Recite","floor":3},{"not_picked":["beaked:Resilience","beaked:LiftOff"],"picked":"beaked:StunningBlow","floor":4},{"not_picked":["beaked:MimicWarrior","beaked:Resilience","beaked:SurvivalInstinct","beaked:FeelMyPain"],"picked":"beaked:DarkTribute","floor":6},{"not_picked":["beaked:FeelMyPain","beaked:Evade","beaked:Resilience","beaked:CursingBlood"],"picked":"beaked:ScreechingChant","floor":8},{"not_picked":["beaked:Brace","beaked:Poke","beaked:Windmill","beaked:Foresight"],"picked":"beaked:Resilience","floor":10},{"not_picked":["beaked:Evade","beaked:StickSmack","beaked:BloodForTheGods","beaked:Replenish"],"picked":"beaked:Sacrifice","floor":11},{"not_picked":["beaked:Overpower","beaked:Redirect","beaked:SurvivalInstinct","beaked:FeelMyPain"],"picked":"ReplayTheSpireMod:Wings of Steel","floor":12}],"player_experience":1676834,"relics_obtained":[{"floor":1,"key":"SynthV:TestCard"},{"floor":1,"key":"LetterFromLob"},{"floor":4,"key":"SynthV:TestCard"},{"floor":4,"key":"wanderingMiniBosses:ThiefScarf"},{"floor":6,"key":"Nunchaku"}],"event_choices":[],"is_beta":false,"boss_relics":[],"items_purged_floors":[],"is_endless":false,"potions_floor_spawned":[1,4,10],"killed_by":"Gensokyo:Yukari","ascension_level":18}}