{"host":"5bsc0nab6whpyrbj","time":1614017126,"event":{"mods":["BaseMod","Highlight Path","Minty Spire (QoL Compilation)"],"gold_per_floor":[218,218,218,138,157,157,171,171,196,213,228,240,197,197,197,295,295,314,314,314,332,332,332,343,442,442,442,458,458,458],"floor_reached":29,"language":"ENG","playtime":863,"items_purged":[],"score":240,"play_id":"144ecb73-c473-4951-8279-668462cfec94","local_time":"20210222130526","is_ascension_mode":false,"campfire_choices":[{"data":"Genetic Algorithm","floor":6.0,"key":"SMITH"},{"floor":8.0,"key":"REST"},{"floor":15.0,"key":"REST"},{"floor":23,"key":"REST"}],"circlet_count":0,"master_deck":["Strike_B+1","Strike_B+1","Strike_B+1","Strike_B+1","Defend_B+1","Defend_B+1","Defend_B+1","Defend_B+1","Zap+1","Genetic Algorithm+1","Defragment","Biased Cognition","Gash","Ball Lightning","Loop+1","Biased Cognition","Barrage+1","Ghostly","Ghostly","Ghostly","Ghostly","Ghostly","Redo","Steam+1"],"relics":["Cracked Core","Anchor","Inserter","Turnip"],"acts_visited":["Exordium","TheCity"],"potions_floor_usage":[16,21,29,29,29],"damage_taken":[{"damage":5.0,"enemies":"2 Louse","floor":1.0,"turns":3.0},{"damage":3.0,"enemies":"Jaw Worm","floor":5.0,"turns":3.0},{"damage":6.0,"enemies":"Cultist","floor":7.0,"turns":3.0},{"damage":26.0,"enemies":"Gremlin Gang","floor":10.0,"turns":5.0},{"damage":12.0,"enemies":"3 Louse","floor":11.0,"turns":4.0},{"damage":0.0,"enemies":"Looter","floor":12.0,"turns":3.0},{"damage":29,"enemies":"The Guardian","floor":16,"turns":10},{"damage":30,"enemies":"Shell Parasite","floor":18,"turns":5},{"damage":26,"enemies":"3 Byrds","floor":21,"turns":5},{"damage":6,"enemies":"3 Cultists","floor":24,"turns":5},{"damage":13,"enemies":"Shelled Parasite and Fungi","floor":28,"turns":6},{"damage":3,"enemies":"Snake Plant","floor":29,"turns":3}],"seed_played":"-944360316011668938","potions_obtained":[{"floor":10.0,"key":"ColorlessPotion"},{"floor":11.0,"key":"BlessingOfTheForge"},{"floor":28,"key":"EntropicBrew"}],"is_trial":false,"path_per_floor":["M","?","?","$","M","R","M","R","T","M","M","M","?","?","R","B",null,"M","?","?","M","?","R","M","?","T","?","M","M"],"character_chosen":"DEFECT","items_purchased":["Defragment"],"campfire_rested":3,"item_purchase_floors":[4],"current_hp_per_floor":[70,55,55,55,52,52,46,68,68,42,30,30,30,30,52,23,75,45,37,37,11,11,22,16,16,16,16,3,0,0],"gold":458,"neow_bonus":"HUNDRED_GOLD","is_daily":false,"chose_seed":false,"campfire_upgraded":1,"win_rate":0.0,"timestamp":1614017126,"path_taken":["M","?","?","$","M","R","M","R","T","?","?","M","?","?","R","BOSS","M","?","?","?","?","R","M","?","T","?","M","M"],"items_purchased_type":["Card"],"build_version":"2020-12-22","purchased_purges":0,"victory":false,"max_hp_per_floor":[75,75,75,75,75,75,75,75,75,75,75,75,75,75,75,75,75,75,37,37,37,37,37,37,37,37,37,37,37,37],"card_choices":[{"not_picked":["Rebound","Coolheaded","Recycle"],"picked":"SKIP","floor":1.0},{"not_picked":["Turbo","Hologram"],"picked":"Biased Cognition","floor":5.0},{"not_picked":["Coolheaded","Cold Snap"],"picked":"Beam Cell","floor":7.0},{"not_picked":["Leap","Conserve Battery"],"picked":"Gash","floor":10.0},{"not_picked":["Streamline","Gash"],"picked":"Ball Lightning","floor":11.0},{"not_picked":["Genetic Algorithm","Hyperbeam"],"picked":"Loop","floor":12.0},{"not_picked":["Rainbow","Core Surge"],"picked":"Biased Cognition","floor":16},{"not_picked":["Sweeping Beam","Beam Cell"],"picked":"Barrage+1","floor":18},{"not_picked":["Turbo","Leap"],"picked":"Redo","floor":21},{"not_picked":["Sweeping Beam+1","Fusion","Scrape"],"picked":"SKIP","floor":24},{"not_picked":["Hologram+1","Undo"],"picked":"Steam+1","floor":28}],"player_experience":96421,"relics_obtained":[{"floor":9.0,"key":"Anchor"},{"floor":26,"key":"Turnip"}],"event_choices":[{"damage_healed":0.0,"max_hp_gain":0.0,"max_hp_loss":0.0,"gold_gain":0.0,"event_name":"Shining Light","player_choice":"Entered Light","floor":2.0,"gold_loss":0.0,"damage_taken":15.0,"cards_upgraded":["Defend_B","Zap"]},{"damage_healed":0.0,"max_hp_gain":0.0,"max_hp_loss":0.0,"gold_gain":0.0,"cards_transformed":["Dualcast"],"event_name":"Transmorgrifier","player_choice":"Transformed","floor":3.0,"gold_loss":0.0,"damage_taken":0.0,"cards_obtained":["Genetic Algorithm"]},{"damage_healed":0.0,"max_hp_gain":0.0,"max_hp_loss":0.0,"gold_gain":0.0,"event_name":"World of Goop","player_choice":"Left Gold","floor":13.0,"gold_loss":43.0,"damage_taken":0.0},{"damage_healed":0.0,"max_hp_gain":0.0,"max_hp_loss":0.0,"gold_gain":0.0,"event_name":"Living Wall","player_choice":"Grow","floor":14.0,"gold_loss":0.0,"damage_taken":0.0,"cards_upgraded":["Loop"]},{"damage_healed":0,"gold_gain":0,"player_choice":"Became a Ghost","damage_taken":0,"max_hp_gain":0,"max_hp_loss":38,"event_name":"Ghosts","floor":19,"gold_loss":0,"cards_obtained":["Ghostly","Ghostly","Ghostly","Ghostly","Ghostly"]},{"cards_removed":["Beam Cell"],"damage_healed":0,"gold_gain":0,"player_choice":"Purged","damage_taken":0,"max_hp_gain":0,"max_hp_loss":0,"event_name":"Purifier","floor":20,"gold_loss":0},{"damage_healed":0,"gold_gain":0,"player_choice":"Simplicity","damage_taken":0,"max_hp_gain":0,"max_hp_loss":0,"event_name":"Back to Basics","floor":22,"gold_loss":0,"cards_upgraded":["Strike_B","Strike_B","Strike_B","Strike_B","Defend_B","Defend_B","Defend_B"]},{"damage_healed":0,"gold_gain":99,"player_choice":"Stole From Cult","damage_taken":0,"max_hp_gain":0,"max_hp_loss":0,"event_name":"Nest","floor":25,"gold_loss":0},{"damage_healed":0,"gold_gain":0,"player_choice":"Ignored","damage_taken":0,"max_hp_gain":0,"max_hp_loss":0,"event_name":"Cursed Tome","floor":27,"gold_loss":0}],"is_beta":false,"boss_relics":[{"not_picked":["Sozu","SlaversCollar"],"picked":"Inserter"}],"items_purged_floors":[],"is_endless":false,"potions_floor_spawned":[10,11,28],"killed_by":"Snake Plant","ascension_level":0}}