{"host":"Tom","time":1614002663,"event":{"mods":["BaseMod","Downfall","Hermit","Jorbs\u0027s Wanderer Trilogy","Minty Spire (QoL Compilation)","Replay The Spire","Shop Mod","StSLib","The Animator","The Cursed","The Hierophant"],"gold_per_floor":[129,140,140,160,186,215,228,257,257,292,292,193,193,267,267,267,267],"floor_reached":16,"language":"ENG","playtime":1583,"items_purged":[],"score":112,"play_id":"17ff6659-8a1c-49c4-9bbd-a188822cb129","local_time":"20210222230423","is_ascension_mode":false,"campfire_choices":[{"floor":11,"key":"REST"},{"floor":15,"key":"REST"}],"circlet_count":0,"master_deck":["animator:Strike_Konosuba","animator:Defend_Konosuba","animator:Kazuma","animator:Aqua","animator:Assassin","animator:ElricAlphonse","animator:DolaRiku","animator:Mitsurugi","animator:SakuraMatou","animator:RoyMustang","animator:Saber+1","animator:Berserker","animator:Strike_TenSura","animator:Strike_Katanagatari","animator:Strike_FullmetalAlchemist","animator:Defend_GoblinSlayer","animator:Defend_TenSura","animator:Defend_GATE"],"relics":["animator:LivingPicture","animator:TheMissingPiece","NeowsBlessing","Replay:Rubber Ducky","Replay:Bottled Flurry","Potion Belt"],"acts_visited":["Exordium"],"potions_floor_usage":[6,8,10,10,10],"damage_taken":[{"damage":0,"enemies":"Small Slimes","floor":1,"turns":1},{"damage":0,"enemies":"Cultist","floor":2,"turns":1},{"damage":0,"enemies":"Jaw Worm","floor":4,"turns":1},{"damage":13,"enemies":"Blue Slaver","floor":5,"turns":5},{"damage":73,"enemies":"Gremlin Nob","floor":6,"turns":6},{"damage":7,"enemies":"2 Fungi Beasts","floor":7,"turns":3},{"damage":6,"enemies":"Exordium Wildlife","floor":8,"turns":2},{"damage":12,"enemies":"3 Sentries","floor":10,"turns":5},{"damage":47,"enemies":"Slime Boss","floor":16,"turns":9}],"seed_played":"8431350406469336368","potions_obtained":[{"floor":1,"key":"FairyPotion"},{"floor":5,"key":"SteroidPotion"},{"floor":7,"key":"EntropicBrew"}],"is_trial":false,"path_per_floor":["M","M","?","M","M","E","M","M","T","E","R","?","?","?","R","B"],"character_chosen":"THE_ANIMATOR","items_purchased":[],"campfire_rested":2,"item_purchase_floors":[],"current_hp_per_floor":[66,66,66,66,55,20,15,11,11,2,22,22,22,22,42,0,0],"gold":267,"neow_bonus":"THREE_ENEMY_KILL","is_daily":false,"chose_seed":false,"campfire_upgraded":0,"win_rate":0.0,"timestamp":1614002663,"path_taken":["M","M","?","?","M","E","M","M","T","E","R","?","?","?","R","BOSS"],"items_purchased_type":[],"build_version":"2020-12-18","purchased_purges":0,"victory":false,"max_hp_per_floor":[66,66,66,66,66,67,67,67,67,68,68,68,68,68,68,68,68],"card_choices":[{"not_picked":["animator:SuzuneAmano","animator:YachiyoNanami"],"picked":"animator:Assassin","floor":1},{"not_picked":["animator:Gluttony","animator:Ain"],"picked":"animator:ElricAlphonse","floor":2},{"not_picked":["animator:OrikoMikuni","animator:ChlammyZell"],"picked":"animator:DolaRiku","floor":4},{"not_picked":["animator:Vanir","animator:Verdia"],"picked":"animator:Mitsurugi","floor":5},{"not_picked":["animator:OrikoMikuni","animator:Ain"],"picked":"animator:SakuraMatou","floor":6},{"not_picked":["animator:ElricEdward","animator:Ciel"],"picked":"animator:RoyMustang","floor":7},{"not_picked":["animator:DolaStephanie","animator:IrohaTamaki"],"picked":"animator:Saber","floor":8},{"not_picked":["animator:ShinjiMatou","animator:Assassin"],"picked":"animator:Berserker","floor":10}],"player_experience":272084,"relics_obtained":[{"floor":6,"key":"Replay:Rubber Ducky"},{"floor":9,"key":"Replay:Bottled Flurry"},{"floor":10,"key":"Potion Belt"}],"event_choices":[{"damage_healed":0,"gold_gain":0,"player_choice":"Ignored","damage_taken":0,"max_hp_gain":0,"max_hp_loss":0,"event_name":"Purifier","floor":3,"gold_loss":0},{"damage_healed":0,"gold_gain":74,"player_choice":"Gained Gold","damage_taken":0,"max_hp_gain":0,"max_hp_loss":0,"event_name":"Golden Wing","floor":14,"gold_loss":0}],"is_beta":true,"boss_relics":[],"items_purged_floors":[],"is_endless":false,"potions_floor_spawned":[1,5,7],"killed_by":"Slime Boss","ascension_level":0}}