{"host":"sav7uxregyirlf69","time":1614021157,"event":{"mods":["AchievementEnabler","BaseMod","Colored Map","DeckTracker","Keyboard Shortcuts","Minty Spire (QoL Compilation)","READ ME - Guardian Mod","StSLib","SuperFastMode"],"gold_per_floor":[109,184,184,195,9,9,29,48,48,83,103,122,140,140,140,140,140],"floor_reached":16,"language":"KOR","playtime":250,"items_purged":[],"score":208,"play_id":"78f37685-02e0-423b-9647-69b1e77c4de8","local_time":"20210223041237","is_ascension_mode":true,"campfire_choices":[{"data":"True Grit","floor":6,"key":"SMITH"},{"data":"Immolate","floor":15,"key":"SMITH"}],"circlet_count":0,"master_deck":["AscendersBane","Strike_R","Strike_R","Strike_R","Strike_R","Strike_R","Defend_R","Defend_R","Defend_R","Defend_R","Bash","Parasite","Immolate+1","Shrug It Off","True Grit+1","Burning Pact","Blood for Blood"],"relics":["Burning Blood","Membership Card","Paper Frog","Singing Bowl","Strawberry"],"acts_visited":["Exordium"],"potions_floor_usage":[10,12,16],"damage_taken":[{"damage":7,"enemies":"Jaw Worm","floor":1,"turns":3},{"damage":0,"enemies":"2 Louse","floor":4,"turns":1},{"damage":11,"enemies":"Cultist","floor":7,"turns":4},{"damage":28,"enemies":"Large Slime","floor":8,"turns":7},{"damage":37,"enemies":"Lagavulin","floor":10,"turns":9},{"damage":3,"enemies":"Blue Slaver","floor":11,"turns":7},{"damage":0,"enemies":"3 Louse","floor":12,"turns":1},{"damage":5,"enemies":"Large Slime","floor":13,"turns":5},{"damage":32,"enemies":"Slime Boss","floor":16,"turns":4}],"seed_played":"-5720999431600044499","potions_obtained":[{"floor":1,"key":"Weak Potion"},{"floor":7,"key":"GamblersBrew"},{"floor":11,"key":"GamblersBrew"},{"floor":12,"key":"Dexterity Potion"}],"is_trial":false,"path_per_floor":["M","?","?","M","$","R","M","M","T","E","M","M","M","?","R","B"],"character_chosen":"IRONCLAD","items_purchased":["Membership Card","True Grit"],"campfire_rested":0,"item_purchase_floors":[5,5],"current_hp_per_floor":[67,56,61,67,67,67,62,40,40,9,14,22,25,32,32,0,0],"gold":140,"neow_bonus":"THREE_RARE_CARDS","is_daily":false,"chose_seed":false,"campfire_upgraded":2,"win_rate":0.0,"timestamp":1614021157,"path_taken":["M","?","?","M","$","R","M","M","T","E","M","M","M","?","R","BOSS"],"items_purchased_type":["Relic","Card"],"build_version":"2020-12-22","purchased_purges":0,"victory":false,"max_hp_per_floor":[75,75,80,80,80,80,80,80,80,80,82,84,86,93,93,93,93],"card_choices":[{"not_picked":["Double Tap","Juggernaut"],"picked":"Immolate","floor":0},{"not_picked":["Havoc","Heavy Blade"],"picked":"Shrug It Off","floor":1},{"not_picked":["Twin Strike","Rage","Pommel Strike"],"picked":"SKIP","floor":4},{"not_picked":["Shrug It Off","Metallicize"],"picked":"Burning Pact","floor":7},{"not_picked":["Sword Boomerang","Intimidate","Cleave"],"picked":"SKIP","floor":8},{"not_picked":["Burning Pact","Impervious"],"picked":"Blood for Blood","floor":10},{"not_picked":["Entrench","Heavy Blade","Uppercut"],"picked":"Singing Bowl","floor":11},{"not_picked":["Body Slam","Spot Weakness","Twin Strike"],"picked":"Singing Bowl","floor":12},{"not_picked":["Dropkick","Thunderclap","Clash"],"picked":"Singing Bowl","floor":13}],"player_experience":1659077,"relics_obtained":[{"floor":9,"key":"Paper Frog"},{"floor":10,"key":"Singing Bowl"}],"event_choices":[{"damage_healed":0,"gold_gain":75,"player_choice":"Gather Gold","damage_taken":11,"max_hp_gain":0,"max_hp_loss":0,"event_name":"World of Goop","floor":2,"gold_loss":0},{"damage_healed":0,"gold_gain":0,"player_choice":"Donut","damage_taken":0,"max_hp_gain":5,"max_hp_loss":0,"event_name":"Big Fish","floor":3,"gold_loss":0},{"damage_healed":0,"gold_gain":0,"player_choice":"Gave Potion","damage_taken":0,"relics_obtained":["Strawberry"],"max_hp_gain":0,"max_hp_loss":0,"event_name":"WeMeetAgain","floor":14,"gold_loss":0}],"is_beta":false,"boss_relics":[],"items_purged_floors":[],"is_endless":false,"potions_floor_spawned":[1,7,11,12],"killed_by":"Slime Boss","ascension_level":20}}