{"host":"vl1k6yl86fnmnemm","time":1614004145,"event":{"mods":["BaseMod","Better Third Choice","Colored Map","Infinite Spire","Minty Spire (QoL Compilation)","StSLib"],"gold_per_floor":[110,110,110,130,55,55,388,408,408,60,87,87,120,134,134,237,237,249,269,369,269,285,285,320,31,31,47,47,64,99,114,114,210,210,226,239,250,171,181,207,207,207,207,232,232,85,96,113,113,214,214,222,72,77,77,77,76,76,83,159,159,13,23,23,35,35,106,106,106,106,106,106,31,31,46,46,120,129,79,79,79,89,89,166,166,166,174,193,193,195,195,179,183,195,6,34,22,22,21,21,109,109,116,125,146,146,148,169,169,169,169,169,119,135,162,168,168,264,264,265,265,315,325,325,349,349,145,145,163,163,174,180,191,191,280,280,290,292,292,312,312,312,312,317,317,330,344,342,342,343,343,410,410,410,211,230,269],"floor_reached":158,"language":"ENG","playtime":7241,"items_purged":["Defend_G","Poisoned Stab","Strike_G","Shame","Decay","Writhe","Doubt","Glass Knife","Parasite"],"score":4418,"play_id":"c9530d53-3057-4879-b104-d2db97009408","local_time":"20210222152905","is_ascension_mode":false,"campfire_choices":[{"data":"Sucker Punch","floor":6,"key":"SMITH"},{"floor":15,"key":"REST"},{"floor":23,"key":"REST"},{"floor":32,"key":"REST"},{"floor":41,"key":"REST"},{"data":"Catalyst","floor":49,"key":"SMITH"},{"floor":61,"key":"REST"},{"floor":64,"key":"REST"},{"data":"Adrenaline","floor":66,"key":"SMITH"},{"data":"infinitespire:Neurotoxin","floor":74,"key":"SMITH"},{"data":"Burst","floor":76,"key":"SMITH"},{"data":"Adrenaline","floor":80,"key":"SMITH"},{"floor":83,"key":"REST"},{"data":"infinitespire:FutureSight","floor":100,"key":"SMITH"},{"data":"Corpse Explosion","floor":110,"key":"SMITH"},{"data":"Crippling Poison","floor":112,"key":"SMITH"},{"data":"infinitespire:NeuralNetwork","floor":117,"key":"SMITH"},{"data":"Burst","floor":134,"key":"SMITH"},{"data":"Prepared","floor":143,"key":"SMITH"},{"data":"infinitespire:DeathsTouch","floor":149,"key":"SMITH"},{"data":"Madness","floor":151,"key":"SMITH"},{"data":"Deadly Poison","floor":154,"key":"SMITH"}],"circlet_count":0,"master_deck":["Survivor","Neutralize+1","Sucker Punch+1","Deadly Poison+1","Bouncing Flask","Crippling Poison+1","Deflect+1","Noxious Fumes+1","Burst+1","Blur+1","Backflip+1","Backflip+1","Catalyst+1","Catalyst+1","Adrenaline+1","infinitespire:NeuralNetwork+1","infinitespire:SealOfDarkness+","infinitespire:DeathsTouch+1","infinitespire:Neurotoxin+1","Prepared+1","Deadly Poison+1","Poisoned Stab+1","Catalyst+1","Adrenaline+1","infinitespire:FutureSight+1","Catalyst+1","Corpse Explosion+1","CurseOfTheBell","infinitespire:Collect+1","infinitespire:SealOfDarkness+","Adrenaline+1","Burst+1","Madness+1","Madness","Decay","Catalyst+1"],"relics":["Ring of the Snake","Letter Opener","Old Coin","StoneCalendar","The Specimen","Mercury Hourglass","infinitespire:BottledMercury","WingedGreaves","infinitespire:Cupcake","Nunchaku","TungstenRod","infinitespire:EmpoweringShard","Cursed Key","Mummified Hand","infinitespire:WardingShard","infinitespire:ShieldingShard","HoveringKite","Ginger","TwistedFunnel","Black Star","Dream Catcher","Du-Vu Doll","infinitespire:Bottled Soul","infinitespire:Lucky Rock","infinitespire:FocusingShard","InkBottle","Pandora\u0027s Box","Smiling Mask","White Beast Statue","Bottled Lightning","infinitespire:Eraser","Pocketwatch","Calling Bell","Regal Pillow","Molten Egg 2","infinitespire:Magic Flask","CaptainsWheel","Oddly Smooth Stone","MawBank","Pen Nib","DollysMirror","Incense Burner","infinitespire:Midas Blood","Philosopher\u0027s Stone","Odd Mushroom","Bag of Marbles","Pear","Question Card","Bottled Tornado","War Paint","SlaversCollar","Gambling Chip","Strawberry","MutagenicStrength","ClockworkSouvenir","Ancient Tea Set","infinitespire:Joker Card","Juzu Bracelet","Busted Crown","infinitespire:Golems Mask","infinitespire:Satchel","Lizard Tail","Blood Vial","Sozu","Snake Skull","Mango","Shuriken"],"acts_visited":["Exordium","TheCity","TheBeyond","Exordium","TheCity","TheBeyond","Exordium","TheCity","TheBeyond","TheEnding"],"potions_floor_usage":[8,11,16,30,40,50,57,67,96,101],"damage_taken":[{"damage":0,"enemies":"2 Louse","floor":1,"turns":3},{"damage":0,"enemies":"Jaw Worm","floor":4,"turns":5},{"damage":10,"enemies":"Lagavulin","floor":7,"turns":8},{"damage":0,"enemies":"Cultist","floor":8,"turns":4},{"damage":11,"enemies":"Gremlin Nob","floor":11,"turns":4},{"damage":8,"enemies":"Lagavulin","floor":13,"turns":5},{"damage":4,"enemies":"Blue Slaver","floor":14,"turns":4},{"damage":8,"enemies":"Slime Boss","floor":16,"turns":6},{"damage":0,"enemies":"Chosen","floor":18,"turns":4},{"damage":8,"enemies":"Shell Parasite","floor":19,"turns":4},{"damage":16,"enemies":"Sentry and Sphere","floor":22,"turns":4},{"damage":22,"enemies":"Gremlin Leader","floor":24,"turns":5},{"damage":3,"enemies":"Centurion and Healer","floor":27,"turns":5},{"damage":10,"enemies":"Shelled Parasite and Fungi","floor":29,"turns":5},{"damage":15,"enemies":"Slavers","floor":30,"turns":4},{"damage":0,"enemies":"Cultist and Chosen","floor":31,"turns":4},{"damage":8,"enemies":"Automaton","floor":33,"turns":8},{"damage":0,"enemies":"3 Shapes","floor":35,"turns":3},{"damage":0,"enemies":"3 Darklings","floor":36,"turns":4},{"damage":27,"enemies":"Maw","floor":37,"turns":7},{"damage":0,"enemies":"4 Shapes","floor":39,"turns":3},{"damage":28,"enemies":"Nemesis","floor":40,"turns":7},{"damage":1,"enemies":"Nightmare","floor":44,"turns":5},{"damage":0,"enemies":"3 Darklings","floor":47,"turns":3},{"damage":0,"enemies":"Transient","floor":48,"turns":5},{"damage":7,"enemies":"Donu and Deca","floor":50,"turns":7},{"damage":0,"enemies":"Small Slimes","floor":52,"turns":2},{"damage":0,"enemies":"Jaw Worm","floor":54,"turns":2},{"damage":52,"enemies":"Nightmare_Alpha","floor":57,"turns":5},{"damage":0,"enemies":"Cultist","floor":59,"turns":3},{"damage":0,"enemies":"Large Slime","floor":63,"turns":2},{"damage":13,"enemies":"3 Sentries","floor":65,"turns":4},{"damage":3,"enemies":"The Guardian","floor":67,"turns":6},{"damage":5,"enemies":"Shell Parasite","floor":69,"turns":2},{"damage":0,"enemies":"Gremlin Leader","floor":75,"turns":3},{"damage":0,"enemies":"Book of Stabbing","floor":78,"turns":2},{"damage":0,"enemies":"Spheric Guardian","floor":82,"turns":2},{"damage":0,"enemies":"Collector","floor":84,"turns":3},{"damage":0,"enemies":"3 Shapes","floor":86,"turns":3},{"damage":0,"enemies":"Orb Walker","floor":87,"turns":1},{"damage":12,"enemies":"2 Orb Walkers","floor":88,"turns":3},{"damage":0,"enemies":"Jaw Worm Horde","floor":90,"turns":2},{"damage":0,"enemies":"Transient","floor":92,"turns":3},{"damage":0,"enemies":"Nightmare_Alpha","floor":93,"turns":2},{"damage":11,"enemies":"Nemesis","floor":96,"turns":3},{"damage":0,"enemies":"Maw","floor":97,"turns":3},{"damage":0,"enemies":"Spire Growth","floor":99,"turns":3},{"damage":14,"enemies":"Donu and Deca","floor":101,"turns":2},{"damage":0,"enemies":"Small Slimes","floor":103,"turns":1},{"damage":0,"enemies":"Jaw Worm","floor":104,"turns":1},{"damage":10,"enemies":"The Mushroom Lair","floor":105,"turns":3},{"damage":0,"enemies":"3 Sentries","floor":108,"turns":2},{"damage":0,"enemies":"Cultist","floor":114,"turns":1},{"damage":0,"enemies":"Nightmare","floor":115,"turns":1},{"damage":0,"enemies":"Large Slime","floor":116,"turns":1},{"damage":0,"enemies":"Hexaghost","floor":118,"turns":2},{"damage":0,"enemies":"3 Byrds","floor":120,"turns":2},{"damage":3,"enemies":"Chosen","floor":123,"turns":2},{"damage":0,"enemies":"Slavers","floor":125,"turns":1},{"damage":0,"enemies":"Book of Stabbing","floor":129,"turns":1},{"damage":0,"enemies":"Shelled Parasite and Fungi","floor":130,"turns":2},{"damage":0,"enemies":"Centurion and Healer","floor":131,"turns":2},{"damage":0,"enemies":"Cultist and Chosen","floor":132,"turns":1},{"damage":0,"enemies":"Chosen and Byrds","floor":133,"turns":2},{"damage":0,"enemies":"Automaton","floor":135,"turns":1},{"damage":2,"enemies":"3 Darklings","floor":137,"turns":2},{"damage":0,"enemies":"Mind Bloom Boss Battle","floor":140,"turns":2},{"damage":0,"enemies":"Nightmare_Alpha","floor":142,"turns":2},{"damage":0,"enemies":"3 Shapes","floor":144,"turns":1},{"damage":0,"enemies":"3 Darklings","floor":146,"turns":1},{"damage":0,"enemies":"Spire Growth","floor":147,"turns":1},{"damage":0,"enemies":"Transient","floor":148,"turns":2},{"damage":0,"enemies":"Sphere and 2 Shapes","floor":150,"turns":1},{"damage":0,"enemies":"infinitespire:LordOfFortification","floor":152,"turns":3},{"damage":0,"enemies":"Shield and Spear","floor":156,"turns":2},{"damage":35,"enemies":"The Heart","floor":157,"turns":5}],"seed_played":"-7196283303222610265","potions_obtained":[{"floor":1,"key":"SteroidPotion"},{"floor":4,"key":"Fruit Juice"},{"floor":7,"key":"BlessingOfTheForge"},{"floor":8,"key":"CunningPotion"},{"floor":19,"key":"Fire Potion"},{"floor":24,"key":"DistilledChaos"},{"floor":33,"key":"SpeedPotion"},{"floor":40,"key":"Ancient Potion"},{"floor":50,"key":"BlessingOfTheForge"},{"floor":57,"key":"Fruit Juice"},{"floor":59,"key":"Regen Potion"},{"floor":69,"key":"GamblersBrew"},{"floor":84,"key":"Block Potion"},{"floor":87,"key":"DuplicationPotion"},{"floor":96,"key":"Energy Potion"},{"floor":99,"key":"Poison Potion"},{"floor":101,"key":"SteroidPotion"},{"floor":123,"key":"DuplicationPotion"}],"is_trial":false,"path_per_floor":["M","?","T","M","$","R","E","M","T","$","E","T","E","M","R","B",null,"M","M","?","$","M","R","E","$","T","M","?","M","E","M","R","B",null,"M","M","M","$","M","E","R","?","T","NM","AVR","$","M","M","R","B",null,"M","$","M","AVR","?","NM","?","M","T","R","$","M","R","E","R","B",null,"M","?","?","$","?","R","E","R","T","E","$","R","?","M","R","B",null,"M","M","?","AVR","M","?","M","NM","T","$","E","M","$","M","R","B",null,"M","M","?","?","?","E","?","R","T","R","$","M","NM","M","R","B",null,"M","?","?","M","?","E","?","$","T","E","M","M","M","M","R","B",null,"M","?","?","?","?","NM","R","M","T","M","M","M","R","M","R","B",null,"R","$","E","B",null],"character_chosen":"THE_SILENT","items_purchased":["Poisoned Stab","The Specimen","Burst","Catalyst","TwistedFunnel","infinitespire:Lucky Rock","DollysMirror","ClockworkSouvenir","Snake Skull"],"campfire_rested":7,"item_purchase_floors":[10,10,25,38,46,62,95,127,155],"current_hp_per_floor":[70,70,70,70,70,70,60,65,65,65,54,54,46,42,64,56,75,75,67,67,67,51,73,51,51,51,48,48,38,23,23,45,37,75,75,75,48,48,48,20,42,42,42,41,41,41,41,41,41,34,75,75,75,75,75,75,28,28,28,28,52,52,52,76,63,63,72,80,75,75,75,75,75,75,75,75,75,75,75,75,55,55,79,79,80,80,80,68,68,68,80,80,80,80,80,69,69,69,69,69,55,80,80,80,70,70,64,74,74,74,74,74,74,74,74,74,74,74,90,90,90,90,87,87,94,94,94,94,94,94,94,94,94,94,94,97,95,84,84,84,84,84,84,84,84,86,88,90,90,92,92,94,97,97,94,108,73],"gold":269,"neow_bonus":"UPGRADE_CARD","is_daily":false,"chose_seed":false,"campfire_upgraded":15,"win_rate":0.0,"timestamp":1614004145,"path_taken":["M","?","?","M","$","R","E","M","T","$","E","?","E","M","R","BOSS","M","M","?","$","M","R","E","$","T","?","?","M","E","M","R","BOSS","M","M","M","$","M","E","R","?","T","NM","AVR","$","M","M","R","BOSS","M","$","M","AVR","?","NM","?","M","T","R","$","M","R","E","R","BOSS","M","?","?","$","?","R","E","R","T","E","$","R","?","M","R","BOSS","M","M","?","AVR","M","?","M","NM","T","$","E","?","?","M","R","BOSS","M","M","?","?","?","E","?","R","T","R","$","M","NM","?","R","BOSS","M","?","?","?","?","E","?","$","T","E","M","M","M","M","R","BOSS","M","?","?","?","?","NM","R","M","T","M","M","M","R","M","R","BOSS","R","$","E","BOSS"],"items_purchased_type":["Card","Relic","Card","Card","Relic","Relic","Relic","Relic","Relic"],"build_version":"2020-12-22","purchased_purges":9,"victory":true,"max_hp_per_floor":[70,70,70,70,70,70,70,75,75,75,75,75,75,75,75,75,75,75,75,75,75,75,75,75,75,75,75,75,75,75,75,75,75,75,75,75,75,75,75,75,75,75,75,75,75,75,75,75,75,75,75,75,75,75,75,75,80,80,80,80,80,80,80,80,80,80,80,80,80,80,80,80,80,80,80,80,80,80,80,80,80,80,80,80,80,80,80,80,80,80,80,80,80,80,80,80,80,80,80,80,80,80,80,80,80,80,80,90,90,90,90,90,90,90,90,90,90,90,90,90,90,90,90,90,97,97,97,97,97,97,97,97,97,97,97,97,97,97,97,97,97,97,97,97,97,97,97,97,97,97,97,97,97,97,94,108,108],"card_choices":[{"not_picked":["Dagger Spray","Riddle With Holes"],"picked":"Sucker Punch","floor":1},{"not_picked":["Dagger Throw","Footwork"],"picked":"Deadly Poison","floor":4},{"not_picked":["Bane","Night Terror"],"picked":"Noxious Fumes","floor":7},{"not_picked":["Underhanded Strike","Sucker Punch"],"picked":"Bouncing Flask","floor":8},{"not_picked":["Underhanded Strike","Sucker Punch","Tools of the Trade"],"picked":"SKIP","floor":11},{"not_picked":["All Out Attack","Storm of Steel","Distraction"],"picked":"SKIP","floor":13},{"not_picked":["Underhanded Strike","Predator"],"picked":"Crippling Poison","floor":14},{"not_picked":["Dodge and Roll","Tactician","Backstab"],"picked":"SKIP","floor":18},{"not_picked":["Blur","PiercingWail"],"picked":"Deflect+1","floor":19},{"not_picked":["Backflip","Heel Hook"],"picked":"Noxious Fumes+1","floor":22},{"not_picked":["Flechettes","Prepared","Finisher"],"picked":"SKIP","floor":24},{"not_picked":["Leg Sweep","Underhanded Strike","Blur"],"picked":"SKIP","floor":27},{"not_picked":["Choke","Slice","Dagger Spray"],"picked":"SKIP","floor":29},{"not_picked":["Malaise","Eviscerate"],"picked":"Blur+1","floor":30},{"not_picked":["Outmaneuver+1","Dagger Throw"],"picked":"Backflip+1","floor":31},{"not_picked":["Tactician+1","Quick Slash","Dodge and Roll+1"],"picked":"SKIP","floor":35},{"not_picked":["Crippling Poison","Flechettes","Dodge and Roll+1"],"picked":"SKIP","floor":36},{"not_picked":["Storm of Steel","Cloak And Dagger"],"picked":"Backflip+1","floor":37},{"not_picked":["Backflip","Finisher"],"picked":"Catalyst","floor":39},{"not_picked":["Dagger Spray","Caltrops+1"],"picked":"Adrenaline","floor":40},{"not_picked":["Dodge and Roll+1","All Out Attack","Underhanded Strike"],"picked":"SKIP","floor":44},{"not_picked":["Deadly Poison","Tactician+1","Bane"],"picked":"SKIP","floor":47},{"not_picked":["Acrobatics+1","Deflect+1","Blade Dance+1"],"picked":"SKIP","floor":48},{"not_picked":["Underhanded Strike","Expertise","Quick Slash"],"picked":"SKIP","floor":52},{"not_picked":["Underhanded Strike","Deadly Poison","Backflip"],"picked":"SKIP","floor":54},{"not_picked":["infinitespire:Execution","infinitespire:NeuralNetwork"],"picked":"infinitespire:DeathsTouch","floor":57},{"not_picked":["Cloak And Dagger","PiercingWail","Well Laid Plans"],"picked":"SKIP","floor":57},{"not_picked":["Dash","Dagger Spray","Dagger Throw"],"picked":"SKIP","floor":59},{"not_picked":["Distraction","Bane","Blur"],"picked":"SKIP","floor":63},{"not_picked":["Escape Plan","Bane","Bullet Time"],"picked":"SKIP","floor":65},{"not_picked":["Venomology","Night Terror"],"picked":"infinitespire:Neurotoxin","floor":67},{"not_picked":["Endless Agony+1","Underhanded Strike"],"picked":"Poisoned Stab+1","floor":69},{"not_picked":["Predator","Caltrops"],"picked":"Catalyst+1","floor":75},{"not_picked":["Poisoned Stab","Calculated Gamble"],"picked":"Adrenaline","floor":78},{"not_picked":["infinitespire:FinalStrike","infinitespire:NeuralNetwork"],"picked":"infinitespire:FutureSight","floor":81},{"not_picked":["Outmaneuver+1","Blade Dance"],"picked":"Catalyst+1","floor":82},{"not_picked":["Phantasmal Killer","Night Terror"],"picked":"Corpse Explosion","floor":84},{"not_picked":["Deadly Poison","Terror","Backflip+1"],"picked":"SKIP","floor":86},{"not_picked":["Deadly Poison+1","Predator+1","Doppelganger"],"picked":"SKIP","floor":87},{"not_picked":["infinitespire:NeuralNetwork","infinitespire:FinalStrike"],"picked":"infinitespire:Collect","floor":88},{"not_picked":["Heel Hook+1","Dash+1","Escape Plan"],"picked":"SKIP","floor":90},{"not_picked":["Outmaneuver+1","Distraction","Prepared+1"],"picked":"SKIP","floor":92},{"not_picked":["Storm of Steel","Bane+1","Slice+1"],"picked":"SKIP","floor":93},{"not_picked":["Bane+1","Sucker Punch+1","Underhanded Strike+1"],"picked":"SKIP","floor":96},{"not_picked":["Riddle With Holes+1","Poisoned Stab+1","Flying Knee+1"],"picked":"SKIP","floor":97},{"not_picked":["Backflip+1","Escape Plan","Endless Agony+1"],"picked":"SKIP","floor":99},{"not_picked":["Backflip","Flechettes+1","All Out Attack+1"],"picked":"SKIP","floor":103},{"not_picked":["Deflect","Blur","Outmaneuver"],"picked":"SKIP","floor":104},{"not_picked":["After Image","Noxious Fumes","Backstab+1"],"picked":"SKIP","floor":108},{"not_picked":["Outmaneuver","Flechettes+1","Bouncing Flask","Eviscerate+1"],"picked":"SKIP","floor":114},{"not_picked":["Die Die Die+1","Bouncing Flask","Poisoned Stab+1","Dagger Throw+1"],"picked":"SKIP","floor":115},{"not_picked":["Predator+1","Skewer+1","Calculated Gamble","Caltrops"],"picked":"SKIP","floor":116},{"not_picked":["Corpse Explosion","infinitespire:Neurotoxin","Die Die Die+1"],"picked":"Burst","floor":118},{"not_picked":["Bane+1","Slice+1","Blade Dance+1","Quick Slash+1"],"picked":"SKIP","floor":120},{"not_picked":["Predator+1","Reflex+1","Cloak And Dagger","Infinite Blades"],"picked":"SKIP","floor":123},{"not_picked":["Skewer+1","Outmaneuver+1","Prepared","Backflip"],"picked":"SKIP","floor":125},{"not_picked":["Poisoned Stab+1","Prepared","Backflip","Quick Slash+1"],"picked":"SKIP","floor":129},{"not_picked":["Dodge and Roll","Quick Slash+1","infinitespire:Neurotoxin","Blade Dance"],"picked":"SKIP","floor":130},{"not_picked":["Poisoned Stab+1","Prepared","Flying Knee+1","Deflect"],"picked":"SKIP","floor":131},{"not_picked":["Heel Hook+1","Slice+1","Prepared","Deflect"],"picked":"SKIP","floor":132},{"not_picked":["PiercingWail","Catalyst","Cloak And Dagger","Riddle With Holes+1"],"picked":"SKIP","floor":133},{"not_picked":["Caltrops+1","Slice+1"],"picked":"SKIP","floor":137},{"not_picked":["Quick Slash+1","Doppelganger"],"picked":"SKIP","floor":142},{"not_picked":["Dodge and Roll+1","Deadly Poison"],"picked":"SKIP","floor":144},{"not_picked":["Flying Knee+1"],"picked":"Catalyst+1","floor":146},{"not_picked":["Quick Slash+1","Reflex"],"picked":"SKIP","floor":147},{"not_picked":["Riddle With Holes+1","Dash+1"],"picked":"SKIP","floor":148},{"not_picked":["Dodge and Roll+1","Flechettes+1"],"picked":"SKIP","floor":150},{"not_picked":["Blade Dance+1","Blur+1"],"picked":"SKIP","floor":156}],"player_experience":51250,"relics_obtained":[{"floor":3,"key":"Letter Opener"},{"floor":7,"key":"Old Coin"},{"floor":9,"key":"StoneCalendar"},{"floor":11,"key":"Mercury Hourglass"},{"floor":12,"key":"infinitespire:BottledMercury"},{"floor":13,"key":"WingedGreaves"},{"floor":24,"key":"Nunchaku"},{"floor":26,"key":"TungstenRod"},{"floor":30,"key":"infinitespire:EmpoweringShard"},{"floor":40,"key":"Mummified Hand"},{"floor":43,"key":"infinitespire:WardingShard"},{"floor":44,"key":"infinitespire:ShieldingShard"},{"floor":57,"key":"Dream Catcher"},{"floor":57,"key":"Du-Vu Doll"},{"floor":60,"key":"infinitespire:Bottled Soul"},{"floor":65,"key":"infinitespire:FocusingShard"},{"floor":65,"key":"InkBottle"},{"floor":75,"key":"Smiling Mask"},{"floor":75,"key":"White Beast Statue"},{"floor":77,"key":"Bottled Lightning"},{"floor":78,"key":"infinitespire:Eraser"},{"floor":78,"key":"Pocketwatch"},{"floor":85,"key":"Regal Pillow"},{"floor":85,"key":"Molten Egg 2"},{"floor":85,"key":"infinitespire:Magic Flask"},{"floor":88,"key":"CaptainsWheel"},{"floor":93,"key":"Oddly Smooth Stone"},{"floor":93,"key":"MawBank"},{"floor":94,"key":"Pen Nib"},{"floor":96,"key":"Incense Burner"},{"floor":96,"key":"infinitespire:Midas Blood"},{"floor":105,"key":"Odd Mushroom"},{"floor":108,"key":"Bag of Marbles"},{"floor":108,"key":"Pear"},{"floor":111,"key":"Question Card"},{"floor":115,"key":"Bottled Tornado"},{"floor":115,"key":"War Paint"},{"floor":125,"key":"Gambling Chip"},{"floor":125,"key":"Strawberry"},{"floor":128,"key":"Ancient Tea Set"},{"floor":129,"key":"infinitespire:Joker Card"},{"floor":129,"key":"Juzu Bracelet"},{"floor":140,"key":"infinitespire:Golems Mask"},{"floor":142,"key":"infinitespire:Satchel"},{"floor":142,"key":"Lizard Tail"},{"floor":145,"key":"Blood Vial"},{"floor":156,"key":"Mango"},{"floor":156,"key":"Shuriken"}],"event_choices":[{"cards_removed":["Strike_G"],"damage_healed":0,"gold_gain":0,"player_choice":"Forget","damage_taken":0,"max_hp_gain":0,"max_hp_loss":0,"event_name":"Living Wall","floor":2,"gold_loss":0},{"damage_healed":0,"gold_gain":100,"player_choice":"Pray","damage_taken":0,"max_hp_gain":0,"max_hp_loss":0,"event_name":"Golden Shrine","floor":20,"gold_loss":0},{"damage_healed":0,"gold_gain":0,"player_choice":"Ignored","damage_taken":0,"max_hp_gain":0,"max_hp_loss":0,"event_name":"The Mausoleum","floor":28,"gold_loss":0},{"damage_healed":0,"gold_gain":0,"player_choice":"Ignored","damage_taken":0,"max_hp_gain":0,"max_hp_loss":0,"event_name":"Tomb of Lord Red Mask","floor":42,"gold_loss":0},{"damage_healed":0,"gold_gain":0,"player_choice":"Ignored","damage_taken":0,"max_hp_gain":0,"max_hp_loss":0,"event_name":"Golden Idol","floor":58,"gold_loss":0},{"damage_healed":0,"gold_gain":0,"player_choice":"Ignored","damage_taken":0,"max_hp_gain":0,"max_hp_loss":0,"event_name":"Vampires","floor":70,"gold_loss":0},{"damage_healed":0,"gold_gain":0,"player_choice":"Ignored","damage_taken":0,"max_hp_gain":0,"max_hp_loss":0,"event_name":"Ghosts","floor":71,"gold_loss":0},{"cards_removed":["Accuracy"],"damage_healed":0,"gold_gain":0,"player_choice":"Gave Gold","damage_taken":0,"max_hp_gain":0,"max_hp_loss":0,"event_name":"Beggar","floor":73,"gold_loss":75},{"damage_healed":0,"gold_gain":0,"player_choice":"Fight","damage_taken":0,"max_hp_gain":0,"max_hp_loss":0,"event_name":"Mysterious Sphere","floor":88,"gold_loss":0},{"cards_removed":["Tactician"],"damage_healed":12,"gold_gain":0,"player_choice":"Offered Uncommon","damage_taken":0,"max_hp_gain":0,"max_hp_loss":0,"event_name":"Bonfire Elementals","floor":91,"gold_loss":0},{"damage_healed":0,"gold_gain":0,"player_choice":"Fought Mushrooms","damage_taken":0,"max_hp_gain":0,"max_hp_loss":0,"event_name":"Mushrooms","floor":105,"gold_loss":0},{"cards_removed":["Injury"],"damage_healed":0,"gold_gain":0,"player_choice":"Forget","damage_taken":0,"max_hp_gain":0,"max_hp_loss":0,"event_name":"Living Wall","floor":106,"gold_loss":0},{"cards_removed":["Phantasmal Killer"],"damage_healed":0,"gold_gain":0,"player_choice":"Card Removal","damage_taken":7,"max_hp_gain":0,"max_hp_loss":0,"event_name":"Golden Wing","floor":107,"gold_loss":0},{"damage_healed":0,"gold_gain":0,"player_choice":"Ignored","damage_taken":169,"max_hp_gain":0,"max_hp_loss":0,"event_name":"betterThird:BetterSerpent","floor":109,"gold_loss":0},{"damage_healed":0,"gold_gain":0,"player_choice":"Ignored","damage_taken":0,"max_hp_gain":0,"max_hp_loss":0,"event_name":"Vampires","floor":121,"gold_loss":0},{"damage_healed":0,"gold_gain":100,"player_choice":"Bet on Murderer","damage_taken":0,"max_hp_gain":0,"max_hp_loss":0,"event_name":"The Joust","floor":122,"gold_loss":50},{"cards_removed":["Predator"],"damage_healed":0,"gold_gain":0,"player_choice":"Elegance","damage_taken":0,"max_hp_gain":0,"max_hp_loss":0,"event_name":"betterThird:BetterWriting","floor":124,"gold_loss":0},{"damage_healed":0,"gold_gain":0,"player_choice":"Inject Mutagens","damage_taken":0,"relics_obtained":["MutagenicStrength"],"max_hp_gain":0,"max_hp_loss":0,"event_name":"Drug Dealer","floor":126,"gold_loss":0},{"damage_healed":0,"gold_gain":0,"player_choice":"Embrace Madness","damage_taken":12,"max_hp_gain":0,"max_hp_loss":0,"event_name":"Winding Halls","floor":138,"gold_loss":0,"cards_obtained":["Madness","Madness"]},{"cards_removed":["Noxious Fumes"],"damage_healed":0,"gold_gain":0,"player_choice":"Removed Power","damage_taken":0,"max_hp_gain":0,"max_hp_loss":0,"event_name":"Falling","floor":139,"gold_loss":0},{"damage_healed":0,"gold_gain":0,"player_choice":"Fight","damage_taken":0,"max_hp_gain":0,"max_hp_loss":0,"event_name":"MindBloom","floor":140,"gold_loss":0},{"damage_healed":0,"gold_gain":0,"player_choice":"Memory 1","damage_taken":0,"max_hp_gain":0,"max_hp_loss":0,"event_name":"SensoryStone","floor":141,"gold_loss":0}],"is_beta":false,"boss_relics":[{"not_picked":["Pandora\u0027s Box","WristBlade"],"picked":"infinitespire:Cupcake"},{"not_picked":["Runic Pyramid","Fusion Hammer"],"picked":"Cursed Key"},{"not_picked":["Empty Cage","Astrolabe"],"picked":"Black Star"},{"not_picked":["Coffee Dripper","Runic Dome"],"picked":"Pandora\u0027s Box"},{"not_picked":["Astrolabe","Tiny House"],"picked":"Calling Bell"},{"not_picked":["SlaversCollar","SacredBark"],"picked":"Philosopher\u0027s Stone"},{"not_picked":["Astrolabe","Tiny House"],"picked":"SlaversCollar"},{"not_picked":["Fusion Hammer","Runic Pyramid"],"picked":"Busted Crown"},{"not_picked":["Empty Cage","Coffee Dripper"],"picked":"Sozu"}],"items_purged_floors":[5,21,25,53,79,95,113,127,155],"is_endless":true,"potions_floor_spawned":[1,4,7,8,19,24,29,33,40,47,50,57,59,63,65,69,78,82,84,86,87,88,90,92,93,96,97,99,101,103,104,105,108,114,115,116,118,120,123,125,129,130,131,132,133,135,137,140,142,144,146,147,148,150,152,156,157],"ascension_level":0}}