{"host":"hnflc3t7qut4yf6t","time":1614018290,"event":{"mods":["BaseMod","Minty Spire (QoL Compilation)","Random Character Button","Relic Stats","Slay-I"],"gold_per_floor":[112,131,144,144,94,126,126,184,211,250,272,317,347,375,387,495,507,532,578,590,602,630,642,393,393,393,393,158,158,158,158],"floor_reached":30,"language":"ENG","playtime":1461,"items_purged":["Aggregate+1"],"score":246,"play_id":"9ced0089-d4a1-4249-8ab8-86ea49d29604","local_time":"20210222192450","is_ascension_mode":false,"campfire_choices":[{"data":"Dualcast","floor":7,"key":"SMITH"},{"floor":15,"key":"REST"},{"data":"Defragment","floor":23,"key":"SMITH"},{"data":"Auto Shields","floor":25,"key":"SMITH"}],"circlet_count":0,"master_deck":["Defend_B","Defend_B","Defend_B","Defend_B","Zap","Dualcast+1","Steam","Cold Snap","Glacier","Go for the Eyes","Coolheaded","Steam","Hello World","Ball Lightning","Coolheaded","Defragment+1","Rainbow","White Noise+1","Meteor Strike+1","Auto Shields+1","Hello World","Stack","Dark Shackles","Self Repair","RitualDagger"],"relics":["Cracked Core","Juzu Bracelet","Orichalcum","Vajra","MawBank","Ancient Tea Set","Bag of Marbles","Astrolabe","Red Mask","Membership Card","Dream Catcher","Darkstone Periapt","Meat on the Bone","Medical Kit"],"acts_visited":["Exordium","TheCity"],"potions_floor_usage":[6,16,19,30],"damage_taken":[{"damage":0,"enemies":"2 Louse","floor":1,"turns":3},{"damage":1,"enemies":"Cultist","floor":2,"turns":3},{"damage":8,"enemies":"Small Slimes","floor":3,"turns":3},{"damage":3,"enemies":"3 Sentries","floor":6,"turns":11},{"damage":29,"enemies":"Gremlin Nob","floor":8,"turns":5},{"damage":7,"enemies":"Lagavulin","floor":10,"turns":7},{"damage":12,"enemies":"Exordium Wildlife","floor":11,"turns":8},{"damage":12,"enemies":"Gremlin Nob","floor":12,"turns":8},{"damage":0,"enemies":"Looter","floor":13,"turns":3},{"damage":0,"enemies":"2 Fungi Beasts","floor":14,"turns":3},{"damage":20,"enemies":"Slime Boss","floor":16,"turns":10},{"damage":0,"enemies":"Chosen","floor":18,"turns":5},{"damage":24,"enemies":"Masked Bandits","floor":19,"turns":4},{"damage":0,"enemies":"Spheric Guardian","floor":22,"turns":3},{"damage":68,"enemies":"Gremlin Leader","floor":30,"turns":13}],"seed_played":"8087418501959348547","potions_obtained":[{"floor":2,"key":"Fire Potion"},{"floor":6,"key":"SkillPotion"},{"floor":11,"key":"SpeedPotion"},{"floor":12,"key":"Ancient Potion"},{"floor":13,"key":"Explosive Potion"},{"floor":16,"key":"LiquidBronze"},{"floor":19,"key":"FairyPotion"}],"is_trial":false,"path_per_floor":["M","M","M","?","?","E","R","?","T","E","M","E","M","M","R","B",null,"M","?","?","?","M","R","$","R","T","?","$","?","E"],"character_chosen":"DEFECT","items_purchased":["Membership Card","Dark Shackles","Dream Catcher","Meat on the Bone","Medical Kit"],"campfire_rested":1,"item_purchase_floors":[24,24,24,28,28],"current_hp_per_floor":[75,74,66,66,66,63,63,34,34,27,15,3,3,3,25,5,75,75,51,51,35,35,35,35,35,35,35,35,29,0,0],"gold":158,"neow_bonus":"RANDOM_COMMON_RELIC","is_daily":false,"chose_seed":false,"campfire_upgraded":3,"win_rate":0.0,"timestamp":1614018290,"path_taken":["M","M","M","?","?","E","R","?","T","E","M","E","M","M","R","BOSS","M","?","?","?","M","R","$","R","T","?","$","?","E"],"items_purchased_type":["Relic","Card","Relic","Relic","Relic"],"build_version":"2020-12-22","purchased_purges":1,"victory":false,"max_hp_per_floor":[75,75,75,75,75,75,75,75,75,75,75,75,75,75,75,75,75,75,75,75,75,75,75,75,75,75,75,75,75,75,75],"relic_stats":{"Darkstone Periapt":0,"Dream Catcher":0,"counters":[15,89],"Astrolabe":["Aggregate","White Noise","Meteor Strike"],"Juzu Bracelet":2,"Orichalcum":[96],"MawBank":180,"Medical Kit":[0],"obtain_stats":[{"Darkstone Periapt":26,"Astrolabe":17,"Vajra":8,"Juzu Bracelet":0,"Orichalcum":6,"MawBank":9,"Ancient Tea Set":10,"Medical Kit":28,"Dream Catcher":24,"Bag of Marbles":12,"Red Mask":19,"Membership Card":24,"Cracked Core":0,"Meat on the Bone":28},{"Darkstone Periapt":14,"Astrolabe":11,"Vajra":4,"Juzu Bracelet":0,"Orichalcum":4,"MawBank":5,"Ancient Tea Set":6,"Medical Kit":14,"Dream Catcher":14,"Bag of Marbles":8,"Red Mask":13,"Membership Card":14,"Cracked Core":0,"Meat on the Bone":14},{"Darkstone Periapt":76,"Astrolabe":64,"Vajra":20,"Juzu Bracelet":0,"Orichalcum":20,"MawBank":25,"Ancient Tea Set":32,"Medical Kit":76,"Dream Catcher":76,"Bag of Marbles":48,"Red Mask":73,"Membership Card":76,"Cracked Core":0,"Meat on the Bone":76}],"Meat on the Bone":0},"card_choices":[{"not_picked":["Steam Power","Rebound"],"picked":"Steam","floor":1},{"not_picked":["Hello World","Gash"],"picked":"Cold Snap","floor":2},{"not_picked":["Reprogram","Compile Driver"],"picked":"Glacier","floor":3},{"not_picked":["Coolheaded","Streamline"],"picked":"Go for the Eyes","floor":6},{"not_picked":["Force Field","Aggregate"],"picked":"Coolheaded","floor":8},{"not_picked":["Capacitor","Sweeping Beam"],"picked":"Steam","floor":10},{"not_picked":["Amplify","Stack"],"picked":"Hello World","floor":11},{"not_picked":["Gash","Stack"],"picked":"Ball Lightning","floor":12},{"not_picked":["Darkness","Rebound"],"picked":"Coolheaded","floor":13},{"not_picked":["Sweeping Beam","Leap"],"picked":"Defragment","floor":14},{"not_picked":["Machine Learning","Fission"],"picked":"Rainbow","floor":16},{"not_picked":["Turbo","Capacitor"],"picked":"Auto Shields","floor":18},{"not_picked":["Cold Snap","Stack"],"picked":"Hello World","floor":19},{"not_picked":["Redo","Seek"],"picked":"Stack","floor":22}],"player_experience":11556,"relics_obtained":[{"floor":6,"key":"Orichalcum"},{"floor":9,"key":"MawBank"},{"floor":10,"key":"Ancient Tea Set"},{"floor":12,"key":"Bag of Marbles"},{"floor":19,"key":"Red Mask"},{"floor":26,"key":"Darkstone Periapt"}],"event_choices":[{"damage_healed":0,"gold_gain":0,"player_choice":"Ignored","damage_taken":0,"max_hp_gain":0,"max_hp_loss":0,"event_name":"NoteForYourself","floor":4,"gold_loss":0},{"cards_removed":["Strike_B"],"damage_healed":0,"gold_gain":0,"player_choice":"Card Removal","damage_taken":0,"max_hp_gain":0,"max_hp_loss":0,"event_name":"The Cleric","floor":5,"gold_loss":50},{"damage_healed":0,"gold_gain":30,"player_choice":"Searched \u00273\u0027 times","damage_taken":0,"relics_obtained":["Vajra"],"max_hp_gain":0,"max_hp_loss":0,"event_name":"Dead Adventurer","floor":8,"gold_loss":0},{"damage_healed":0,"gold_gain":0,"player_choice":"Fought Bandits","damage_taken":0,"max_hp_gain":0,"max_hp_loss":0,"event_name":"Masked Bandits","floor":19,"gold_loss":0},{"damage_healed":0,"gold_gain":0,"player_choice":"Ignored","damage_taken":0,"max_hp_gain":0,"max_hp_loss":0,"event_name":"Ghosts","floor":20,"gold_loss":0},{"damage_healed":0,"gold_gain":0,"player_choice":"Obtained Book","damage_taken":16,"max_hp_gain":0,"max_hp_loss":0,"event_name":"Cursed Tome","floor":21,"gold_loss":0},{"damage_healed":0,"gold_gain":0,"player_choice":"Read","damage_taken":0,"max_hp_gain":0,"max_hp_loss":0,"event_name":"The Library","floor":27,"gold_loss":0,"cards_obtained":["Self Repair"]},{"damage_healed":0,"gold_gain":0,"player_choice":"Joined the Cult","damage_taken":6,"max_hp_gain":0,"max_hp_loss":0,"event_name":"Nest","floor":29,"gold_loss":0,"cards_obtained":["RitualDagger"]}],"is_beta":false,"boss_relics":[{"not_picked":["Runic Pyramid","Coffee Dripper"],"picked":"Astrolabe"}],"items_purged_floors":[28],"is_endless":false,"potions_floor_spawned":[2,6,11,12,13,16,18,19,22],"killed_by":"Gremlin Leader","ascension_level":0}}