{"host":"jegehu1t82aiec5j","time":1614023094,"event":{"mods":["BaseMod","Colored Map","Minty Spire (QoL Compilation)","Relic Stats","StSLib"],"gold_per_floor":[119,194,194,204,217,228,228,262,289,289,315,280,280,197,197,271,271,284,284,284,559,577,577,335,351,423,423,16,33,59,77,77,151,151,169,182,195,19,19,19,19,19,19,19,46,9,9,39,39,39],"floor_reached":51,"language":"ENG","playtime":1825,"items_purged":["Regret","Pain","Streamline+1"],"score":1238,"play_id":"712ed072-e11f-4518-a866-c29fe23f426e","local_time":"20210222144454","is_ascension_mode":true,"campfire_choices":[{"data":"Doom and Gloom","floor":7,"key":"SMITH"},{"floor":10,"key":"REST"},{"data":"Streamline","floor":13,"key":"SMITH"},{"data":"Conserve Battery","floor":15,"key":"SMITH"},{"floor":23,"key":"REST"},{"data":"White Noise","floor":27,"key":"SMITH"},{"floor":32,"key":"REST"},{"data":"Go for the Eyes","floor":40,"key":"SMITH"},{"data":"Ball Lightning","floor":42,"key":"SMITH"},{"data":"Coolheaded","floor":44,"key":"SMITH"},{"floor":49,"key":"REST"}],"circlet_count":0,"master_deck":["AscendersBane","Defend_B+1","Defend_B","Defend_B+1","Zap","Dualcast","Ball Lightning+1","Conserve Battery+1","Doom and Gloom+1","Echo Form","Turbo","Core Surge","Genetic Algorithm","Necronomicurse","Doom and Gloom","Steam Power","White Noise+1","Coolheaded+1","Self Repair","Glacier","Recycle","Coolheaded+1","Echo Form","Go for the Eyes+1","Shame","Reinforced Body"],"relics":["WarpedTongs","Empty Cage","Akabeko","Boot","Nunchaku","War Paint","Cursed Key","Necronomicon","Lantern","Pear","Potion Belt","Juzu Bracelet","Busted Crown","Ornamental Fan","Anchor","Darkstone Periapt"],"acts_visited":["Exordium","TheCity","TheBeyond"],"potions_floor_usage":[18,33,41,45,50,50],"damage_taken":[{"damage":0,"enemies":"Cultist","floor":1,"turns":4},{"damage":0,"enemies":"Jaw Worm","floor":4,"turns":3},{"damage":0,"enemies":"Small Slimes","floor":5,"turns":3},{"damage":12,"enemies":"Exordium Thugs","floor":6,"turns":5},{"damage":32,"enemies":"Gremlin Nob","floor":8,"turns":4},{"damage":4,"enemies":"Lagavulin","floor":11,"turns":5},{"damage":16,"enemies":"The Guardian","floor":16,"turns":9},{"damage":0,"enemies":"3 Byrds","floor":18,"turns":3},{"damage":0,"enemies":"Chosen","floor":22,"turns":3},{"damage":10,"enemies":"Centurion and Healer","floor":25,"turns":4},{"damage":12,"enemies":"Chosen and Byrds","floor":29,"turns":3},{"damage":24,"enemies":"Slavers","floor":30,"turns":4},{"damage":14,"enemies":"Shelled Parasite and Fungi","floor":31,"turns":5},{"damage":33,"enemies":"Automaton","floor":33,"turns":8},{"damage":0,"enemies":"Orb Walker","floor":35,"turns":4},{"damage":0,"enemies":"3 Shapes","floor":36,"turns":4},{"damage":19,"enemies":"Spire Growth","floor":37,"turns":5},{"damage":19,"enemies":"Nemesis","floor":45,"turns":8},{"damage":36,"enemies":"Reptomancer","floor":48,"turns":8},{"damage":58,"enemies":"Awakened One","floor":50,"turns":15}],"seed_played":"-7437263268694965031","potions_obtained":[{"floor":4,"key":"Swift Potion"},{"floor":6,"key":"AttackPotion"},{"floor":18,"key":"PotionOfCapacity"},{"floor":31,"key":"SpeedPotion"},{"floor":33,"key":"Explosive Potion"},{"floor":35,"key":"DuplicationPotion"},{"floor":41,"key":"Fruit Juice"},{"floor":41,"key":"FocusPotion"}],"is_trial":false,"path_per_floor":["M","?","?","M","M","M","R","E","T","R","E","?","R","?","R","B",null,"M","?","?","?","M","R","$","M","T","R","$","M","E","M","R","B",null,"M","M","M","$","?","R","?","R","T","R","E","$","T","E","R","B",null],"character_chosen":"DEFECT","items_purchased":["Coolheaded","Lantern","Self Repair","Glacier","Potion Belt","Go for the Eyes","Reinforced Body"],"campfire_rested":4,"item_purchase_floors":[24,24,28,28,28,38,46],"current_hp_per_floor":[64,53,53,53,53,41,41,9,9,30,26,43,43,43,43,27,60,60,39,39,39,39,60,60,50,60,60,60,58,34,20,44,31,69,76,81,81,81,81,81,86,86,86,86,81,81,81,65,86,28],"gold":39,"neow_bonus":"BOSS_RELIC","is_daily":false,"chose_seed":false,"campfire_upgraded":7,"win_rate":0.0,"timestamp":1614023094,"path_taken":["M","?","?","M","?","?","R","E","T","R","E","?","R","?","R","BOSS","M","?","?","?","?","R","$","M","T","R","$","M","E","M","R","BOSS","M","M","M","$","?","R","?","R","T","R","E","$","?","E","R","BOSS"],"items_purchased_type":["Card","Relic","Card","Card","Relic","Card","Card"],"build_version":"2020-12-22","purchased_purges":3,"victory":true,"max_hp_per_floor":[71,71,71,71,71,71,71,71,71,71,71,71,71,71,71,71,71,71,71,71,71,71,71,71,71,81,81,81,81,81,81,81,81,81,81,81,81,81,81,81,86,86,86,86,86,86,86,86,86,86],"relic_stats":{"Darkstone Periapt":0,"Nunchaku":[14],"Busted Crown":10,"counters":[20,107],"Ornamental Fan":[48],"Necronomicon":[39],"Juzu Bracelet":1,"War Paint":["Defend_B","Defend_B"],"Boot":[48],"Cursed Key":2,"obtain_stats":[{"Potion Belt":28,"Darkstone Periapt":48,"Lantern":24,"Pear":26,"Juzu Bracelet":30,"War Paint":14,"Empty Cage":0,"Boot":9,"Cursed Key":17,"Akabeko":8,"WarpedTongs":0,"Nunchaku":11,"Anchor":45,"Busted Crown":34,"Ornamental Fan":43,"Necronomicon":19,"Cracked Core":0},{"Potion Belt":10,"Darkstone Periapt":19,"Lantern":9,"Pear":10,"Juzu Bracelet":12,"War Paint":6,"Empty Cage":0,"Boot":5,"Cursed Key":7,"Akabeko":5,"WarpedTongs":0,"Nunchaku":6,"Anchor":18,"Busted Crown":14,"Ornamental Fan":17,"Necronomicon":8,"Cracked Core":0},{"Potion Belt":43,"Darkstone Periapt":92,"Lantern":39,"Pear":43,"Juzu Bracelet":50,"War Paint":24,"Empty Cage":0,"Boot":19,"Cursed Key":33,"Akabeko":19,"WarpedTongs":0,"Nunchaku":24,"Anchor":84,"Busted Crown":63,"Ornamental Fan":76,"Necronomicon":36,"Cracked Core":0}],"WarpedTongs":[99]},"card_choices":[{"not_picked":["Barrage","Self Repair"],"picked":"Ball Lightning","floor":1},{"not_picked":["Scrape","Redo"],"picked":"Conserve Battery","floor":4},{"not_picked":["Barrage","Undo"],"picked":"Streamline","floor":5},{"not_picked":["Coolheaded","Beam Cell"],"picked":"Doom and Gloom","floor":6},{"not_picked":["Beam Cell","Turbo"],"picked":"Echo Form","floor":8},{"not_picked":["Streamline","Rip and Tear"],"picked":"Turbo","floor":11},{"not_picked":["Amplify","Echo Form"],"picked":"Core Surge","floor":16},{"not_picked":["Ball Lightning+1","Capacitor"],"picked":"Genetic Algorithm","floor":18},{"not_picked":["Fusion","Stack"],"picked":"White Noise","floor":22},{"not_picked":["Heatsinks","Streamline","Barrage"],"picked":"SKIP","floor":25},{"not_picked":["Gash","Sunder","Blizzard+1"],"picked":"SKIP","floor":29},{"not_picked":["Fusion","Coolheaded"],"picked":"Recycle","floor":30},{"not_picked":["Heatsinks+1","FTL"],"picked":"Coolheaded+1","floor":31},{"not_picked":["Amplify","Thunder Strike"],"picked":"Echo Form","floor":33},{"not_picked":["Hello World"],"picked":"SKIP","floor":35},{"not_picked":["Gash"],"picked":"SKIP","floor":36},{"not_picked":["Gash"],"picked":"SKIP","floor":37},{"not_picked":["Steam"],"picked":"SKIP","floor":45},{"not_picked":["Fusion"],"picked":"SKIP","floor":48}],"player_experience":2632215,"relics_obtained":[{"floor":8,"key":"Akabeko"},{"floor":9,"key":"Boot"},{"floor":11,"key":"Nunchaku"},{"floor":19,"key":"Necronomicon"},{"floor":26,"key":"Pear"},{"floor":30,"key":"Juzu Bracelet"},{"floor":43,"key":"Ornamental Fan"},{"floor":45,"key":"Anchor"},{"floor":48,"key":"Darkstone Periapt"}],"event_choices":[{"damage_healed":0,"gold_gain":75,"player_choice":"Gather Gold","damage_taken":11,"max_hp_gain":0,"max_hp_loss":0,"event_name":"World of Goop","floor":2,"gold_loss":0},{"cards_removed":["Strike_B"],"damage_healed":0,"gold_gain":0,"player_choice":"Offered Basic","damage_taken":0,"max_hp_gain":0,"max_hp_loss":0,"event_name":"Bonfire Elementals","floor":3,"gold_loss":0},{"damage_healed":17,"gold_gain":0,"player_choice":"Healed","damage_taken":0,"max_hp_gain":0,"max_hp_loss":0,"event_name":"The Cleric","floor":12,"gold_loss":35},{"damage_healed":0,"gold_gain":0,"player_choice":"Paid Gold","damage_taken":0,"relics_obtained":["War Paint"],"max_hp_gain":0,"max_hp_loss":0,"event_name":"WeMeetAgain","floor":14,"gold_loss":83},{"damage_healed":0,"gold_gain":0,"player_choice":"Obtained Book","damage_taken":21,"max_hp_gain":0,"max_hp_loss":0,"event_name":"Cursed Tome","floor":19,"gold_loss":0},{"damage_healed":0,"gold_gain":0,"cards_transformed":["Strike_B","Strike_B"],"player_choice":"Became Test Subject","damage_taken":0,"max_hp_gain":0,"max_hp_loss":0,"event_name":"Drug Dealer","floor":20,"gold_loss":0,"cards_obtained":["Doom and Gloom","Steam Power"]},{"damage_healed":0,"gold_gain":275,"player_choice":"Desecrate","damage_taken":0,"max_hp_gain":0,"max_hp_loss":0,"event_name":"Golden Shrine","floor":21,"gold_loss":0,"cards_obtained":["Regret"]},{"damage_healed":0,"gold_gain":0,"player_choice":"Ignored","damage_taken":0,"max_hp_gain":0,"max_hp_loss":0,"event_name":"Purifier","floor":39,"gold_loss":0},{"damage_healed":0,"gold_gain":0,"player_choice":"Got Potions","damage_taken":0,"max_hp_gain":0,"max_hp_loss":0,"event_name":"Lab","floor":41,"gold_loss":0}],"is_beta":false,"boss_relics":[{"not_picked":["Inserter","Nuclear Battery"],"picked":"Cursed Key"},{"not_picked":["Runic Dome","SlaversCollar"],"picked":"Busted Crown"}],"items_purged_floors":[24,28,38],"is_endless":false,"potions_floor_spawned":[4,6,8,18,31,33,35,36,37],"ascension_level":15}}