{"host":"2q4w55ev63ot6isg","time":1614010049,"event":{"mods":["Aspiration","BaseMod","Downfall","Hubris","Marisa????????","Minty Spire (QoL Compilation)","Replay The Spire","StSLib","The Cursed","The Jungle","The Servant 0.9.4"],"gold_per_floor":[114,114,39,51,51,80,80,93,93,106,125,125,89,106,106,209,209,226,271,281,301,501,501,501,501],"floor_reached":24,"language":"ENG","playtime":688,"items_purged":["Strike_R"],"score":267,"play_id":"d0da46fa-5b85-4b5e-95af-220ce7269ea6","local_time":"20210222080729","is_ascension_mode":true,"campfire_choices":[{"data":"Carnage","floor":7,"key":"SMITH"},{"data":"Uppercut","floor":15,"key":"SMITH"},{"floor":23,"key":"REST"}],"circlet_count":0,"master_deck":["Strike_R+1","Strike_R","Strike_R","Strike_R","Defend_R","Defend_R","Defend_R","Defend_R","Bash","Flash of Steel+1","Uppercut+1","Bloodletting","hubris:NaturalOne","Carnage+1","Replay:Undeath\u0027s Touch","Shrug It Off","Shrug It Off","Replay:Undeath\u0027s Touch","Juggernaut","Cleave+1","Eclipse","Havoc","Body Slam+1","Flame Barrier"],"relics":["Burning Blood","hubris:Icosahedron","Replay:Baseball","Mark of Pain","Replay:Wax Seal"],"acts_visited":["Exordium","TheCity"],"potions_floor_usage":[6,16,20,24,24],"damage_taken":[{"damage":7,"enemies":"Small Slimes","floor":1,"turns":3},{"damage":2,"enemies":"2 Louse","floor":4,"turns":3},{"damage":29,"enemies":"Replay:BlueRogue","floor":6,"turns":4},{"damage":6,"enemies":"Cultist","floor":8,"turns":3},{"damage":12,"enemies":"Exordium Wildlife","floor":10,"turns":3},{"damage":13,"enemies":"Gremlin Gang","floor":11,"turns":4},{"damage":2,"enemies":"2 Fungi Beasts","floor":14,"turns":3},{"damage":54,"enemies":"Slime Boss","floor":16,"turns":13},{"damage":4,"enemies":"Spheric Guardian","floor":18,"turns":3},{"damage":13,"enemies":"2 Thieves","floor":20,"turns":3},{"damage":29,"enemies":"Cultist and Chosen","floor":21,"turns":6},{"damage":53,"enemies":"Gremlin Leader","floor":24,"turns":5}],"seed_played":"7424530025592240630","potions_obtained":[{"floor":1,"key":"Languid Potion"},{"floor":11,"key":"SpeedPotion"},{"floor":14,"key":"ElixirPotion"},{"floor":16,"key":"Strength Potion"},{"floor":19,"key":"Death Potion"},{"floor":20,"key":"BlessingOfTheForge"}],"is_trial":false,"path_per_floor":["M","?","$","M","?","E","R","M","T","M","M","?","$","M","R","B",null,"M","?","M","M","?","R","E"],"character_chosen":"IRONCLAD","items_purchased":["Shrug It Off"],"campfire_rested":1,"item_purchase_floors":[13],"current_hp_per_floor":[71,71,71,75,59,36,36,36,36,30,23,80,80,80,80,32,68,70,50,43,20,20,44,0,0],"gold":501,"neow_bonus":"RANDOM_COLORLESS","is_daily":false,"chose_seed":false,"campfire_upgraded":2,"win_rate":0.0,"timestamp":1614010049,"path_taken":["M","?","$","M","?","E","R","M","T","M","M","?","$","M","R","BOSS","M","?","?","M","?","R","E"],"items_purchased_type":["Card"],"build_version":"2020-12-22","purchased_purges":1,"victory":false,"max_hp_per_floor":[80,80,80,80,80,80,80,80,80,80,80,80,80,80,80,80,80,80,80,80,80,80,80,80,80],"card_choices":[{"not_picked":["Survey Options","hubris:Ssssneak"],"picked":"Flash of Steel","floor":0},{"not_picked":["True Grit","Havoc"],"picked":"Uppercut","floor":1},{"not_picked":["Run Through","Headbutt"],"picked":"Bloodletting","floor":4},{"not_picked":["ReplayReversal","Headbutt"],"picked":"Carnage","floor":6},{"not_picked":["Uppercut","hubris:ReadiedAction","Clothesline"],"picked":"SKIP","floor":8},{"not_picked":["Perfected Strike","Havoc"],"picked":"Replay:Undeath\u0027s Touch","floor":10},{"not_picked":["Life Link","Second Wind"],"picked":"Infernal Blade","floor":11},{"not_picked":["Clothesline","Havoc"],"picked":"Replay:Undeath\u0027s Touch","floor":14},{"not_picked":["Reaper","Exhume"],"picked":"Juggernaut","floor":16},{"not_picked":["Dual Wield","Body Slam"],"picked":"Cleave+1","floor":18},{"not_picked":["Havoc","hubris:ReadiedAction"],"picked":"Eclipse","floor":19},{"not_picked":["Massacre","Wild Strike"],"picked":"Havoc","floor":19},{"not_picked":["Burning Pact","ReplayTheSpireMod:Muscle Training"],"picked":"Body Slam+1","floor":20},{"not_picked":["Reckless Charge","Immolate"],"picked":"Flame Barrier","floor":21}],"player_experience":263014,"relics_obtained":[{"floor":6,"key":"Replay:Baseball"},{"floor":19,"key":"Replay:Wax Seal"}],"event_choices":[{"damage_healed":0,"gold_gain":0,"player_choice":"Entered Light","damage_taken":16,"max_hp_gain":0,"max_hp_loss":0,"event_name":"Shining Light","floor":5,"gold_loss":0,"cards_upgraded":["Flash of Steel","Strike_R"]},{"cards_removed":["Infernal Blade"],"damage_healed":57,"gold_gain":0,"player_choice":"Offered Uncommon","damage_taken":0,"max_hp_gain":0,"max_hp_loss":0,"event_name":"Bonfire Elementals","floor":12,"gold_loss":0},{"damage_healed":0,"gold_gain":250,"player_choice":"Bet on Owner","damage_taken":0,"max_hp_gain":0,"max_hp_loss":0,"event_name":"The Joust","floor":22,"gold_loss":50}],"is_beta":false,"boss_relics":[{"not_picked":["ReplayTheSpireMod:DimensionalGlitch","aspiration:PoetsPen_weak"],"picked":"Mark of Pain"}],"items_purged_floors":[3],"is_endless":false,"potions_floor_spawned":[1,11,14,16,20],"killed_by":"Gremlin Leader","ascension_level":7}}