{"host":"q57ekfojy3i00x9o","time":1614002611,"event":{"mods":["Act Like it!","Arknights","Aspiration","BaseMod","Colored Map","Energized Spire","Hermit","Minty Spire (QoL Compilation)","Quick Restart","Ruina","Spicy Shops","Spikes Relics","StSLib","slay the spire mod where everything is the same but ironclad has a cowboy hat"],"gold_per_floor":[114,114,134,134,134,134,161,176,203,203,203,203,203,228,228,305,305,321,321,321,321,334,369,369,48,72,88,99,124,124,156,156,156,156],"floor_reached":33,"language":"RUS","playtime":518,"items_purged":["Writhe"],"score":616,"play_id":"f33d60fa-7fed-434a-9733-93ca53dd7b60","local_time":"20210222190331","is_ascension_mode":true,"campfire_choices":[{"data":"ats:Ambush","floor":6,"key":"SMITH"},{"data":"ats:Powerful Strike","floor":11,"key":"SMITH"},{"data":"ats:Strike S","floor":13,"key":"SMITH"},{"floor":15,"key":"REST"},{"floor":24,"key":"REST"},{"floor":30,"key":"REST"},{"floor":32,"key":"REST"}],"circlet_count":0,"master_deck":["AscendersBane","ats:Strike S+1","ats:Armor Crushing Shot+1","ats:Defend","ats:Defend","ats:Defend","ats:Defend","ats:Emotion Absorption+1","ats:Hammer On+1","ats:Ambush+1","ats:Powerful Strike+1","ats:True Silver Slash","ats:Leaping Hammer","ats:Literary Storm+1","ats:Nebulous Foxfire","ats:Mental Burst","ats:Poison Spread","ats:Flexible Camouflage","ats:Powerful Strike","ats:Neurotoxin"],"relics":["ats:Sanity","NeowsBlessing","ats:Originium","Boot","ats:Ability Aura","Empty Cage","Girya","Oddly Smooth Stone","ClockworkSouvenir","ats:Spiritual Recovery","Peace Pipe","Bag of Marbles"],"acts_visited":["Exordium","TheCity"],"potions_floor_usage":[16,16,28,29,31],"damage_taken":[{"damage":0,"enemies":"2 Louse","floor":1,"turns":2},{"damage":0,"enemies":"Cultist","floor":3,"turns":1},{"damage":0,"enemies":"3 Sentries","floor":7,"turns":2},{"damage":0,"enemies":"Jaw Worm","floor":8,"turns":2},{"damage":7,"enemies":"Slime Boss","floor":16,"turns":8},{"damage":14,"enemies":"Shell Parasite","floor":18,"turns":4},{"damage":33,"enemies":"Spheric Guardian","floor":22,"turns":6},{"damage":14,"enemies":"Book of Stabbing","floor":23,"turns":6},{"damage":6,"enemies":"Snake Plant","floor":27,"turns":3},{"damage":0,"enemies":"Cultist and Chosen","floor":28,"turns":3},{"damage":22,"enemies":"Gremlin Leader","floor":29,"turns":6},{"damage":24,"enemies":"Slavers","floor":31,"turns":4},{"damage":41,"enemies":"Champ","floor":33,"turns":2}],"seed_played":"-5314659793614169500","potions_obtained":[{"floor":3,"key":"GamblersBrew"},{"floor":5,"key":"DistilledChaos"},{"floor":16,"key":"SteroidPotion"},{"floor":22,"key":"ats:Flame Arts Potion"},{"floor":29,"key":"FearPotion"}],"is_trial":false,"path_per_floor":["M","?","M","?","?","R","E","M","T","?","R","?","R","T","R","B",null,"M","?","?","?","M","E","R","$","T","M","M","E","R","E","R","B"],"character_chosen":"DOCTOR_CLASS","items_purchased":["ats:Mental Burst","ClockworkSouvenir"],"campfire_rested":4,"item_purchase_floors":[25,25],"current_hp_per_floor":[65,65,65,65,65,65,65,65,65,43,43,43,43,43,64,57,68,54,54,54,54,21,7,28,28,28,27,27,10,31,13,34,0,0],"gold":156,"neow_bonus":"THREE_ENEMY_KILL","is_daily":false,"chose_seed":false,"campfire_upgraded":3,"win_rate":0.0,"timestamp":1614002611,"path_taken":["M","?","?","?","?","R","E","?","T","?","R","?","R","?","R","BOSS","M","?","?","?","M","E","R","?","T","M","M","E","R","E","R","BOSS"],"items_purchased_type":["Card","Relic"],"build_version":"2020-12-22","purchased_purges":1,"victory":false,"max_hp_per_floor":[72,72,72,72,72,72,72,72,72,72,72,72,72,72,72,72,72,72,72,72,72,72,72,72,72,72,72,72,72,72,72,72,72,72],"card_choices":[{"not_picked":["ats:Absolute Focus","ats:Burning Ground"],"picked":"ats:Hammer On","floor":1},{"not_picked":["ats:Blood Oath","ats:Cat Scratch"],"picked":"ats:Ambush","floor":3},{"not_picked":["ats:Flexible Camouflage","ats:Ignite"],"picked":"ats:Powerful Strike","floor":7},{"not_picked":["ats:Spore Proliferation","ats:Healing Drone","ats:Flame Of Heaven"],"picked":"SKIP","floor":8},{"not_picked":["ats:Fractured Body","ats:Rat Pack"],"picked":"ats:True Silver Slash","floor":16},{"not_picked":["ats:Blood Oath","ats:Curse Doll"],"picked":"ats:Leaping Hammer","floor":18},{"not_picked":["ats:Revitalization","ats:Support Order"],"picked":"ats:Literary Storm+1","floor":22},{"not_picked":["ats:Hammer On","ats:Ignite"],"picked":"ats:Nebulous Foxfire","floor":23},{"not_picked":["ats:Sunburst","ats:Ignite"],"picked":"ats:Poison Spread","floor":27},{"not_picked":["ats:Automatic Cover+1","ats:Ignite"],"picked":"ats:Flexible Camouflage","floor":28},{"not_picked":["ats:Thorns","ats:Burning Ground"],"picked":"ats:Powerful Strike","floor":29},{"not_picked":["ats:LN2 Cannon+1","ats:Burning Ground"],"picked":"ats:Neurotoxin","floor":31}],"player_experience":786758,"relics_obtained":[{"floor":7,"key":"ats:Originium"},{"floor":7,"key":"Boot"},{"floor":14,"key":"ats:Ability Aura"},{"floor":23,"key":"ats:Originium"},{"floor":23,"key":"Oddly Smooth Stone"},{"floor":26,"key":"ats:Spiritual Recovery"},{"floor":29,"key":"ats:Originium"},{"floor":29,"key":"Peace Pipe"},{"floor":31,"key":"ats:Originium"},{"floor":31,"key":"Bag of Marbles"}],"event_choices":[{"cards_removed":["ats:Strike V"],"damage_healed":0,"gold_gain":0,"player_choice":"Purged","damage_taken":0,"max_hp_gain":0,"max_hp_loss":0,"event_name":"Purifier","floor":2,"gold_loss":0},{"damage_healed":0,"gold_gain":0,"player_choice":"Leave","damage_taken":0,"max_hp_gain":0,"max_hp_loss":0,"event_name":"The Cleric","floor":4,"gold_loss":0},{"damage_healed":0,"gold_gain":0,"player_choice":"Got Potions","damage_taken":0,"max_hp_gain":0,"max_hp_loss":0,"event_name":"Lab","floor":5,"gold_loss":0},{"damage_healed":0,"gold_gain":0,"player_choice":"Entered Light","damage_taken":22,"max_hp_gain":0,"max_hp_loss":0,"event_name":"Shining Light","floor":10,"gold_loss":0,"cards_upgraded":["ats:Emotion Absorption","ats:Hammer On"]},{"damage_healed":0,"gold_gain":0,"player_choice":"Grow","damage_taken":0,"max_hp_gain":0,"max_hp_loss":0,"event_name":"Living Wall","floor":12,"gold_loss":0,"cards_upgraded":["ats:Armor Crushing Shot"]},{"damage_healed":0,"gold_gain":0,"player_choice":"Ignored","damage_taken":0,"max_hp_gain":0,"max_hp_loss":0,"event_name":"Ghosts","floor":19,"gold_loss":0},{"damage_healed":0,"gold_gain":0,"player_choice":"Opened","damage_taken":0,"relics_obtained":["Girya"],"max_hp_gain":0,"max_hp_loss":0,"event_name":"The Mausoleum","floor":20,"gold_loss":0,"cards_obtained":["Writhe"]}],"is_beta":false,"boss_relics":[{"not_picked":["aspiration:RunicSpoon","energizedSpire:CursedPentagram"],"picked":"Empty Cage"}],"items_purged_floors":[25],"is_endless":false,"potions_floor_spawned":[3,8,16,22,29],"killed_by":"Champ","ascension_level":18}}