{"host":"l1pzlbpva2o8t11s","time":1614010945,"event":{"mods":["AchievementEnabler","BaseMod","Block Reminder","Colored Map","Minty Spire (QoL Compilation)","Random Character Button","Relic Stats","StSLib","The Jungle"],"gold_per_floor":[213,226,226,226,249,249,283,283,330,44,44,69,69,69,69,69,69],"floor_reached":16,"language":"ENG","playtime":669,"items_purged":[],"score":103,"play_id":"1b8ab8d3-3178-4f45-887f-bcefd7a20a06","local_time":"20210222172225","is_ascension_mode":true,"campfire_choices":[{"data":"Ball Lightning","floor":6,"key":"SMITH"},{"data":"Sunder","floor":8,"key":"SMITH"},{"floor":13,"key":"DIG"},{"floor":15,"key":"DIG"}],"circlet_count":0,"master_deck":["Strike_B","Strike_B","Strike_B","Defend_B","Defend_B","Defend_B","Defend_B","Zap","Dualcast","Sunder+1","Ball Lightning+1","Loop"],"relics":["Cracked Core","Golden Idol","Bag of Preparation","Blood Vial","Orichalcum","Shovel","Akabeko","Bird Faced Urn"],"acts_visited":["Exordium"],"potions_floor_usage":[7,7],"damage_taken":[{"damage":1,"enemies":"Jaw Worm","floor":1,"turns":5},{"damage":0,"enemies":"2 Louse","floor":2,"turns":2},{"damage":0,"enemies":"Cultist","floor":5,"turns":3},{"damage":18,"enemies":"3 Sentries","floor":7,"turns":7},{"damage":5,"enemies":"Exordium Thugs","floor":12,"turns":3},{"damage":36,"enemies":"The Guardian","floor":16,"turns":8}],"seed_played":"-5371386927992239489","potions_obtained":[{"floor":1,"key":"Block Potion"},{"floor":5,"key":"Strength Potion"}],"is_trial":false,"path_per_floor":["M","M","?","?","M","R","E","R","T","$","?","M","R","$","R","B"],"character_chosen":"DEFECT","items_purchased":["Shovel"],"campfire_rested":0,"item_purchase_floors":[10],"current_hp_per_floor":[74,74,56,53,53,53,35,35,35,35,35,32,32,32,32,0,0],"gold":69,"neow_bonus":"HUNDRED_GOLD","is_daily":false,"chose_seed":false,"campfire_upgraded":2,"win_rate":0.0,"timestamp":1614010945,"path_taken":["M","M","?","?","M","R","E","R","T","$","?","?","R","?","R","BOSS"],"items_purchased_type":["Relic"],"build_version":"2020-12-22","purchased_purges":0,"victory":false,"max_hp_per_floor":[75,75,75,75,75,75,75,75,75,75,75,75,75,75,75,75,75],"relic_stats":{"Blood Vial":4,"Shovel":2,"counters":[6,28],"Golden Idol":17,"Bird Faced Urn":[2],"Bag of Preparation":[8],"Orichalcum":[24],"obtain_stats":[{"Blood Vial":7,"Shovel":10,"Golden Idol":3,"Bird Faced Urn":15,"Bag of Preparation":4,"Orichalcum":9,"Cracked Core":0,"Akabeko":13},{"Blood Vial":4,"Shovel":4,"Golden Idol":2,"Bird Faced Urn":5,"Bag of Preparation":2,"Orichalcum":4,"Cracked Core":0,"Akabeko":5},{"Blood Vial":17,"Shovel":17,"Golden Idol":7,"Bird Faced Urn":20,"Bag of Preparation":7,"Orichalcum":17,"Cracked Core":0,"Akabeko":20}]},"card_choices":[{"not_picked":["Go for the Eyes","Turbo"],"picked":"Sunder","floor":1},{"not_picked":["Hologram","Gash"],"picked":"Ball Lightning","floor":2},{"not_picked":["Rebound","Streamline","Conserve Battery"],"picked":"SKIP","floor":5},{"not_picked":["Creative AI","Stack","Skim"],"picked":"SKIP","floor":7},{"not_picked":["Conserve Battery","Streamline"],"picked":"Loop","floor":12}],"player_experience":200367,"relics_obtained":[{"floor":7,"key":"Blood Vial"},{"floor":9,"key":"Orichalcum"},{"floor":13,"key":"Akabeko"},{"floor":15,"key":"Bird Faced Urn"}],"event_choices":[{"damage_healed":0,"gold_gain":0,"player_choice":"Take Damage","damage_taken":18,"relics_obtained":["Golden Idol"],"max_hp_gain":0,"max_hp_loss":0,"event_name":"Golden Idol","floor":3,"gold_loss":0},{"damage_healed":0,"gold_gain":0,"player_choice":"Success","damage_taken":3,"relics_obtained":["Bag of Preparation"],"max_hp_gain":0,"max_hp_loss":0,"event_name":"Scrap Ooze","floor":4,"gold_loss":0},{"cards_removed":["Strike_B"],"damage_healed":0,"gold_gain":0,"player_choice":"Purged","damage_taken":0,"max_hp_gain":0,"max_hp_loss":0,"event_name":"Purifier","floor":11,"gold_loss":0}],"is_beta":false,"boss_relics":[],"items_purged_floors":[],"is_endless":false,"potions_floor_spawned":[1,5],"killed_by":"The Guardian","ascension_level":1}}