{"host":"tnuwi4l1p9i8nc6x","time":1614006816,"event":{"mods":["Act Like it!","BaseMod","Better Third Choice","BetterRewards","Colored Map","Colored Powertips","Defuse TimeMaze Blight","Downfall","Friendly Minions","Hermit","Hubris","Infinite Spire","Jorbs\u0027s Wanderer Trilogy","Marisa????????","Minty Spire (QoL Compilation)","Permanent Neow","Rare Cards Sparkle","Remilia??????","Replay The Spire","Shop Mod","StSLib","The Bug Knight","The Construct","The Cursed","The Disciple","The Hierophant","The Jungle","The Necromancer","The Poker Player","The Runesmith","The Senshi","The Servant 0.9.4"],"gold_per_floor":[171,171,185,185,34,34,34,34,34],"floor_reached":8,"language":"ENG","playtime":571,"items_purged":[],"score":44,"play_id":"27757126-4371-4bfc-bea6-e21c87d29b42","local_time":"20210222101336","is_ascension_mode":false,"campfire_choices":[{"data":"stsjorbsmod:ArcaneForm","floor":7,"key":"SMITH"}],"circlet_count":0,"master_deck":["stsjorbsmod:ForbiddenGrimoire+1","stsjorbsmod:Strike_Wanderer","stsjorbsmod:Strike_Wanderer","stsjorbsmod:Strike_Wanderer","stsjorbsmod:Strike_Wanderer","stsjorbsmod:Defend_Wanderer","stsjorbsmod:Defend_Wanderer","stsjorbsmod:Defend_Wanderer+1","stsjorbsmod:Defend_Wanderer","stsjorbsmod:FreshAdventure+1","stsjorbsmod:EyeOfTheStorm","AbeCurse","stsjorbsmod:SchoolsOfMagic","stsjorbsmod:RefuseToForget","stsjorbsmod:LocateObject","stsjorbsmod:ArcaneForm+1"],"relics":["stsjorbsmod:GrimoireRelic","Tiny House","Abe\u0027s Treasure","hubris:Towel","Golden Idol","SsserpentHead"],"acts_visited":["Exordium"],"potions_floor_usage":[8],"damage_taken":[{"damage":15,"enemies":"Small Slimes","floor":1,"turns":5},{"damage":0,"enemies":"2 Louse","floor":3,"turns":3}],"seed_played":"6455960200779446059","potions_obtained":[{"floor":0,"key":"stsjorbsmod:LiquidClarity"}],"is_trial":false,"path_per_floor":["M","?","M","?","$","?","R","E"],"character_chosen":"WANDERER","items_purchased":["stsjorbsmod:ArcaneForm"],"campfire_rested":0,"item_purchase_floors":[5],"current_hp_per_floor":[62,62,64,46,46,46,46,0,0],"gold":34,"neow_bonus":"DOUBLE_BOSS_RELIC","is_daily":false,"chose_seed":false,"campfire_upgraded":1,"win_rate":0.0,"timestamp":1614006816,"path_taken":["M","?","M","?","$","?","R","E"],"items_purchased_type":["Card"],"build_version":"2020-12-22","purchased_purges":0,"victory":false,"max_hp_per_floor":[73,73,73,73,73,73,73,73,73],"card_choices":[{"not_picked":["stsjorbsmod:Aid","stsjorbsmod:Prepare"],"picked":"stsjorbsmod:SchoolsOfMagic","floor":0},{"not_picked":["stsjorbsmod:SmithingStrike","stsjorbsmod:Message"],"picked":"stsjorbsmod:RefuseToForget","floor":1},{"not_picked":["stsjorbsmod:Rest","stsjorbsmod:ParryingBlow"],"picked":"stsjorbsmod:LocateObject","floor":3}],"player_experience":733549,"relics_obtained":[],"event_choices":[{"damage_healed":0,"gold_gain":0,"player_choice":"Take Damage","damage_taken":18,"relics_obtained":["Golden Idol"],"max_hp_gain":0,"max_hp_loss":0,"event_name":"Golden Idol","floor":4,"gold_loss":0},{"damage_healed":0,"gold_gain":0,"player_choice":"Trade","damage_taken":0,"relics_obtained":["SsserpentHead"],"max_hp_gain":0,"max_hp_loss":0,"event_name":"FaceTrader","floor":6,"gold_loss":0}],"is_beta":false,"boss_relics":[],"items_purged_floors":[],"is_endless":false,"potions_floor_spawned":[],"killed_by":"3 Sentries","ascension_level":0}}