{"host":"vbnedsupt3437a3r","time":1614021258,"event":{"mods":["BaseMod","Minty Spire (QoL Compilation)"],"gold_per_floor":[112,112,11,29,29,55,55,55,81,94,123,140,153,179,179,281,281,294,294,306,317,317,347,359,359,437,437,454,454,481,497,497,599,599,614,633,3,21,34,34,61,61,84,34,69,81,94,94,94],"floor_reached":48,"language":"ENG","playtime":3810,"items_purged":["Strike_R","Regret","Normality"],"score":631,"play_id":"69e7aee2-796b-428d-ad2e-ebc82a8e6778","local_time":"20210222111418","is_ascension_mode":false,"campfire_choices":[{"floor":8.0,"key":"REST"},{"floor":15.0,"key":"REST"},{"floor":25.0,"key":"REST"},{"floor":29.0,"key":"REST"},{"floor":32.0,"key":"REST"},{"floor":40.0,"key":"REST"},{"floor":42.0,"key":"REST"}],"circlet_count":0,"master_deck":["Strike_R","Strike_R","Strike_R","Defend_R","Defend_R","Defend_R","Bash","Anger","Cleave","Ghostly Armor","Pommel Strike","Limit Break","Metallicize","Offering","Demon Form","Metallicize+1","Flame Barrier","Dark Embrace","Battle Trance","Evolve","Whirlwind","True Grit+1","Wild Strike","Bludgeon","Cleave+1","HandOfGreed+1","Parasite","Wild Strike+1","Inflame","True Grit+1","Feel No Pain","Inflame+1","Headbutt+1","Flame Barrier+1","Warcry+1"],"relics":["Fusion Hammer","Anchor","MealTicket","Smiling Mask","Dream Catcher","Toy Ornithopter","Cursed Key","MutagenicStrength","Ice Cream","Pear","Ancient Tea Set","Mark of Pain","Frozen Eye","Molten Egg 2","Strawberry","Omamori","Kunai"],"acts_visited":["Exordium","TheCity","TheBeyond"],"potions_floor_usage":[],"damage_taken":[{"damage":0.0,"enemies":"Small Slimes","floor":1.0,"turns":3.0},{"damage":0.0,"enemies":"2 Louse","floor":4.0,"turns":2.0},{"damage":3.0,"enemies":"Lagavulin","floor":6.0,"turns":3.0},{"damage":1.0,"enemies":"Cultist","floor":10.0,"turns":3.0},{"damage":0.0,"enemies":"3 Sentries","floor":11.0,"turns":7.0},{"damage":0.0,"enemies":"Blue Slaver","floor":12.0,"turns":3.0},{"damage":0.0,"enemies":"3 Louse","floor":13.0,"turns":3.0},{"damage":10.0,"enemies":"Gremlin Nob","floor":14.0,"turns":4.0},{"damage":40.0,"enemies":"Hexaghost","floor":16.0,"turns":8.0},{"damage":10.0,"enemies":"Shell Parasite","floor":18.0,"turns":4.0},{"damage":6.0,"enemies":"3 Byrds","floor":20.0,"turns":4.0},{"damage":14.0,"enemies":"Shelled Parasite and Fungi","floor":21.0,"turns":4.0},{"damage":26.0,"enemies":"Gremlin Leader","floor":23.0,"turns":5.0},{"damage":21.0,"enemies":"Snecko","floor":24.0,"turns":5.0},{"damage":0.0,"enemies":"Snake Plant","floor":27.0,"turns":2.0},{"damage":24.0,"enemies":"Sentry and Sphere","floor":28.0,"turns":7.0},{"damage":17.0,"enemies":"Book of Stabbing","floor":30.0,"turns":6.0},{"damage":12.0,"enemies":"Cultist and Chosen","floor":31.0,"turns":6.0},{"damage":31.0,"enemies":"Champ","floor":33.0,"turns":8.0},{"damage":13.0,"enemies":"3 Darklings","floor":35.0,"turns":3.0},{"damage":9.0,"enemies":"Orb Walker","floor":36.0,"turns":3.0},{"damage":21.0,"enemies":"Writhing Mass","floor":38.0,"turns":5.0},{"damage":6.0,"enemies":"3 Darklings","floor":39.0,"turns":2.0},{"damage":47.0,"enemies":"Nemesis","floor":41.0,"turns":5.0},{"damage":51.0,"enemies":"Giant Head","floor":45.0,"turns":7.0},{"damage":13.0,"enemies":"Transient","floor":46.0,"turns":5.0},{"damage":16.0,"enemies":"4 Shapes","floor":47.0,"turns":2.0},{"damage":47,"enemies":"Writhing Mass","floor":48,"turns":4}],"seed_played":"-7719142547892149644","potions_obtained":[{"floor":1.0,"key":"DistilledChaos"},{"floor":10.0,"key":"Regen Potion"},{"floor":12.0,"key":"SkillPotion"},{"floor":14.0,"key":"LiquidBronze"},{"floor":16.0,"key":"EntropicBrew"},{"floor":23.0,"key":"SkillPotion"},{"floor":24.0,"key":"SmokeBomb"},{"floor":28.0,"key":"LiquidMemories"},{"floor":31.0,"key":"LiquidMemories"},{"floor":39.0,"key":"FearPotion"},{"floor":41.0,"key":"SpeedPotion"},{"floor":45.0,"key":"PowerPotion"}],"is_trial":false,"path_per_floor":["M","?","$","M","?","E","?","R","T","M","E","M","M","E","R","B",null,"M","?","M","M","?","E","M","R","T","M","M","R","E","M","R","B",null,"M","M","$","M","M","R","E","R","T","$","E","M","M","M"],"character_chosen":"IRONCLAD","items_purchased":["Cleave","Frozen Eye","Molten Egg 2","HandOfGreed+1"],"campfire_rested":7,"item_purchase_floors":[3,37,37,37],"current_hp_per_floor":[80,80,80,80,55,52,52,76,76,75,75,75,75,73,80,45,80,70,70,74,65,50,29,13,38,48,53,29,57,45,33,61,30,95,82,73,88,72,66,94,59,89,89,102,51,43,27,0,0],"gold":94,"neow_bonus":"BOSS_RELIC","is_daily":false,"chose_seed":false,"campfire_upgraded":0,"win_rate":0.0,"timestamp":1614021258,"path_taken":["M","?","$","M","?","E","?","R","T","M","E","?","M","E","R","BOSS","M","?","M","M","?","E","M","R","T","M","M","R","E","M","R","BOSS","M","M","$","M","M","R","E","R","T","$","E","M","M","M"],"items_purchased_type":["Card","Relic","Relic","Card"],"build_version":"2020-12-22","purchased_purges":3,"victory":false,"max_hp_per_floor":[80,80,80,80,80,80,80,80,80,80,80,80,80,80,80,80,80,80,80,80,80,85,85,85,85,95,95,95,95,95,95,95,95,95,95,95,95,95,95,95,102,102,102,102,102,102,102,102,102],"card_choices":[{"not_picked":["Spot Weakness","Thunderclap","Clothesline"],"picked":"SKIP","floor":1.0},{"not_picked":["Iron Wave","Armaments","Cleave"],"picked":"SKIP","floor":4.0},{"not_picked":["Thunderclap","Sever Soul"],"picked":"Ghostly Armor","floor":6.0},{"not_picked":["Sword Boomerang","Brutality"],"picked":"Pommel Strike","floor":10.0},{"not_picked":["Clothesline","Wild Strike"],"picked":"Limit Break","floor":11.0},{"not_picked":["Thunderclap","Sword Boomerang"],"picked":"Metallicize","floor":12.0},{"not_picked":["Thunderclap","Iron Wave","Cleave"],"picked":"SKIP","floor":13.0},{"not_picked":["Pummel","Thunderclap","Perfected Strike"],"picked":"SKIP","floor":14.0},{"not_picked":["Infernal Blade","Anger"],"picked":"Offering","floor":15.0},{"not_picked":["Impervious","Barricade"],"picked":"Demon Form","floor":16.0},{"not_picked":["Feel No Pain","Perfected Strike+1","Flex"],"picked":"SKIP","floor":18.0},{"not_picked":["True Grit+1","Intimidate+1"],"picked":"Metallicize+1","floor":20.0},{"not_picked":["Clothesline","Warcry","Pummel"],"picked":"SKIP","floor":21.0},{"not_picked":["Headbutt","Dropkick"],"picked":"Flame Barrier","floor":23.0},{"not_picked":["Double Tap","Intimidate+1"],"picked":"Dark Embrace","floor":24.0},{"not_picked":["Iron Wave","Pommel Strike"],"picked":"Battle Trance","floor":25.0},{"not_picked":["Reckless Charge","Iron Wave"],"picked":"Evolve","floor":28.0},{"not_picked":["Wild Strike","Havoc"],"picked":"Whirlwind","floor":30.0},{"not_picked":["Havoc","Clash"],"picked":"True Grit+1","floor":31.0},{"not_picked":["Flex","Clash"],"picked":"Wild Strike","floor":32.0},{"not_picked":["Berserk","Brutality"],"picked":"Bludgeon","floor":33.0},{"not_picked":["Hemokinesis","Havoc"],"picked":"Cleave+1","floor":35.0},{"not_picked":["Headbutt","Uppercut","Battle Trance+1"],"picked":"SKIP","floor":36.0},{"not_picked":["Spot Weakness+1","Sword Boomerang+1"],"picked":"Wild Strike+1","floor":38.0},{"not_picked":["Shrug It Off","Cleave+1"],"picked":"Inflame","floor":39.0},{"not_picked":["Flex","Sword Boomerang+1"],"picked":"True Grit+1","floor":40.0},{"not_picked":["Sever Soul+1","Fire Breathing"],"picked":"Feel No Pain","floor":41.0},{"not_picked":["Hemokinesis+1","Reckless Charge+1"],"picked":"Inflame+1","floor":42.0},{"not_picked":["Bloodletting","Cleave+1"],"picked":"Headbutt+1","floor":45.0},{"not_picked":["Dual Wield","Uppercut+1"],"picked":"Flame Barrier+1","floor":46.0},{"not_picked":["Cleave+1","Clash+1"],"picked":"Warcry+1","floor":47.0}],"player_experience":188724,"relics_obtained":[{"floor":6.0,"key":"MealTicket"},{"floor":9.0,"key":"Smiling Mask"},{"floor":11.0,"key":"Dream Catcher"},{"floor":14.0,"key":"Toy Ornithopter"},{"floor":23.0,"key":"Ice Cream"},{"floor":26.0,"key":"Pear"},{"floor":30.0,"key":"Ancient Tea Set"},{"floor":41.0,"key":"Strawberry"},{"floor":43.0,"key":"Omamori"},{"floor":45.0,"key":"Kunai"}],"event_choices":[{"damage_healed":0.0,"max_hp_gain":0.0,"max_hp_loss":0.0,"gold_gain":0.0,"cards_transformed":["Strike_R"],"event_name":"Living Wall","player_choice":"Change","floor":2.0,"gold_loss":0.0,"damage_taken":0.0,"cards_obtained":["Anger"]},{"damage_healed":0.0,"max_hp_gain":0.0,"max_hp_loss":0.0,"gold_gain":0.0,"event_name":"Scrap Ooze","player_choice":"Success","floor":5.0,"gold_loss":0.0,"damage_taken":25.0,"relics_obtained":["Anchor"]},{"cards_removed":["Defend_R"],"damage_healed":0.0,"max_hp_gain":0.0,"max_hp_loss":0.0,"gold_gain":0.0,"event_name":"Purifier","player_choice":"Purged","floor":7.0,"gold_loss":0.0,"damage_taken":0.0},{"damage_healed":0.0,"max_hp_gain":0.0,"max_hp_loss":0.0,"gold_gain":0.0,"event_name":"Drug Dealer","player_choice":"Inject Mutagens","floor":19.0,"gold_loss":0.0,"damage_taken":0.0,"relics_obtained":["MutagenicStrength"]},{"damage_healed":0.0,"max_hp_gain":5.0,"max_hp_loss":0.0,"gold_gain":0.0,"event_name":"Forgotten Altar","player_choice":"Shed Blood","floor":22.0,"gold_loss":0.0,"damage_taken":20.0}],"is_beta":false,"boss_relics":[{"not_picked":["Coffee Dripper","Pandora\u0027s Box"],"picked":"Cursed Key"},{"not_picked":["Astrolabe","Velvet Choker"],"picked":"Mark of Pain"}],"items_purged_floors":[3,37,44],"is_endless":false,"potions_floor_spawned":[1,10,12,14,16,23,24,28,31,39,41,45],"killed_by":"Writhing Mass","ascension_level":0}}