{"host":"8rqsnaeml9gxb0kp","time":1614036044,"event":{"mods":["AchievementEnabler","BaseMod","Colored Powertips","Dark Map","Minty Spire (QoL Compilation)","Rare Cards Sparkle","Relic Stats","StSLib","slay the spire mod where everything is the same but ironclad has a cowboy hat"],"gold_per_floor":[115,132,151,168,188,188,217,237,237,237,237,237,262,278,278,373,373,384,384,584,241,261,261,289,301,301,301,144,163,163,178,178,276,276,288,33,33,33,45,45,96,96,172,203,203,203,203,215,215,215],"floor_reached":51,"language":"ENG","playtime":1824,"items_purged":[],"score":780,"play_id":"3ee2ce1e-059d-49be-ad85-8ea505a9e415","local_time":"20210222152044","is_ascension_mode":false,"campfire_choices":[{"data":"Bash","floor":6.0,"key":"SMITH"},{"floor":11.0,"key":"REST"},{"floor":15.0,"key":"REST"},{"floor":23.0,"key":"REST"},{"floor":27.0,"key":"REST"},{"floor":32.0,"key":"REST"},{"data":"1","floor":40.0,"key":"LIFT"},{"data":"2","floor":42.0,"key":"LIFT"},{"data":"3","floor":45.0,"key":"LIFT"},{"data":"Perfected Strike","floor":47.0,"key":"SMITH"},{"floor":49.0,"key":"REST"}],"circlet_count":0,"master_deck":["Strike_R","Strike_R","Strike_R","Strike_R","Strike_R","Defend_R","Defend_R","Defend_R","Defend_R","Bash+1","Thunderclap","Thunderclap","Pommel Strike","Armaments+1","Anger","Shrug It Off","Twin Strike+1","Iron Wave","Pommel Strike","Flex+1","Perfected Strike+1","Parasite"],"relics":["Burning Blood","Bag of Marbles","Bottled Lightning","Mercury Hourglass","Art of War","Busted Crown","Girya","Bird Faced Urn","Singing Bowl","Bag of Preparation","Lizard Tail","Mark of Pain","Toxic Egg 2","Unceasing Top","Molten Egg 2","Self Forming Clay"],"acts_visited":["Exordium","TheCity","TheBeyond"],"potions_floor_usage":[50,50],"damage_taken":[{"damage":6.0,"enemies":"Cultist","floor":1.0,"turns":3.0},{"damage":0.0,"enemies":"Small Slimes","floor":2.0,"turns":4.0},{"damage":1.0,"enemies":"Jaw Worm","floor":3.0,"turns":3.0},{"damage":5.0,"enemies":"Looter","floor":4.0,"turns":3.0},{"damage":18.0,"enemies":"Red Slaver","floor":5.0,"turns":4.0},{"damage":48.0,"enemies":"Lagavulin","floor":7.0,"turns":7.0},{"damage":11.0,"enemies":"Exordium Thugs","floor":8.0,"turns":5.0},{"damage":0.0,"enemies":"Gremlin Nob","floor":13.0,"turns":2.0},{"damage":2.0,"enemies":"Blue Slaver","floor":14.0,"turns":3.0},{"damage":66.0,"enemies":"The Guardian","floor":16.0,"turns":11.0},{"damage":20.0,"enemies":"Spheric Guardian","floor":18.0,"turns":4.0},{"damage":17.0,"enemies":"2 Thieves","floor":22.0,"turns":3.0},{"damage":45.0,"enemies":"Book of Stabbing","floor":24.0,"turns":6.0},{"damage":5.0,"enemies":"Centurion and Healer","floor":25.0,"turns":5.0},{"damage":6.0,"enemies":"3 Cultists","floor":29.0,"turns":5.0},{"damage":18.0,"enemies":"Snake Plant","floor":31.0,"turns":5.0},{"damage":68.0,"enemies":"Collector","floor":33.0,"turns":11.0},{"damage":9.0,"enemies":"3 Shapes","floor":35.0,"turns":5.0},{"damage":13.0,"enemies":"3 Darklings","floor":39.0,"turns":7.0},{"damage":20.0,"enemies":"2 Orb Walkers","floor":41.0,"turns":3.0},{"damage":16.0,"enemies":"Reptomancer","floor":44.0,"turns":4.0},{"damage":15.0,"enemies":"Writhing Mass","floor":48.0,"turns":4.0},{"damage":122,"enemies":"Awakened One","floor":50,"turns":15}],"seed_played":"8644617731598022921","potions_obtained":[{"floor":1.0,"key":"Swift Potion"},{"floor":3.0,"key":"GamblersBrew"},{"floor":8.0,"key":"DistilledChaos"},{"floor":13.0,"key":"DuplicationPotion"},{"floor":24.0,"key":"BlessingOfTheForge"},{"floor":35.0,"key":"ColorlessPotion"},{"floor":44.0,"key":"AttackPotion"},{"floor":48.0,"key":"ColorlessPotion"}],"is_trial":false,"path_per_floor":["M","M","M","M","M","R","E","M","T","$","R","?","E","M","R","B",null,"M","?","?","$","M","R","E","M","T","R","$","M","T","M","R","B",null,"M","$","?","$","M","R","?","R","T","E","R","?","R","M","R","B",null],"character_chosen":"IRONCLAD","items_purchased":["Girya","SteroidPotion","Bag of Preparation","Toxic Egg 2"],"campfire_rested":6,"item_purchase_floors":[21,21,28,36],"current_hp_per_floor":[80,80,80,80,68,68,26,21,21,21,45,45,51,55,79,19,80,66,51,51,51,40,65,26,27,27,52,52,54,54,44,70,10,91,88,88,86,86,81,81,67,67,67,59,59,61,61,54,82,21],"gold":215,"neow_bonus":"RANDOM_COMMON_RELIC","is_daily":false,"chose_seed":false,"campfire_upgraded":2,"win_rate":0.0,"timestamp":1614036044,"path_taken":["M","M","M","?","M","R","E","M","T","$","R","?","E","M","R","BOSS","M","?","?","$","M","R","E","M","T","R","$","?","?","M","R","BOSS","M","$","?","$","M","R","?","R","T","E","R","?","R","M","R","BOSS"],"items_purchased_type":["Relic","Potion","Relic","Relic"],"build_version":"2020-12-22","purchased_purges":0,"victory":true,"max_hp_per_floor":[80,80,80,80,80,80,80,80,80,80,80,80,80,80,80,80,80,80,85,85,85,85,85,85,85,85,85,85,87,87,89,89,91,91,91,91,86,86,88,88,88,88,88,90,90,92,92,94,94,94],"relic_stats":{"Lizard Tail":47,"Busted Crown":26,"Singing Bowl":14,"counters":[23,122],"Self Forming Clay":[60],"Bird Faced Urn":[0],"Art of War":[3],"Bag of Preparation":[18],"obtain_stats":[{"Girya":21,"Singing Bowl":26,"Self Forming Clay":44,"Bag of Preparation":28,"Burning Blood":0,"Mercury Hourglass":9,"Lizard Tail":30,"Busted Crown":17,"Bird Faced Urn":24,"Molten Egg 2":43,"Mark of Pain":34,"Bag of Marbles":0,"Art of War":13,"Bottled Lightning":7,"Toxic Egg 2":36,"Unceasing Top":41},{"Girya":11,"Singing Bowl":14,"Self Forming Clay":21,"Bag of Preparation":14,"Burning Blood":0,"Mercury Hourglass":7,"Lizard Tail":15,"Busted Crown":10,"Bird Faced Urn":13,"Molten Egg 2":20,"Mark of Pain":17,"Bag of Marbles":0,"Art of War":8,"Bottled Lightning":6,"Toxic Egg 2":18,"Unceasing Top":20},{"Girya":49,"Singing Bowl":63,"Self Forming Clay":103,"Bag of Preparation":63,"Burning Blood":0,"Mercury Hourglass":29,"Lizard Tail":68,"Busted Crown":45,"Bird Faced Urn":58,"Molten Egg 2":99,"Mark of Pain":84,"Bag of Marbles":0,"Art of War":31,"Bottled Lightning":24,"Toxic Egg 2":89,"Unceasing Top":99}],"Burning Blood":126,"Unceasing Top":[8],"Mercury Hourglass":[369]},"card_choices":[{"not_picked":["Shockwave","Reckless Charge","Inflame"],"picked":"SKIP","floor":1.0},{"not_picked":["True Grit","Armaments"],"picked":"Thunderclap","floor":2.0},{"not_picked":["Heavy Blade","Flex"],"picked":"Thunderclap","floor":3.0},{"not_picked":["Pummel","Thunderclap"],"picked":"Pommel Strike","floor":4.0},{"not_picked":["Rupture","Sword Boomerang"],"picked":"Armaments","floor":5.0},{"not_picked":["Body Slam","Brutality","Flex"],"picked":"SKIP","floor":7.0},{"not_picked":["Clash","Shockwave"],"picked":"Anger","floor":8.0},{"not_picked":["Sword Boomerang","Pommel Strike"],"picked":"Shrug It Off","floor":13.0},{"not_picked":["True Grit","Inflame","Flex"],"picked":"SKIP","floor":14.0},{"not_picked":["Battle Trance"],"picked":"SKIP","floor":18.0},{"not_picked":[],"picked":"Twin Strike+1","floor":22.0},{"not_picked":[],"picked":"Iron Wave","floor":24.0},{"not_picked":[],"picked":"Pommel Strike","floor":25.0},{"not_picked":["Blood for Blood"],"picked":"Singing Bowl","floor":29.0},{"not_picked":["Bloodletting+1"],"picked":"Singing Bowl","floor":31.0},{"not_picked":["Demon Form"],"picked":"Singing Bowl","floor":33.0},{"not_picked":[],"picked":"Flex+1","floor":35.0},{"not_picked":["Pommel Strike"],"picked":"Singing Bowl","floor":39.0},{"not_picked":[],"picked":"Perfected Strike","floor":41.0},{"not_picked":["Power Through+1"],"picked":"Singing Bowl","floor":44.0},{"not_picked":["HandOfGreed+1"],"picked":"Singing Bowl","floor":46.0},{"not_picked":["Uppercut+1"],"picked":"Singing Bowl","floor":48.0}],"player_experience":298498,"relics_obtained":[{"floor":7.0,"key":"Bottled Lightning"},{"floor":9.0,"key":"Mercury Hourglass"},{"floor":13.0,"key":"Art of War"},{"floor":24.0,"key":"Bird Faced Urn"},{"floor":26.0,"key":"Singing Bowl"},{"floor":30.0,"key":"Lizard Tail"},{"floor":41.0,"key":"Unceasing Top"},{"floor":43.0,"key":"Molten Egg 2"},{"floor":44.0,"key":"Self Forming Clay"}],"event_choices":[{"damage_healed":0.0,"max_hp_gain":0.0,"max_hp_loss":0.0,"gold_gain":0.0,"event_name":"Living Wall","player_choice":"Grow","floor":12.0,"gold_loss":0.0,"damage_taken":0.0,"cards_upgraded":["Armaments"]},{"damage_healed":0.0,"max_hp_gain":5.0,"max_hp_loss":0.0,"gold_gain":0.0,"event_name":"Forgotten Altar","player_choice":"Shed Blood","floor":19.0,"gold_loss":0.0,"damage_taken":20.0},{"damage_healed":0.0,"max_hp_gain":0.0,"max_hp_loss":0.0,"gold_gain":200.0,"event_name":"Wheel of Change","player_choice":"Gold","floor":20.0,"gold_loss":0.0,"damage_taken":0.0},{"damage_healed":0.0,"max_hp_gain":0.0,"max_hp_loss":5.0,"gold_gain":0.0,"event_name":"Winding Halls","player_choice":"Max HP","floor":37.0,"gold_loss":0.0,"damage_taken":0.0},{"damage_healed":0.0,"max_hp_gain":0.0,"max_hp_loss":0.0,"gold_gain":0.0,"event_name":"Mysterious Sphere","player_choice":"Fight","floor":41.0,"gold_loss":0.0,"damage_taken":0.0},{"damage_healed":0.0,"max_hp_gain":0.0,"max_hp_loss":0.0,"gold_gain":0.0,"event_name":"SensoryStone","player_choice":"Memory 1","floor":46.0,"gold_loss":0.0,"damage_taken":0.0}],"is_beta":false,"boss_relics":[{"not_picked":["Snecko Eye","Ectoplasm"],"picked":"Busted Crown"},{"not_picked":["Empty Cage","Pandora\u0027s Box"],"picked":"Mark of Pain"}],"items_purged_floors":[],"is_endless":false,"potions_floor_spawned":[1,3,8,13,22,24,25,31,35,44,48],"ascension_level":0}}