{"host":"fuszjwm6fqgjjp4d","time":1614030790,"event":{"mods":["BaseMod","Colored Map","Minty Spire (QoL Compilation)","Permanent Neow","Relic Sorter","Relic Stats","StSLib"],"gold_per_floor":[214,232,232,245,262,292,292,292,292],"floor_reached":8,"language":"ENG","playtime":249,"items_purged":[],"score":116,"play_id":"c924340f-138b-4b07-9b0d-5b46408986c0","local_time":"20210222155310","is_ascension_mode":true,"campfire_choices":[],"circlet_count":0,"master_deck":["AscendersBane","Strike_R","Strike_R","Strike_R","Strike_R","Defend_R","Defend_R","Defend_R","Defend_R","Bash","Iron Wave","Headbutt","Armaments","Thunderclap"],"relics":["Burning Blood","Dream Catcher"],"acts_visited":["Exordium"],"potions_floor_usage":[5,5],"damage_taken":[{"damage":1,"enemies":"Cultist","floor":1,"turns":3},{"damage":4,"enemies":"Jaw Worm","floor":2,"turns":5},{"damage":1,"enemies":"2 Louse","floor":4,"turns":3},{"damage":4,"enemies":"Gremlin Gang","floor":5,"turns":4},{"damage":50,"enemies":"Lagavulin","floor":6,"turns":7},{"damage":20,"enemies":"3 Sentries","floor":8,"turns":4}],"seed_played":"55000834625270000","potions_obtained":[{"floor":1,"key":"Fire Potion"},{"floor":4,"key":"Fire Potion"}],"is_trial":false,"path_per_floor":["M","M","?","M","M","E","?","E"],"character_chosen":"IRONCLAD","items_purchased":[],"campfire_rested":0,"item_purchase_floors":[],"current_hp_per_floor":[73,75,75,75,75,31,20,0,0],"gold":292,"neow_bonus":"HUNDRED_GOLD","is_daily":false,"chose_seed":false,"campfire_upgraded":0,"win_rate":0.0,"timestamp":1614030790,"path_taken":["M","M","?","?","M","E","?","E"],"items_purchased_type":[],"build_version":"2020-12-22","purchased_purges":0,"victory":false,"max_hp_per_floor":[75,75,75,75,75,75,75,75,75],"relic_stats":{"Dream Catcher":0,"counters":[6,26],"obtain_stats":[{"Dream Catcher":6,"Burning Blood":0},{"Dream Catcher":5,"Burning Blood":0},{"Dream Catcher":22,"Burning Blood":0}],"Burning Blood":23},"card_choices":[{"not_picked":["Dropkick","Sword Boomerang"],"picked":"Iron Wave","floor":1},{"not_picked":["Perfected Strike","Battle Trance"],"picked":"Headbutt","floor":2},{"not_picked":["Power Through","Sword Boomerang"],"picked":"Armaments","floor":4},{"not_picked":["Perfected Strike","Exhume","Rupture"],"picked":"SKIP","floor":5},{"not_picked":["Fire Breathing","Clothesline"],"picked":"Thunderclap","floor":6}],"player_experience":1517905,"relics_obtained":[{"floor":6,"key":"Dream Catcher"}],"event_choices":[{"cards_removed":["Strike_R"],"damage_healed":0,"gold_gain":0,"player_choice":"Offered Basic","damage_taken":0,"max_hp_gain":0,"max_hp_loss":0,"event_name":"Bonfire Elementals","floor":3,"gold_loss":0},{"damage_healed":0,"gold_gain":0,"player_choice":"Damaged","damage_taken":11,"max_hp_gain":0,"max_hp_loss":0,"event_name":"Wheel of Change","floor":7,"gold_loss":0}],"is_beta":false,"boss_relics":[],"items_purged_floors":[],"is_endless":false,"potions_floor_spawned":[1,4],"killed_by":"3 Sentries","ascension_level":20}}