{"host":"6he3f0ic6yesrium","time":1614011798,"event":{"mods":["BaseMod","Better Altar","Better Match","Better Note","Better Sensory Stone","Better Skull","Better Third Choice","Colored Map","Conspire","Duelist Mod","Hermit","Hubris","Marisa????????","Mimic Mod","Minty Spire (QoL Compilation)","Replay The Spire","Shade Mod","Somnambulant","Spire Arcade","Spire Birthday Party","StSLib","The Alterego","The Disciple","The Forsaken","The Hierophant","The Mystic","The Necromancer","The Runesmith","The Servant 0.9.4","The Valiant","TheVacant"],"gold_per_floor":[69,79,89,109,109,137,137,68,137,147,166,166,14,47,47,47,47],"floor_reached":16,"language":"ENG","playtime":939,"items_purged":[],"score":112,"play_id":"50c7b47e-e6f9-40d1-a39d-3e698fc006fb","local_time":"20210222113638","is_ascension_mode":false,"campfire_choices":[{"floor":7,"key":"REST"},{"data":"Radiance","floor":12,"key":"SMITH"},{"floor":15,"key":"REST"}],"circlet_count":0,"master_deck":["Strike_Valiant","Strike_Valiant","Strike_Valiant","Strike_Valiant","Strike_Valiant","Defend_Valiant","Defend_Valiant","Defend_Valiant","Defend_Valiant","BlindingLight+1","MinorHealing","MinorHealing","HolyFury","FlashOfAnger","ReduceToNothing+1","WreathOfFlame+1","CombatDance","Radiance+1","WideSmite","RecklessSmite","DivineFavor"],"relics":["Cross Pendant","hubris:FunFungus","Pet Ghost","Guide Book","Bag of Preparation"],"acts_visited":["Exordium"],"potions_floor_usage":[6,10,16,16],"damage_taken":[{"damage":0,"enemies":"conspire:RoseBush","floor":1,"turns":3},{"damage":1,"enemies":"Jaw Worm","floor":2,"turns":4},{"damage":10,"enemies":"Cultist","floor":3,"turns":3},{"damage":16,"enemies":"Lots of Slimes","floor":4,"turns":5},{"damage":43,"enemies":"Lagavulin","floor":6,"turns":11},{"damage":19,"enemies":"Exordium Wildlife","floor":10,"turns":6},{"damage":12,"enemies":"Looter","floor":11,"turns":4},{"damage":34,"enemies":"Gremlin Nob","floor":14,"turns":4},{"damage":77,"enemies":"The Guardian","floor":16,"turns":9}],"seed_played":"-3551734040171891130","potions_obtained":[{"floor":2,"key":"SkillPotion"},{"floor":6,"key":"PowerPotion"},{"floor":10,"key":"Elixir"},{"floor":11,"key":"Swift Potion"},{"floor":14,"key":"Energy Potion"}],"is_trial":false,"path_per_floor":["M","M","M","M","?","E","R","$","T","M","M","R","$","E","R","B"],"character_chosen":"TheValiant","items_purchased":["Radiance","Guide Book"],"campfire_rested":2,"item_purchase_floors":[8,13],"current_hp_per_floor":[100,99,95,82,61,34,64,64,64,60,60,60,60,29,59,0,0],"gold":47,"neow_bonus":"UPGRADE_CARD","is_daily":false,"chose_seed":false,"campfire_upgraded":1,"win_rate":0.0,"timestamp":1614011798,"path_taken":["M","M","M","M","?","E","R","$","T","M","M","R","$","E","R","BOSS"],"items_purchased_type":["Card","Relic"],"build_version":"2020-12-22","purchased_purges":0,"victory":false,"max_hp_per_floor":[100,100,100,100,100,100,100,100,100,100,100,100,100,100,100,100,100],"card_choices":[{"not_picked":["Charge","EmpoweringForce"],"picked":"HolyFury","floor":1},{"not_picked":["ArcaneHealing","Meaballize"],"picked":"FlashOfAnger","floor":2},{"not_picked":["Zen","AbandonReason","HolyLight"],"picked":"SKIP","floor":3},{"not_picked":["RecklessSmite","PushOnward"],"picked":"ReduceToNothing","floor":4},{"not_picked":["Chainer","ZealousPersecution"],"picked":"CombatDance","floor":6},{"not_picked":["DeadlyPlay","Sharpen"],"picked":"WideSmite","floor":10},{"not_picked":["ZealousSmite","CombatDance"],"picked":"RecklessSmite","floor":11},{"not_picked":["SoulStrain","Vindication"],"picked":"DivineFavor","floor":14}],"player_experience":404272,"relics_obtained":[{"floor":6,"key":"Pet Ghost"},{"floor":14,"key":"Bag of Preparation"}],"event_choices":[],"is_beta":false,"boss_relics":[],"items_purged_floors":[],"is_endless":false,"potions_floor_spawned":[2,6,10,11,14],"killed_by":"The Guardian","ascension_level":0}}