{"host":"wmojtwekh6s3tor5","time":1614007984,"event":{"mods":["BaseMod","Colored Map","Colored Powertips","DeckTracker","Highlight Path","Minty Spire (QoL Compilation)","Quick Restart","StSLib"],"gold_per_floor":[112,75,75,40,56,56,73,73,73,73,23,57,57,87,87,188,188,199,199,124,124,141,141,173,173,173],"floor_reached":25,"language":"ZHS","playtime":1119,"items_purged":["Strike_P"],"score":325,"play_id":"077fb69f-ab7b-41ee-ab6e-476993ac3c56","local_time":"20210222233304","is_ascension_mode":true,"campfire_choices":[{"data":"SignatureMove","floor":6.0,"key":"SMITH"},{"data":"Vigilance","floor":8.0,"key":"SMITH"},{"floor":10.0,"key":"REST"},{"data":"Sanctity","floor":15.0,"key":"SMITH"},{"floor":23.0,"key":"REST"}],"circlet_count":0,"master_deck":["Strike_P","Strike_P","Defend_P","Defend_P","Defend_P","Defend_P","Eruption+1","Vigilance+1","SignatureMove+1","Conclude+1","EmptyFist+1","WaveOfTheHand","Sanctity+1","WreathOfFlame","SignatureMove+1"],"relics":["PureWater","Molten Egg 2","Eternal Feather","Akabeko","Blue Candle","Sozu","Enchiridion","Pantograph"],"acts_visited":["Exordium","TheCity"],"potions_floor_usage":[],"damage_taken":[{"damage":1.0,"enemies":"2 Louse","floor":1.0,"turns":2.0},{"damage":2.0,"enemies":"Jaw Worm","floor":5.0,"turns":5.0},{"damage":0.0,"enemies":"Cultist","floor":7.0,"turns":1.0},{"damage":10.0,"enemies":"Lagavulin","floor":12.0,"turns":3.0},{"damage":0.0,"enemies":"Gremlin Nob","floor":14.0,"turns":2.0},{"damage":30.0,"enemies":"The Guardian","floor":16.0,"turns":8.0},{"damage":6.0,"enemies":"Shell Parasite","floor":18.0,"turns":3.0},{"damage":0.0,"enemies":"Chosen","floor":22.0,"turns":2.0},{"damage":6,"enemies":"Slavers","floor":24,"turns":5},{"damage":14,"enemies":"Snake Plant","floor":25,"turns":3}],"seed_played":"-3325646146590128866","potions_obtained":[{"floor":1.0,"key":"Weak Potion"},{"floor":14.0,"key":"Regen Potion"}],"is_trial":false,"path_per_floor":["M","?","T","$","M","R","M","R","T","R","?","E","?","E","R","B",null,"M","?","$","?","M","R","E","M"],"character_chosen":"WATCHER","items_purchased":["Conclude+1"],"campfire_rested":2,"item_purchase_floors":[4],"current_hp_per_floor":[64,64,64,64,62,62,62,62,62,72,72,62,67,67,73,43,69,63,47,47,47,47,76,70,56,56],"gold":173,"neow_bonus":"UPGRADE_CARD","is_daily":false,"chose_seed":false,"campfire_upgraded":3,"win_rate":0.0,"timestamp":1614007984,"path_taken":["M","?","?","$","?","R","M","R","T","R","?","E","?","E","R","BOSS","M","?","$","?","M","R","E","M"],"items_purchased_type":["Card"],"build_version":"2020-12-22","purchased_purges":1,"victory":false,"max_hp_per_floor":[72,72,72,72,72,72,72,72,72,72,72,72,77,77,77,77,77,77,77,77,77,77,77,77,77,77],"card_choices":[{"not_picked":["FlurryOfBlows","Vengeance"],"picked":"SignatureMove","floor":1.0},{"not_picked":["Weave+1","ForeignInfluence","EmptyFist+1"],"picked":"SKIP","floor":5.0},{"not_picked":["Consecrate+1","Nirvana"],"picked":"EmptyFist+1","floor":7.0},{"not_picked":["Prostrate","Evaluate"],"picked":"WaveOfTheHand","floor":12.0},{"not_picked":["Protect","FlyingSleeves+1"],"picked":"Sanctity","floor":14.0},{"not_picked":["FollowUp+1","EmptyBody","FlurryOfBlows+1"],"picked":"SKIP","floor":18.0},{"not_picked":["ThirdEye","Consecrate+1"],"picked":"WreathOfFlame","floor":22.0},{"not_picked":["Evaluate","Consecrate+1"],"picked":"SignatureMove+1","floor":24}],"player_experience":690974,"relics_obtained":[{"floor":3.0,"key":"Molten Egg 2"},{"floor":9.0,"key":"Eternal Feather"},{"floor":12.0,"key":"Akabeko"},{"floor":14.0,"key":"Blue Candle"},{"floor":19.0,"key":"Enchiridion"},{"floor":24,"key":"Pantograph"}],"event_choices":[{"damage_healed":0.0,"max_hp_gain":0.0,"max_hp_loss":0.0,"gold_gain":0.0,"event_name":"World of Goop","player_choice":"Left Gold","floor":2.0,"gold_loss":37.0,"damage_taken":0.0},{"cards_removed":["Strike_P"],"damage_healed":0.0,"max_hp_gain":0.0,"max_hp_loss":0.0,"gold_gain":0.0,"event_name":"The Cleric","player_choice":"Card Removal","floor":11.0,"gold_loss":50.0,"damage_taken":0.0},{"damage_healed":0.0,"max_hp_gain":5.0,"max_hp_loss":0.0,"gold_gain":0.0,"event_name":"Big Fish","player_choice":"Donut","floor":13.0,"gold_loss":0.0,"damage_taken":0.0},{"damage_healed":0.0,"max_hp_gain":0.0,"max_hp_loss":0.0,"gold_gain":0.0,"event_name":"Cursed Tome","player_choice":"Obtained Book","floor":19.0,"gold_loss":0.0,"damage_taken":16.0},{"damage_healed":0.0,"max_hp_gain":0.0,"max_hp_loss":0.0,"gold_gain":0.0,"event_name":"Ghosts","player_choice":"Ignored","floor":21.0,"gold_loss":0.0,"damage_taken":0.0}],"is_beta":false,"boss_relics":[{"not_picked":["Runic Dome","Calling Bell"],"picked":"Sozu"}],"items_purged_floors":[20],"is_endless":false,"potions_floor_spawned":[1,14,18,22],"killed_by":"Snake Plant","ascension_level":6}}