{"host":"tcdxiwht2vajk3tk","time":1614024327,"event":{"mods":["AchievementEnabler","BaseMod","Beaked The Cultist","Colored Powertips","Conspire","Defuse TimeMaze Blight","Downfall","Halation","Hermit","Hubris","Infinite Spire","Lobotomy","LobotomyExtend","Minty Spire (QoL Compilation)","Replay The Spire","Shop Mod","StSLib","The Cursed","The Disciple"],"gold_per_floor":[139,139,84,84,49,49,127,127,127,226,226,307,307,403,403,634,634,685,685,74,74,74,74,74,74,144,144,144,144,144,222,222,447,447,498,254,254,254,347,347,347,347,347,446,446,551,551,626,626,626,626],"floor_reached":50,"language":"ENG","playtime":2654,"items_purged":["HeroicMonk"],"score":1647,"play_id":"6a11b121-8536-4e36-982a-b7f602308941","local_time":"20210222150527","daily_mods":["Flight","DeadlyEvents","Elite Swarm","Lethality","Midas"],"is_ascension_mode":true,"campfire_choices":[{"floor":15.0,"key":"REST"},{"floor":27.0,"key":"REST"}],"circlet_count":0,"master_deck":["SpecialBullet","SpecialBullet","SpecialBullet","SpecialBullet","SpecialBullet","SpecialBullet","SpecialBullet","SpecialBullet","RecordCode","InformationCode","ControlCode","Scorched","RedEyes","CrimsonScar","CUTE","Strike_R+1","CENSORED_ego","Soda+1","MHz","Mimicry","BlackSwan","GoldRush","Wellcheers","ParadiseLost+2","OldLady","SoundOfStar","GreedKing","DaCapo","NakedNest","BlueScar","GreenStem","Specialist","Amita","SecurityCode","TrainingCode","BodiesMountain","infinitespire:Execution","Adoration","Adoration","CentralCode","Mercenary","DaCapo","TheSmile","Lantern","Penitence","SpecialBullet","SpecialBullet","SpecialBullet","SpecialBullet","SpecialBullet","SpecialBullet","SpecialBullet","SpecialBullet","RecordCode","InformationCode","ControlCode","Scorched","RedEyes","CrimsonScar","CUTE","Strike_R+1","CENSORED_ego","Soda+1","MHz","Mimicry","BlackSwan","GoldRush","Wellcheers","ParadiseLost+2","OldLady","SoundOfStar","GreedKing","DaCapo","NakedNest","BlueScar","GreenStem","Specialist","Amita","SecurityCode","TrainingCode","BodiesMountain","infinitespire:Execution","Adoration","Adoration","CentralCode","Mercenary","DaCapo","TheSmile","Lantern","Penitence","Woodsman","TheSmile","Mimicry","WelfareCode","DisciplinaryCode","ExtractionCode","Twilight","ParadiseLost","ParadiseLost","Mimicry","SingingMachine","CENSORED_ego","Twilight"],"relics":["CogitoBucket","replay:Trail_Library","LetterFromLob","Unceasing Top","hubris:Metronome","Replay:Rubber Ducky","StoneCalendar","Sundial","Philosopher\u0027s Stone","Theresia","Moonlight_r","MerchantsRug","Pantograph","halation:Prosthetics","Counterbalance","Heaven_r","ReplayTheSpireMod:Shallot","halation:LettersToHer","conspire:RoyalGoblet","ReplayFunnel","Simple Rune","Blood Vial","bronze:BronzeIdol","The Courier","Girya","Iron Hammer"],"acts_visited":["Exordium","TheCity","TheBeyond"],"potions_floor_usage":[],"damage_taken":[{"damage":15.0,"enemies":"Small Slimes","floor":1.0,"turns":2.0},{"damage":26.0,"enemies":"3 Sentries","floor":7.0,"turns":4.0},{"damage":11.0,"enemies":"Gremlin Nob","floor":10.0,"turns":3.0},{"damage":9.0,"enemies":"Lagavulin","floor":12.0,"turns":5.0},{"damage":26.0,"enemies":"3 Sentries","floor":14.0,"turns":3.0},{"damage":0.0,"enemies":"Slime Boss","floor":16.0,"turns":5.0},{"damage":0.0,"enemies":"conspire:FuzzyDice","floor":18.0,"turns":3.0},{"damage":0.0,"enemies":"Book of Stabbing","floor":25.0,"turns":3.0},{"damage":8,"enemies":"Nightmare","floor":31,"turns":4},{"damage":13,"enemies":"hubris:MusketHawk","floor":33,"turns":4},{"damage":5,"enemies":"3 Shapes","floor":35,"turns":4},{"damage":47,"enemies":"Nemesis","floor":39,"turns":3},{"damage":22,"enemies":"beaked:SuperParasite","floor":44,"turns":4},{"damage":11,"enemies":"Nemesis","floor":46,"turns":3},{"damage":0,"enemies":"Reptomancer","floor":48,"turns":2},{"damage":23,"enemies":"hubris:GrandSnecko","floor":50,"turns":3}],"seed_played":"-9093513740340192376","potions_obtained":[{"floor":10.0,"key":"Energy Potion"},{"floor":16.0,"key":"Weak Potion"},{"floor":39,"key":"Regen Potion"},{"floor":46,"key":"Energy Potion"},{"floor":48,"key":"PowerPotion"}],"is_trial":true,"path_per_floor":["M","?","$","?","?","R","E","R","T","E","R","E","R","E","R","B",null,"M","?","$","AVR","?","R","R","E","T","R","$","R","R","NM","R","B",null,"M","$","AVR","?","E","R","R","R","T","E","R","E","R","E","R","B"],"character_chosen":"Angela","items_purchased":["Soda","MerchantsRug","GreenStem","Pantograph","Specialist","ReplayFunnel"],"campfire_rested":2,"item_purchase_floors":[3,20,20,20,20,36],"current_hp_per_floor":[48,48,48,48,65,65,39,39,39,28,28,26,26,6,29,37,71,75,42,42,42,45,45,45,4,4,23,23,23,23,27,27,61,70,77,77,77,113,95,95,95,95,95,111,111,121,121,125,125,0,0],"gold":626,"neow_bonus":"","is_daily":false,"chose_seed":false,"campfire_upgraded":0,"win_rate":0.0,"timestamp":1614024327,"path_taken":["M","?","?","?","?","R","?","R","T","E","R","E","R","E","R","BOSS","M","?","$","AVR","?","R","R","E","T","R","?","R","R","NM","R","BOSS","M","$","AVR","?","?","R","R","R","T","E","R","E","R","E","R","BOSS"],"items_purchased_type":["Card","Relic","Card","Relic","Card","Relic"],"build_version":"2020-12-22","purchased_purges":1,"victory":false,"max_hp_per_floor":[70,70,70,70,70,70,70,70,70,70,70,74,74,78,78,82,82,86,86,86,51,54,54,54,65,65,65,65,65,65,69,69,73,73,77,77,77,113,117,117,117,117,117,121,121,121,121,125,125,125,125],"card_choices":[{"not_picked":["Funeral","PunishingBird"],"picked":"Scorched","floor":1.0},{"not_picked":["Wingbeat"],"picked":"RedEyes","floor":1.0},{"not_picked":["CrumblingArmor","CherryBlossoms"],"picked":"MHz","floor":7.0},{"not_picked":["DaCapo"],"picked":"Mimicry","floor":7.0},{"not_picked":["Funeral","FairyFestival"],"picked":"BlackSwan","floor":10.0},{"not_picked":["Justitia"],"picked":"GoldRush","floor":10.0},{"not_picked":["FairyFestival","UniverseFragment"],"picked":"Wellcheers","floor":12.0},{"not_picked":["Twilight"],"picked":"ParadiseLost","floor":12.0},{"not_picked":["FairyFestival","Murderer"],"picked":"OldLady","floor":14.0},{"not_picked":["ParadiseLost"],"picked":"SoundOfStar","floor":14.0},{"not_picked":["SpiderBud","UniverseFragment"],"picked":"GreedKing","floor":16.0},{"not_picked":["GoldRush"],"picked":"DaCapo","floor":16.0},{"not_picked":["LongBird","CherryBlossoms"],"picked":"NakedNest","floor":18.0},{"not_picked":["SomewhereSpear"],"picked":"BlueScar","floor":18.0},{"not_picked":["OSAHOGD","DreamingCurrent"],"picked":"BodiesMountain","floor":31},{"not_picked":["infinitespire:Menacing","ReplayTheSpireMod:Chaos Vortex"],"picked":"infinitespire:Execution","floor":31},{"not_picked":["ParadiseLost"],"picked":"Adoration","floor":31},{"not_picked":["Justitia"],"picked":"Adoration","floor":31},{"not_picked":["NothingThere","LittleHelper"],"picked":"Mercenary","floor":33},{"not_picked":["Adoration"],"picked":"DaCapo","floor":33},{"not_picked":["SoundOfStar"],"picked":"TheSmile","floor":33},{"not_picked":["MeatLantern","Porccubus"],"picked":"HeroicMonk","floor":35},{"not_picked":["GreenStem+1"],"picked":"Lantern","floor":35},{"not_picked":["Noise+1"],"picked":"Penitence","floor":35},{"not_picked":["LittlePrince","CENSORED"],"picked":"Woodsman","floor":39},{"not_picked":["CENSORED_ego"],"picked":"TheSmile","floor":39},{"not_picked":["Twilight"],"picked":"Mimicry","floor":39},{"not_picked":["Alriune","Scarecrow"],"picked":"Yin","floor":44},{"not_picked":["DaCapo"],"picked":"Twilight","floor":44},{"not_picked":["Adoration"],"picked":"ParadiseLost","floor":44},{"not_picked":["GoldRush"],"picked":"ParadiseLost","floor":46},{"not_picked":["CENSORED_ego"],"picked":"Mimicry","floor":46},{"not_picked":["Murderer","HappyTeddy"],"picked":"SingingMachine","floor":48},{"not_picked":["GoldRush"],"picked":"CENSORED_ego","floor":48},{"not_picked":["Adoration"],"picked":"Twilight","floor":48}],"player_experience":1863240,"relics_obtained":[{"floor":1.0,"key":"LetterFromLob"},{"floor":7.0,"key":"Unceasing Top"},{"floor":9.0,"key":"hubris:Metronome"},{"floor":10.0,"key":"Replay:Rubber Ducky"},{"floor":12.0,"key":"StoneCalendar"},{"floor":14.0,"key":"Sundial"},{"floor":26.0,"key":"ReplayTheSpireMod:Shallot"},{"floor":31,"key":"halation:LettersToHer"},{"floor":39,"key":"Blood Vial"},{"floor":43,"key":"halation:LettersToHer"},{"floor":43,"key":"bronze:BronzeIdol"},{"floor":44,"key":"The Courier"},{"floor":46,"key":"Girya"},{"floor":48,"key":"Iron Hammer"}],"event_choices":[{"damage_healed":0.0,"max_hp_gain":0.0,"max_hp_loss":0.0,"gold_gain":0.0,"event_name":"Match and Keep!","player_choice":"4 cards matched","floor":2.0,"gold_loss":0.0,"damage_taken":0.0,"cards_obtained":["CrimsonScar","CUTE","Strike_R","CENSORED_ego"]},{"damage_healed":17.0,"max_hp_gain":0.0,"max_hp_loss":0.0,"gold_gain":0.0,"event_name":"The Cleric","player_choice":"Healed","floor":5.0,"gold_loss":35.0,"damage_taken":0.0}],"is_beta":false,"boss_relics":[{"not_picked":["conspire:RunicOctahedron","Black Star"],"picked":"Philosopher\u0027s Stone"},{"not_picked":["bronze:MakeshiftBattery","infinitespire:Cupcake"],"picked":"conspire:RoyalGoblet"}],"items_purged_floors":[36],"is_endless":true,"potions_floor_spawned":[10,16,25,39,46,48],"killed_by":"hubris:GrandSnecko","ascension_level":20}}