{"host":"dowi7cgbhepuzvpj","time":1614003357,"event":{"mods":["AchievementEnabler","BaseMod","Keyboard Shortcuts","Minty Spire (QoL Compilation)","Permanent Neow","Quick Restart","StSLib","SuperFastMode"],"gold_per_floor":[141,141,178,353,367,367,57,84,84,96,96,111,111,131,131,229,229,249,99,99,24,41,69,69,69,69,69,79,79,79,179,179,284,284,295,295,322,198,210,235,285,64,89,89,89,104,114,125,125,125],"floor_reached":51,"language":"KOR","playtime":2209,"items_purged":["Wish","Conclude"],"score":1127,"play_id":"7dabb4f8-cdfc-4735-81ad-f3f8813f35c0","local_time":"20210222231557","is_ascension_mode":true,"campfire_choices":[{"data":"Vigilance","floor":6.0,"key":"SMITH"},{"data":"FlurryOfBlows","floor":11.0,"key":"SMITH"},{"data":"Vault","floor":15.0,"key":"SMITH"},{"data":"TalkToTheHand","floor":25.0,"key":"SMITH"},{"data":"MasterReality","floor":27.0,"key":"SMITH"},{"data":"WindmillStrike","floor":30.0,"key":"SMITH"},{"data":"Wallop","floor":32.0,"key":"SMITH"},{"floor":44,"key":"REST"},{"floor":49,"key":"REST"}],"circlet_count":0,"master_deck":["AscendersBane","Eruption+1","Vigilance+1","DeceiveReality+1","BattleHymn","EmptyFist","FlurryOfBlows+1","Wallop+1","Vault+1","Wallop","TalkToTheHand+1","FollowUp","Tantrum","WindmillStrike+1","Adaptation","Meditate+1","EmptyBody","FlurryOfBlows","FlurryOfBlows","FollowUp+1","TalkToTheHand","Madness","Madness","TalkToTheHand+1","ClearTheMind+1","InnerPeace","Study+1"],"relics":["Pandora\u0027s Box","Sling","Eternal Feather","Meat on the Bone","Empty Cage","War Paint","Bronze Scales","Prayer Wheel","InkBottle","Fusion Hammer","Anchor","Boot","FossilizedHelix","Lantern","Centennial Puzzle"],"acts_visited":["Exordium","TheCity","TheBeyond"],"potions_floor_usage":[50],"damage_taken":[{"damage":11.0,"enemies":"Cultist","floor":1.0,"turns":6.0},{"damage":14.0,"enemies":"2 Louse","floor":3.0,"turns":4.0},{"damage":8.0,"enemies":"Small Slimes","floor":5.0,"turns":2.0},{"damage":7.0,"enemies":"3 Sentries","floor":8.0,"turns":7.0},{"damage":8.0,"enemies":"3 Louse","floor":10.0,"turns":3.0},{"damage":1.0,"enemies":"Blue Slaver","floor":12.0,"turns":4.0},{"damage":11.0,"enemies":"Looter","floor":14.0,"turns":3.0},{"damage":0.0,"enemies":"Slime Boss","floor":16.0,"turns":5.0},{"damage":2.0,"enemies":"Shell Parasite","floor":18.0,"turns":4.0},{"damage":4.0,"enemies":"Chosen","floor":22.0,"turns":4.0},{"damage":7.0,"enemies":"Gremlin Leader","floor":23.0,"turns":4.0},{"damage":0.0,"enemies":"Snecko","floor":28.0,"turns":6.0},{"damage":20.0,"enemies":"Colosseum Slavers","floor":31.0,"turns":3.0},{"damage":0.0,"enemies":"Colosseum Nobs","floor":31.0,"turns":5.0},{"damage":38,"enemies":"Collector","floor":33,"turns":9},{"damage":6,"enemies":"3 Darklings","floor":35,"turns":4},{"damage":21,"enemies":"3 Shapes","floor":39,"turns":6},{"damage":7,"enemies":"Nemesis","floor":40,"turns":6},{"damage":3,"enemies":"Mind Bloom Boss Battle","floor":41,"turns":5},{"damage":0,"enemies":"3 Darklings","floor":46,"turns":4},{"damage":0,"enemies":"Transient","floor":47,"turns":5},{"damage":0,"enemies":"Maw","floor":48,"turns":6},{"damage":38,"enemies":"Awakened One","floor":50,"turns":8}],"seed_played":"-6202161652054860511","potions_obtained":[{"floor":8.0,"key":"Energy Potion"},{"floor":10.0,"key":"FairyPotion"},{"floor":12.0,"key":"BottledMiracle"},{"floor":16.0,"key":"GamblersBrew"},{"floor":28.0,"key":"Swift Potion"},{"floor":33,"key":"Block Potion"}],"is_trial":false,"path_per_floor":["M","?","M","?","M","R","$","E","T","M","R","M","?","M","R","B",null,"M","$","?","?","M","E","?","R","T","R","M","?","R","?","R","B",null,"M","?","T","$","M","E","?","$","T","R","?","M","M","M","R","B",null],"character_chosen":"WATCHER","items_purchased":["Sling","Vault","WindmillStrike","FlurryOfBlows","TalkToTheHand","Lantern"],"campfire_rested":2,"item_purchase_floors":[7,7,19,38,42,42],"current_hp_per_floor":[54,40,26,26,18,18,18,11,11,15,24,35,28,29,38,38,64,62,62,62,62,58,51,51,60,60,69,69,69,72,52,61,35,63,57,57,57,57,48,41,38,38,38,71,62,62,62,62,72,46],"gold":125,"neow_bonus":"BOSS_RELIC","is_daily":false,"chose_seed":false,"campfire_upgraded":7,"win_rate":0.0,"timestamp":1614003357,"path_taken":["M","?","M","?","M","R","$","E","T","M","R","M","?","M","R","BOSS","M","$","?","?","M","E","?","R","T","R","M","?","R","?","R","BOSS","M","?","?","$","?","E","?","$","T","R","?","M","M","M","R","BOSS"],"items_purchased_type":["Relic","Card","Card","Card","Card","Relic"],"build_version":"2020-12-22","purchased_purges":2,"victory":true,"max_hp_per_floor":[72,72,72,72,72,72,72,72,72,72,72,72,72,72,72,72,72,72,72,72,72,72,72,72,72,72,72,72,72,72,72,72,72,72,72,72,72,72,72,72,72,72,72,72,72,72,72,72,72,72],"card_choices":[{"not_picked":["Crescendo","Protect"],"picked":"EmptyFist","floor":1.0},{"not_picked":["ClearTheMind","CrushJoints"],"picked":"FlurryOfBlows","floor":3.0},{"not_picked":["EmptyBody","EmptyFist"],"picked":"Wallop","floor":5.0},{"not_picked":["PathToVictory","EmptyBody"],"picked":"Wallop","floor":8.0},{"not_picked":["SashWhip","FollowUp"],"picked":"TalkToTheHand","floor":10.0},{"not_picked":["JustLucky","Perseverance"],"picked":"SandsOfTime","floor":12.0},{"not_picked":["CutThroughFate","Halt"],"picked":"FollowUp","floor":14.0},{"not_picked":["Halt","Collect+1"],"picked":"Tantrum","floor":18.0},{"not_picked":["BowlingBash","ClearTheMind+1"],"picked":"Adaptation","floor":22.0},{"not_picked":["WreathOfFlame+1","Evaluate"],"picked":"Meditate+1","floor":23.0},{"not_picked":["FlyingSleeves","BattleHymn","CarveReality"],"picked":"SKIP","floor":28.0},{"not_picked":["DeceiveReality","JustLucky+1","BowlingBash"],"picked":"SKIP","floor":35},{"not_picked":["Indignation","FlyingSleeves+1","Nirvana"],"picked":"SKIP","floor":35},{"not_picked":["CrushJoints+1","SashWhip+1"],"picked":"FlurryOfBlows","floor":39},{"not_picked":["Protect+1","JustLucky+1","SandsOfTime+1"],"picked":"SKIP","floor":39},{"not_picked":["BowlingBash","Prostrate"],"picked":"FollowUp+1","floor":40},{"not_picked":["FlyingSleeves+1","Protect+1"],"picked":"TalkToTheHand+1","floor":46},{"not_picked":["Halt","Crescendo+1","ThirdEye"],"picked":"SKIP","floor":46},{"not_picked":["Halt","EmptyFist"],"picked":"ClearTheMind+1","floor":47},{"not_picked":["Sanctity+1","WaveOfTheHand"],"picked":"InnerPeace","floor":47},{"not_picked":["Halt","EmptyBody+1"],"picked":"Study+1","floor":48},{"not_picked":["Tantrum","Wireheading","LessonLearned"],"picked":"SKIP","floor":48}],"player_experience":890043,"relics_obtained":[{"floor":8.0,"key":"Eternal Feather"},{"floor":9.0,"key":"Meat on the Bone"},{"floor":23.0,"key":"War Paint"},{"floor":31.0,"key":"Prayer Wheel"},{"floor":31.0,"key":"InkBottle"},{"floor":37,"key":"Anchor"},{"floor":40,"key":"Boot"},{"floor":41,"key":"FossilizedHelix"},{"floor":43,"key":"Centennial Puzzle"}],"event_choices":[{"damage_healed":0.0,"max_hp_gain":0.0,"max_hp_loss":0.0,"gold_gain":0.0,"event_name":"Shining Light","player_choice":"Entered Light","floor":2.0,"gold_loss":0.0,"damage_taken":14.0,"cards_upgraded":["Wireheading","Eruption"]},{"damage_healed":0.0,"max_hp_gain":0.0,"max_hp_loss":0.0,"gold_gain":175.0,"event_name":"Liars Game","player_choice":"AGREE","floor":4.0,"gold_loss":0.0,"damage_taken":0.0,"cards_obtained":["Doubt"]},{"cards_removed":["Devotion"],"damage_healed":0.0,"max_hp_gain":0.0,"max_hp_loss":0.0,"gold_gain":0.0,"event_name":"Golden Wing","player_choice":"Card Removal","floor":13.0,"gold_loss":0.0,"damage_taken":7.0},{"damage_healed":0.0,"max_hp_gain":0.0,"max_hp_loss":0.0,"gold_gain":0.0,"event_name":"Vampires","player_choice":"Ignored","floor":20.0,"gold_loss":0.0,"damage_taken":0.0},{"cards_removed":["WaveOfTheHand"],"damage_healed":0.0,"max_hp_gain":0.0,"max_hp_loss":0.0,"gold_gain":0.0,"event_name":"Beggar","player_choice":"Gave Gold","floor":21.0,"gold_loss":75.0,"damage_taken":0.0},{"damage_healed":0.0,"max_hp_gain":0.0,"max_hp_loss":0.0,"gold_gain":0.0,"cards_transformed":["SandsOfTime","Sanctity"],"event_name":"Drug Dealer","player_choice":"Became Test Subject","floor":24.0,"gold_loss":0.0,"damage_taken":0.0,"cards_obtained":["EmptyBody","Conclude"]},{"damage_healed":0.0,"max_hp_gain":0.0,"max_hp_loss":0.0,"gold_gain":0.0,"event_name":"The Mausoleum","player_choice":"Opened","floor":29.0,"gold_loss":0.0,"damage_taken":0.0,"relics_obtained":["Bronze Scales"]},{"damage_healed":0.0,"max_hp_gain":0.0,"max_hp_loss":0.0,"gold_gain":0.0,"event_name":"Colosseum","player_choice":"Fight","floor":31.0,"gold_loss":0.0,"damage_taken":0.0},{"damage_healed":0.0,"max_hp_gain":0.0,"max_hp_loss":0.0,"gold_gain":0.0,"event_name":"Colosseum","player_choice":"Fought Nobs","floor":31.0,"gold_loss":0.0,"damage_taken":0.0},{"cards_removed":["MasterReality"],"damage_healed":0,"gold_gain":0,"player_choice":"Removed Power","damage_taken":0,"max_hp_gain":0,"max_hp_loss":0,"event_name":"Falling","floor":36,"gold_loss":0},{"damage_healed":0,"gold_gain":0,"player_choice":"Fight","damage_taken":0,"max_hp_gain":0,"max_hp_loss":0,"event_name":"MindBloom","floor":41,"gold_loss":0},{"damage_healed":0,"gold_gain":0,"player_choice":"Embrace Madness","damage_taken":9,"max_hp_gain":0,"max_hp_loss":0,"event_name":"Winding Halls","floor":45,"gold_loss":0,"cards_obtained":["Madness","Madness"]}],"is_beta":false,"boss_relics":[{"not_picked":["SlaversCollar","Tiny House"],"picked":"Empty Cage"},{"not_picked":["Calling Bell","Busted Crown"],"picked":"Fusion Hammer"}],"items_purged_floors":[19,38],"is_endless":false,"potions_floor_spawned":[8,10,12,16,28,33,39,46,48],"ascension_level":10}}