{"host":"kybn6ox37urbij4t","time":1614022454,"event":{"mods":["Aspiration","BaseMod","Better Third Choice","Dota2Spire","Downfall","Minty Spire (QoL Compilation)","Reliquary","Replay The Spire","StSLib","The Blue Laboratory","TheWitcher"],"gold_per_floor":[99,114,129,148,133,133,133,133,133,162,180,209,9,24,40,139,139,139,152,137,148,158,177,177,177,203,213,213,247,247,260,280,378,378,278,296,196,206,256,256,309,334,345,363,363,390,64,81,97,97,97,125,50,50,50,50],"floor_reached":57,"language":"ENG","playtime":6182,"items_purged":["downfall:Malfunctioning"],"score":1470,"play_id":"55644771-393b-41f4-af76-2fdd168b1ed1","local_time":"20210222203414","is_ascension_mode":true,"campfire_choices":[{"floor":1,"key":"RECALL"},{"data":"sneckomod:SnekBite","floor":13,"key":"SMITH"},{"floor":18,"key":"DIG"},{"data":"sneckomod:SerpentIdol","floor":25,"key":"SMITH"},{"data":"sneckomod:SoulExchange","floor":30,"key":"SMITH"},{"data":"sneckomod:UnknownRareSkill","floor":35,"key":"SMITH"},{"data":"sneckomod:QuickMove","floor":40,"key":"SMITH"},{"data":"sneckomod:QuickMove","floor":40,"key":"SMITH"},{"floor":54,"key":"REST"}],"circlet_count":0,"master_deck":["sneckomod:Strike","sneckomod:Strike","sneckomod:Strike","sneckomod:Defend","sneckomod:Defend","sneckomod:Defend","sneckomod:TailWhip","sneckomod:SnekBite+1","sneckomod:Unknown+1","sneckomod:Unknown","sneckomod:UnknownClassBLUE","sneckomod:SlitherStrike","sneckomod:UnknownUncommonPower+1","sneckomod:IronFang","sneckomod:SerpentIdol+1","sneckomod:QuickMove+1","sneckomod:SoulRoll","sneckomod:SoulDraw","sneckomod:UnknownRareSkill+1","sneckomod:SoulExchange+1","sneckomod:QuickMove","sneckomod:QuickMove+1","sneckomod:Rotation+1","sneckomod:QuickBite","sneckomod:Restock+1","sneckomod:SerpentIdol+1","sneckomod:QuickMove+1","sneckomod:UnknownUncommonPower","sneckomod:QuickBite","Creative AI+1","sneckomod:UnknownRareSkill+1","Chill+1","sneckomod:QuickMove+1","sneckomod:SoulRoll+1","Defragment+1","Defragment+1","Compile Driver","Conserve Battery","Conserve Battery+1","sneckomod:Unknown3Cost+1","Fission+1","sneckomod:SerpentIdol+1","sneckomod:QuickBite+1","Compile Driver","Capacitor+1"],"relics":["sneckomod:SneckoSoul","sneckomod:SneckoCommon","downfall:ShatteredFragment","Gremlin Horn","Dota2Spire:ArmletOfMordiggian","aspiration:ChemicalBlood","downfall:HeartBlessingRed","downfall:HeartBlessingBlue","Ring of Chaos","Golden Egg","Prayer Wheel","Bottled Tornado","Toy Ornithopter","Cracked Core","reliquary:IridiumChain","Prayer Wheel","aspiration:DefectSkillbook","downfall:HeartBlessingGreen","Dota2Spire:OctarineCore","Blood Vial","Replay:Arrowhead","reliquary:SilkGlove","Dota2Spire:DrumOfEndurance","reliquary:TuningFork","reliquary:HotPoker","reliquary:WeakTea"],"acts_visited":["Exordium","TheCity","TheBeyond","TheEnding"],"potions_floor_usage":[12,19,23,23,29,37,56,56,56,56],"damage_taken":[{"damage":0,"enemies":"Cultist","floor":2,"turns":2},{"damage":0,"enemies":"Jaw Worm","floor":3,"turns":1},{"damage":0,"enemies":"2 Louse","floor":4,"turns":2},{"damage":0,"enemies":"downfall:FleeingMerchant","floor":5,"turns":4},{"damage":14,"enemies":"Lagavulin","floor":10,"turns":5},{"damage":5,"enemies":"Large Slime","floor":11,"turns":4},{"damage":3,"enemies":"3 Sentries","floor":12,"turns":2},{"damage":7,"enemies":"Blue Slaver","floor":14,"turns":2},{"damage":2,"enemies":"Exordium Thugs","floor":15,"turns":3},{"damage":19,"enemies":"SI_SHIV_ARCHETYPE","floor":16,"turns":14},{"damage":18,"enemies":"Spheric Guardian","floor":19,"turns":4},{"damage":0,"enemies":"downfall:FleeingMerchant","floor":20,"turns":4},{"damage":7,"enemies":"Chosen","floor":21,"turns":4},{"damage":0,"enemies":"Centurion and Healer","floor":22,"turns":2},{"damage":2,"enemies":"Cultist and Chosen","floor":23,"turns":3},{"damage":4,"enemies":"Replay:Snechameleon","floor":26,"turns":6},{"damage":7,"enemies":"Snake Plant","floor":27,"turns":3},{"damage":12,"enemies":"Book of Stabbing","floor":29,"turns":4},{"damage":0,"enemies":"Sentry and Sphere","floor":31,"turns":3},{"damage":13,"enemies":"Centurion and Healer","floor":32,"turns":5},{"damage":8,"enemies":"WA_ARCHETYPE_CALM","floor":33,"turns":10},{"damage":6,"enemies":"Orb Walker","floor":36,"turns":2},{"damage":22,"enemies":"downfall:FleeingMerchant","floor":37,"turns":4},{"damage":0,"enemies":"3 Shapes","floor":38,"turns":2},{"damage":0,"enemies":"3 Shapes","floor":39,"turns":3},{"damage":6,"enemies":"Nemesis","floor":42,"turns":5},{"damage":0,"enemies":"3 Darklings","floor":43,"turns":5},{"damage":0,"enemies":"Transient","floor":44,"turns":5},{"damage":0,"enemies":"R_Hoarder","floor":46,"turns":4},{"damage":0,"enemies":"Writhing Mass","floor":48,"turns":4},{"damage":0,"enemies":"4 Shapes","floor":49,"turns":4},{"damage":0,"enemies":"DF_ARCHETYPE_ORBS","floor":50,"turns":3},{"damage":19,"enemies":"downfall:CharBossMerchant","floor":52,"turns":4},{"damage":1,"enemies":"downfall:NeowBoss","floor":55,"turns":10},{"damage":83,"enemies":"downfall:NeowBossFinal","floor":56,"turns":6}],"seed_played":"-2466403123473975214","potions_obtained":[{"floor":3,"key":"Slimebound:ThreeZeroPotion"},{"floor":4,"key":"blueLaboratory:HummingbirdPotion"},{"floor":10,"key":"Swift Potion"},{"floor":19,"key":"DistilledChaos"},{"floor":21,"key":"Regen Potion"},{"floor":26,"key":"blueLaboratory:BottledHope"},{"floor":27,"key":"Strength Potion"},{"floor":32,"key":"Adrenaline Potion"}],"is_trial":false,"path_per_floor":["R","M","M","M","$","?","T","?","?","E","M","E","R","M","M","B",null,"R","M","$","M","M","M","T","R","E","M","?","E","R","M","M","B",null,"R","M","?","M","?","R","T","E","M","M","?","E","$","M","M","B",null,"E","$","R","B","B",null],"character_chosen":"THE_SNECKO","items_purchased":["Dota2Spire:OctarineCore","Blood Vial","reliquary:HotPoker","Capacitor"],"campfire_rested":1,"item_purchase_floors":[37,37,47,53],"current_hp_per_floor":[90,90,90,90,90,69,69,69,62,48,43,40,50,43,41,22,100,100,82,82,75,75,82,82,82,78,71,71,64,64,64,51,43,100,100,94,77,79,88,88,88,84,86,88,88,90,90,92,94,100,100,81,81,100,99,27],"gold":50,"neow_bonus":"RANDOM_COMMON_RELIC","is_daily":false,"chose_seed":false,"campfire_upgraded":6,"win_rate":0.0,"timestamp":1614022454,"path_taken":["R","M","M","M","?","?","T","?","?","E","M","E","R","M","M","BOSS","R","M","$","M","M","M","T","R","E","M","?","E","R","M","M","BOSS","R","M","?","M","?","R","T","E","M","M","?","E","$","?","M","BOSS","E","$","R","BOSS","BOSS"],"items_purchased_type":["Relic","Relic","Relic","Card"],"build_version":"2020-12-22","purchased_purges":1,"victory":true,"max_hp_per_floor":[90,90,90,90,90,90,90,90,90,90,90,90,100,100,100,100,100,100,100,100,100,100,100,100,100,100,100,100,100,100,100,100,100,100,100,100,100,100,100,100,100,100,100,100,100,100,100,100,100,100,100,100,100,100,100,100],"card_choices":[{"not_picked":["sneckomod:UnknownBlock","sneckomod:UnknownX"],"picked":"sneckomod:SlitherStrike","floor":2},{"not_picked":["sneckomod:Unknown2Cost","sneckomod:DiceCrush"],"picked":"sneckomod:UnknownUncommonPower","floor":3},{"not_picked":["sneckomod:SoulRoll","sneckomod:Nope"],"picked":"sneckomod:IronFang","floor":4},{"not_picked":["sneckomod:UnknownDraw","sneckomod:UnknownStrike"],"picked":"sneckomod:SerpentIdol","floor":5},{"not_picked":["sneckomod:SoulExchange","sneckomod:UnknownBoss"],"picked":"sneckomod:QuickMove","floor":10},{"not_picked":["sneckomod:UnknownStrike","sneckomod:UnknownDraw"],"picked":"sneckomod:SoulRoll","floor":11},{"not_picked":["sneckomod:IronFang","sneckomod:UnknownCommonAttack","sneckomod:UnknownVulnerable"],"picked":"SKIP","floor":12},{"not_picked":["sneckomod:UnknownDraw","sneckomod:Nope"],"picked":"sneckomod:SoulDraw","floor":14},{"not_picked":["sneckomod:DiceCrush","sneckomod:DiceBlock"],"picked":"sneckomod:UnknownRareSkill","floor":15},{"not_picked":["sneckomod:Restock","sneckomod:Cheat"],"picked":"sneckomod:SoulExchange","floor":16},{"not_picked":["sneckomod:WideSting","sneckomod:UnknownClassRED"],"picked":"sneckomod:QuickMove","floor":19},{"not_picked":["sneckomod:UnknownWeak","sneckomod:UnknownCommonAttack+1"],"picked":"sneckomod:QuickMove","floor":19},{"not_picked":["sneckomod:SoulCleanse","sneckomod:DiceBlock"],"picked":"sneckomod:Rotation","floor":20},{"not_picked":["sneckomod:SoulDraw","sneckomod:QuickMove"],"picked":"sneckomod:QuickBite","floor":21},{"not_picked":["sneckomod:UnknownCommonAttack","sneckomod:Unknown1Cost+1"],"picked":"sneckomod:Restock","floor":21},{"not_picked":["sneckomod:PureSnecko","sneckomod:RainOfDice+1"],"picked":"sneckomod:SerpentIdol","floor":22},{"not_picked":["sneckomod:UnknownCommonSkill","sneckomod:UnknownCommonAttack","sneckomod:MasterEye"],"picked":"SKIP","floor":22},{"not_picked":["sneckomod:Cheat","sneckomod:DiceCrush"],"picked":"sneckomod:QuickMove+1","floor":23},{"not_picked":["sneckomod:DiceBlock","sneckomod:SoulRoll","sneckomod:Unknown2Cost"],"picked":"SKIP","floor":23},{"not_picked":["sneckomod:UnknownBlock+1","sneckomod:UnknownExhaust"],"picked":"sneckomod:UnknownUncommonPower","floor":26},{"not_picked":["sneckomod:SoulDraw","sneckomod:DiceBoulder"],"picked":"sneckomod:QuickBite","floor":27},{"not_picked":["sneckomod:UnknownClassGUARDIAN","sneckomod:UnknownBlock","sneckomod:UnknownCommonSkill"],"picked":"SKIP","floor":27},{"not_picked":["sneckomod:DiceBlock","sneckomod:SoulRoll","sneckomod:UnknownUncommonAttack"],"picked":"SKIP","floor":29},{"not_picked":["sneckomod:UnknownBlock+1","sneckomod:UnknownX","sneckomod:Unknown1Cost"],"picked":"SKIP","floor":31},{"not_picked":["sneckomod:Nope","sneckomod:QuickBite+1","sneckomod:UnknownClassRED"],"picked":"SKIP","floor":31},{"not_picked":["sneckomod:Unknown0Cost","sneckomod:UnknownCommonAttack+1","sneckomod:UnknownDraw"],"picked":"SKIP","floor":32},{"not_picked":["sneckomod:DiceBlock","sneckomod:SoulDraw+1","sneckomod:UnknownClassGUARDIAN+1"],"picked":"SKIP","floor":32},{"not_picked":["sneckomod:SoulExchange","sneckomod:MorePower"],"picked":"sneckomod:UnknownRareSkill","floor":33},{"not_picked":["Steam","Beam Cell","Rebound"],"picked":"Chill+1","floor":36},{"not_picked":["sneckomod:Nope+1","sneckomod:UnknownExhaust+1","sneckomod:SoulRoll"],"picked":"sneckomod:QuickMove+1","floor":36},{"not_picked":["sneckomod:SoulRoll","sneckomod:UnknownCommonAttack+1","sneckomod:UnknownRareAttack","ReplayTheSpireMod:GoodbyeWorld"],"picked":"SKIP","floor":36},{"not_picked":["Tempest+1","Fusion","sneckomod:Memorize+1"],"picked":"sneckomod:SoulRoll+1","floor":37},{"not_picked":["sneckomod:ImprovisedGuard","Coolheaded","Turbo+1"],"picked":"Defragment+1","floor":38},{"not_picked":["sneckomod:UnknownDraw+1","Cold Snap","Rebound"],"picked":"Defragment+1","floor":38},{"not_picked":["Stack","Sunder","Force Field"],"picked":"Compile Driver","floor":38},{"not_picked":["Doom and Gloom+1","Thunder Strike","Melter+1"],"picked":"Conserve Battery","floor":39},{"not_picked":["sneckomod:UnknownBlock","Go for the Eyes","sneckomod:DiceCrush+1"],"picked":"Conserve Battery+1","floor":42},{"not_picked":["Rebound","sneckomod:SoulDraw","sneckomod:UnknownBlock+1"],"picked":"sneckomod:UnknownUncommonPower+1","floor":43},{"not_picked":["sneckomod:RainOfDice+1","Rainbow","Beam Cell+1","BasicCrystalCard"],"picked":"SKIP","floor":43},{"not_picked":["sneckomod:Unknown1Cost+1","Stack","Compile Driver+1","Darkness"],"picked":"SKIP","floor":43},{"not_picked":["sneckomod:IronFang","Ball Lightning+1","sneckomod:Nope"],"picked":"sneckomod:Unknown3Cost","floor":44},{"not_picked":["BasicCrystalCard+1","Go for the Eyes+1","Sunder+1","sneckomod:Unknown1Cost"],"picked":"SKIP","floor":44},{"not_picked":["sneckomod:SoulDraw+1","Undo+1","Leap","BasicCrystalCard+1"],"picked":"SKIP","floor":44},{"not_picked":["Steam","Leap+1","sneckomod:ImprovisedAttack+1"],"picked":"Fission","floor":46},{"not_picked":["sneckomod:UnknownDraw+1","sneckomod:UnknownClassRED+1","Turbo+1"],"picked":"sneckomod:SerpentIdol+1","floor":48},{"not_picked":["sneckomod:UnknownClassGUARDIAN","Blizzard+1","ReplayTheSpireMod:System Scan+1","sneckomod:DiceBoulder+1"],"picked":"SKIP","floor":48},{"not_picked":["Conserve Battery+1","sneckomod:Unknown1Cost+1","sneckomod:UnknownCommonSkill+1","FTL"],"picked":"SKIP","floor":48},{"not_picked":["sneckomod:UnknownDraw+1","ReplayTheSpireMod:Omega Cannon","sneckomod:SoulRoll"],"picked":"sneckomod:QuickBite+1","floor":49},{"not_picked":["sneckomod:SoulDraw","sneckomod:WideSting","sneckomod:QuickBite+1"],"picked":"Compile Driver","floor":49},{"not_picked":["sneckomod:WideSting","Steam+1","Sweeping Beam","Chill"],"picked":"SKIP","floor":49},{"not_picked":["Go for the Eyes+1","Skim","ReplayTheSpireMod:System Scan+1","sneckomod:UnknownWeak+1"],"picked":"SKIP","floor":52}],"player_experience":422244,"relics_obtained":[{"floor":10,"key":"Dota2Spire:ArmletOfMordiggian"},{"floor":12,"key":"aspiration:ChemicalBlood"},{"floor":18,"key":"Golden Egg"},{"floor":24,"key":"Bottled Tornado"},{"floor":26,"key":"Toy Ornithopter"},{"floor":29,"key":"reliquary:IridiumChain"},{"floor":39,"key":"Replay:Arrowhead"},{"floor":41,"key":"reliquary:SilkGlove"},{"floor":42,"key":"Dota2Spire:DrumOfEndurance"},{"floor":46,"key":"reliquary:TuningFork"},{"floor":52,"key":"reliquary:WeakTea"}],"event_choices":[{"damage_healed":0,"gold_gain":0,"player_choice":"Relic ","damage_taken":7,"max_hp_gain":0,"max_hp_loss":0,"event_name":"betterThird:BetterScrap","floor":9,"gold_loss":0,"cards_obtained":["Demon Form"]},{"cards_removed":["sneckomod:UnknownUncommonPower"],"damage_healed":0,"gold_gain":0,"player_choice":"Removed Power","damage_taken":0,"max_hp_gain":0,"max_hp_loss":0,"event_name":"Falling","floor":45,"gold_loss":0}],"is_beta":false,"boss_relics":[{"not_picked":["ChewingGum","Replay:Wanted Poster"],"picked":"Ring of Chaos"},{"not_picked":["Replay:Ancient Bell","Empty Cage"],"picked":"aspiration:DefectSkillbook"}],"items_purged_floors":[47],"is_endless":false,"potions_floor_spawned":[3,4,10,16,19,26,27,32,36,39,42,48,52],"ascension_level":1}}