{"host":"5bsc0nab6whpyrbj","time":1614037557,"event":{"mods":["BaseMod","Highlight Path","Minty Spire (QoL Compilation)"],"gold_per_floor":[118,118,118,138,138,168,181,199,199,199,55,130,130,143,143,143,143],"floor_reached":16,"language":"ENG","playtime":279,"items_purged":[],"score":100,"play_id":"599176e0-ef73-4ace-8a83-9dd95ecc2d1f","local_time":"20210222184557","is_ascension_mode":false,"campfire_choices":[{"floor":10,"key":"REST"},{"floor":15,"key":"REST"}],"circlet_count":0,"master_deck":["Strike_B","Strike_B","Strike_B","Strike_B","Defend_B","Defend_B","Defend_B","Defend_B","Zap","Heatsinks","Barrage","Tempest"],"relics":["Cracked Core","Vajra","Molten Egg 2","Mercury Hourglass","Tiny Chest"],"acts_visited":["Exordium"],"potions_floor_usage":[8,14],"damage_taken":[{"damage":22.0,"enemies":"Small Slimes","floor":1.0,"turns":3.0},{"damage":6.0,"enemies":"Cultist","floor":4.0,"turns":3.0},{"damage":8.0,"enemies":"Gremlin Nob","floor":6.0,"turns":3.0},{"damage":14.0,"enemies":"2 Louse","floor":7.0,"turns":2.0},{"damage":12,"enemies":"Gremlin Gang","floor":8,"turns":5},{"damage":1,"enemies":"Exordium Wildlife","floor":14,"turns":3},{"damage":44,"enemies":"Hexaghost","floor":16,"turns":7}],"seed_played":"4156134171108965267","potions_obtained":[{"floor":1.0,"key":"SteroidPotion"},{"floor":4.0,"key":"Swift Potion"},{"floor":6.0,"key":"Energy Potion"},{"floor":8,"key":"FearPotion"}],"is_trial":false,"path_per_floor":["M","$","?","M","?","E","M","M","T","R","$","?","?","M","R","B"],"character_chosen":"DEFECT","items_purchased":["Tiny Chest"],"campfire_rested":2,"item_purchase_floors":[11],"current_hp_per_floor":[53,53,53,47,44,36,22,10,10,32,32,21,21,20,42,0,0],"gold":143,"neow_bonus":"THREE_CARDS","is_daily":false,"chose_seed":false,"campfire_upgraded":0,"win_rate":0.0,"timestamp":1614037557,"path_taken":["M","$","?","?","?","E","M","M","T","R","$","?","?","M","R","BOSS"],"items_purchased_type":["Relic"],"build_version":"2020-12-22","purchased_purges":0,"victory":false,"max_hp_per_floor":[75,75,75,75,75,75,75,75,75,75,75,75,75,75,75,75,75],"card_choices":[{"not_picked":["Sweeping Beam","Blizzard"],"picked":"Heatsinks","floor":0.0},{"not_picked":["Reinforced Body","Rip and Tear"],"picked":"Hello World","floor":1.0},{"not_picked":["Streamline","Cold Snap"],"picked":"Barrage","floor":4.0},{"not_picked":["Steam","Coolheaded","Streamline+1"],"picked":"SKIP","floor":6.0},{"not_picked":["Stack","Rebound+1"],"picked":"Tempest","floor":7.0},{"not_picked":["Streamline+1","Heatsinks","Go for the Eyes+1"],"picked":"SKIP","floor":8},{"not_picked":["Undo","Steam","Cold Snap+1"],"picked":"SKIP","floor":14}],"player_experience":106562,"relics_obtained":[{"floor":6.0,"key":"Molten Egg 2"},{"floor":9,"key":"Mercury Hourglass"}],"event_choices":[{"cards_removed":["Dualcast"],"damage_healed":0.0,"max_hp_gain":0.0,"max_hp_loss":0.0,"gold_gain":0.0,"event_name":"Purifier","player_choice":"Purged","floor":3.0,"gold_loss":0.0,"damage_taken":0.0},{"damage_healed":0.0,"max_hp_gain":0.0,"max_hp_loss":0.0,"gold_gain":0.0,"event_name":"Scrap Ooze","player_choice":"Success","floor":5.0,"gold_loss":0.0,"damage_taken":3.0,"relics_obtained":["Vajra"]},{"damage_healed":0,"gold_gain":75,"player_choice":"Gather Gold","damage_taken":11,"max_hp_gain":0,"max_hp_loss":0,"event_name":"World of Goop","floor":12,"gold_loss":0},{"cards_removed":["Hello World"],"damage_healed":0,"gold_gain":0,"player_choice":"Purged","damage_taken":0,"max_hp_gain":0,"max_hp_loss":0,"event_name":"Purifier","floor":13,"gold_loss":0}],"is_beta":false,"boss_relics":[],"items_purged_floors":[],"is_endless":false,"potions_floor_spawned":[1,4,6,8],"killed_by":"Hexaghost","ascension_level":0}}