{"host":"739q3ftv0guoc3pi","time":1614032597,"event":{"mods":["AchievementEnabler","Act Like it!","Aspiration","BaseMod","Better Third Choice","BetterRewards","Colored Map","Colored Powertips","Downfall","Gensokyo","Googly Eyes","Hallownest","Hermit","Highlight Path","Minty Spire (QoL Compilation)","Quick Restart","Reimu??????","Relic Stats","Remilia??????","StSLib","The Hierophant","slay the spire mod where everything is the same but ironclad has a cowboy hat"],"gold_per_floor":[99,99,38,58,58,76,156,18,18,18,18,45,68,68,88,88,88,88],"floor_reached":16,"language":"ENG","playtime":958,"items_purged":["hexamod:Defend"],"score":90,"play_id":"149a2652-f614-4ead-b186-35444d71381b","local_time":"20210222162317","is_ascension_mode":false,"campfire_choices":[{"data":"hexamod:Sear","floor":1,"key":"SMITH"},{"floor":9,"key":"RECALL"},{"data":"hexamod:Again","floor":11,"key":"SMITH"}],"circlet_count":0,"master_deck":["hexamod:Strike","hexamod:Strike","hexamod:Strike","hexamod:Strike","hexamod:Defend","hexamod:Defend","hexamod:Defend","hexamod:Sear+1","hexamod:Float","Flash of Steel","hexamod:ChargedBarrage","hexamod:AdvancingGuard","hexamod:SecondSeal","hexamod:HauntingEcho","hexamod:Again+1","hexamod:Hexaguard","Injury","hexamod:GhostflameBarrier","hexamod:FifthSeal"],"relics":["hexamod:SpiritBrand","Molten Egg 2"],"acts_visited":["Exordium"],"potions_floor_usage":[15,16],"damage_taken":[{"damage":0,"enemies":"downfall:FleeingMerchant","floor":3,"turns":4},{"damage":0,"enemies":"Jaw Worm","floor":4,"turns":3},{"damage":0,"enemies":"Cultist","floor":5,"turns":1},{"damage":1,"enemies":"2 Louse","floor":6,"turns":3},{"damage":0,"enemies":"downfall:FleeingMerchant","floor":8,"turns":4},{"damage":3,"enemies":"Large Slime","floor":12,"turns":3},{"damage":7,"enemies":"Blue Slaver","floor":13,"turns":3},{"damage":12,"enemies":"Exordium Wildlife","floor":15,"turns":4},{"damage":80,"enemies":"WA_ARCHETYPE_RETAIN","floor":16,"turns":10}],"seed_played":"5218790152040669897","potions_obtained":[{"floor":6,"key":"FairyPotion"},{"floor":12,"key":"BlessingOfTheForge"},{"floor":15,"key":"SpeedPotion"}],"is_trial":false,"path_per_floor":["R","?","$","M","M","M","T","$","R","?","R","M","M","?","M","B"],"character_chosen":"THE_SPIRIT","items_purchased":["hexamod:AdvancingGuard","hexamod:SoulburnPotion"],"campfire_rested":0,"item_purchase_floors":[3,8],"current_hp_per_floor":[70,70,70,70,70,69,69,69,69,69,69,66,59,59,47,0,0,0],"gold":88,"neow_bonus":"RANDOM_COLORLESS","is_daily":false,"chose_seed":false,"campfire_upgraded":2,"win_rate":0.0,"timestamp":1614032597,"path_taken":["R","?","?","?","M","M","T","$","R","?","R","M","M","?","M","BOSS"],"items_purchased_type":["Card","Potion"],"build_version":"2020-12-22","purchased_purges":1,"victory":false,"max_hp_per_floor":[70,70,70,70,70,70,70,70,70,70,70,70,70,70,70,70,70,70],"relic_stats":{"counters":[9,35],"obtain_stats":[{"downfall:BrokenWingStatue":2,"Molten Egg 2":10,"hexamod:SpiritBrand":0},{"downfall:BrokenWingStatue":0,"Molten Egg 2":5,"hexamod:SpiritBrand":0},{"downfall:BrokenWingStatue":0,"Molten Egg 2":15,"hexamod:SpiritBrand":0}]},"card_choices":[{"not_picked":["Impatience","Jack Of All Trades"],"picked":"Flash of Steel","floor":0},{"not_picked":["hexamod:ShieldOfDarkness","hexamod:SpectersWail"],"picked":"hexamod:ChargedBarrage","floor":3},{"not_picked":["hexamod:NecessarySacrifice","hexamod:HeatShield"],"picked":"hexamod:SecondSeal","floor":4},{"not_picked":["hexamod:NecessarySacrifice","hexamod:GhostOfSpirePast"],"picked":"hexamod:HauntingEcho","floor":5},{"not_picked":["hexamod:NightmareStrike","hexamod:NightmareGuise"],"picked":"hexamod:Again","floor":6},{"not_picked":["hexamod:FastForward","hexamod:HeatMetal"],"picked":"hexamod:Hexaguard","floor":8},{"not_picked":["hexamod:ShieldOfDarkness","hexamod:BurningTouch"],"picked":"hexamod:GhostflameBarrier","floor":12},{"not_picked":["hexamod:SkipABeat","hexamod:ChargedBarrage","hexamod:ShieldOfDarkness"],"picked":"SKIP","floor":13},{"not_picked":["hexamod:ThirdSeal","hexamod:GhostLash+1"],"picked":"hexamod:FifthSeal","floor":15}],"player_experience":179178,"relics_obtained":[],"event_choices":[],"is_beta":false,"boss_relics":[],"items_purged_floors":[8],"is_endless":false,"potions_floor_spawned":[6,12,13,15],"killed_by":"WA_ARCHETYPE_RETAIN","ascension_level":0}}