{"host":"r4aerl4ckfvw1dw3","time":1614025145,"event":{"mods":["BaseMod","BetterRewards","Minty Spire (QoL Compilation)","Quick Restart","StSLib"],"gold_per_floor":[369,383,458,468,28,69,98,98,98,123,157,157,185,210,210,210,210],"floor_reached":16,"language":"ENG","playtime":976,"items_purged":["Strike_G"],"score":177,"play_id":"cacc3654-0c5f-4e09-a889-84dc81de8d1c","local_time":"20210222121905","is_ascension_mode":true,"campfire_choices":[{"floor":8.0,"key":"REST"},{"data":"Eviscerate","floor":15.0,"key":"SMITH"}],"circlet_count":0,"master_deck":["AscendersBane","Strike_G","Strike_G","Strike_G","Strike_G","Defend_G","Defend_G","Defend_G","Defend_G","Defend_G","Survivor","Neutralize","Acrobatics","Slice","Reflex","Tools of the Trade","Quick Slash","All Out Attack","Grand Finale","Dagger Throw","Underhanded Strike","Dagger Spray","Eviscerate+1"],"relics":["Ring of the Snake","Tiny Chest","CeramicFish","Meat on the Bone","Blue Candle"],"acts_visited":["Exordium"],"potions_floor_usage":[16],"damage_taken":[{"damage":3.0,"enemies":"Jaw Worm","floor":1.0,"turns":6.0},{"damage":0.0,"enemies":"Small Slimes","floor":2.0,"turns":3.0},{"damage":2.0,"enemies":"Cultist","floor":4.0,"turns":5.0},{"damage":31.0,"enemies":"3 Sentries","floor":6.0,"turns":12.0},{"damage":5.0,"enemies":"Blue Slaver","floor":7.0,"turns":6.0},{"damage":8.0,"enemies":"Large Slime","floor":10.0,"turns":7.0},{"damage":22.0,"enemies":"Lagavulin","floor":11.0,"turns":5.0},{"damage":1.0,"enemies":"3 Louse","floor":13.0,"turns":2.0},{"damage":0.0,"enemies":"Lots of Slimes","floor":14.0,"turns":2.0},{"damage":37,"enemies":"Hexaghost","floor":16,"turns":11}],"seed_played":"-1513461128296509364","potions_obtained":[{"floor":1.0,"key":"GamblersBrew"},{"floor":4.0,"key":"Swift Potion"},{"floor":7.0,"key":"Explosive Potion"}],"is_trial":false,"path_per_floor":["M","M","?","M","$","E","M","R","T","M","E","?","M","M","R","B"],"character_chosen":"THE_SILENT","items_purchased":["Tools of the Trade","Quick Slash","Tiny Chest"],"campfire_rested":1,"item_purchase_floors":[5,5,5],"current_hp_per_floor":[60,60,49,47,47,16,11,32,32,36,26,26,37,37,37,0,0],"gold":210,"neow_bonus":"TWO_FIFTY_GOLD","is_daily":false,"chose_seed":false,"campfire_upgraded":1,"win_rate":0.0,"timestamp":1614025145,"path_taken":["M","M","?","M","$","E","M","R","T","M","E","?","?","M","R","BOSS"],"items_purchased_type":["Card","Card","Relic"],"build_version":"2020-12-22","purchased_purges":1,"victory":false,"max_hp_per_floor":[70,70,70,70,70,70,70,70,70,70,70,70,70,70,70,70,70],"card_choices":[{"not_picked":["Poisoned Stab","Flying Knee"],"picked":"Acrobatics","floor":1.0},{"not_picked":["Deflect","Endless Agony"],"picked":"Slice","floor":2.0},{"not_picked":["Acrobatics","Catalyst"],"picked":"Reflex","floor":4.0},{"not_picked":["Deadly Poison","Dodge and Roll"],"picked":"All Out Attack","floor":6.0},{"not_picked":["Sucker Punch","Bane"],"picked":"Grand Finale","floor":7.0},{"not_picked":["Poisoned Stab","Backflip"],"picked":"Dagger Throw","floor":10.0},{"not_picked":["Slice","Glass Knife"],"picked":"Underhanded Strike","floor":11.0},{"not_picked":["Poisoned Stab","Slice"],"picked":"Dagger Spray","floor":13.0},{"not_picked":["Acrobatics","Heel Hook"],"picked":"Eviscerate","floor":14.0}],"player_experience":667640,"relics_obtained":[{"floor":6.0,"key":"CeramicFish"},{"floor":9.0,"key":"Meat on the Bone"},{"floor":11.0,"key":"Blue Candle"}],"event_choices":[{"damage_healed":0.0,"max_hp_gain":0.0,"max_hp_loss":0.0,"gold_gain":75.0,"event_name":"World of Goop","player_choice":"Gather Gold","floor":3.0,"gold_loss":0.0,"damage_taken":11.0},{"cards_removed":["Injury"],"damage_healed":0.0,"max_hp_gain":0.0,"max_hp_loss":0.0,"gold_gain":0.0,"event_name":"Fountain of Cleansing","player_choice":"Removed Curses","floor":12.0,"gold_loss":0.0,"damage_taken":0.0}],"is_beta":false,"boss_relics":[],"items_purged_floors":[5],"is_endless":false,"potions_floor_spawned":[1,4,7,14],"killed_by":"Hexaghost","ascension_level":11}}