{"host":"larixs0aq140idw7","time":1614019002,"event":{"mods":["BaseMod","Colored Powertips","Downfall","Minty Spire (QoL Compilation)","Reliquary","StSLib"],"gold_per_floor":[99,113,123,198,198,224,224,243,153,166,79,95,123,123,140,241,241,241],"floor_reached":16,"language":"ENG","playtime":817,"items_purged":["Slimebound:Defend_Slimebound"],"score":187,"play_id":"4e5f25e4-ba06-4b5c-98de-f38cfd1663df","local_time":"20210222193642","is_ascension_mode":false,"campfire_choices":[{"data":"Slimebound:CorrosiveSpit","floor":1,"key":"SMITH"}],"circlet_count":0,"master_deck":["Slimebound:Strike_Slimebound","Slimebound:Strike_Slimebound","Slimebound:Strike_Slimebound","Slimebound:Tackle","Slimebound:Defend_Slimebound","Slimebound:Defend_Slimebound","Slimebound:Split","Slimebound:CorrosiveSpit+1","Slimebound:Schlurp","Slimebound:Equalize","Slimebound:ViciousTackle","Slimebound:LivingWall","Slimebound:RejuvenatingLick","Slimebound:SlimeSlap","Slimebound:AcidTongue","Slimebound:MegaLick","Slimebound:HauntingLick"],"relics":["Slimebound:AbsorbEndCombat","downfall:BrokenWingStatue","TungstenRod","reliquary:NewFriend","reliquary:TatteredRug","Oddly Smooth Stone"],"acts_visited":["Exordium"],"potions_floor_usage":[],"damage_taken":[{"damage":1,"enemies":"Jaw Worm","floor":2,"turns":4},{"damage":4,"enemies":"Cultist","floor":3,"turns":3},{"damage":23,"enemies":"3 Sentries","floor":6,"turns":9},{"damage":0,"enemies":"Small Slimes","floor":8,"turns":2},{"damage":2,"enemies":"downfall:FleeingMerchant","floor":9,"turns":4},{"damage":16,"enemies":"Exordium Thugs","floor":10,"turns":4},{"damage":6,"enemies":"downfall:FleeingMerchant","floor":11,"turns":4},{"damage":5,"enemies":"downfall:LooterAlt","floor":12,"turns":2},{"damage":2,"enemies":"Lagavulin","floor":13,"turns":5},{"damage":3,"enemies":"2 Fungi Beasts","floor":15,"turns":4},{"damage":23,"enemies":"IC_STATUS_ARCHETYPE","floor":16,"turns":5}],"seed_played":"-8369788617278538906","potions_obtained":[{"floor":3,"key":"Explosive Potion"},{"floor":8,"key":"PowerPotion"},{"floor":12,"key":"PowerPotion"}],"is_trial":false,"path_per_floor":["R","M","M","?","?","E","T","M","$","M","$","M","E","?","M","B"],"character_chosen":"SLIMEBOUND","items_purchased":["Slimebound:AcidTongue"],"campfire_rested":0,"item_purchase_floors":[11],"current_hp_per_floor":[65,65,65,65,65,48,48,50,54,50,60,57,57,55,60,51,51,51],"gold":241,"neow_bonus":"REMOVE_CARD","is_daily":false,"chose_seed":false,"campfire_upgraded":1,"win_rate":0.0,"timestamp":1614019002,"path_taken":["R","M","M","?","?","E","T","M","?","?","$","M","E","?","M","BOSS"],"items_purchased_type":["Card"],"build_version":"2020-12-22","purchased_purges":1,"victory":false,"max_hp_per_floor":[65,65,65,65,65,65,65,65,65,65,65,65,65,65,65,65,65,65],"card_choices":[{"not_picked":["Slimebound:RollThrough","Slimebound:Replication"],"picked":"Slimebound:Schlurp","floor":2},{"not_picked":["Slimebound:FormOfPuddle","Slimebound:SplitLeeching"],"picked":"Slimebound:Equalize","floor":3},{"not_picked":["Slimebound:LeechingTouch","Slimebound:ProtectTheBoss"],"picked":"Slimebound:ViciousTackle","floor":6},{"not_picked":["Slimebound:Prepare","Slimebound:SplitBruiser"],"picked":"Slimebound:LivingWall","floor":8},{"not_picked":["Slimebound:LivingWall","Slimebound:LeechEnergy"],"picked":"Slimebound:RejuvenatingLick","floor":9},{"not_picked":["Slimebound:SplitBruiser","Slimebound:RejuvenatingLick"],"picked":"Slimebound:SlimeSlap","floor":10},{"not_picked":["Slimebound:SplitAcid","Slimebound:FinishingTackle","Slimebound:PressTheAttack"],"picked":"SKIP","floor":11},{"not_picked":["Slimebound:SpikyOuterGoop","Slimebound:Prepare"],"picked":"Slimebound:MegaLick","floor":12},{"not_picked":["Slimebound:Equalize","Slimebound:MinionMaster","Slimebound:GoopTackle"],"picked":"SKIP","floor":13},{"not_picked":["Slimebound:SpikyOuterGoop","Slimebound:SplitAcid"],"picked":"Slimebound:HauntingLick","floor":15}],"player_experience":13136,"relics_obtained":[{"floor":6,"key":"TungstenRod"},{"floor":7,"key":"reliquary:NewFriend"},{"floor":13,"key":"reliquary:TatteredRug"}],"event_choices":[{"damage_healed":0,"gold_gain":0,"player_choice":"Success","damage_taken":3,"relics_obtained":["Oddly Smooth Stone"],"max_hp_gain":0,"max_hp_loss":0,"event_name":"Scrap Ooze","floor":14,"gold_loss":0}],"is_beta":false,"boss_relics":[],"items_purged_floors":[9],"is_endless":false,"potions_floor_spawned":[3,8,12,13],"killed_by":"IC_STATUS_ARCHETYPE","ascension_level":0}}