{"host":"w97dq1whmpm6b2tc","time":1614026931,"event":{"mods":["BaseMod","Challenge The Spire","Downfall","Minty Spire (QoL Compilation)","StSLib"],"gold_per_floor":[99,99,99,549,318,343,343,343,343,343],"floor_reached":8,"language":"ENG","playtime":288,"items_purged":["downfall:Icky"],"score":53,"play_id":"9e96df8d-720a-4b21-b8d8-74ac29778cd2","local_time":"20210222224851","is_ascension_mode":true,"campfire_choices":[],"circlet_count":0,"master_deck":["sneckomod:Strike","sneckomod:Strike","sneckomod:Strike","sneckomod:Defend","sneckomod:Defend","sneckomod:Defend","sneckomod:TailWhip","sneckomod:SnekBite","sneckomod:Unknown","Clash","sneckomod:UnknownDraw","sneckomod:SoulDraw","downfall:Icky","downfall:Icky","sneckomod:TrashToTreasure"],"relics":["sneckomod:SneckoSoul","downfall:HeartsMalice","sneckomod:SleevedAce","CeramicFish","Sundial"],"acts_visited":["Exordium"],"potions_floor_usage":[],"damage_taken":[{"damage":0,"enemies":"Jaw Worm","floor":2,"turns":1},{"damage":0,"enemies":"Cultist","floor":3,"turns":1},{"damage":0,"enemies":"downfall:FleeingMerchant","floor":5,"turns":1},{"damage":53,"enemies":"Lagavulin","floor":6,"turns":9},{"damage":30,"enemies":"Gremlin Nob","floor":8,"turns":4}],"seed_played":"-1243379214975654908","potions_obtained":[{"floor":6,"key":"Explosive Potion"}],"is_trial":false,"path_per_floor":["R","M","M","?","$","E","T","E"],"character_chosen":"THE_SNECKO","items_purchased":["sneckomod:SleevedAce"],"campfire_rested":0,"item_purchase_floors":[5],"current_hp_per_floor":[90,90,90,90,90,37,37,7,7,7],"gold":343,"neow_bonus":"THREE_ENEMY_KILL","is_daily":false,"chose_seed":false,"campfire_upgraded":0,"win_rate":0.0,"timestamp":1614026931,"path_taken":["R","M","M","?","$","E","T","E"],"items_purchased_type":["Relic"],"build_version":"2020-12-22","purchased_purges":1,"victory":false,"max_hp_per_floor":[90,90,90,90,90,90,90,90,90,90],"card_choices":[{"not_picked":["sneckomod:UnknownCommonAttack","sneckomod:UnknownColorless"],"picked":"sneckomod:UnknownDraw","floor":2},{"not_picked":["sneckomod:DiceBlock","sneckomod:SerpentIdol"],"picked":"sneckomod:SoulDraw","floor":3},{"not_picked":["sneckomod:Transmogrify","sneckomod:UnknownDexterity"],"picked":"sneckomod:TrashToTreasure","floor":5},{"not_picked":["sneckomod:MixItUp","sneckomod:Nope","sneckomod:UnknownBlock"],"picked":"SKIP","floor":6}],"player_experience":3823623,"relics_obtained":[{"floor":6,"key":"CeramicFish"},{"floor":7,"key":"Sundial"}],"event_choices":[],"is_beta":false,"boss_relics":[],"items_purged_floors":[5],"is_endless":false,"potions_floor_spawned":[6],"killed_by":"Gremlin Nob","ascension_level":1}}