{"host":"en4narc5947t7k9n","time":1614003552,"event":{"mods":["AchievementEnabler","BaseMod","Colored Map","Minty Spire (QoL Compilation)","SuperFastMode"],"gold_per_floor":[111,111,111,180,195,230,230,85,111,138,153,168,187,206,206,303,303,314,314,0,0,0,0,19,19,100,120,131,131,155,167,167],"floor_reached":31,"language":"KOR","playtime":1771,"items_purged":["Strike_G"],"score":247,"play_id":"c8c54102-bfe8-4868-81fa-9efd5ac64b36","local_time":"20210222231912","is_ascension_mode":false,"campfire_choices":[{"data":"A Thousand Cuts","floor":7,"key":"SMITH"},{"floor":15,"key":"REST"},{"floor":23,"key":"RECALL"},{"floor":25,"key":"REST"}],"circlet_count":0,"master_deck":["Strike_G","Strike_G","Strike_G","Defend_G+1","Defend_G","Defend_G","Defend_G","Defend_G","Survivor","Neutralize+1","All Out Attack","Poisoned Stab","Reflex","Backflip","A Thousand Cuts+1","Noxious Fumes","Calculated Gamble","Deadly Poison","PiercingWail","Deflect","Catalyst","Corpse Explosion+1","Dodge and Roll","Bandage Up","Malaise","Catalyst","Deflect","Deflect","Bane+1"],"relics":["Ring of the Snake","Strawberry","Chemical X","Dream Catcher","Black Star","Nunchaku","Strange Spoon","MutagenicStrength","Sundial","MawBank"],"acts_visited":["Exordium","TheCity"],"potions_floor_usage":[10,14,14,24,27,31,31],"damage_taken":[{"damage":7,"enemies":"Jaw Worm","floor":1,"turns":6},{"damage":2,"enemies":"Small Slimes","floor":5,"turns":4},{"damage":18,"enemies":"Lagavulin","floor":6,"turns":8},{"damage":14,"enemies":"3 Sentries","floor":10,"turns":7},{"damage":0,"enemies":"Cultist","floor":11,"turns":4},{"damage":0,"enemies":"Lots of Slimes","floor":12,"turns":1},{"damage":11,"enemies":"Exordium Wildlife","floor":13,"turns":4},{"damage":5,"enemies":"Red Slaver","floor":14,"turns":5},{"damage":15,"enemies":"Slime Boss","floor":16,"turns":8},{"damage":8,"enemies":"Chosen","floor":18,"turns":6},{"damage":16,"enemies":"3 Byrds","floor":24,"turns":3},{"damage":25,"enemies":"Shelled Parasite and Fungi","floor":27,"turns":6},{"damage":54,"enemies":"Sentry and Sphere","floor":28,"turns":9},{"damage":0,"enemies":"3 Cultists","floor":30,"turns":3},{"damage":19,"enemies":"Snecko","floor":31,"turns":4}],"seed_played":"8118079978870668105","potions_obtained":[{"floor":5,"key":"ColorlessPotion"},{"floor":10,"key":"PowerPotion"},{"floor":11,"key":"Block Potion"},{"floor":12,"key":"Explosive Potion"},{"floor":16,"key":"SneckoOil"},{"floor":18,"key":"Dexterity Potion"},{"floor":27,"key":"Ancient Potion"},{"floor":30,"key":"Block Potion"}],"is_trial":false,"path_per_floor":["M","?","?","?","M","E","R","$","T","E","M","M","M","M","R","B",null,"M","?","$","?","?","R","M","R","T","M","M","T","M","M"],"character_chosen":"THE_SILENT","items_purchased":["Chemical X","Bandage Up","Strange Spoon"],"campfire_rested":2,"item_purchase_floors":[8,20,20],"current_hp_per_floor":[63,63,49,49,47,36,36,36,36,22,22,22,11,6,29,14,77,69,69,69,69,69,69,57,77,77,60,14,14,14,0,0],"gold":167,"neow_bonus":"THREE_CARDS","is_daily":false,"chose_seed":false,"campfire_upgraded":1,"win_rate":0.0,"timestamp":1614003552,"path_taken":["M","?","?","?","M","E","R","$","T","E","M","M","M","M","R","BOSS","M","?","$","?","?","R","?","R","T","M","?","?","M","M"],"items_purchased_type":["Relic","Card","Relic"],"build_version":"2020-12-22","purchased_purges":1,"victory":false,"max_hp_per_floor":[70,70,70,70,70,77,77,77,77,77,77,77,77,77,77,77,77,77,77,77,77,77,77,77,77,77,77,77,77,77,77,77],"card_choices":[{"not_picked":["Quick Slash","Terror"],"picked":"All Out Attack","floor":0},{"not_picked":["Dodge and Roll","Bane"],"picked":"Poisoned Stab","floor":1},{"not_picked":["Reflex","Blade Dance"],"picked":"Backflip","floor":5},{"not_picked":["Finisher","Predator"],"picked":"A Thousand Cuts","floor":6},{"not_picked":["Backflip","Quick Slash"],"picked":"Noxious Fumes","floor":10},{"not_picked":["Dash","Noxious Fumes"],"picked":"Calculated Gamble","floor":11},{"not_picked":["Bane","Terror"],"picked":"Deadly Poison","floor":12},{"not_picked":["Choke","Prepared"],"picked":"PiercingWail","floor":13},{"not_picked":["Prepared","Dagger Throw"],"picked":"Deflect","floor":14},{"not_picked":["Calculated Gamble","Prepared"],"picked":"Catalyst","floor":15},{"not_picked":["Phantasmal Killer","Envenom"],"picked":"Corpse Explosion","floor":16},{"not_picked":["Poisoned Stab","Slice"],"picked":"Dodge and Roll","floor":18},{"not_picked":["Deadly Poison","Prepared+1"],"picked":"Malaise","floor":24},{"not_picked":["Acrobatics","Underhanded Strike"],"picked":"Catalyst","floor":25},{"not_picked":["Dodge and Roll","Cloak And Dagger+1"],"picked":"Deflect","floor":27},{"not_picked":["Quick Slash","Cloak And Dagger"],"picked":"Deflect","floor":28},{"not_picked":["Eviscerate","Underhanded Strike"],"picked":"Bane+1","floor":30}],"player_experience":160787,"relics_obtained":[{"floor":6,"key":"Strawberry"},{"floor":10,"key":"Dream Catcher"},{"floor":26,"key":"Sundial"},{"floor":29,"key":"MawBank"}],"event_choices":[{"damage_healed":0,"gold_gain":0,"cards_transformed":["Strike_G"],"player_choice":"Change","damage_taken":0,"max_hp_gain":0,"max_hp_loss":0,"event_name":"Living Wall","floor":2,"gold_loss":0,"cards_obtained":["Reflex"]},{"damage_healed":0,"gold_gain":0,"player_choice":"Entered Light","damage_taken":14,"max_hp_gain":0,"max_hp_loss":0,"event_name":"Shining Light","floor":3,"gold_loss":0,"cards_upgraded":["Defend_G","Neutralize"]},{"damage_healed":0,"gold_gain":69,"player_choice":"Gained Gold","damage_taken":0,"max_hp_gain":0,"max_hp_loss":0,"event_name":"Golden Wing","floor":4,"gold_loss":0},{"damage_healed":0,"gold_gain":0,"player_choice":"Opened","damage_taken":0,"relics_obtained":["Nunchaku"],"max_hp_gain":0,"max_hp_loss":0,"event_name":"The Mausoleum","floor":19,"gold_loss":0},{"damage_healed":0,"gold_gain":0,"player_choice":"Inject Mutagens","damage_taken":0,"relics_obtained":["MutagenicStrength"],"max_hp_gain":0,"max_hp_loss":0,"event_name":"Drug Dealer","floor":21,"gold_loss":0},{"damage_healed":0,"gold_gain":0,"player_choice":"Forge","damage_taken":0,"max_hp_gain":0,"max_hp_loss":0,"event_name":"Accursed Blacksmith","floor":22,"gold_loss":0,"cards_upgraded":["Corpse Explosion"]}],"is_beta":false,"boss_relics":[{"not_picked":["HoveringKite","Philosopher\u0027s Stone"],"picked":"Black Star"}],"items_purged_floors":[20],"is_endless":false,"potions_floor_spawned":[5,10,11,12,13,16,18,27,30],"killed_by":"Snecko","ascension_level":0}}