{"host":"f9ntswufr8mq3t4y","time":1614022620,"event":{"mods":["AchievementEnabler","BaseMod","Best Route Mod","Block Reminder","Colored Map","Colored Powertips","Curses Come First","DeckTracker","Displayed Cursed Tome","Highlight Path","Minty Spire (QoL Compilation)","Permanent Neow","Quick Restart","Slay-I","StSLib"],"gold_per_floor":[17,17,29,42,65,94,94,104,183,212,231,231,231,231,231,330,330,347,122,132,147,165,165,178,205,205,205,253,264,57,57,57,160,160,176,229,100,155,155,155,5,31,68,156,196,220,232,260,272,284],"floor_reached":51,"language":"ENG","playtime":2036,"items_purged":["Strike_P"],"score":1048,"play_id":"ef31bedd-8a74-425e-ac25-ca1f921fe4a6","local_time":"20210222223700","is_ascension_mode":true,"campfire_choices":[{"data":"Eruption","floor":7,"key":"SMITH"},{"floor":13,"key":"REST"},{"data":"SandsOfTime","floor":15,"key":"SMITH"},{"data":"Scrawl","floor":23,"key":"SMITH"},{"floor":27,"key":"REST"},{"data":"Vault","floor":32,"key":"SMITH"},{"data":"Ragnarok","floor":40,"key":"SMITH"},{"data":"Wish","floor":47,"key":"SMITH"},{"data":"Worship","floor":49,"key":"SMITH"}],"circlet_count":0,"master_deck":["Strike_P","Strike_P","Strike_P","Defend_P","Defend_P","Defend_P","Defend_P","Eruption+1","Vigilance","Vault+1","FearNoEvil","FearNoEvil","FollowUp+1","Consecrate+1","SandsOfTime+1","Scrawl+1","Worship","Ragnarok+1","Tantrum+1","Vault+1","DeceiveReality","Vault+1","Wish+1","WindmillStrike+1","Worship+1","FlurryOfBlows"],"relics":["HolyWater","Bag of Preparation","Tiny Chest","Question Card","Eternal Feather","Anchor","SlaversCollar","Membership Card","Meat on the Bone","TeardropLocket","Nunchaku","HornCleat","DollysMirror","Ginger","Centennial Puzzle","Akabeko","WingedGreaves","Strawberry","PreservedInsect","MawBank","Omamori","Yang","Shuriken"],"acts_visited":["TheCity","TheBeyond"],"potions_floor_usage":[6,10,16,33,50,50],"damage_taken":[{"damage":0,"enemies":"2 Louse","floor":1,"turns":3},{"damage":8,"enemies":"Jaw Worm","floor":3,"turns":5},{"damage":0,"enemies":"Small Slimes","floor":4,"turns":3},{"damage":0,"enemies":"Gremlin Nob","floor":6,"turns":3},{"damage":1,"enemies":"Looter","floor":8,"turns":2},{"damage":5,"enemies":"3 Sentries","floor":10,"turns":5},{"damage":10,"enemies":"Gremlin Gang","floor":11,"turns":2},{"damage":35,"enemies":"The Guardian","floor":16,"turns":9},{"damage":1,"enemies":"Spheric Guardian","floor":18,"turns":4},{"damage":0,"enemies":"Chosen","floor":20,"turns":3},{"damage":18,"enemies":"Snecko","floor":21,"turns":3},{"damage":0,"enemies":"3 Cultists","floor":22,"turns":3},{"damage":15,"enemies":"Shelled Parasite and Fungi","floor":24,"turns":3},{"damage":29,"enemies":"Book of Stabbing","floor":25,"turns":3},{"damage":0,"enemies":"Snake Plant","floor":29,"turns":2},{"damage":28,"enemies":"Automaton","floor":33,"turns":6},{"damage":4,"enemies":"3 Darklings","floor":35,"turns":4},{"damage":12,"enemies":"2 Orb Walkers","floor":38,"turns":4},{"damage":0,"enemies":"Nemesis","floor":42,"turns":2},{"damage":0,"enemies":"Reptomancer","floor":45,"turns":3},{"damage":2,"enemies":"Orb Walker","floor":46,"turns":3},{"damage":0,"enemies":"Transient","floor":48,"turns":7},{"damage":20,"enemies":"Donu and Deca","floor":50,"turns":5}],"seed_played":"6981994750869458368","potions_obtained":[{"floor":3,"key":"BlessingOfTheForge"},{"floor":4,"key":"Dexterity Potion"},{"floor":6,"key":"Strength Potion"},{"floor":11,"key":"Block Potion"},{"floor":18,"key":"LiquidMemories"},{"floor":22,"key":"LiquidMemories"},{"floor":25,"key":"PowerPotion"},{"floor":45,"key":"Dexterity Potion"},{"floor":48,"key":"Swift Potion"}],"is_trial":false,"path_per_floor":["M","?","M","M","T","E","R","M","T","E","M","?","R","T","R","B",null,"M","$","M","M","M","R","M","E","T","R","T","M","$","?","R","B",null,"M","T","$","?","?","R","$","E","T","T","E","M","R","M","R","B",null],"character_chosen":"WATCHER","items_purchased":["Membership Card","Ragnarok","HornCleat","DollysMirror","LikeWater","Akabeko","Strawberry","PreservedInsect"],"campfire_rested":2,"item_purchase_floors":[19,19,30,30,37,37,41,41],"current_hp_per_floor":[72,72,64,64,64,64,64,63,63,58,48,34,64,64,72,37,63,62,62,62,44,44,56,41,12,12,45,45,45,45,45,57,41,64,60,60,60,48,48,60,67,67,67,67,67,65,79,79,79,59],"gold":296,"neow_bonus":"THREE_RARE_CARDS","is_daily":false,"chose_seed":false,"campfire_upgraded":7,"win_rate":0.0,"timestamp":1614022620,"path_taken":["M","?","M","M","?","E","R","M","T","E","M","?","R","?","R","BOSS","M","$","M","M","M","R","?","E","T","R","?","?","?","?","R","BOSS","M","?","$","?","?","R","?","E","T","?","E","?","R","M","R","BOSS"],"items_purchased_type":["Relic","Card","Relic","Relic","Card","Relic","Relic","Relic"],"build_version":"2020-12-22","purchased_purges":1,"victory":true,"max_hp_per_floor":[72,72,72,72,72,72,72,72,72,72,72,72,72,72,72,72,72,72,72,72,72,72,72,72,72,72,72,72,72,72,72,72,72,72,72,72,72,72,72,72,79,79,79,79,79,79,79,79,79,79],"card_choices":[{"not_picked":["Establishment","Alpha"],"picked":"Vault","floor":0},{"not_picked":["EmptyFist","FollowUp"],"picked":"FearNoEvil","floor":1},{"not_picked":["EmptyMind","Protect"],"picked":"FearNoEvil","floor":3},{"not_picked":["EmptyBody","Evaluate"],"picked":"FollowUp","floor":4},{"not_picked":["ClearTheMind","TalkToTheHand"],"picked":"Consecrate","floor":6},{"not_picked":["MentalFortress","InnerPeace"],"picked":"SandsOfTime","floor":8},{"not_picked":["Pray","SashWhip","ForeignInfluence","Protect"],"picked":"SKIP","floor":10},{"not_picked":["Wireheading","Evaluate","FearNoEvil","InnerPeace"],"picked":"SKIP","floor":11},{"not_picked":["ConjureBlade","Devotion","MasterReality"],"picked":"Scrawl","floor":16},{"not_picked":["Halt+1","ForeignInfluence+1","EmptyBody+1"],"picked":"Worship","floor":18},{"not_picked":["ClearTheMind","TalkToTheHand","EmptyFist+1","Indignation"],"picked":"SKIP","floor":20},{"not_picked":["FearNoEvil","Meditate","FlurryOfBlows"],"picked":"Tantrum+1","floor":21},{"not_picked":["JustLucky+1","TalkToTheHand","FlurryOfBlows","ClearTheMind"],"picked":"SKIP","floor":22},{"not_picked":["PathToVictory","Protect+1","CutThroughFate","Consecrate"],"picked":"SKIP","floor":24},{"not_picked":["Protect","EmptyFist","Study"],"picked":"Vault","floor":25},{"not_picked":["Evaluate","Halt","EmptyBody"],"picked":"DeceiveReality","floor":29},{"not_picked":["Vault","LessonLearned","Omniscience"],"picked":"Wish","floor":33},{"not_picked":["WaveOfTheHand+1","Study","Crescendo+1","Protect+1"],"picked":"SKIP","floor":35},{"not_picked":["EmptyBody","JustLucky","Prostrate"],"picked":"WindmillStrike+1","floor":38},{"not_picked":["Prostrate+1","FlyingSleeves","CutThroughFate"],"picked":"Worship","floor":42},{"not_picked":["ClearTheMind+1","BattleHymn","Swivel","EmptyMind+1"],"picked":"SKIP","floor":45},{"not_picked":["FlyingSleeves+1","CutThroughFate","SashWhip+1"],"picked":"FlurryOfBlows","floor":46},{"not_picked":["ClearTheMind","CutThroughFate","EmptyBody+1","EmptyFist+1"],"picked":"SKIP","floor":48}],"player_experience":462155,"relics_obtained":[{"floor":5,"key":"Bag of Preparation"},{"floor":6,"key":"Tiny Chest"},{"floor":9,"key":"Question Card"},{"floor":10,"key":"Eternal Feather"},{"floor":14,"key":"Anchor"},{"floor":25,"key":"Meat on the Bone"},{"floor":26,"key":"TeardropLocket"},{"floor":28,"key":"Nunchaku"},{"floor":36,"key":"Centennial Puzzle"},{"floor":38,"key":"WingedGreaves"},{"floor":42,"key":"MawBank"},{"floor":43,"key":"Omamori"},{"floor":44,"key":"Yang"},{"floor":45,"key":"Shuriken"}],"event_choices":[{"damage_healed":0,"gold_gain":0,"player_choice":"Grow","damage_taken":0,"max_hp_gain":0,"max_hp_loss":0,"event_name":"Living Wall","floor":2,"gold_loss":0,"cards_upgraded":["Vault"]},{"damage_healed":0,"gold_gain":0,"player_choice":"Entered Light","damage_taken":14,"max_hp_gain":0,"max_hp_loss":0,"event_name":"Shining Light","floor":12,"gold_loss":0,"cards_upgraded":["FollowUp","Consecrate"]},{"damage_healed":0,"gold_gain":0,"player_choice":"Opened","damage_taken":0,"relics_obtained":["Ginger"],"max_hp_gain":0,"max_hp_loss":0,"event_name":"The Mausoleum","floor":31,"gold_loss":0},{"damage_healed":0,"gold_gain":0,"player_choice":"Fight","damage_taken":0,"max_hp_gain":0,"max_hp_loss":0,"event_name":"Mysterious Sphere","floor":38,"gold_loss":0},{"cards_removed":["LikeWater"],"damage_healed":0,"gold_gain":0,"player_choice":"Removed Power","damage_taken":0,"max_hp_gain":0,"max_hp_loss":0,"event_name":"Falling","floor":39,"gold_loss":0}],"is_beta":false,"boss_relics":[{"not_picked":["Ectoplasm","Black Star"],"picked":"SlaversCollar"},{"not_picked":["Busted Crown","Runic Pyramid"],"picked":"HolyWater"}],"items_purged_floors":[37],"is_endless":false,"potions_floor_spawned":[3,4,6,11,18,22,25,29,45,48],"ascension_level":5}}