{"host":"f5n4tidiz2n5sooh","time":1614001396,"event":{"mods":["BaseMod","Colored Map","Minty Spire (QoL Compilation)","Relic Stats","StSLib"],"gold_per_floor":[109,119,129,129,2,2,18,50,50,50,65,92,106,135,135,212,212,224,238,254,272,272,314,341,361,361,404,161,199,53,77,77,162,171,184,198,227,245,245,273,273,323,323,358,91,91,110,130,130,130,130,130,130,5,33,33],"floor_reached":57,"language":"ENG","playtime":4376,"items_purged":["Strike_R","Strike_R","Strike_R"],"score":2863,"play_id":"4769f330-21e2-4afc-986c-4717189f33d2","local_time":"20210222074316","is_ascension_mode":true,"campfire_choices":[{"data":"Whirlwind","floor":6,"key":"SMITH"},{"data":"Wild Strike","floor":10,"key":"SMITH"},{"data":"Disarm","floor":15,"key":"SMITH"},{"floor":32,"key":"RECALL"},{"floor":41,"key":"REST"},{"floor":46,"key":"REST"},{"floor":49,"key":"REST"},{"floor":53,"key":"REST"}],"circlet_count":0,"master_deck":["AscendersBane","Defend_R","Defend_R","Defend_R","Defend_R","Bash","Wild Strike+1","Rage","Whirlwind+1","Pommel Strike","Second Wind","Shockwave+1","Disarm+1","Feed","Dark Embrace+1","Exhume","Immolate","Double Tap","Entrench+1","Ghostly","Ghostly","Ghostly","Second Wind","Inflame","Spot Weakness+1","Barricade","Fiend Fire","Exhume","CurseOfTheBell","Body Slam+1","Master of Strategy","Dark Shackles"],"relics":["Burning Blood","Singing Bowl","Pocketwatch","Charon\u0027s Ashes","Boot","Anchor","Fusion Hammer","CeramicFish","Juzu Bracelet","Bag of Preparation","Mummified Hand","Orrery","Calling Bell","Potion Belt","Letter Opener","FossilizedHelix","Calipers","Pen Nib","Champion Belt","PreservedInsect","Oddly Smooth Stone"],"acts_visited":["Exordium","TheCity","TheBeyond","TheEnding"],"potions_floor_usage":[7,13,14,23,29,33,44,44,44,47,51,51,56,56],"damage_taken":[{"damage":2,"enemies":"2 Louse","floor":1,"turns":3},{"damage":7,"enemies":"Cultist","floor":2,"turns":4},{"damage":9,"enemies":"Jaw Worm","floor":3,"turns":4},{"damage":0,"enemies":"Looter","floor":7,"turns":2},{"damage":22,"enemies":"3 Sentries","floor":8,"turns":4},{"damage":12,"enemies":"Exordium Wildlife","floor":11,"turns":3},{"damage":8,"enemies":"Gremlin Nob","floor":12,"turns":3},{"damage":21,"enemies":"Exordium Thugs","floor":13,"turns":3},{"damage":15,"enemies":"Lagavulin","floor":14,"turns":4},{"damage":18,"enemies":"The Guardian","floor":16,"turns":14},{"damage":0,"enemies":"3 Byrds","floor":18,"turns":3},{"damage":8,"enemies":"Chosen","floor":19,"turns":5},{"damage":24,"enemies":"Shelled Parasite and Fungi","floor":20,"turns":5},{"damage":14,"enemies":"Cultist and Chosen","floor":21,"turns":6},{"damage":49,"enemies":"Book of Stabbing","floor":23,"turns":6},{"damage":1,"enemies":"Centurion and Healer","floor":25,"turns":5},{"damage":0,"enemies":"Gremlin Leader","floor":27,"turns":5},{"damage":6,"enemies":"Book of Stabbing","floor":29,"turns":6},{"damage":0,"enemies":"Shelled Parasite and Fungi","floor":31,"turns":6},{"damage":18,"enemies":"Collector","floor":33,"turns":11},{"damage":16,"enemies":"3 Darklings","floor":35,"turns":6},{"damage":11,"enemies":"Orb Walker","floor":36,"turns":4},{"damage":0,"enemies":"Spire Growth","floor":37,"turns":7},{"damage":0,"enemies":"Giant Head","floor":40,"turns":8},{"damage":76,"enemies":"Nemesis","floor":44,"turns":10},{"damage":1,"enemies":"4 Shapes","floor":47,"turns":5},{"damage":0,"enemies":"Maw","floor":48,"turns":6},{"damage":1,"enemies":"Time Eater","floor":50,"turns":13},{"damage":63,"enemies":"Donu and Deca","floor":51,"turns":11},{"damage":6,"enemies":"Shield and Spear","floor":55,"turns":6},{"damage":21,"enemies":"The Heart","floor":56,"turns":9}],"seed_played":"-7459888086737192082","potions_obtained":[{"floor":7,"key":"Regen Potion"},{"floor":8,"key":"EntropicBrew"},{"floor":13,"key":"AttackPotion"},{"floor":18,"key":"BloodPotion"},{"floor":23,"key":"Explosive Potion"},{"floor":29,"key":"AttackPotion"},{"floor":31,"key":"LiquidMemories"},{"floor":33,"key":"SpeedPotion"},{"floor":35,"key":"Block Potion"},{"floor":40,"key":"FearPotion"},{"floor":44,"key":"GamblersBrew"},{"floor":48,"key":"Dexterity Potion"},{"floor":55,"key":"LiquidMemories"}],"is_trial":false,"path_per_floor":["M","M","M","?","$","R","M","E","T","R","M","E","M","E","R","B",null,"M","M","M","M","?","E","?","M","T","E","$","E","$","M","R","B",null,"M","M","M","?","?","E","R","?","T","E","$","R","M","M","R","B","B",null,"R","$","E","B",null],"character_chosen":"IRONCLAD","items_purchased":["Whirlwind","Fire Potion","Bag of Preparation","Orrery","PreservedInsect"],"campfire_rested":4,"item_purchase_floors":[5,5,28,30,45],"current_hp_per_floor":[79,78,75,75,75,75,81,65,65,65,61,61,55,46,46,34,73,79,82,69,64,64,44,44,57,57,62,62,65,71,74,74,62,71,63,60,69,61,61,72,88,88,88,38,38,65,75,86,100,103,46,89,103,103,108,93],"gold":33,"neow_bonus":"TEN_PERCENT_HP_BONUS","is_daily":false,"chose_seed":false,"campfire_upgraded":3,"win_rate":0.0,"timestamp":1614001396,"path_taken":["M","M","M","?","$","R","?","E","T","R","M","E","M","E","R","BOSS","M","M","M","M","?","E","?","M","T","E","?","E","$","M","R","BOSS","M","M","M","?","?","E","R","?","T","E","$","R","M","M","R","BOSS","BOSS","R","$","E","BOSS"],"items_purchased_type":["Card","Potion","Relic","Relic","Relic"],"build_version":"2020-12-22","purchased_purges":3,"victory":true,"max_hp_per_floor":[82,82,82,82,82,82,82,82,82,82,84,86,86,86,86,86,86,86,91,96,99,99,102,51,59,59,62,62,65,71,74,74,74,74,76,78,81,83,83,88,88,88,88,90,90,90,95,100,100,103,103,103,103,103,108,108],"relic_stats":{"Singing Bowl":32,"counters":[31,187],"CeramicFish":126,"Charon\u0027s Ashes":[910],"Pen Nib":[6],"PreservedInsect":77,"Juzu Bracelet":1,"Bag of Preparation":[28],"Letter Opener":[149],"Boot":[52],"Burning Blood":171,"Mummified Hand":[41],"Champion Belt":[11],"obtain_stats":[{"Potion Belt":34,"Calipers":40,"Singing Bowl":4,"CeramicFish":23,"Oddly Smooth Stone":55,"Charon\u0027s Ashes":9,"Pen Nib":43,"PreservedInsect":45,"Juzu Bracelet":27,"Bag of Preparation":28,"Letter Opener":34,"Boot":12,"Burning Blood":0,"Calling Bell":34,"Anchor":14,"Mummified Hand":29,"Orrery":30,"Fusion Hammer":17,"Champion Belt":44,"FossilizedHelix":34,"Pocketwatch":8},{"Potion Belt":20,"Calipers":24,"Singing Bowl":3,"CeramicFish":15,"Oddly Smooth Stone":30,"Charon\u0027s Ashes":5,"Pen Nib":24,"PreservedInsect":25,"Juzu Bracelet":17,"Bag of Preparation":17,"Letter Opener":20,"Boot":7,"Burning Blood":0,"Calling Bell":20,"Anchor":9,"Mummified Hand":18,"Orrery":18,"Fusion Hammer":10,"Champion Belt":25,"FossilizedHelix":20,"Pocketwatch":5},{"Potion Belt":102,"Calipers":127,"Singing Bowl":11,"CeramicFish":69,"Oddly Smooth Stone":178,"Charon\u0027s Ashes":17,"Pen Nib":127,"PreservedInsect":137,"Juzu Bracelet":79,"Bag of Preparation":79,"Letter Opener":102,"Boot":23,"Burning Blood":0,"Calling Bell":102,"Anchor":30,"Mummified Hand":85,"Orrery":85,"Fusion Hammer":44,"Champion Belt":137,"FossilizedHelix":102,"Pocketwatch":17}],"Pocketwatch":[267]},"card_choices":[{"not_picked":["Warcry","Flex"],"picked":"Iron Wave","floor":1},{"not_picked":["Warcry","Body Slam"],"picked":"Wild Strike","floor":2},{"not_picked":["Body Slam","Sword Boomerang"],"picked":"Rage","floor":3},{"not_picked":["Twin Strike","Perfected Strike"],"picked":"Pommel Strike","floor":7},{"not_picked":["Cleave","Brutality"],"picked":"Second Wind","floor":8},{"not_picked":["Evolve","Combust","Blood for Blood"],"picked":"Singing Bowl","floor":11},{"not_picked":["Pommel Strike","Reckless Charge","Limit Break"],"picked":"Singing Bowl","floor":12},{"not_picked":["Perfected Strike","Dual Wield"],"picked":"Shockwave","floor":13},{"not_picked":["Cleave","Infernal Blade"],"picked":"Disarm","floor":14},{"not_picked":["Limit Break","Reaper"],"picked":"Feed","floor":16},{"not_picked":["Sword Boomerang+1","Cleave"],"picked":"Dark Embrace+1","floor":18},{"not_picked":["Flame Barrier","Armaments","Uppercut"],"picked":"Singing Bowl","floor":19},{"not_picked":["Hemokinesis","Body Slam","Perfected Strike"],"picked":"Singing Bowl","floor":20},{"not_picked":["Clash","Flex+1"],"picked":"Exhume","floor":21},{"not_picked":["Battle Trance","Heavy Blade"],"picked":"Entrench+1","floor":23},{"not_picked":["Twin Strike+1","Pommel Strike","Anger"],"picked":"Singing Bowl","floor":25},{"not_picked":["Carnage","Brutality"],"picked":"Second Wind","floor":27},{"not_picked":["Metallicize","Entrench"],"picked":"Inflame","floor":29},{"not_picked":["Warcry","Flex+1"],"picked":"Spot Weakness+1","floor":30},{"not_picked":["Thunderclap","True Grit"],"picked":"Barricade","floor":30},{"not_picked":["Iron Wave","Double Tap","Warcry"],"picked":"Singing Bowl","floor":30},{"not_picked":["Sentinel+1","True Grit","Uppercut"],"picked":"Singing Bowl","floor":30},{"not_picked":["Flex","Perfected Strike","Infernal Blade"],"picked":"Singing Bowl","floor":30},{"not_picked":["Anger","Body Slam"],"picked":"Fiend Fire","floor":31},{"not_picked":["Impervious","Immolate"],"picked":"Exhume","floor":33},{"not_picked":["Iron Wave+1","Infernal Blade","Inflame"],"picked":"Singing Bowl","floor":35},{"not_picked":["Combust","Twin Strike","Wild Strike"],"picked":"Singing Bowl","floor":36},{"not_picked":["Reckless Charge","Warcry"],"picked":"Body Slam+1","floor":37},{"not_picked":["Trip","The Bomb","Mayhem"],"picked":"Singing Bowl","floor":38},{"not_picked":["The Bomb","Dramatic Entrance"],"picked":"Master of Strategy","floor":38},{"not_picked":["Mind Blast","Thinking Ahead"],"picked":"Dark Shackles","floor":38},{"not_picked":["Iron Wave+1","Sword Boomerang","Battle Trance"],"picked":"Singing Bowl","floor":40},{"not_picked":["Inflame","Dark Embrace","Twin Strike"],"picked":"Singing Bowl","floor":44},{"not_picked":["Evolve","Dark Embrace","Combust+1"],"picked":"Singing Bowl","floor":47},{"not_picked":["Reckless Charge","Power Through","Body Slam"],"picked":"Singing Bowl","floor":48},{"not_picked":["Heavy Blade+1","Rampage","Infernal Blade+1"],"picked":"Singing Bowl","floor":55}],"player_experience":2071658,"relics_obtained":[{"floor":8,"key":"Pocketwatch"},{"floor":9,"key":"Charon\u0027s Ashes"},{"floor":12,"key":"Boot"},{"floor":14,"key":"Anchor"},{"floor":23,"key":"CeramicFish"},{"floor":27,"key":"Juzu Bracelet"},{"floor":29,"key":"Mummified Hand"},{"floor":34,"key":"Potion Belt"},{"floor":34,"key":"Letter Opener"},{"floor":34,"key":"FossilizedHelix"},{"floor":40,"key":"Calipers"},{"floor":43,"key":"Pen Nib"},{"floor":44,"key":"Champion Belt"},{"floor":55,"key":"Oddly Smooth Stone"}],"event_choices":[{"cards_removed":["Iron Wave"],"damage_healed":0,"gold_gain":0,"player_choice":"Gave Card","damage_taken":0,"relics_obtained":["Singing Bowl"],"max_hp_gain":0,"max_hp_loss":0,"event_name":"WeMeetAgain","floor":4,"gold_loss":0},{"damage_healed":0,"gold_gain":0,"cards_transformed":["Strike_R","Strike_R"],"player_choice":"Became Test Subject","damage_taken":0,"max_hp_gain":0,"max_hp_loss":0,"event_name":"Drug Dealer","floor":22,"gold_loss":0,"cards_obtained":["Immolate","Double Tap"]},{"damage_healed":0,"gold_gain":0,"player_choice":"Became a Ghost","damage_taken":0,"max_hp_gain":0,"max_hp_loss":51,"event_name":"Ghosts","floor":24,"gold_loss":0,"cards_obtained":["Ghostly","Ghostly","Ghostly"]},{"damage_healed":0,"gold_gain":0,"player_choice":"Memory 3","damage_taken":10,"max_hp_gain":0,"max_hp_loss":0,"event_name":"SensoryStone","floor":38,"gold_loss":0},{"damage_healed":0,"gold_gain":0,"player_choice":"Upgraded","damage_taken":0,"max_hp_gain":0,"max_hp_loss":0,"event_name":"Upgrade Shrine","floor":39,"gold_loss":0,"cards_upgraded":["Shockwave"]},{"damage_healed":0,"gold_gain":50,"player_choice":"Pray","damage_taken":0,"max_hp_gain":0,"max_hp_loss":0,"event_name":"Golden Shrine","floor":42,"gold_loss":0}],"is_beta":false,"boss_relics":[{"not_picked":["Black Star","Tiny House"],"picked":"Fusion Hammer"},{"not_picked":["Sozu","Philosopher\u0027s Stone"],"picked":"Calling Bell"}],"items_purged_floors":[28,45,54],"is_endless":false,"potions_floor_spawned":[7,8,12,13,18,23,29,31,33,35,40,44,48,55],"ascension_level":20}}