{"host":"bsgp9wgausrmthh2","time":1614025530,"event":{"mods":["AchievementEnabler","BaseMod","Colored Map","Downfall","Minty Spire (QoL Compilation)","StSLib"],"gold_per_floor":[111,130,130,130,56,56,73,87,87,97,112,112,147,167,167,271,271,291,291,291],"floor_reached":19,"language":"ENG","playtime":969,"items_purged":[],"score":171,"play_id":"ab076df0-d10a-4668-aac5-94f9e2c141d4","local_time":"20210222152530","is_ascension_mode":false,"campfire_choices":[{"data":"Sucker Punch","floor":6,"key":"SMITH"},{"floor":12,"key":"RECALL"},{"floor":15,"key":"REST"}],"circlet_count":0,"master_deck":["Strike_G","Strike_G","Strike_G","Strike_G","Defend_G","Defend_G","Defend_G","Defend_G+1","Defend_G","Survivor","Neutralize+1","PiercingWail","Sucker Punch+1","Flying Knee","Quick Slash","Cloak And Dagger","Dagger Throw","Backflip","Sucker Punch","Dodge and Roll","Flying Knee","Adrenaline","Dash"],"relics":["Ring of the Snake","NeowsBlessing","StrikeDummy","Cursed Key"],"acts_visited":["Exordium","TheCity"],"potions_floor_usage":[14,16],"damage_taken":[{"damage":0,"enemies":"Jaw Worm","floor":1,"turns":1},{"damage":0,"enemies":"Small Slimes","floor":2,"turns":1},{"damage":0,"enemies":"Cultist","floor":7,"turns":1},{"damage":5,"enemies":"Lots of Slimes","floor":8,"turns":5},{"damage":0,"enemies":"3 Louse","floor":10,"turns":3},{"damage":0,"enemies":"Blue Slaver","floor":11,"turns":4},{"damage":21,"enemies":"Lagavulin","floor":13,"turns":9},{"damage":7,"enemies":"Exordium Thugs","floor":14,"turns":4},{"damage":6,"enemies":"Slime Boss","floor":16,"turns":9},{"damage":16,"enemies":"Spheric Guardian","floor":18,"turns":4},{"damage":0,"enemies":"3 Byrds","floor":19,"turns":1}],"seed_played":"-9136327800816323853","potions_obtained":[{"floor":2,"key":"Fire Potion"},{"floor":8,"key":"BlessingOfTheForge"},{"floor":13,"key":"Weak Potion"},{"floor":14,"key":"Fruit Juice"},{"floor":18,"key":"Slimebound:ThreeZeroPotion"}],"is_trial":false,"path_per_floor":["M","M","?","?","$","R","M","M","T","M","M","R","E","M","R","B",null,"M","M"],"character_chosen":"THE_SILENT","items_purchased":["Flying Knee","Quick Slash"],"campfire_rested":1,"item_purchase_floors":[5,5],"current_hp_per_floor":[70,70,56,56,56,56,56,51,51,51,51,51,30,28,50,44,75,59,59,59],"gold":291,"neow_bonus":"THREE_ENEMY_KILL","is_daily":false,"chose_seed":false,"campfire_upgraded":1,"win_rate":0.0,"timestamp":1614025530,"path_taken":["M","M","?","?","$","R","M","?","T","M","M","R","E","M","R","BOSS","M","?"],"items_purchased_type":["Card","Card"],"build_version":"2020-12-22","purchased_purges":0,"victory":false,"max_hp_per_floor":[70,70,70,70,70,70,70,70,70,70,70,70,70,75,75,75,75,75,75,75],"card_choices":[{"not_picked":["Deadly Poison","Dagger Spray"],"picked":"PiercingWail","floor":1},{"not_picked":["PiercingWail","Concentrate"],"picked":"Sucker Punch","floor":2},{"not_picked":["Blade Dance","Masterful Stab"],"picked":"Cloak And Dagger","floor":7},{"not_picked":["Blade Dance","Prepared"],"picked":"Dagger Throw","floor":8},{"not_picked":["Escape Plan","Acrobatics"],"picked":"Backflip","floor":10},{"not_picked":["Prepared","Poisoned Stab"],"picked":"Sucker Punch","floor":11},{"not_picked":["Concentrate","Doppelganger"],"picked":"Dodge and Roll","floor":13},{"not_picked":["Tactician","Cloak And Dagger"],"picked":"Flying Knee","floor":14},{"not_picked":["Envenom","Phantasmal Killer"],"picked":"Adrenaline","floor":16},{"not_picked":["Endless Agony","All Out Attack"],"picked":"Dash","floor":18}],"player_experience":347209,"relics_obtained":[{"floor":13,"key":"StrikeDummy"}],"event_choices":[{"damage_healed":0,"gold_gain":0,"player_choice":"Entered Light","damage_taken":14,"max_hp_gain":0,"max_hp_loss":0,"event_name":"Shining Light","floor":3,"gold_loss":0,"cards_upgraded":["Neutralize","Defend_G"]},{"cards_removed":["Strike_G"],"damage_healed":0,"gold_gain":0,"player_choice":"Offered Basic","damage_taken":0,"max_hp_gain":0,"max_hp_loss":0,"event_name":"Bonfire Elementals","floor":4,"gold_loss":0}],"is_beta":false,"boss_relics":[{"not_picked":["Tiny House","Pandora\u0027s Box"],"picked":"Cursed Key"}],"items_purged_floors":[],"is_endless":false,"potions_floor_spawned":[2,8,13,14,18],"killed_by":"3 Byrds","ascension_level":0}}