{"host":"qlo0xo0cdeotglqz","time":1614002849,"event":{"mods":["2.2 Compatiblity","Act Like it!","Aspiration","Bard","BaseMod","Bestiary","Better Third Choice","Clockwork Mod","Colored Map","DeckTracker","Downfall","Gremlin Mod","Infinite Spire","Jorbs\u0027s Wanderer Trilogy","Minty Spire (QoL Compilation)","Potionbrewer","Rare Cards Sparkle","Replay The Spire","Spire Arcade","StS++","StSLib","The Animator","The Blackbeard","The Blue Laboratory","The Cursed","The Disciple","The Forsaken","Uncapped"],"gold_per_floor":[118,133,153,153,9,37,56,56,56,83,83],"floor_reached":10,"language":"ENG","playtime":937,"items_purged":[],"score":78,"play_id":"1661010f-1131-4a71-97f1-727630878142","local_time":"20210222150729","is_ascension_mode":false,"campfire_choices":[{"floor":8,"key":"REST"}],"circlet_count":0,"master_deck":["theForsaken:TheForsaken_Strike","theForsaken:TheForsaken_Strike","theForsaken:TheForsaken_Strike","theForsaken:TheForsaken_Strike","theForsaken:TheForsaken_Defend","theForsaken:TheForsaken_Defend","theForsaken:TheForsaken_Defend","theForsaken:TheForsaken_Defend","theForsaken:Smite","theForsaken:Penitence","theForsaken:Riposte","theForsaken:Eulogy","theForsaken:PowerUp","theForsaken:PowerUp","theForsaken:Parry","theForsaken:QuickAttack","theForsaken:CleansingLight","theForsaken:BlightOfFamine","theForsaken:RainingSunlight"],"relics":["theForsaken:JudgementScales","Smiling Mask","Du-Vu Doll","StSpp:TwinEgg"],"acts_visited":["Exordium"],"potions_floor_usage":[1],"damage_taken":[{"damage":1,"enemies":"Small Slimes","floor":1,"turns":4},{"damage":3,"enemies":"Cultist","floor":2,"turns":6},{"damage":11,"enemies":"Jaw Worm","floor":3,"turns":5},{"damage":31,"enemies":"3 Sentries","floor":6,"turns":11},{"damage":9,"enemies":"Gremlin Gang","floor":7,"turns":7},{"damage":25,"enemies":"Lagavulin","floor":10,"turns":10}],"seed_played":"-7764446891240546573","potions_obtained":[{"floor":1,"key":"EntropicBrew"}],"is_trial":false,"path_per_floor":["M","M","M","?","$","E","M","R","T","E"],"character_chosen":"THE_FORSAKEN","items_purchased":["theForsaken:PowerUp","theForsaken:Parry","theForsaken:QuickAttack"],"campfire_rested":1,"item_purchase_floors":[5,5,5],"current_hp_per_floor":[65,63,54,59,59,34,27,46,46,27,27],"gold":83,"neow_bonus":"RANDOM_COMMON_RELIC","is_daily":false,"chose_seed":false,"campfire_upgraded":0,"win_rate":0.0,"timestamp":1614002849,"path_taken":["M","M","M","?","$","E","?","R","T","E"],"items_purchased_type":["Card","Card","Card"],"build_version":"2020-12-22","purchased_purges":0,"victory":false,"max_hp_per_floor":[65,65,65,65,65,65,65,65,65,65,65],"card_choices":[{"not_picked":["theForsaken:FatRoll","theForsaken:StoreUp"],"picked":"theForsaken:Riposte","floor":1},{"not_picked":["theForsaken:HorrifyingStrike","theForsaken:NobleSacrifice"],"picked":"theForsaken:CreepingInfection","floor":2},{"not_picked":["theForsaken:ChargeAttack","theForsaken:BlindFaith"],"picked":"theForsaken:Eulogy","floor":3},{"not_picked":["theForsaken:BindingThorns","theForsaken:Parry"],"picked":"theForsaken:CleansingLight","floor":6},{"not_picked":["theForsaken:ScorchingSunlight","theForsaken:DesperatePlea"],"picked":"theForsaken:BlightOfFamine","floor":7},{"not_picked":["theForsaken:WordsOfPestilence","theForsaken:FatRoll"],"picked":"theForsaken:RainingSunlight","floor":10}],"player_experience":92286,"relics_obtained":[{"floor":6,"key":"Du-Vu Doll"},{"floor":9,"key":"StSpp:TwinEgg"}],"event_choices":[{"cards_removed":["theForsaken:CreepingInfection"],"damage_healed":5,"gold_gain":0,"player_choice":"Offered Common","damage_taken":0,"max_hp_gain":0,"max_hp_loss":0,"event_name":"Bonfire Elementals","floor":4,"gold_loss":0},{"cards_removed":["theForsaken:CreepingInfection"],"damage_healed":5,"gold_gain":0,"player_choice":"Offered Special","damage_taken":0,"max_hp_gain":0,"max_hp_loss":0,"event_name":"Bonfire Elementals","floor":4,"gold_loss":0}],"is_beta":false,"boss_relics":[],"items_purged_floors":[],"is_endless":false,"potions_floor_spawned":[1,7],"killed_by":"Lagavulin","ascension_level":0}}