{"host":"8juwo4eokezucgda","time":1614013542,"event":{"mods":["AchievementEnabler","BaseMod","BetterRewards","Colored Map","Colored Powertips","Downfall","Hermit","Hubris","Marisa????????","Minty Spire (QoL Compilation)","Rare Cards Sparkle","Relic Stats","Replay The Spire","StSLib","The Construct","The Cursed","The Disciple","The Mystic","The Necromancer","The Servant 0.9.4"],"gold_per_floor":[119,4399,4409,4409,4409,4438,4454,4454,4500,4517,3254,3284,2293,2306,2306,2409,2409,2429,1663,1711,1728,1738,1738,1753,1767,1792,1792,1792,1792,1340,1354,1354,1451,1451,1468,1481,1143,1159,1179,1179,1204,655,655,690,690,721,721,164,164,164,164,164,315,343,343],"floor_reached":56,"language":"ENG","playtime":11235,"items_purged":["Strike_P","Defend_P","Strike_P","Meditate","Meditate","Strike_P","ConjureBlade+1","Vigilance"],"score":1794,"play_id":"096f8153-11ee-407a-8517-20106a4235ca","local_time":"20210223010542","is_ascension_mode":true,"campfire_choices":[{"floor":8,"key":"RECALL"},{"data":"ForeignInfluence","floor":15,"key":"SMITH"},{"data":"Scrawl","floor":23,"key":"SMITH"},{"data":"Eruption","floor":27,"key":"SMITH"},{"data":"Wallop","floor":29,"key":"SMITH"},{"data":"WheelKick","floor":32,"key":"SMITH"},{"data":"Blind","floor":40,"key":"SMITH"},{"data":"Violence","floor":45,"key":"SMITH"},{"data":"Perseverance","floor":49,"key":"SMITH"},{"data":"WheelKick","floor":52,"key":"SMITH"}],"circlet_count":0,"master_deck":["Defend_P","Defend_P","Eruption+1","Brilliance+1","Blind+1","Consecrate","WheelKick+1","FearNoEvil","WheelKick+1","ForeignInfluence+1","Steam","DeceiveReality","Replay:Anticipation+1","Swivel","Sadistic Nature","Good Instincts","Brilliance","SashWhip+1","ReachHeaven","Violence+1","Wallop+1","Finesse","Perseverance+1","Scrawl+1","FlurryOfBlows","Replay:DivineShield+1","Replay:AtTheReady+1","ReplayTheSpireMod:Brewmster+1","FlyingSleeves+1","Replay:Anticipation","Replay:AtTheReady+1","EmptyMind","Crescendo+1","Establishment+1","CrushJoints","Adaptation+1","Master of Strategy+1","Halt+1","DeusExMachina+1","BattleHymn+1","Replay:LoomingThreat+1","DeceiveReality+1","Consecrate+1","Apotheosis+1","Pray+1","WindmillStrike+1","Pray+1","Mayhem+1","Consecrate+1","Dark Shackles+1"],"relics":["PureWater","NeowsBlessing","ReplayTheSpireMod:TigerMarble","Replay:Mystery Machine","Orrery","hubris:Towel","Centennial Puzzle","Replay:Baseball","ClockworkSouvenir","hubris:SphereOfDissonance","hubris:MysteriousPyramids","hubris:TenFootPole","Happy Flower","Strawberry","Toolbox","hubris:TerracottaHorce","Golden Egg","Membership Card","Bottled Tornado","Matryoshka","Frozen Egg 2","Replay:Rubber Ducky","Pen Nib","Cauldron","Coffee Dripper","Replay:Kaleidoscope","BargainBundle","War Paint","Lantern","Question Card","Potion Belt","OrangePellets","Molten Egg 2","Orichalcum","Oddly Smooth Stone","Juzu Bracelet","Vajra","Melange","Replay:Bottled Flurry","ReplayFunnel","hubris:DisguiseKit","TheAbacus","Nunchaku"],"acts_visited":["Exordium","TheCity","TheBeyond","TheEnding"],"potions_floor_usage":[21,22,22,25,25,31,33,33,35,36,38,39,39,39,42,44,46,46,50,50,55,55,55,55,55],"damage_taken":[{"damage":0,"enemies":"Jaw Worm","floor":1,"turns":1},{"damage":0,"enemies":"2 Louse","floor":3,"turns":1},{"damage":0,"enemies":"Gremlin Nob","floor":6,"turns":1},{"damage":0,"enemies":"Cultist","floor":7,"turns":1},{"damage":1,"enemies":"Exordium Thugs","floor":10,"turns":2},{"damage":0,"enemies":"Replay:BlueRogue","floor":12,"turns":1},{"damage":12,"enemies":"Large Slime","floor":14,"turns":2},{"damage":16,"enemies":"Slime Boss","floor":16,"turns":4},{"damage":0,"enemies":"3 Byrds","floor":18,"turns":3},{"damage":0,"enemies":"Spheric Guardian","floor":21,"turns":1},{"damage":3,"enemies":"Snecko","floor":22,"turns":3},{"damage":8,"enemies":"3 Cultists","floor":24,"turns":5},{"damage":23,"enemies":"Centurion and Healer","floor":25,"turns":2},{"damage":0,"enemies":"Snake Plant","floor":31,"turns":2},{"damage":12,"enemies":"Automaton","floor":33,"turns":7},{"damage":34,"enemies":"3 Darklings","floor":35,"turns":4},{"damage":0,"enemies":"Orb Walker","floor":36,"turns":3},{"damage":0,"enemies":"Writhing Mass","floor":38,"turns":4},{"damage":0,"enemies":"3 Darklings","floor":39,"turns":4},{"damage":0,"enemies":"R_Hoarder","floor":41,"turns":2},{"damage":8,"enemies":"Giant Head","floor":44,"turns":3},{"damage":15,"enemies":"Reptomancer","floor":46,"turns":3},{"damage":19,"enemies":"Awakened One","floor":50,"turns":6},{"damage":37,"enemies":"Shield and Spear","floor":54,"turns":3},{"damage":22,"enemies":"The Heart","floor":55,"turns":6}],"seed_played":"-6162565080742970180","potions_obtained":[{"floor":1,"key":"Dexterity Potion"},{"floor":3,"key":"Energy Potion"},{"floor":16,"key":"SkillPotion"},{"floor":21,"key":"FearPotion"},{"floor":30,"key":"FairyPotion"},{"floor":31,"key":"Flashbang"}],"is_trial":false,"path_per_floor":["M","$","M","?","?","E","M","R","T","M","$","E","$","M","R","B",null,"M","$","?","M","M","R","M","M","T","R","?","R","$","M","R","B",null,"M","M","$","M","M","R","E","$","T","E","R","E","?","$","R","B",null,"R","$","E","B",null],"character_chosen":"WATCHER","items_purchased":["ReplayTheSpireMod:TigerMarble","Replay:Mystery Machine","Brilliance+1","Blind","Orrery","ClockworkSouvenir","hubris:SphereOfDissonance","Sadistic Nature","Good Instincts","Brilliance","SashWhip+1","BottledMiracle","hubris:MysteriousPyramids","Happy Flower","Strawberry","Toolbox","PowerPotion","Violence","Wallop","Finesse","Golden Egg","Membership Card","Replay:DivineShield","Replay:AtTheReady","ReplayTheSpireMod:Brewmster","Bottled Tornado","Replay:Rubber Ducky","Pen Nib","Adaptation+1","Master of Strategy","Cauldron","Replay:Kaleidoscope","BargainBundle","War Paint","Apotheosis","Question Card","Potion Belt","OrangePellets","EntropicBrew","Pray","Vajra","Mayhem+1","Melange","LiquidMemories","BlessingOfTheForge","Replay:Bottled Flurry","ReplayFunnel","hubris:DisguiseKit","TheAbacus","BottledMiracle","Consecrate+1","Dark Shackles"],"campfire_rested":0,"item_purchase_floors":[2,2,2,2,2,11,11,11,11,11,11,11,11,13,13,13,13,13,13,13,19,19,19,19,19,19,30,30,30,30,30,37,37,37,42,42,42,42,42,42,48,48,48,48,48,48,53,53,53,53,53,53],"current_hp_per_floor":[72,72,72,72,72,72,72,72,72,71,71,71,78,66,66,50,72,72,72,57,57,54,54,46,23,23,23,23,23,23,23,23,11,62,28,28,28,28,28,28,28,28,28,20,20,5,8,8,8,23,65,65,65,28,56],"gold":343,"neow_bonus":"THREE_ENEMY_KILL","is_daily":false,"chose_seed":false,"campfire_upgraded":9,"win_rate":0.0,"timestamp":1614013542,"path_taken":["M","$","M","?","?","E","?","R","T","M","$","E","$","M","R","BOSS","M","$","?","M","M","R","M","M","T","R","?","R","$","M","R","BOSS","M","M","$","M","M","R","E","$","T","E","R","E","?","$","R","BOSS","R","$","E","BOSS"],"items_purchased_type":["Relic","Relic","Card","Card","Relic","Relic","Relic","Card","Card","Card","Card","Potion","Relic","Relic","Relic","Relic","Potion","Card","Card","Card","Relic","Relic","Card","Card","Card","Relic","Relic","Relic","Card","Card","Relic","Relic","Relic","Relic","Card","Relic","Relic","Relic","Potion","Card","Relic","Card","Relic","Potion","Potion","Relic","Relic","Relic","Relic","Potion","Card","Card"],"build_version":"2020-12-22","purchased_purges":8,"victory":true,"max_hp_per_floor":[72,72,72,72,72,72,72,72,72,72,72,72,79,79,79,79,79,79,79,79,79,79,79,79,79,79,79,79,79,79,79,79,79,79,79,79,79,79,79,79,79,79,79,79,79,79,79,79,79,79,79,79,79,79,79],"relic_stats":{"Happy Flower":[22],"counters":[25,74],"Melange":[3],"Pen Nib":[13],"Juzu Bracelet":1,"War Paint":["Replay:Anticipation","ConjureBlade"],"Orichalcum":[12],"Question Card":11,"OrangePellets":[2],"Centennial Puzzle":[39],"Nunchaku":[2],"TheAbacus":[6],"obtain_stats":[{"ReplayFunnel":53,"Golden Egg":19,"Lantern":41,"Vajra":48,"Melange":48,"Juzu Bracelet":46,"Replay:Mystery Machine":2,"hubris:MysteriousPyramids":11,"Bottled Tornado":19,"ClockworkSouvenir":11,"hubris:TerracottaHorce":17,"Replay:Rubber Ducky":30,"Centennial Puzzle":6,"Nunchaku":54,"Matryoshka":20,"TheAbacus":53,"Strawberry":13,"Toolbox":13,"Replay:Bottled Flurry":48,"Potion Belt":42,"hubris:DisguiseKit":53,"BargainBundle":37,"NeowsBlessing":0,"Happy Flower":13,"hubris:SphereOfDissonance":11,"Oddly Smooth Stone":44,"Pen Nib":30,"Replay:Kaleidoscope":37,"hubris:Towel":5,"Frozen Egg 2":26,"War Paint":37,"Orichalcum":43,"Question Card":42,"Cauldron":30,"OrangePellets":42,"Replay:Baseball":9,"Orrery":2,"Molten Egg 2":43,"ReplayTheSpireMod:TigerMarble":2,"hubris:TenFootPole":12,"Coffee Dripper":34,"Membership Card":19,"PureWater":0},{"ReplayFunnel":23,"Golden Egg":9,"Lantern":20,"Vajra":22,"Melange":22,"Juzu Bracelet":22,"Replay:Mystery Machine":1,"hubris:MysteriousPyramids":5,"Bottled Tornado":9,"ClockworkSouvenir":5,"hubris:TerracottaHorce":8,"Replay:Rubber Ducky":13,"Centennial Puzzle":3,"Nunchaku":24,"Matryoshka":9,"TheAbacus":23,"Strawberry":6,"Toolbox":6,"Replay:Bottled Flurry":22,"Potion Belt":20,"hubris:DisguiseKit":23,"BargainBundle":17,"NeowsBlessing":0,"Happy Flower":6,"hubris:SphereOfDissonance":5,"Oddly Smooth Stone":21,"Pen Nib":13,"Replay:Kaleidoscope":17,"hubris:Towel":2,"Frozen Egg 2":13,"War Paint":17,"Orichalcum":20,"Question Card":20,"Cauldron":13,"OrangePellets":20,"Replay:Baseball":4,"Orrery":1,"Molten Egg 2":20,"ReplayTheSpireMod:TigerMarble":1,"hubris:TenFootPole":6,"Coffee Dripper":15,"Membership Card":9,"PureWater":0},{"ReplayFunnel":65,"Golden Egg":16,"Lantern":53,"Vajra":59,"Melange":59,"Juzu Bracelet":59,"Replay:Mystery Machine":1,"hubris:MysteriousPyramids":6,"Bottled Tornado":16,"ClockworkSouvenir":6,"hubris:TerracottaHorce":13,"Replay:Rubber Ducky":27,"Centennial Puzzle":3,"Nunchaku":68,"Matryoshka":16,"TheAbacus":65,"Strawberry":7,"Toolbox":7,"Replay:Bottled Flurry":59,"Potion Belt":53,"hubris:DisguiseKit":65,"BargainBundle":43,"NeowsBlessing":0,"Happy Flower":7,"hubris:SphereOfDissonance":6,"Oddly Smooth Stone":56,"Pen Nib":27,"Replay:Kaleidoscope":43,"hubris:Towel":2,"Frozen Egg 2":27,"War Paint":43,"Orichalcum":53,"Question Card":53,"Cauldron":27,"OrangePellets":53,"Replay:Baseball":4,"Orrery":1,"Molten Egg 2":53,"ReplayTheSpireMod:TigerMarble":1,"hubris:TenFootPole":7,"Coffee Dripper":36,"Membership Card":16,"PureWater":0}]},"card_choices":[{"not_picked":["Consecrate","CutThroughFate"],"picked":"Meditate","floor":1},{"not_picked":["BowlingBash","InnerPeace"],"picked":"Consecrate","floor":2},{"not_picked":["SandsOfTime","Evaluate"],"picked":"WheelKick","floor":2},{"not_picked":["FlyingSleeves","SashWhip"],"picked":"Meditate","floor":2},{"not_picked":["Collect","Protect"],"picked":"ConjureBlade","floor":2},{"not_picked":["Replay:AtTheReady","ClearTheMind"],"picked":"FearNoEvil","floor":2},{"not_picked":["ClearTheMind","Halt"],"picked":"WheelKick","floor":3},{"not_picked":["ClearTheMind","Meditate"],"picked":"DeceiveReality","floor":6},{"not_picked":["JustLucky","CrushJoints"],"picked":"Replay:Anticipation","floor":7},{"not_picked":["WaveOfTheHand","Replay:AtTheReady"],"picked":"Swivel","floor":10},{"not_picked":["WreathOfFlame","DeceiveReality"],"picked":"ReachHeaven","floor":12},{"not_picked":["Evaluate","Protect"],"picked":"Perseverance","floor":14},{"not_picked":["Establishment","Brilliance"],"picked":"Scrawl","floor":16},{"not_picked":["Replay:AtTheReady","JustLucky"],"picked":"FlurryOfBlows","floor":18},{"not_picked":["JustLucky","Halt"],"picked":"FlyingSleeves+1","floor":20},{"not_picked":["WreathOfFlame","FollowUp"],"picked":"Replay:Anticipation","floor":20},{"not_picked":["BattleHymn","EmptyFist"],"picked":"Replay:AtTheReady+1","floor":21},{"not_picked":["WheelKick","CutThroughFate"],"picked":"EmptyMind","floor":22},{"not_picked":["SandsOfTime","WaveOfTheHand"],"picked":"Crescendo+1","floor":24},{"not_picked":["SashWhip","ClearTheMind"],"picked":"Establishment","floor":25},{"not_picked":["PathToVictory","FlyingSleeves"],"picked":"Halt+1","floor":31},{"not_picked":["Omniscience","Judgement"],"picked":"DeusExMachina","floor":33},{"not_picked":["Consecrate","Replay:BluntJabs+1"],"picked":"BattleHymn+1","floor":35},{"not_picked":["JustLucky","FollowUp"],"picked":"Replay:LoomingThreat+1","floor":36},{"not_picked":["Replay:Hum","Replay:ManipulateFuture"],"picked":"DeceiveReality+1","floor":38},{"not_picked":["Replay:AtTheReady","CrushJoints+1","FollowUp+1"],"picked":"SKIP","floor":39},{"not_picked":["PathToVictory+1","LikeWater+1"],"picked":"Consecrate+1","floor":41},{"not_picked":["SignatureMove+1","FollowUp+1","Wallop+1"],"picked":"WindmillStrike+1","floor":44},{"not_picked":["Adaptation+1","WheelKick+1","Establishment+1"],"picked":"Pray+1","floor":46},{"not_picked":["ReachHeaven+1","Evaluate","Protect+1","Consecrate+1","mysticmod:IllusionOfCalm"],"picked":"SKIP","floor":54}],"player_experience":149365,"relics_obtained":[{"floor":6,"key":"Centennial Puzzle"},{"floor":9,"key":"Replay:Baseball"},{"floor":12,"key":"hubris:TenFootPole"},{"floor":20,"key":"Matryoshka"},{"floor":26,"key":"Frozen Egg 2"},{"floor":41,"key":"Lantern"},{"floor":43,"key":"Molten Egg 2"},{"floor":43,"key":"Orichalcum"},{"floor":44,"key":"Oddly Smooth Stone"},{"floor":46,"key":"Juzu Bracelet"},{"floor":54,"key":"Nunchaku"}],"event_choices":[{"damage_healed":0,"gold_gain":0,"player_choice":"1 cards matched","damage_taken":0,"max_hp_gain":0,"max_hp_loss":0,"event_name":"Match and Keep!","floor":28,"gold_loss":0,"cards_obtained":["CrushJoints"]}],"is_beta":false,"boss_relics":[{"not_picked":["Honey Jar","Tiny House"],"picked":"hubris:TerracottaHorce"},{"not_picked":["ReplayTheSpireMod:DimensionalGlitch","Replay:Ancient Bell"],"picked":"Coffee Dripper"}],"items_purged_floors":[2,11,13,19,30,37,42,48],"is_endless":false,"potions_floor_spawned":[1,3,12,16,21,31,33,38,44,54],"ascension_level":5}}