{"host":"bw3kwqizueil0xiu","time":1614017293,"event":{"mods":["BaseMod","Colored Powertips","Highlight Path","Minty Spire (QoL Compilation)","slay the spire mod where everything is the same but ironclad has a cowboy hat"],"gold_per_floor":[110,129,204,11,11,38,38,51,76,88,118,132,143,193,193,297,297,316,326,340,390,37,37,37],"floor_reached":23,"language":"ENG","playtime":2267,"items_purged":["Strike_B"],"score":228,"play_id":"35f6a6ef-436d-4a0f-8b7a-21b25e9c7dfb","local_time":"20210222110813","is_ascension_mode":false,"campfire_choices":[{"floor":7.0,"key":"REST"},{"floor":15.0,"key":"REST"}],"circlet_count":0,"master_deck":["Zap","Dualcast","Gash","Gash","Gash","Discovery","Chill","Melter","Double Energy","Leap+1","Gash","Defragment","Amplify+1","Barrage","Loop","Aggregate+1","Genetic Algorithm+1","Double Energy+1","Fusion+1","Core Surge","FTL+1","Storm+1","Compile Driver","Amplify+1","Gash"],"relics":["Cracked Core","Gambling Chip","SsserpentHead","Potion Belt","Juzu Bracelet","Toxic Egg 2","Bag of Preparation","Pandora\u0027s Box","Incense Burner"],"acts_visited":["TheCity"],"potions_floor_usage":[18],"damage_taken":[{"damage":1.0,"enemies":"Cultist","floor":1.0,"turns":3.0},{"damage":7.0,"enemies":"Small Slimes","floor":2.0,"turns":3.0},{"damage":26.0,"enemies":"Lagavulin","floor":6.0,"turns":4.0},{"damage":0.0,"enemies":"2 Louse","floor":8.0,"turns":2.0},{"damage":2.0,"enemies":"Red Slaver","floor":10.0,"turns":3.0},{"damage":16.0,"enemies":"Gremlin Nob","floor":11.0,"turns":4.0},{"damage":0.0,"enemies":"3 Louse","floor":12.0,"turns":4.0},{"damage":5.0,"enemies":"Looter","floor":13.0,"turns":2.0},{"damage":10.0,"enemies":"Slime Boss","floor":16.0,"turns":9.0},{"damage":16,"enemies":"Chosen","floor":18,"turns":5},{"damage":0,"enemies":"3 Byrds","floor":19,"turns":7},{"damage":22,"enemies":"Shelled Parasite and Fungi","floor":20,"turns":4},{"damage":41,"enemies":"Book of Stabbing","floor":23,"turns":5}],"seed_played":"-2281647088935632541","potions_obtained":[{"floor":6.0,"key":"Fire Potion"},{"floor":8.0,"key":"Dexterity Potion"},{"floor":13.0,"key":"SpeedPotion"},{"floor":16.0,"key":"PowerPotion"},{"floor":19,"key":"Dexterity Potion"}],"is_trial":false,"path_per_floor":["M","M","?","$","?","E","R","M","T","M","E","M","M","?","R","B",null,"M","M","M","?","$","E"],"character_chosen":"DEFECT","items_purchased":["Gash","Discovery","Incense Burner","Gash"],"campfire_rested":2,"item_purchase_floors":[4,4,22,22],"current_hp_per_floor":[53,46,35,35,35,9,31,31,31,29,13,13,8,1,23,13,75,59,59,37,37,37,0,0],"gold":37,"neow_bonus":"ONE_RARE_RELIC","is_daily":false,"chose_seed":false,"campfire_upgraded":0,"win_rate":0.0,"timestamp":1614017293,"path_taken":["M","M","?","$","?","E","R","M","T","M","E","M","M","?","R","BOSS","M","M","M","?","$","E"],"items_purchased_type":["Card","Card","Relic","Card"],"build_version":"2020-12-22","purchased_purges":1,"victory":false,"max_hp_per_floor":[75,75,75,75,75,75,75,75,75,75,75,75,75,75,75,75,75,75,75,75,75,75,75,75],"card_choices":[{"not_picked":["Streamline","Hello World"],"picked":"Gash","floor":1.0},{"not_picked":["Coolheaded","Beam Cell"],"picked":"Gash","floor":2.0},{"not_picked":["Streamline","Hologram"],"picked":"Chill","floor":6.0},{"not_picked":["Scrape","Conserve Battery"],"picked":"Melter","floor":8.0},{"not_picked":["Beam Cell","Sweeping Beam"],"picked":"Double Energy","floor":10.0},{"not_picked":["Hologram+1","Thunder Strike"],"picked":"Leap+1","floor":11.0},{"not_picked":["Heatsinks","Compile Driver"],"picked":"Gash","floor":12.0},{"not_picked":["Coolheaded+1","Rebound"],"picked":"Defragment","floor":13.0},{"not_picked":["Creative AI","Thunder Strike"],"picked":"Amplify+1","floor":16.0},{"not_picked":["Streamline","Beam Cell"],"picked":"FTL+1","floor":18},{"not_picked":["Sweeping Beam","Darkness+1"],"picked":"Storm+1","floor":19},{"not_picked":["Blizzard","Barrage"],"picked":"Compile Driver","floor":20}],"player_experience":212676,"relics_obtained":[{"floor":6.0,"key":"Potion Belt"},{"floor":9.0,"key":"Juzu Bracelet"},{"floor":11.0,"key":"Toxic Egg 2"}],"event_choices":[{"damage_healed":0.0,"max_hp_gain":0.0,"max_hp_loss":0.0,"gold_gain":75.0,"event_name":"World of Goop","player_choice":"Gather Gold","floor":3.0,"gold_loss":0.0,"damage_taken":11.0},{"damage_healed":0.0,"max_hp_gain":0.0,"max_hp_loss":0.0,"gold_gain":0.0,"event_name":"FaceTrader","player_choice":"Trade","floor":5.0,"gold_loss":0.0,"damage_taken":0.0,"relics_obtained":["SsserpentHead"]},{"damage_healed":0.0,"max_hp_gain":0.0,"max_hp_loss":0.0,"gold_gain":0.0,"event_name":"Scrap Ooze","player_choice":"Success","floor":14.0,"gold_loss":0.0,"damage_taken":7.0,"relics_obtained":["Bag of Preparation"]},{"damage_healed":0,"gold_gain":0,"player_choice":"Copied","damage_taken":0,"max_hp_gain":0,"max_hp_loss":0,"event_name":"Duplicator","floor":21,"gold_loss":0,"cards_obtained":["Amplify"]}],"is_beta":false,"boss_relics":[{"not_picked":["FrozenCore","Snecko Eye"],"picked":"Pandora\u0027s Box"}],"items_purged_floors":[4],"is_endless":false,"potions_floor_spawned":[6,8,13,16,19],"killed_by":"Book of Stabbing","ascension_level":0}}