{"host":"h4qgcirtxz6qax9j","time":1614013148,"event":{"mods":["2.2 Compatiblity","AchievementEnabler","BaseMod","Colored Powertips","Custom Start","Minty Spire (QoL Compilation)","Replay The Spire","StSLib","SuperFastMode","The Servant 0.9.4"],"gold_per_floor":[110,121,121,121,136,136,201,212,284,334,334,401,401,428,428,533,533,545,241,302,321,402,402,436,446,522,542,542,517,517,153,153,251,251,261,533,549,89,139,166,166,216,241,254,144,144,194,214,214,214],"floor_reached":51,"language":"KOR","playtime":1804,"items_purged":[],"score":820,"play_id":"03c28afd-fb9b-4cd1-8acb-93381a3f64d1","local_time":"20210223015908","is_ascension_mode":false,"campfire_choices":[{"data":"KillingDoll","floor":6,"key":"SMITH"},{"data":"InstantArmor","floor":11,"key":"SMITH"},{"data":"DualDimension","floor":13,"key":"SMITH"},{"data":"GearUp","floor":15,"key":"SMITH"},{"data":"DualDimension","floor":23,"key":"SMITH"},{"floor":28,"key":"REST"},{"floor":30,"key":"REST"},{"data":"SilverBlades","floor":32,"key":"SMITH"},{"data":"GearUp","floor":41,"key":"SMITH"},{"data":"Madness","floor":46,"key":"SMITH"},{"data":"Moonlight","floor":49,"key":"SMITH"}],"circlet_count":0,"master_deck":["Ricochet+1","Starlight","Moonlight","Moonlight","Defend_S","Defend_S","Exchange","DualDimension+1","GearUp+1","GearUp+1","BottledTime","KidneyShot","Starlight+1","KillingDoll+1","Contraction","Rearm","InstantArmor+1","DualDimension+1","SilverBlades+1","Ricochet","Starlight","AbeCurse","Moonlight+1","Contraction+1","Madness+1","Madness","KillingDoll+1","GearUp"],"relics":["Uniform","SsserpentHead","Replay:Bottled Eggs","Durian","Black Star","Anchor","Whetstone","Red Mask","Replay:Wax Seal","Matryoshka","Ancient Tea Set","Darkstone Periapt","Happy Flower","ReplayTheSpireMod:Lightbulb","Abe\u0027s Treasure","Torii","Membership Card","Eternal Feather","Centennial Puzzle","Meat on the Bone","Orichalcum","DollysMirror"],"acts_visited":["Exordium","TheCity","TheBeyond"],"potions_floor_usage":[24,24],"damage_taken":[{"damage":5,"enemies":"Jaw Worm","floor":1,"turns":3},{"damage":0,"enemies":"Cultist","floor":2,"turns":4},{"damage":0,"enemies":"2 Louse","floor":5,"turns":3},{"damage":0,"enemies":"Lots of Slimes","floor":7,"turns":3},{"damage":0,"enemies":"3 Louse","floor":8,"turns":2},{"damage":0,"enemies":"2 Fungi Beasts","floor":12,"turns":3},{"damage":8,"enemies":"Lagavulin","floor":14,"turns":7},{"damage":0,"enemies":"Slime Boss","floor":16,"turns":15},{"damage":3,"enemies":"Shell Parasite","floor":18,"turns":9},{"damage":4,"enemies":"2 Thieves","floor":20,"turns":5},{"damage":0,"enemies":"Snake Plant","floor":21,"turns":9},{"damage":5,"enemies":"Masked Bandits","floor":22,"turns":8},{"damage":41,"enemies":"Gremlin Leader","floor":24,"turns":13},{"damage":0,"enemies":"Snecko","floor":25,"turns":4},{"damage":0,"enemies":"Shelled Parasite and Fungi","floor":27,"turns":6},{"damage":0,"enemies":"Automaton","floor":33,"turns":7},{"damage":0,"enemies":"3 Darklings","floor":35,"turns":5},{"damage":0,"enemies":"Orb Walker","floor":37,"turns":3},{"damage":19,"enemies":"Nemesis","floor":40,"turns":7},{"damage":0,"enemies":"Transient","floor":44,"turns":5},{"damage":0,"enemies":"3 Darklings","floor":48,"turns":4},{"damage":46,"enemies":"Donu and Deca","floor":50,"turns":11}],"seed_played":"-5757433670295613393","potions_obtained":[{"floor":2,"key":"Milkshake"},{"floor":5,"key":"Venom Potion"},{"floor":8,"key":"Strength Potion"},{"floor":25,"key":"ColorlessPotion"},{"floor":37,"key":"ColorlessPotion"}],"is_trial":true,"path_per_floor":["M","M","$","?","M","R","M","M","T","?","R","M","R","E","R","B",null,"M","$","M","M","?","R","E","M","T","M","R","?","R","$","R","B",null,"M","?","M","$","?","E","R","?","T","M","$","R","?","M","R","B",null],"character_chosen":"THE_SERVANT","items_purchased":["Anchor","Whetstone","Happy Flower","ReplayTheSpireMod:Lightbulb","Torii","Membership Card","DollysMirror","GearUp"],"campfire_rested":2,"item_purchase_floors":[19,19,31,31,38,38,45,45],"current_hp_per_floor":[60,60,60,60,60,60,60,60,60,60,60,60,60,57,57,57,70,67,67,63,63,58,58,17,17,17,17,38,38,59,59,59,59,76,76,76,76,76,76,57,69,59,59,59,59,74,74,74,76,42],"gold":214,"neow_bonus":"","is_daily":false,"chose_seed":false,"campfire_upgraded":9,"win_rate":0.0,"timestamp":1614013148,"path_taken":["M","M","$","?","M","R","?","M","T","?","R","?","R","E","R","BOSS","M","$","?","M","?","R","E","M","T","M","R","?","R","$","R","BOSS","M","?","M","$","?","E","R","?","T","M","$","R","?","M","R","BOSS"],"items_purchased_type":["Relic","Relic","Relic","Relic","Relic","Relic","Relic","Card"],"build_version":"2020-12-22","purchased_purges":0,"victory":true,"max_hp_per_floor":[65,65,65,65,65,65,65,65,65,65,65,65,65,70,70,70,70,70,70,70,70,70,70,70,70,70,70,70,70,70,70,70,70,76,76,76,76,76,76,76,76,76,76,76,76,76,76,76,76,76],"card_choices":[{"not_picked":["Defy","BottledTime"],"picked":"Contraction","floor":1},{"not_picked":["Potential","Read"],"picked":"Rearm","floor":2},{"not_picked":["FanOfKnives","FastForward"],"picked":"InstantArmor","floor":5},{"not_picked":["Orbit","SurpressingFire","Moondial"],"picked":"SKIP","floor":7},{"not_picked":["Spin","Dilation","Manipulate"],"picked":"SKIP","floor":8},{"not_picked":["FastForward","SpecialFormula","Potential"],"picked":"SKIP","floor":12},{"not_picked":["Snipe","MoonPhase","Dilation"],"picked":"SKIP","floor":14},{"not_picked":["Unruled","TimeWarp+1","DoubleEdge"],"picked":"SKIP","floor":18},{"not_picked":["Defy+1","Replace+1"],"picked":"DualDimension","floor":20},{"not_picked":["Revamp","DoubleEdge","DancingSilver"],"picked":"SKIP","floor":21},{"not_picked":["Sabotage+1","Collapse"],"picked":"SilverBlades","floor":24},{"not_picked":["Read","Alleviate+1"],"picked":"Ricochet","floor":25},{"not_picked":["Snipe+1","Spin"],"picked":"Starlight","floor":27},{"not_picked":["Alleviate","Rewind","FanOfKnives"],"picked":"SKIP","floor":35},{"not_picked":["Orbit+1","Unruled"],"picked":"Moonlight","floor":37},{"not_picked":["Barrier+1","Unruled"],"picked":"Contraction+1","floor":40},{"not_picked":["Defy","Advance","FastForward"],"picked":"SKIP","floor":44},{"not_picked":["Unruled+1","Rewind+1","Defy+1"],"picked":"SKIP","floor":48}],"player_experience":99930,"relics_obtained":[{"floor":9,"key":"Replay:Bottled Eggs"},{"floor":14,"key":"Durian"},{"floor":22,"key":"Red Mask"},{"floor":24,"key":"Replay:Wax Seal"},{"floor":24,"key":"Matryoshka"},{"floor":26,"key":"Ancient Tea Set"},{"floor":26,"key":"Darkstone Periapt"},{"floor":40,"key":"Eternal Feather"},{"floor":40,"key":"Centennial Puzzle"},{"floor":43,"key":"Meat on the Bone"},{"floor":43,"key":"Orichalcum"}],"event_choices":[{"damage_healed":0,"gold_gain":0,"player_choice":"Trade","damage_taken":0,"relics_obtained":["SsserpentHead"],"max_hp_gain":0,"max_hp_loss":0,"event_name":"FaceTrader","floor":4,"gold_loss":0},{"damage_healed":0,"gold_gain":0,"player_choice":"Bought 0 Potions","damage_taken":0,"max_hp_gain":0,"max_hp_loss":0,"event_name":"The Woman in Blue","floor":10,"gold_loss":0},{"damage_healed":0,"gold_gain":0,"player_choice":"Fought Bandits","damage_taken":0,"max_hp_gain":0,"max_hp_loss":0,"event_name":"Masked Bandits","floor":22,"gold_loss":0},{"cards_removed":["Defend_S"],"damage_healed":0,"gold_gain":0,"player_choice":"Gave Gold","damage_taken":0,"max_hp_gain":0,"max_hp_loss":0,"event_name":"Beggar","floor":29,"gold_loss":75},{"damage_healed":0,"gold_gain":222,"player_choice":"Wore Mask","damage_taken":0,"max_hp_gain":0,"max_hp_loss":0,"event_name":"Tomb of Lord Red Mask","floor":36,"gold_loss":0},{"damage_healed":0,"gold_gain":0,"player_choice":"Memory 1","damage_taken":0,"max_hp_gain":0,"max_hp_loss":0,"event_name":"SensoryStone","floor":39,"gold_loss":0},{"damage_healed":0,"gold_gain":0,"player_choice":"Embrace Madness","damage_taken":10,"max_hp_gain":0,"max_hp_loss":0,"event_name":"Winding Halls","floor":42,"gold_loss":0,"cards_obtained":["Madness","Madness"]}],"is_beta":false,"boss_relics":[{"not_picked":["Snecko Eye","Replay:Bronze Core"],"picked":"Black Star"},{"not_picked":["ReplayTheSpireMod:DimensionalGlitch","Astrolabe"],"picked":"Abe\u0027s Treasure"}],"items_purged_floors":[],"is_endless":false,"potions_floor_spawned":[2,5,8,12,14,18,22,25,37],"ascension_level":0}}