{"host":"q57ekfojy3i00x9o","time":1614001518,"event":{"mods":["Act Like it!","Arknights","Aspiration","BaseMod","Colored Map","Energized Spire","Hermit","Minty Spire (QoL Compilation)","Quick Restart","Ruina","Spicy Shops","Spikes Relics","StSLib","slay the spire mod where everything is the same but ironclad has a cowboy hat"],"gold_per_floor":[361,361,146,221,221,262,262,262,262,73,93,143,143,167,167,167,167],"floor_reached":16,"language":"RUS","playtime":202,"items_purged":["CloudedMind","Injury"],"score":182,"play_id":"15ea433d-50ab-4f63-a7ec-37d0363d0990","local_time":"20210222184518","is_ascension_mode":true,"campfire_choices":[{"floor":7,"key":"REST"},{"data":"ats:Serious Mode","floor":13,"key":"SMITH"},{"floor":15,"key":"REST"}],"circlet_count":0,"master_deck":["AscendersBane","ats:Strike C","ats:Strike G","ats:Strike S","ats:Strike V","ats:Armor Crushing Shot","ats:Defend","ats:Defend","ats:Defend","ats:Defend","ats:Emotion Absorption","ats:Consecutive Shot Auto","ats:Closed Bolt Burst Fire+1","ats:Leaping Hammer","ats:Poison Spread","ats:Blood Oath+1","ats:Serious Mode+1","ats:Song Of Battle"],"relics":["ats:Sanity","Golden Idol","ats:Originium","Shuriken","Molten Egg 2","SpikesRelics:DaevaFist"],"acts_visited":["Exordium"],"potions_floor_usage":[16],"damage_taken":[{"damage":11,"enemies":"Jaw Worm","floor":1,"turns":4},{"damage":32,"enemies":"Gremlin Nob","floor":6,"turns":4},{"damage":0,"enemies":"Small Slimes","floor":11,"turns":1},{"damage":6,"enemies":"2 Louse","floor":14,"turns":2},{"damage":57,"enemies":"The Guardian","floor":16,"turns":5}],"seed_played":"2351258012677184545","potions_obtained":[{"floor":6,"key":"ats:Burn Small Potion"},{"floor":11,"key":"SteroidPotion"}],"is_trial":false,"path_per_floor":["M","?","$","?","?","E","R","?","T","$","M","?","R","M","R","B"],"character_chosen":"DOCTOR_CLASS","items_purchased":["ats:Closed Bolt Burst Fire","ats:Leaping Hammer","ats:Blood Oath+1"],"campfire_rested":2,"item_purchase_floors":[3,3,10],"current_hp_per_floor":[54,54,54,43,43,11,30,30,30,30,35,35,35,34,53,0,0],"gold":167,"neow_bonus":"TWO_FIFTY_GOLD","is_daily":false,"chose_seed":false,"campfire_upgraded":1,"win_rate":0.0,"timestamp":1614001518,"path_taken":["M","?","$","?","?","E","R","?","T","$","?","?","R","M","R","BOSS"],"items_purchased_type":["Card","Card","Card"],"build_version":"2020-12-22","purchased_purges":2,"victory":false,"max_hp_per_floor":[72,65,65,65,65,65,65,65,65,65,65,65,65,65,65,65,65],"card_choices":[{"not_picked":["ats:Leaping Hammer","ats:Hammer On"],"picked":"ats:Consecutive Shot Auto","floor":1},{"not_picked":["ats:Blood Oath","ats:Curse Doll"],"picked":"ats:Poison Spread","floor":6},{"not_picked":["ats:Very Hot Blade+1","ats:Chain Hook+1"],"picked":"ats:Serious Mode","floor":11},{"not_picked":["ats:Revitalization","ats:Composite Medical Shells"],"picked":"ats:Song Of Battle","floor":14}],"player_experience":786758,"relics_obtained":[{"floor":6,"key":"ats:Originium"},{"floor":6,"key":"Shuriken"},{"floor":9,"key":"SpikesRelics:DaevaFist"}],"event_choices":[{"damage_healed":0,"gold_gain":0,"player_choice":"Lose Max HP","damage_taken":0,"relics_obtained":["Golden Idol"],"max_hp_gain":0,"max_hp_loss":7,"event_name":"Golden Idol","floor":2,"gold_loss":0},{"damage_healed":0,"gold_gain":75,"player_choice":"Gather Gold","damage_taken":11,"max_hp_gain":0,"max_hp_loss":0,"event_name":"World of Goop","floor":4,"gold_loss":0},{"damage_healed":0,"gold_gain":0,"player_choice":"Grow","damage_taken":0,"max_hp_gain":0,"max_hp_loss":0,"event_name":"Living Wall","floor":5,"gold_loss":0,"cards_upgraded":["ats:Closed Bolt Burst Fire"]},{"damage_healed":0,"gold_gain":50,"player_choice":"Pray","damage_taken":0,"max_hp_gain":0,"max_hp_loss":0,"event_name":"Golden Shrine","floor":12,"gold_loss":0}],"is_beta":false,"boss_relics":[],"items_purged_floors":[3,10],"is_endless":false,"potions_floor_spawned":[6,11,14],"killed_by":"The Guardian","ascension_level":18}}