{"host":"ie50qk0ts9eskyyo","time":1614014349,"event":{"mods":["BaseMod","BetterRewards","Colored Map","Curses Come First","Downfall","Gremlin Mod","Highlight Path","Hubris","Infinite Spire","Minty Spire (QoL Compilation)","Quick Restart","Reliquary","Replay The Spire","Shop Mod","StSLib","SuperFastMode","The Dragon Tamer","The Jungle"],"gold_per_floor":[119,119,19,32,32,112,112,112,112],"floor_reached":8,"language":"ENG","playtime":545,"items_purged":["Strike_B","Strike_B"],"score":57,"play_id":"2f6f78a6-4505-4272-a80f-5c618078e0a6","local_time":"20210222121909","is_ascension_mode":true,"campfire_choices":[{"floor":7,"key":"REST"}],"circlet_count":0,"master_deck":["Defend_B+1","Defend_B","Defend_B","Defend_B+1","Zap","Dualcast","Core Surge","Leap","Loop","hubris:EnhanceAbility","Blind","Genetic Algorithm","BasicCrystalCard"],"relics":["Cracked Core","Lantern","hubris:MobiusCoin","ReplayTheSpireMod:ShopPack","Centennial Puzzle","Simple Rune"],"acts_visited":["Exordium"],"potions_floor_usage":[6],"damage_taken":[{"damage":0,"enemies":"Cultist","floor":1,"turns":3},{"damage":0,"enemies":"Jaw Worm","floor":4,"turns":3},{"damage":17,"enemies":"3 Sentries","floor":6,"turns":5},{"damage":17,"enemies":"Gremlin Nob","floor":8,"turns":4}],"seed_played":"-7194204665684990505","potions_obtained":[{"floor":6,"key":"Dexterity Potion"}],"is_trial":false,"path_per_floor":["M","?","$","M","?","E","R","E"],"character_chosen":"DEFECT","items_purchased":["Core Surge","Leap","Loop","Lantern","hubris:MobiusCoin","ReplayTheSpireMod:ShopPack","PowerPotion"],"campfire_rested":1,"item_purchase_floors":[0,0,0,0,0,0,0],"current_hp_per_floor":[40,40,40,40,33,16,38,21,21],"gold":112,"neow_bonus":"","is_daily":false,"chose_seed":false,"campfire_upgraded":0,"win_rate":0.0,"timestamp":1614014349,"path_taken":["M","?","$","?","?","E","R","E"],"items_purchased_type":["Card","Card","Card","Relic","Relic","Relic","Potion"],"build_version":"2020-12-22","purchased_purges":2,"victory":false,"max_hp_per_floor":[75,75,75,75,75,75,75,75,75],"card_choices":[{"not_picked":["Crow Ritual","Mayhem"],"picked":"hubris:EnhanceAbility","floor":0},{"not_picked":["Replay:Sssssssssshield","Purity"],"picked":"Blind","floor":0},{"not_picked":["Reprogram","Sunder","Barrage"],"picked":"SKIP","floor":1},{"not_picked":["Turbo","Scrape"],"picked":"Genetic Algorithm","floor":4},{"not_picked":["Streamline","Hello World"],"picked":"BasicCrystalCard","floor":6}],"player_experience":118545,"relics_obtained":[{"floor":6,"key":"Simple Rune"}],"event_choices":[{"cards_removed":["Strike_B"],"damage_healed":0,"gold_gain":0,"player_choice":"Card Removal","damage_taken":0,"max_hp_gain":0,"max_hp_loss":0,"event_name":"Wheel of Change","floor":2,"gold_loss":0},{"cards_removed":["Strike_B"],"damage_healed":0,"gold_gain":0,"player_choice":"Card Removal","damage_taken":7,"max_hp_gain":0,"max_hp_loss":0,"event_name":"Golden Wing","floor":5,"gold_loss":0}],"is_beta":false,"boss_relics":[],"items_purged_floors":[0,3],"is_endless":false,"potions_floor_spawned":[6],"killed_by":"Gremlin Nob","ascension_level":1}}