{"host":"y9t3brv5y5t41vuj","time":1614019563,"event":{"mods":["AchievementEnabler","BaseMod","BetterRewards","Block Reminder","Colored Map","Colored Powertips","Conspire","Highlight Path","Hubris","Infinite Spire","Minty Spire (QoL Compilation)","Quick Restart","Replay The Spire","Shop Mod","StSLib","SuperFastMode","Unceasing Turn Reminder"],"gold_per_floor":[111,129,129,129,54,89,89,108,162,237,267,279,67,83,83,83,83],"floor_reached":16,"language":"ENG","playtime":388,"items_purged":["Regret"],"score":127,"play_id":"71a4f40b-12dc-4d3b-9b46-798af3baa558","local_time":"20210222194603","is_ascension_mode":true,"campfire_choices":[{"floor":7,"key":"REST"},{"floor":15,"key":"REST"}],"circlet_count":0,"master_deck":["Strike_G","Strike_G","Strike_G+1","Strike_G","Strike_G","Defend_G","Defend_G","Defend_G","Defend_G","Defend_G","Survivor","Neutralize","Master of Strategy","Cloak And Dagger","Dagger Spray","Dodge and Roll","Prepared","Noxious Fumes"],"relics":["Ring of the Snake","Pet Ghost","Omamori","conspire:Dentures","Lantern","MerchantsRug"],"acts_visited":["Exordium"],"potions_floor_usage":[6,6,11,16],"damage_taken":[{"damage":3,"enemies":"conspire:RoseBush","floor":1,"turns":3},{"damage":2,"enemies":"Jaw Worm","floor":2,"turns":6},{"damage":34,"enemies":"Gremlin Nob","floor":6,"turns":5},{"damage":0,"enemies":"2 Louse","floor":8,"turns":1},{"damage":40,"enemies":"Lagavulin","floor":11,"turns":8},{"damage":0,"enemies":"2 Fungi Beasts","floor":12,"turns":2},{"damage":9,"enemies":"Large Slime","floor":14,"turns":6},{"damage":24,"enemies":"Hexaghost","floor":16,"turns":14}],"seed_played":"1466444699800319338","potions_obtained":[{"floor":1,"key":"DistilledChaos"},{"floor":2,"key":"Swift Potion"},{"floor":8,"key":"Weak Potion"},{"floor":14,"key":"SkillPotion"}],"is_trial":false,"path_per_floor":["M","M","?","?","$","E","R","M","T","T","E","M","$","M","R","B"],"character_chosen":"THE_SILENT","items_purchased":["Noxious Fumes","MerchantsRug"],"campfire_rested":2,"item_purchase_floors":[13,13],"current_hp_per_floor":[67,65,65,65,65,31,52,52,52,52,12,12,12,3,24,0,0],"gold":83,"neow_bonus":"RANDOM_COLORLESS_2","is_daily":false,"chose_seed":false,"campfire_upgraded":0,"win_rate":0.0,"timestamp":1614019563,"path_taken":["M","M","?","?","$","E","R","M","T","?","E","M","$","?","R","BOSS"],"items_purchased_type":["Card","Relic"],"build_version":"2020-12-22","purchased_purges":1,"victory":false,"max_hp_per_floor":[70,70,70,70,70,70,70,70,70,70,70,70,70,70,70,70,70],"card_choices":[{"not_picked":["Metamorphosis","Violence"],"picked":"Master of Strategy","floor":0},{"not_picked":["Dodge and Roll","Flying Knee"],"picked":"Cloak And Dagger","floor":1},{"not_picked":["Quick Slash","Poisoned Stab","Dagger Throw"],"picked":"SKIP","floor":2},{"not_picked":["Dodge and Roll","Replay:Poison Smokescreen"],"picked":"Dagger Spray","floor":6},{"not_picked":["Leg Sweep","Backflip","hubris:SlightOfHand"],"picked":"SKIP","floor":8},{"not_picked":["Quick Slash","Fluid Movement"],"picked":"Dodge and Roll","floor":11},{"not_picked":["Sneak Up","Phantasmal Killer"],"picked":"Prepared","floor":12},{"not_picked":["Concentrate","Cloak And Dagger","Quick Slash"],"picked":"SKIP","floor":14}],"player_experience":552391,"relics_obtained":[{"floor":6,"key":"Pet Ghost"},{"floor":9,"key":"Omamori"},{"floor":10,"key":"conspire:Dentures"},{"floor":11,"key":"Lantern"}],"event_choices":[],"is_beta":false,"boss_relics":[],"items_purged_floors":[5],"is_endless":false,"potions_floor_spawned":[1,2,8,14],"killed_by":"Hexaghost","ascension_level":3}}