{"host":"7jbuhzz8yy5cuou7","time":1614007201,"event":{"mods":["AchievementEnabler","Act Like it!","BaseMod","Better Third Choice","Bossed Relics","Colored Map","Colored Powertips","Dark Map","DeckTracker","Minty Spire (QoL Compilation)","Permanent Neow","Quick Restart","Ruina","StSLib","The Cursed","The Hierophant","Weighted Paths"],"gold_per_floor":[113,131,281,40,50,85,85,113,159,171,171,190,203,278,278,352,352,366,53,53,53,53,53,53],"floor_reached":23,"language":"ENG","playtime":1083,"items_purged":["Doubt","Strike_B"],"score":358,"play_id":"9c9c5c9a-c48a-4c2a-9d56-a30a5c678cac","local_time":"20210222082001","is_ascension_mode":true,"campfire_choices":[{"floor":7,"key":"REST"},{"floor":15,"key":"REST"}],"circlet_count":0,"master_deck":["AscendersBane","Strike_B","Strike_B","Strike_B","Defend_B","Defend_B","Defend_B","Defend_B","Zap","Dualcast","Conserve Battery+1","Genetic Algorithm+1","Static Discharge","Coolheaded","Barrage","Self Repair","Consume","Biased Cognition","White Noise+1","ruina:Smile","Pain"],"relics":["Cracked Core","CaptainsWheel","Runic Capacitor","Bottled Lightning","War Paint","MealTicket","Astrolabe","ruina:Prescript","Ginger"],"acts_visited":["Exordium","Exordium"],"potions_floor_usage":[2,8,10,10,16,23],"damage_taken":[{"damage":7,"enemies":"Jaw Worm","floor":1,"turns":4},{"damage":0,"enemies":"Small Slimes","floor":2,"turns":3},{"damage":0,"enemies":"2 Louse","floor":5,"turns":4},{"damage":46,"enemies":"3 Sentries","floor":6,"turns":8},{"damage":16,"enemies":"Lagavulin","floor":8,"turns":8},{"damage":7,"enemies":"Exordium Thugs","floor":10,"turns":6},{"damage":5,"enemies":"Lots of Slimes","floor":12,"turns":6},{"damage":9,"enemies":"Gremlin Gang","floor":13,"turns":7},{"damage":22,"enemies":"Hexaghost","floor":16,"turns":9},{"damage":8,"enemies":"ruina:2_Scarecrows","floor":18,"turns":5},{"damage":71,"enemies":"ruina:ServantOfWrath","floor":23,"turns":6}],"seed_played":"8316617047416356907","potions_obtained":[{"floor":1,"key":"EntropicBrew"},{"floor":8,"key":"Regen Potion"},{"floor":13,"key":"BlessingOfTheForge"},{"floor":18,"key":"Explosive Potion"}],"is_trial":false,"path_per_floor":["M","M","?","$","M","E","R","E","T","M","?","M","M","?","R","B",null,"M","$","?","?","?","E"],"character_chosen":"DEFECT","items_purchased":["Runic Capacitor","ruina:Smile"],"campfire_rested":2,"item_purchase_floors":[4,19],"current_hp_per_floor":[57,57,57,57,57,11,30,14,14,22,43,38,36,25,44,29,55,47,62,64,64,64,0,0],"gold":53,"neow_bonus":"ONE_RARE_RELIC","is_daily":false,"chose_seed":false,"campfire_upgraded":0,"win_rate":0.0,"timestamp":1614007201,"path_taken":["M","M","?","$","M","E","R","E","T","M","?","M","M","?","R","BOSS","M","$","?","?","?","E"],"items_purchased_type":["Relic","Card"],"build_version":"2020-12-22","purchased_purges":2,"victory":false,"max_hp_per_floor":[64,64,64,64,64,64,64,64,64,64,64,64,64,64,64,64,64,64,64,64,64,64,64,64],"card_choices":[{"not_picked":["FTL","Stack"],"picked":"Conserve Battery","floor":1},{"not_picked":["Blizzard","Sweeping Beam"],"picked":"Genetic Algorithm","floor":2},{"not_picked":["Recycle","Steam Power"],"picked":"Static Discharge","floor":5},{"not_picked":["Steam","Compile Driver"],"picked":"Coolheaded","floor":6},{"not_picked":["Streamline","Hello World","Turbo"],"picked":"SKIP","floor":8},{"not_picked":["Scrape","Reprogram"],"picked":"Barrage","floor":10},{"not_picked":["Reprogram","Compile Driver"],"picked":"Self Repair","floor":12},{"not_picked":["Streamline","Compile Driver"],"picked":"Consume","floor":13},{"not_picked":["Amplify","Machine Learning"],"picked":"Biased Cognition","floor":16},{"not_picked":["Auto Shields+1","Leap"],"picked":"White Noise+1","floor":18}],"player_experience":433246,"relics_obtained":[{"floor":6,"key":"Bottled Lightning"},{"floor":8,"key":"War Paint"},{"floor":9,"key":"MealTicket"}],"event_choices":[{"damage_healed":0,"gold_gain":150,"player_choice":"AGREE","damage_taken":131,"max_hp_gain":0,"max_hp_loss":0,"event_name":"betterThird:BetterSerpent","floor":3,"gold_loss":0},{"damage_healed":21,"gold_gain":0,"player_choice":"Banana","damage_taken":0,"max_hp_gain":0,"max_hp_loss":0,"event_name":"Big Fish","floor":11,"gold_loss":0},{"damage_healed":0,"gold_gain":75,"player_choice":"Gold","damage_taken":11,"max_hp_gain":0,"max_hp_loss":0,"event_name":"betterThird:BetterGoop","floor":14,"gold_loss":0}],"is_beta":false,"boss_relics":[{"not_picked":["Nuclear Battery","Velvet Choker"],"picked":"Astrolabe"}],"items_purged_floors":[4,19],"is_endless":false,"potions_floor_spawned":[1,5,6,8,13,18],"killed_by":"ruina:ServantOfWrath","ascension_level":16}}