{"host":"w14xfy17z3c5mpoi","time":1614011904,"event":{"mods":["AchievementEnabler","BaseMod","Minty Spire (QoL Compilation)","Relic Stats"],"gold_per_floor":[118,193,207,218,218,218,232,260,260,260,295,295,295,305,305,382,382,393,393,393,124,138,163,78,78,152,152,152],"floor_reached":27,"language":"ENG","playtime":900,"items_purged":["Strike_G"],"score":449,"play_id":"aa68de83-8b09-43e0-851d-bfc325a8bef0","local_time":"20210222113824","is_ascension_mode":true,"campfire_choices":[{"data":"Phantasmal Killer","floor":6,"key":"SMITH"},{"data":"Terror","floor":13,"key":"SMITH"},{"data":"Blade Dance","floor":15,"key":"SMITH"},{"data":"Finisher","floor":25,"key":"SMITH"}],"circlet_count":0,"master_deck":["AscendersBane","Strike_G","Strike_G","Strike_G","Defend_G","Defend_G","Defend_G","Defend_G","Defend_G","Survivor","Neutralize","Phantasmal Killer+1","Dagger Throw","Slice","Endless Agony","Terror+1","Predator","Finisher+1","Blade Dance+1","Glass Knife","Sucker Punch+1","Blade Dance+1","Dash","Malaise","Footwork+1"],"relics":["Ring of the Snake","Kunai","Frozen Egg 2","Bottled Flame","Pantograph","DollysMirror","Vajra","Eternal Feather","White Beast Statue"],"acts_visited":["Exordium","TheCity"],"potions_floor_usage":[7,23,23,27],"damage_taken":[{"damage":0,"enemies":"Small Slimes","floor":1,"turns":3},{"damage":6,"enemies":"Cultist","floor":3,"turns":3},{"damage":7,"enemies":"Jaw Worm","floor":4,"turns":5},{"damage":27,"enemies":"Exordium Thugs","floor":7,"turns":5},{"damage":0,"enemies":"Gremlin Nob","floor":8,"turns":2},{"damage":16,"enemies":"3 Sentries","floor":11,"turns":7},{"damage":3,"enemies":"Blue Slaver","floor":14,"turns":3},{"damage":17,"enemies":"The Guardian","floor":16,"turns":7},{"damage":29,"enemies":"Shell Parasite","floor":18,"turns":4},{"damage":0,"enemies":"Chosen","floor":22,"turns":3},{"damage":33,"enemies":"Slavers","floor":23,"turns":5},{"damage":27,"enemies":"Snake Plant","floor":27,"turns":2}],"seed_played":"182571259639487463","potions_obtained":[{"floor":1,"key":"PowerPotion"},{"floor":7,"key":"Poison Potion"},{"floor":11,"key":"SpeedPotion"},{"floor":14,"key":"Dexterity Potion"},{"floor":23,"key":"DistilledChaos"}],"is_trial":false,"path_per_floor":["M","?","M","M","?","R","M","E","T","?","E","T","R","M","R","B",null,"M","?","?","$","M","E","?","R","T","M"],"character_chosen":"THE_SILENT","items_purchased":["DollysMirror","Dash"],"campfire_rested":0,"item_purchase_floors":[21,21],"current_hp_per_floor":[59,48,42,35,35,35,8,8,8,30,14,14,14,11,11,19,54,25,47,41,41,41,8,8,23,23,0,0],"gold":152,"neow_bonus":"ONE_RANDOM_RARE_CARD","is_daily":false,"chose_seed":false,"campfire_upgraded":4,"win_rate":0.0,"timestamp":1614011904,"path_taken":["M","?","M","M","?","R","?","E","T","?","E","?","R","M","R","BOSS","M","?","?","$","?","E","?","R","T","M"],"items_purchased_type":["Relic","Card"],"build_version":"2020-12-22","purchased_purges":1,"victory":false,"max_hp_per_floor":[66,66,66,66,66,66,66,66,66,66,66,66,66,66,66,66,66,66,66,66,66,66,66,66,66,66,66,66],"relic_stats":{"counters":[12,49],"Pantograph":25,"Eternal Feather":15,"Kunai":[25],"obtain_stats":[{"Bottled Flame":11,"DollysMirror":21,"Pantograph":12,"Vajra":23,"Eternal Feather":24,"Kunai":8,"Frozen Egg 2":9,"White Beast Statue":26,"Ring of the Snake":0},{"Bottled Flame":6,"DollysMirror":9,"Pantograph":6,"Vajra":11,"Eternal Feather":11,"Kunai":5,"Frozen Egg 2":5,"White Beast Statue":11,"Ring of the Snake":0},{"Bottled Flame":25,"DollysMirror":39,"Pantograph":25,"Vajra":47,"Eternal Feather":47,"Kunai":18,"Frozen Egg 2":18,"White Beast Statue":47,"Ring of the Snake":0}],"Ring of the Snake":[24]},"card_choices":[{"not_picked":["Flechettes","Concentrate"],"picked":"Dagger Throw","floor":1},{"not_picked":["Calculated Gamble","Crippling Poison"],"picked":"Slice","floor":3},{"not_picked":["Infinite Blades","Expertise"],"picked":"Endless Agony","floor":4},{"not_picked":["Deflect","Crippling Poison"],"picked":"Terror","floor":7},{"not_picked":["Blur","Underhanded Strike"],"picked":"Predator","floor":8},{"not_picked":["Underhanded Strike","Flying Knee"],"picked":"Finisher","floor":11},{"not_picked":["Sucker Punch","Flying Knee"],"picked":"Blade Dance","floor":14},{"not_picked":["Malaise","Grand Finale"],"picked":"Glass Knife","floor":16},{"not_picked":["Flying Knee","Flechettes"],"picked":"Sucker Punch+1","floor":18},{"not_picked":["Dagger Spray","Setup"],"picked":"Malaise","floor":22},{"not_picked":["Outmaneuver","Dagger Throw+1"],"picked":"Footwork+1","floor":23}],"player_experience":773387,"relics_obtained":[{"floor":8,"key":"Kunai"},{"floor":9,"key":"Frozen Egg 2"},{"floor":11,"key":"Bottled Flame"},{"floor":12,"key":"Pantograph"},{"floor":23,"key":"Vajra"},{"floor":26,"key":"White Beast Statue"}],"event_choices":[{"damage_healed":0,"gold_gain":75,"player_choice":"Gather Gold","damage_taken":11,"max_hp_gain":0,"max_hp_loss":0,"event_name":"World of Goop","floor":2,"gold_loss":0},{"cards_removed":["Strike_G"],"damage_healed":0,"gold_gain":0,"player_choice":"Card Removal","damage_taken":0,"max_hp_gain":0,"max_hp_loss":0,"event_name":"Wheel of Change","floor":5,"gold_loss":0},{"damage_healed":22,"gold_gain":0,"player_choice":"Banana","damage_taken":0,"max_hp_gain":0,"max_hp_loss":0,"event_name":"Big Fish","floor":10,"gold_loss":0},{"damage_healed":22,"gold_gain":0,"player_choice":"Heal","damage_taken":0,"max_hp_gain":0,"max_hp_loss":0,"event_name":"The Library","floor":19,"gold_loss":0},{"damage_healed":0,"gold_gain":0,"player_choice":"Damaged","damage_taken":6,"max_hp_gain":0,"max_hp_loss":0,"event_name":"Wheel of Change","floor":20,"gold_loss":0},{"damage_healed":0,"gold_gain":0,"player_choice":"Obtained Relic","damage_taken":0,"relics_obtained":["Eternal Feather"],"max_hp_gain":0,"max_hp_loss":0,"event_name":"Addict","floor":24,"gold_loss":85}],"is_beta":false,"boss_relics":[{"not_picked":["Sozu","Busted Crown","Ring of the Serpent"]}],"items_purged_floors":[21],"is_endless":false,"potions_floor_spawned":[1,7,11,14,18,23],"killed_by":"Snake Plant","ascension_level":14}}