{"host":"fauqrvll5t0ss0vm","time":1614015075,"event":{"mods":["2.2 Compatiblity","Act Like it!","Aspiration","Bard","BaseMod","Beaked The Cultist","Better Altar","Better Match","Better Note","Better Sensory Stone","Better Skull","Better Third Choice","Better Vampires","Card Filter","Clockwork Mod","Colored Map","Conspire","Displayed Cursed Tome","Downfall","Emptier Cage","Energized Spire","Friendly Minions","GifTheSpireLib","Glutton Mod","Gremlin Mod","Gremlin Skip","Halation","Hermit","Highlight Path","Hubris","Jorbs\u0027s Wanderer Trilogy","Mad Scientist","Marked Mod","Minty Spire (QoL Compilation)","Permanent Neow","Random Character Button","Relic Filter","Reorder Act Four","Replay The Spire","Shop Mod","Somnambulant","Spikes Relics","StSLib","Stuff the Spire","SuperFastMode","The Construct","The Cursed","The Disciple","The Elementalist","The Judge","The Juggle","The Mystic","The Runesmith","The Sage","The Servant 0.9.4","The Valiant","Trackpad","Uncapped"],"gold_per_floor":[114,128,452,129,139,139,164,164,164,15,43,43,59,75,75,179,179,197,212,212,68,68,68,68,101,124,149,166,166,177,208,208,313,313,323,323,323,223,239,239,265,313,337,337,337,371,371,400,400,400,400,400,400,434,434],"floor_reached":56,"language":"ENG","playtime":3940,"items_purged":["bronze:Defend","bronze:Defend"],"score":1609,"play_id":"38922108-39b5-44d9-9e14-989d068b7e14","local_time":"20210222183115","is_ascension_mode":true,"campfire_choices":[{"data":"bronze:WhirlingStrike","floor":6,"key":"SMITH"},{"data":"bronze:Repair","floor":8,"key":"SMITH"},{"data":"bronze:WhirlingStrike","floor":12,"key":"SMITH"},{"data":"bronze:Goto","floor":15,"key":"SMITH"},{"data":"bronze:Mutator","floor":23,"key":"SMITH"},{"data":"bronze:Constructor","floor":29,"key":"SMITH"},{"data":"bronze:Defend","floor":32,"key":"PURGE"},{"data":"beaked:AwakenedForm","floor":40,"key":"SMITH"},{"data":"bronze:Defend","floor":44,"key":"PURGE"},{"floor":49,"key":"RECALL"},{"data":"bronze:Return","floor":53,"key":"SMITH"}],"circlet_count":0,"master_deck":["bronze:Goto+1","bronze:WhirlingStrike+1","bronze:WhirlingStrike+1","Dark Shackles+1","bronze:Repair+1","bronze:Return+1","bronze:Verify","bronze:Shell","bronze:Mutator+1","bronze:Iterate","conspire:Banana+1","bronze:Constructor+1","bronze:DelayedGuard+1","beaked:AwakenedForm+1","StuffTheSpire:Rapture","bronze:Format","bronze:Optimize+1","StuffTheSpire:Rapture"],"relics":["bronze:BronzeCore","trackpad:AdjectivePendant","Bag of Marbles","bronze:ProtectiveGoggles","aspiration:StickyExplosives","bronze:SilverBullet","Kintsugi","halation:Thesaurus","Replay:Rubber Ducky","TungstenRod","Pen Nib","Boot","beaked:SacredDeck","Juzu Bracelet","Replay:Multitool","Regal Pillow","trackpad:DisasterInABottle","trackpad:HandOfMidas","War Paint"],"acts_visited":["Exordium","TheCity","TheBeyond","TheEnding"],"potions_floor_usage":[7,25,27,27,31,41,41,41,42,55],"damage_taken":[{"damage":0,"enemies":"Small Slimes","floor":1,"turns":3},{"damage":0,"enemies":"Cultist","floor":2,"turns":2},{"damage":0,"enemies":"2 Louse","floor":5,"turns":1},{"damage":6,"enemies":"Replay:BlueRogue","floor":7,"turns":4},{"damage":1,"enemies":"3 Sentries","floor":11,"turns":2},{"damage":0,"enemies":"Exordium Wildlife","floor":13,"turns":2},{"damage":0,"enemies":"Large Slime","floor":14,"turns":1},{"damage":0,"enemies":"The Guardian","floor":16,"turns":13},{"damage":11,"enemies":"Spheric Guardian","floor":18,"turns":5},{"damage":0,"enemies":"Shell Parasite","floor":19,"turns":2},{"damage":1,"enemies":"conspire:SneckoGhost","floor":25,"turns":6},{"damage":1,"enemies":"Book of Stabbing","floor":27,"turns":5},{"damage":0,"enemies":"Sentry and Sphere","floor":28,"turns":1},{"damage":0,"enemies":"Centurion and Healer","floor":30,"turns":5},{"damage":6,"enemies":"Replay:Snechameleon","floor":31,"turns":5},{"damage":4,"enemies":"hubris:MusketHawk","floor":33,"turns":7},{"damage":0,"enemies":"3 Shapes","floor":35,"turns":2},{"damage":0,"enemies":"3 Darklings","floor":39,"turns":1},{"damage":1,"enemies":"Reptomancer","floor":41,"turns":3},{"damage":5,"enemies":"2 Orb Walkers","floor":42,"turns":4},{"damage":0,"enemies":"Giant Head","floor":46,"turns":5},{"damage":0,"enemies":"Reptomancer","floor":48,"turns":3},{"damage":0,"enemies":"Awakened One","floor":50,"turns":4},{"damage":0,"enemies":"Shield and Spear","floor":54,"turns":4},{"damage":61,"enemies":"The Heart","floor":55,"turns":6}],"seed_played":"2022513563180892282","potions_obtained":[{"floor":5,"key":"BlessingOfTheForge"},{"floor":7,"key":"champ:CounterPotion"},{"floor":13,"key":"Adrenaline Potion"},{"floor":19,"key":"champ:CounterPotion"},{"floor":28,"key":"sneckomod:MuddlingPotion"},{"floor":30,"key":"champ:CounterPotion"},{"floor":39,"key":"EntropicBrew"},{"floor":42,"key":"Toxic Potion"}],"is_trial":false,"path_per_floor":["M","M","?","$","M","R","E","R","T","$","E","R","M","M","R","B",null,"M","M","?","$","?","R","T","E","T","E","M","R","M","E","R_BF","B",null,"M","?","?","$","M","R","E","?","T","R","?","E","?","E","R","B",null,"$","R","E","B",null],"character_chosen":"THE_AUTOMATON","items_purchased":["Bag of Marbles","Dark Shackles","bronze:SilverBullet","halation:Thesaurus"],"campfire_rested":0,"item_purchase_floors":[4,4,10,21],"current_hp_per_floor":[70,70,42,42,42,42,43,43,43,43,52,52,62,62,62,70,70,67,70,70,70,70,70,70,71,71,74,76,76,78,80,80,82,82,82,82,82,82,82,82,84,86,86,86,86,88,84,86,86,88,88,88,88,90,41],"gold":434,"neow_bonus":"RANDOM_COMMON_RELIC","is_daily":false,"chose_seed":false,"campfire_upgraded":8,"win_rate":0.0,"timestamp":1614015075,"path_taken":["M","M","?","$","M","R","E","R","T","$","E","R","M","?","R","BOSS","M","M","?","$","?","R","?","E","T","E","M","R","M","E","R_BF","BOSS","M","?","?","$","M","R","E","?","T","R","?","E","?","E","R","BOSS","$","R","E","BOSS"],"items_purchased_type":["Relic","Card","Relic","Relic"],"build_version":"2020-12-22","purchased_purges":2,"victory":true,"max_hp_per_floor":[70,70,70,70,70,70,70,70,70,70,70,70,70,70,70,70,70,70,70,70,70,70,70,70,72,72,74,76,76,78,80,80,82,82,82,82,82,82,82,82,84,86,86,86,86,88,84,86,86,88,88,88,88,90,92],"card_choices":[{"not_picked":["bronze:Iterate","bronze:ChosenStrike"],"picked":"bronze:WhirlingStrike","floor":1},{"not_picked":["bronze:DigitalCarnage","bronze:Constructor"],"picked":"bronze:WhirlingStrike","floor":2},{"not_picked":["bronze:WhirlingStrike","bronze:Flail"],"picked":"bronze:Repair","floor":5},{"not_picked":["bronze:Flail","bronze:WildBeam"],"picked":"bronze:Return","floor":7},{"not_picked":["bronze:Turbo","bronze:WildBeam"],"picked":"bronze:Verify","floor":11},{"not_picked":["bronze:BronzeArmor","bronze:Overheat","bronze:ItsAFeature"],"picked":"SKIP","floor":13},{"not_picked":["bronze:Frontload","bronze:Optimize"],"picked":"bronze:Shell","floor":14},{"not_picked":["bronze:CleanCode","bronze:BurnOut"],"picked":"bronze:Mutator","floor":16},{"not_picked":["bronze:OilSpill","bronze:DigitalCarnage"],"picked":"bronze:Iterate","floor":18},{"not_picked":["bronze:Deprecate+1","bronze:FineTuning","bronze:BuggyMess+1"],"picked":"SKIP","floor":19},{"not_picked":["bronze:Separator","bronze:BitShift+1"],"picked":"bronze:DelayedGuard","floor":25},{"not_picked":["bronze:Deprecate","bronze:DelayedGuard","bronze:Allocate"],"picked":"SKIP","floor":27},{"not_picked":["bronze:Invalidate","bronze:Overheat","bronze:ItsAFeature"],"picked":"SKIP","floor":28},{"not_picked":["bronze:Separator+1","bronze:BuggyMess+1","bronze:ForLoop+1"],"picked":"SKIP","floor":30},{"not_picked":["bronze:Backtrace","bronze:SpaghettiCode","bronze:DelayedGuard"],"picked":"SKIP","floor":31},{"not_picked":["bronze:Repulsor","bronze:NullPointer+1","bronze:Separator+1"],"picked":"SKIP","floor":35},{"not_picked":["StuffTheSpire:Brawn","StuffTheSpire:Innocence"],"picked":"StuffTheSpire:Rapture","floor":37},{"not_picked":["bronze:Iterate+1","bronze:GetLatest","bronze:Separator+1"],"picked":"SKIP","floor":39},{"not_picked":["bronze:ClassDefault+1","bronze:Frontload+1"],"picked":"bronze:Format","floor":41},{"not_picked":["bronze:OilSpill+1","bronze:GetLatest"],"picked":"bronze:Optimize+1","floor":42},{"not_picked":["bronze:Overheat","bronze:Allocate","bronze:Philosophize"],"picked":"SKIP","floor":46},{"not_picked":["bronze:Overheat","bronze:Allocate","bronze:Philosophize"],"picked":"SKIP","floor":46},{"not_picked":["bronze:Overheat","bronze:Allocate","bronze:Philosophize"],"picked":"SKIP","floor":46},{"not_picked":["bronze:BurnOut","bronze:Repulsor+1","bronze:Boost+1"],"picked":"SKIP","floor":48},{"not_picked":["bronze:Overheat+1","bronze:BuggyMess+1","bronze:Constructor"],"picked":"SKIP","floor":54}],"player_experience":7640147,"relics_obtained":[{"floor":7,"key":"bronze:ProtectiveGoggles"},{"floor":9,"key":"aspiration:StickyExplosives"},{"floor":11,"key":"Omamori"},{"floor":24,"key":"TungstenRod"},{"floor":25,"key":"Pen Nib"},{"floor":27,"key":"trackpad:PetRock"},{"floor":31,"key":"Boot"},{"floor":41,"key":"Juzu Bracelet"},{"floor":42,"key":"Replay:Multitool"},{"floor":43,"key":"Regal Pillow"},{"floor":46,"key":"trackpad:DisasterInABottle"},{"floor":48,"key":"trackpad:HandOfMidas"},{"floor":54,"key":"War Paint"}],"event_choices":[{"damage_healed":0,"gold_gain":324,"player_choice":"GO GO GO ","damage_taken":31,"relics_obtained":[],"max_hp_gain":0,"max_hp_loss":0,"event_name":"betterSkull:BetterSkull","floor":3,"gold_loss":0,"cards_upgraded":[]},{"cards_removed":["Dark Shackles"],"damage_healed":0,"gold_gain":0,"player_choice":"Take \u0026 Give","damage_taken":0,"max_hp_gain":0,"max_hp_loss":0,"event_name":"betterNote:BetterNote","floor":20,"gold_loss":0,"cards_obtained":["conspire:Banana"]},{"damage_healed":0,"gold_gain":0,"player_choice":"Read","damage_taken":0,"max_hp_gain":0,"max_hp_loss":0,"event_name":"The Library","floor":22,"gold_loss":0,"cards_obtained":["bronze:Constructor"]},{"damage_healed":0,"gold_gain":0,"player_choice":"Leave","damage_taken":0,"max_hp_gain":0,"max_hp_loss":0,"event_name":"conspire:Investor","floor":36,"gold_loss":0},{"damage_healed":0,"gold_gain":0,"player_choice":"Fight","damage_taken":0,"max_hp_gain":0,"max_hp_loss":0,"event_name":"Mysterious Sphere","floor":42,"gold_loss":0},{"damage_healed":0,"gold_gain":0,"player_choice":"Copied","damage_taken":0,"max_hp_gain":0,"max_hp_loss":0,"event_name":"Duplicator","floor":45,"gold_loss":0,"cards_obtained":["StuffTheSpire:Rapture"]},{"damage_healed":0,"gold_gain":0,"player_choice":"Max HP","damage_taken":0,"max_hp_gain":0,"max_hp_loss":4,"event_name":"Winding Halls","floor":47,"gold_loss":0}],"is_beta":false,"boss_relics":[{"not_picked":["SlaversCollar","Sozu"],"picked":"Kintsugi"},{"not_picked":["Coffee Dripper","aspiration:RitualDagger"],"picked":"beaked:SacredDeck"}],"items_purged_floors":[4,38],"is_endless":false,"potions_floor_spawned":[5,7,13,19,28,30,39,42],"ascension_level":1}}