{"host":"28p8ce41sjwa6lzf","time":1614008301,"event":{"mods":["BaseMod","Bestiary","Colored Map","Colored Powertips","Dark Map","Highlight Path","Minty Spire (QoL Compilation)","Permanent Neow","Quick Restart","Random Character Button","Rare Cards Sparkle","Relic Stats","StSLib","Unceasing Turn Reminder"],"gold_per_floor":[118,6,24,36,51,51,62,62,62],"floor_reached":8,"language":"ENG","playtime":684,"items_purged":["Strike_G"],"score":100,"play_id":"ed30a3b9-8298-44a0-96de-4ff9e83059c7","local_time":"20210222093821","is_ascension_mode":true,"campfire_choices":[{"data":"Riddle With Holes","floor":6,"key":"SMITH"}],"circlet_count":0,"master_deck":["AscendersBane","Strike_G","Strike_G","Strike_G","Strike_G","Defend_G","Defend_G","Defend_G","Defend_G","Defend_G","Survivor","Neutralize","Flying Knee","Riddle With Holes+1","Prepared","Blade Dance","PiercingWail","Flying Knee"],"relics":["Ring of the Snake","Centennial Puzzle"],"acts_visited":["Exordium"],"potions_floor_usage":[5,7],"damage_taken":[{"damage":0.0,"enemies":"2 Louse","floor":1.0,"turns":2.0},{"damage":1.0,"enemies":"Cultist","floor":3.0,"turns":3.0},{"damage":4.0,"enemies":"Jaw Worm","floor":4.0,"turns":4.0},{"damage":10,"enemies":"Large Slime","floor":5,"turns":5},{"damage":12,"enemies":"Exordium Thugs","floor":7,"turns":6},{"damage":40,"enemies":"Lagavulin","floor":8,"turns":8}],"seed_played":"-5428463785468476662","potions_obtained":[{"floor":1.0,"key":"CunningPotion"},{"floor":4.0,"key":"Explosive Potion"}],"is_trial":false,"path_per_floor":["M","$","M","M","M","R","M","E"],"character_chosen":"THE_SILENT","items_purchased":["Riddle With Holes"],"campfire_rested":0,"item_purchase_floors":[2],"current_hp_per_floor":[59,59,58,54,44,44,32,0,0],"gold":62,"neow_bonus":"RANDOM_COMMON_RELIC","is_daily":false,"chose_seed":false,"campfire_upgraded":1,"win_rate":0.0,"timestamp":1614008301,"path_taken":["M","$","M","M","M","R","M","E"],"items_purchased_type":["Card"],"build_version":"2020-12-22","purchased_purges":1,"victory":false,"max_hp_per_floor":[66,66,66,66,66,66,66,66,66],"relic_stats":{"Centennial Puzzle":[15],"counters":[6,28],"obtain_stats":[{"Centennial Puzzle":0,"Ring of the Snake":0},{"Centennial Puzzle":0,"Ring of the Snake":0},{"Centennial Puzzle":0,"Ring of the Snake":0}],"Ring of the Snake":[12]},"card_choices":[{"not_picked":["Setup","Infinite Blades"],"picked":"Flying Knee","floor":1.0},{"not_picked":["Quick Slash","Dagger Spray"],"picked":"Prepared","floor":3.0},{"not_picked":["Dodge and Roll","Dagger Spray"],"picked":"Blade Dance","floor":4.0},{"not_picked":["Blur","Acrobatics"],"picked":"PiercingWail","floor":5},{"not_picked":["Infinite Blades","Outmaneuver"],"picked":"Flying Knee","floor":7}],"player_experience":1364355,"relics_obtained":[],"event_choices":[],"is_beta":false,"boss_relics":[],"items_purged_floors":[2],"is_endless":false,"potions_floor_spawned":[1,4],"killed_by":"Lagavulin","ascension_level":20}}