{"host":"zxd2l8an9de7z7b9","time":1614002735,"event":{"mods":["100% Spire Juice","2.2 Compatiblity","AchievementEnabler","BaseMod","CapriCore","Colored Map","Colored Powertips","Marisa£¨Ùöéë¡¡Øª×âÞÞ£©","Minty Spire (QoL Compilation)","Rare Cards Sparkle","StSLib","SuperFastMode","Td1madao Mod","everything is the same but u backflip on backflip"],"gold_per_floor":[110,122,47,47,60,91,106,126,153,171,171,171,190,190,190,290,290,304,304,317,317,333,333,351,351,376,386,399,399,41,53,53,153,153,172,0,16,16,36,36,36,36],"floor_reached":41,"language":"KOR","playtime":1982,"items_purged":["Strike_B","Consume"],"score":397,"play_id":"1506d796-9fc6-46fc-bcf9-0478a8dae6c0","local_time":"20210222230535","is_ascension_mode":false,"campfire_choices":[{"data":"Redo","floor":15.0,"key":"SMITH"},{"data":"Fusion","floor":23.0,"key":"SMITH"},{"data":"Echo Form","floor":29.0,"key":"SMITH"},{"floor":32.0,"key":"REST"},{"data":"Loop","floor":40,"key":"SMITH"}],"circlet_count":0,"master_deck":["Zap","Dualcast+1","Lockon","Hologram","Redo+1","Compile Driver","Skim","Darkness+1","Consume","Echo Form+1","Blizzard","Glacier","Melter","Chaos","Chill","Redo+1","Fusion+1","Self Repair+1","Loop+1","Meteor Strike","Defragment","Wraith","Parasite","Stack+1"],"relics":["Cracked Core","Orichalcum","Odd Mushroom","Bag of Marbles","Nloth\u0027s Gift","Nilry\u0027s Codex","PreservedInsect","Membership Card","Coffee Dripper","Red Mask"],"acts_visited":["Exordium","TheCity","TheBeyond"],"potions_floor_usage":[39],"damage_taken":[{"damage":6.0,"enemies":"Jaw Worm","floor":1.0,"turns":3.0},{"damage":0.0,"enemies":"2 Louse","floor":2.0,"turns":2.0},{"damage":0.0,"enemies":"Small Slimes","floor":5.0,"turns":2.0},{"damage":23.0,"enemies":"Lagavulin","floor":6.0,"turns":5.0},{"damage":1.0,"enemies":"3 Louse","floor":7.0,"turns":2.0},{"damage":10.0,"enemies":"The Mushroom Lair","floor":8.0,"turns":3.0},{"damage":0.0,"enemies":"Red Slaver","floor":10.0,"turns":2.0},{"damage":5.0,"enemies":"Looter","floor":13.0,"turns":3.0},{"damage":38.0,"enemies":"Hexaghost","floor":16.0,"turns":6.0},{"damage":4.0,"enemies":"Shell Parasite","floor":18.0,"turns":2.0},{"damage":15.0,"enemies":"Chosen","floor":20.0,"turns":5.0},{"damage":13.0,"enemies":"Snake Plant","floor":22.0,"turns":5.0},{"damage":0.0,"enemies":"3 Cultists","floor":24.0,"turns":4.0},{"damage":1.0,"enemies":"Snecko","floor":27.0,"turns":8.0},{"damage":14.0,"enemies":"Centurion and Healer","floor":28.0,"turns":9.0},{"damage":20.0,"enemies":"Shelled Parasite and Fungi","floor":31.0,"turns":6.0},{"damage":40.0,"enemies":"Automaton","floor":33.0,"turns":11.0},{"damage":20.0,"enemies":"Orb Walker","floor":35.0,"turns":5.0},{"damage":15.0,"enemies":"3 Darklings","floor":37.0,"turns":7.0},{"damage":35,"enemies":"Writhing Mass","floor":39,"turns":8},{"damage":30,"enemies":"Nemesis","floor":41,"turns":5}],"seed_played":"-4456303694528216726","potions_obtained":[{"floor":2.0,"key":"SteroidPotion"},{"floor":6.0,"key":"Swift Potion"},{"floor":8.0,"key":"SpeedPotion"},{"floor":13.0,"key":"Strength Potion"},{"floor":24.0,"key":"LiquidMemories"},{"floor":28.0,"key":"Fruit Juice"},{"floor":31.0,"key":"SkillPotion"},{"floor":33.0,"key":"FocusPotion"},{"floor":35.0,"key":"Block Potion"},{"floor":37.0,"key":"AttackPotion"},{"floor":39,"key":"Weak Potion"}],"is_trial":false,"path_per_floor":["M","M","$","?","M","E","M","?","T","M","?","?","M","?","R","B",null,"M","?","M","?","M","R","M","?","T","M","M","R","$","M","R","B",null,"M","?","M","?","M","R","E"],"character_chosen":"DEFECT","items_purchased":["Membership Card","Meteor Strike","Fruit Juice","DistilledChaos"],"campfire_rested":1,"item_purchase_floors":[30,30,30,30],"current_hp_per_floor":[69,69,69,54,54,31,30,20,20,20,13,13,8,75,75,37,75,71,71,56,56,43,43,43,27,27,36,37,37,42,32,57,27,85,75,75,80,80,55,55,25,25],"gold":36,"neow_bonus":"UPGRADE_CARD","is_daily":false,"chose_seed":false,"campfire_upgraded":4,"win_rate":0.0,"timestamp":1614002735,"path_taken":["M","M","$","?","M","E","M","?","T","M","?","?","?","?","R","BOSS","M","?","M","?","?","R","M","?","T","M","M","R","$","M","R","BOSS","M","?","M","?","M","R","E"],"items_purchased_type":["Relic","Card","Potion","Potion"],"build_version":"2020-12-22","purchased_purges":2,"victory":false,"max_hp_per_floor":[75,75,75,75,75,75,75,75,75,75,75,75,75,75,75,75,75,75,75,75,75,75,75,75,75,75,75,80,80,85,85,85,85,85,85,85,85,85,85,85,85,85],"card_choices":[{"not_picked":["Coolheaded","Beam Cell"],"picked":"Lockon","floor":1.0},{"not_picked":["Scrape","Go for the Eyes"],"picked":"Hologram","floor":2.0},{"not_picked":["Steam Power","Beam Cell"],"picked":"Redo","floor":5.0},{"not_picked":["Sweeping Beam","Redo"],"picked":"Compile Driver","floor":6.0},{"not_picked":["Rebound","Beam Cell"],"picked":"Melter","floor":7.0},{"not_picked":["Streamline","Chaos"],"picked":"Skim","floor":8.0},{"not_picked":["Ball Lightning","Barrage"],"picked":"Darkness","floor":10.0},{"not_picked":["Rebound","Turbo"],"picked":"Consume","floor":13.0},{"not_picked":["Creative AI","All For One"],"picked":"Echo Form","floor":16.0},{"not_picked":["Compile Driver","Stack"],"picked":"Redo+1","floor":18.0},{"not_picked":["Stack","Hello World","Sweeping Beam"],"picked":"SKIP","floor":20.0},{"not_picked":["FTL","Go for the Eyes","Blizzard"],"picked":"SKIP","floor":22.0},{"not_picked":["Conserve Battery","Leap"],"picked":"Self Repair+1","floor":24.0},{"not_picked":["Heatsinks","Go for the Eyes"],"picked":"Loop","floor":27.0},{"not_picked":["Aggregate+1","Barrage","White Noise+1"],"picked":"SKIP","floor":28.0},{"not_picked":["Streamline","Barrage+1"],"picked":"Defragment","floor":31.0},{"not_picked":["Cold Snap+1","Compile Driver","Leap+1"],"picked":"SKIP","floor":35.0},{"not_picked":["Compile Driver","Auto Shields+1","Genetic Algorithm+1"],"picked":"SKIP","floor":37.0},{"not_picked":["Coolheaded","Leap"],"picked":"Stack+1","floor":39}],"player_experience":436375,"relics_obtained":[{"floor":6.0,"key":"Orichalcum"},{"floor":8.0,"key":"Odd Mushroom"},{"floor":9.0,"key":"Bag of Marbles"},{"floor":25.0,"key":"Nilry\u0027s Codex"},{"floor":26.0,"key":"PreservedInsect"}],"event_choices":[{"damage_healed":0.0,"max_hp_gain":0.0,"max_hp_loss":0.0,"gold_gain":0.0,"event_name":"Shining Light","player_choice":"Entered Light","floor":4.0,"gold_loss":0.0,"damage_taken":15.0,"cards_upgraded":["Defend_B","Defend_B"]},{"damage_healed":0.0,"max_hp_gain":0.0,"max_hp_loss":0.0,"gold_gain":0.0,"event_name":"Mushrooms","player_choice":"Fought Mushrooms","floor":8.0,"gold_loss":0.0,"damage_taken":0.0},{"cards_removed":["Strike_B"],"damage_healed":0.0,"max_hp_gain":0.0,"max_hp_loss":0.0,"gold_gain":0.0,"event_name":"Golden Wing","player_choice":"Card Removal","floor":11.0,"gold_loss":0.0,"damage_taken":7.0},{"damage_healed":0.0,"max_hp_gain":0.0,"max_hp_loss":0.0,"gold_gain":0.0,"event_name":"Upgrade Shrine","player_choice":"Upgraded","floor":12.0,"gold_loss":0.0,"damage_taken":0.0,"cards_upgraded":["Darkness"]},{"cards_removed":["Melter"],"damage_healed":67.0,"max_hp_gain":0.0,"max_hp_loss":0.0,"gold_gain":0.0,"event_name":"Bonfire Elementals","player_choice":"Offered Uncommon","floor":14.0,"gold_loss":0.0,"damage_taken":0.0},{"damage_healed":0.0,"max_hp_gain":0.0,"max_hp_loss":0.0,"gold_gain":0.0,"event_name":"The Library","player_choice":"Read","floor":19.0,"gold_loss":0.0,"damage_taken":0.0,"cards_obtained":["Fusion"]},{"damage_healed":0.0,"max_hp_gain":0.0,"max_hp_loss":0.0,"gold_gain":0.0,"event_name":"N\u0027loth","player_choice":"Traded Relic","floor":21.0,"relics_lost":["Pandora\u0027s Box"],"gold_loss":0.0,"damage_taken":0.0,"relics_obtained":["Nloth\u0027s Gift"]},{"damage_healed":0.0,"max_hp_gain":0.0,"max_hp_loss":0.0,"gold_gain":0.0,"event_name":"Cursed Tome","player_choice":"Obtained Book","floor":25.0,"gold_loss":0.0,"damage_taken":16.0},{"damage_healed":0.0,"max_hp_gain":0.0,"max_hp_loss":0.0,"gold_gain":0.0,"event_name":"Tomb of Lord Red Mask","player_choice":"Paid","floor":36.0,"gold_loss":172.0,"damage_taken":0.0,"relics_obtained":["Red Mask"]},{"damage_healed":0.0,"max_hp_gain":0.0,"max_hp_loss":0.0,"gold_gain":0.0,"event_name":"OrinTheCat","player_choice":"Ignored","floor":38.0,"gold_loss":0.0,"damage_taken":0.0}],"is_beta":false,"boss_relics":[{"not_picked":["FrozenCore","SlaversCollar"],"picked":"Pandora\u0027s Box"},{"not_picked":["Busted Crown","Cursed Key"],"picked":"Coffee Dripper"}],"items_purged_floors":[3,30],"is_endless":false,"potions_floor_spawned":[2,6,8,13,24,28,31,33,35,37,39],"killed_by":"Nemesis","ascension_level":0}}