{"host":"w71ztq0fmb7m1c2b","time":1614029082,"event":{"mods":["BaseMod","Colored Map","Colored Powertips","Downfall","Hermit","Minty Spire (QoL Compilation)","Robot Space Explorer","StSLib","The Cursed","The Servant 0.9.4"],"gold_per_floor":[109,120,120,130,146,178,191,226,226,226,30,30,30,40,40,40,40],"floor_reached":16,"language":"ENG","playtime":748,"items_purged":[],"score":112,"play_id":"4a6ed743-c0c6-4a0d-8fe3-b7a719f13f98","local_time":"20210222222442","is_ascension_mode":false,"campfire_choices":[{"floor":13,"key":"REST"},{"floor":15,"key":"RECALL"}],"circlet_count":0,"master_deck":["hermit:Strike_Hermit","hermit:Strike_Hermit","hermit:Strike_Hermit","hermit:Strike_Hermit","hermit:Defend_Hermit","hermit:Defend_Hermit","hermit:Defend_Hermit","hermit:Defend_Hermit","hermit:Snapshot","hermit:Covet","hermit:Enervate","hermit:ItchyTrigger","hermit:Ricochet","hermit:Maintenance","hermit:Glare","hermit:CursedWeapon+1","hermit:Vantage","Secret Weapon","hermit:HighCaliber+1"],"relics":["hermit:Momento","NeowsBlessing","Orichalcum","Molten Egg 2","Potion Belt","Boot"],"acts_visited":["Exordium"],"potions_floor_usage":[8,8],"damage_taken":[{"damage":0,"enemies":"Jaw Worm","floor":1,"turns":1},{"damage":0,"enemies":"Small Slimes","floor":2,"turns":1},{"damage":0,"enemies":"2 Louse","floor":4,"turns":1},{"damage":18,"enemies":"Large Slime","floor":5,"turns":9},{"damage":15,"enemies":"3 Sentries","floor":6,"turns":7},{"damage":8,"enemies":"Red Slaver","floor":7,"turns":3},{"damage":13,"enemies":"Lagavulin","floor":8,"turns":5},{"damage":7,"enemies":"2 Fungi Beasts","floor":14,"turns":3},{"damage":37,"enemies":"The Guardian","floor":16,"turns":8}],"seed_played":"-8524268796373694931","potions_obtained":[{"floor":1,"key":"Regen Potion"},{"floor":2,"key":"Energy Potion"},{"floor":8,"key":"SmokeBomb"}],"is_trial":false,"path_per_floor":["M","M","?","M","M","E","M","E","T","?","$","?","R","M","R","B"],"character_chosen":"HERMIT","items_purchased":["Secret Weapon"],"campfire_rested":1,"item_purchase_floors":[11],"current_hp_per_floor":[75,75,75,75,57,42,34,35,35,35,35,17,39,32,32,0,0],"gold":40,"neow_bonus":"THREE_ENEMY_KILL","is_daily":false,"chose_seed":false,"campfire_upgraded":0,"win_rate":0.0,"timestamp":1614029082,"path_taken":["M","M","?","M","M","E","M","E","T","?","$","?","R","M","R","BOSS"],"items_purchased_type":["Card"],"build_version":"2020-12-22","purchased_purges":0,"victory":false,"max_hp_per_floor":[75,75,75,75,75,75,75,75,75,75,75,75,75,75,75,75,75],"card_choices":[{"not_picked":["hermit:LuckOfTheDraw","hermit:HoleUp"],"picked":"hermit:Enervate","floor":1},{"not_picked":["hermit:Snipe","hermit:SprayPray"],"picked":"hermit:ItchyTrigger","floor":2},{"not_picked":["hermit:RoundhouseKick","hermit:DeadMansHand"],"picked":"hermit:LowProfile","floor":4},{"not_picked":["hermit:Vantage","hermit:WideOpen"],"picked":"hermit:Ricochet","floor":5},{"not_picked":["hermit:DeadMansHand","hermit:Feint"],"picked":"hermit:Maintenance","floor":6},{"not_picked":["hermit:DeadMansHand","hermit:Dissolve"],"picked":"hermit:Glare","floor":7},{"not_picked":["hermit:Purgatory+1","hermit:Feint"],"picked":"hermit:CursedWeapon+1","floor":8},{"not_picked":["hermit:Misfire+1","hermit:ShadowCloak"],"picked":"hermit:HighCaliber+1","floor":14}],"player_experience":228738,"relics_obtained":[{"floor":6,"key":"Orichalcum"},{"floor":8,"key":"Molten Egg 2"},{"floor":9,"key":"Potion Belt"}],"event_choices":[{"damage_healed":0,"gold_gain":0,"player_choice":"Leave","damage_taken":0,"max_hp_gain":0,"max_hp_loss":0,"event_name":"The Cleric","floor":3,"gold_loss":0},{"damage_healed":0,"gold_gain":0,"cards_transformed":["hermit:LowProfile"],"player_choice":"Change","damage_taken":0,"max_hp_gain":0,"max_hp_loss":0,"event_name":"Living Wall","floor":10,"gold_loss":0,"cards_obtained":["hermit:Vantage"]},{"damage_healed":0,"gold_gain":0,"player_choice":"Success","damage_taken":18,"relics_obtained":["Boot"],"max_hp_gain":0,"max_hp_loss":0,"event_name":"Scrap Ooze","floor":12,"gold_loss":0}],"is_beta":false,"boss_relics":[],"items_purged_floors":[],"is_endless":false,"potions_floor_spawned":[1,2,8],"killed_by":"The Guardian","ascension_level":0}}