{"host":"Sean","time":1614016781,"event":{"mods":["BaseMod","Block Reminder","Colored Map","Colored Powertips","Highlight Path","Minty Spire (QoL Compilation)","Permanent Neow","Relic Stats"],"gold_per_floor":[117,42,56,69,244,244,270,270,270,286,30,105,163,173,173,278,278,288,298,258,277,17,51,51,66,66,85,85,111,125,155,155,260,260,275,291,48,67,67,96,96,131,185,221,233,244,282,282,282,282,282,282,21,48,48],"floor_reached":56,"language":"ENG","playtime":3276,"items_purged":["Strike_G","Doubt","Strike_G"],"score":2227,"play_id":"c687758e-789f-44e7-9088-49f4cfc464cd","local_time":"20210222175941","is_ascension_mode":true,"campfire_choices":[{"data":"Catalyst","floor":6.0,"key":"SMITH"},{"floor":15.0,"key":"REST"},{"data":"Backstab","floor":24.0,"key":"SMITH"},{"data":"Footwork","floor":32,"key":"SMITH"},{"data":"Well Laid Plans","floor":41,"key":"SMITH"},{"floor":49,"key":"RECALL"},{"data":"Bouncing Flask","floor":52,"key":"SMITH"}],"circlet_count":0,"master_deck":["AscendersBane","Survivor","Neutralize","Backstab+1","Bouncing Flask+1","Catalyst+1","Footwork+1","Deadly Poison+1","PiercingWail+1","Wraith Form v2+1","CurseOfTheBell","Leg Sweep+1","Cloak And Dagger+1","PiercingWail+1","Dark Shackles+1","Infinite Blades+1","PiercingWail+1","PiercingWail+1","Crippling Poison+1","PiercingWail+1","Die Die Die","Well Laid Plans+1","Tools of the Trade","Dagger Throw","Tools of the Trade","Dagger Spray","Tools of the Trade","Dash","PiercingWail+1","Catalyst+1","Panacea+1","Doppelganger+1","Malaise+1","Distraction+1"],"relics":["Ring of the Snake","Incense Burner","Toxic Egg 2","TwistedFunnel","Bag of Marbles","Calling Bell","Orichalcum","Sundial","Dead Branch","Thread and Needle","Mummified Hand","Enchiridion","Vajra","Bag of Preparation","Pandora\u0027s Box","Snake Skull","CeramicFish","Smiling Mask","PreservedInsect","Pear","Ninja Scroll","InkBottle"],"acts_visited":["Exordium","TheCity","TheBeyond","TheEnding"],"potions_floor_usage":[29,55,55],"damage_taken":[{"damage":5.0,"enemies":"Cultist","floor":1.0,"turns":4.0},{"damage":0.0,"enemies":"2 Louse","floor":3.0,"turns":3.0},{"damage":0.0,"enemies":"Small Slimes","floor":4.0,"turns":3.0},{"damage":34.0,"enemies":"3 Sentries","floor":7.0,"turns":11.0},{"damage":12.0,"enemies":"2 Fungi Beasts","floor":10.0,"turns":4.0},{"damage":0.0,"enemies":"Lagavulin Event","floor":13.0,"turns":3.0},{"damage":5.0,"enemies":"Large Slime","floor":14.0,"turns":5.0},{"damage":24.0,"enemies":"Hexaghost","floor":16.0,"turns":5.0},{"damage":1.0,"enemies":"2 Thieves","floor":18.0,"turns":4.0},{"damage":0.0,"enemies":"3 Byrds","floor":19.0,"turns":2.0},{"damage":0.0,"enemies":"Snecko","floor":21.0,"turns":4.0},{"damage":0.0,"enemies":"Slavers","floor":23.0,"turns":6.0},{"damage":0,"enemies":"Centurion and Healer","floor":25,"turns":6},{"damage":0,"enemies":"Cultist and Chosen","floor":27,"turns":8},{"damage":0,"enemies":"Gremlin Leader","floor":29,"turns":4},{"damage":0,"enemies":"Shelled Parasite and Fungi","floor":30,"turns":2},{"damage":0,"enemies":"Book of Stabbing","floor":31,"turns":3},{"damage":25,"enemies":"Champ","floor":33,"turns":9},{"damage":0,"enemies":"3 Shapes","floor":35,"turns":3},{"damage":0,"enemies":"3 Darklings","floor":36,"turns":8},{"damage":0,"enemies":"4 Shapes","floor":38,"turns":4},{"damage":0,"enemies":"Nemesis","floor":40,"turns":7},{"damage":0,"enemies":"Giant Head","floor":42,"turns":3},{"damage":0,"enemies":"Nemesis","floor":44,"turns":3},{"damage":0,"enemies":"Transient","floor":45,"turns":5},{"damage":0,"enemies":"3 Darklings","floor":46,"turns":4},{"damage":0,"enemies":"Giant Head","floor":47,"turns":5},{"damage":4,"enemies":"Donu and Deca","floor":50,"turns":8},{"damage":0,"enemies":"Shield and Spear","floor":54,"turns":4},{"damage":22,"enemies":"The Heart","floor":55,"turns":4}],"seed_played":"6522107639683076718","potions_obtained":[{"floor":1.0,"key":"PowerPotion"},{"floor":3.0,"key":"SkillPotion"},{"floor":10.0,"key":"GhostInAJar"},{"floor":23.0,"key":"Block Potion"},{"floor":29,"key":"DistilledChaos"},{"floor":54,"key":"DuplicationPotion"}],"is_trial":false,"path_per_floor":["M","$","M","M","?","R","E","?","T","M","$","?","?","M","R","B",null,"M","M","?","M","$","E","R","M","T","M","?","E","M","E","R","B",null,"M","M","$","M","?","E","R","E","T","E","M","M","E","?","R","B",null,"R","$","E","B",null],"character_chosen":"THE_SILENT","items_purchased":["TwistedFunnel","Dark Shackles+1","Infinite Blades","Panacea+1","Snake Skull","Ninja Scroll"],"campfire_rested":1,"item_purchase_floors":[11,22,22,37,37,53],"current_hp_per_floor":[58,58,58,58,58,58,24,47,47,35,35,24,24,19,40,16,57,56,56,56,56,56,56,56,56,56,56,40,40,40,40,40,15,56,56,56,56,56,56,56,56,56,56,56,56,56,66,66,66,62,76,76,76,76,54],"gold":48,"neow_bonus":"REMOVE_CARD","is_daily":false,"chose_seed":false,"campfire_upgraded":5,"win_rate":0.0,"timestamp":1614016781,"path_taken":["M","$","?","M","?","R","E","?","T","M","$","?","?","?","R","BOSS","M","M","?","M","$","E","R","M","T","?","?","E","M","E","R","BOSS","M","M","$","M","?","E","R","E","T","E","M","M","E","?","R","BOSS","R","$","E","BOSS"],"items_purchased_type":["Relic","Card","Card","Card","Relic","Relic"],"build_version":"2020-12-18","purchased_purges":3,"victory":true,"max_hp_per_floor":[70,70,70,70,70,70,70,70,70,70,70,70,70,70,70,70,70,70,70,70,70,70,70,70,70,70,70,70,70,70,70,70,70,70,70,70,70,70,70,70,70,70,70,70,70,70,80,80,80,80,80,80,80,80,80],"relic_stats":{"counters":[30,144],"Dead Branch":[239],"CeramicFish":27,"Snake Skull":[89],"PreservedInsect":207,"Bag of Preparation":[22],"Orichalcum":[390],"Smiling Mask":0,"Sundial":[6],"Mummified Hand":[109],"Pandora\u0027s Box":["Well Laid Plans","Tools of the Trade","Dagger Throw","Tools of the Trade","Dagger Spray","Tools of the Trade","Dash"],"obtain_stats":[{"TwistedFunnel":11,"Pear":47,"Dead Branch":17,"CeramicFish":40,"Enchiridion":28,"Vajra":29,"Thread and Needle":23,"Snake Skull":37,"PreservedInsect":44,"Incense Burner":7,"Bag of Preparation":31,"Orichalcum":17,"Smiling Mask":42,"Calling Bell":17,"Sundial":17,"Mummified Hand":26,"Ninja Scroll":53,"Pandora\u0027s Box":34,"Bag of Marbles":13,"Toxic Egg 2":9,"InkBottle":54,"Ring of the Snake":0},{"TwistedFunnel":5,"Pear":27,"Dead Branch":8,"CeramicFish":22,"Enchiridion":14,"Vajra":15,"Thread and Needle":12,"Snake Skull":20,"PreservedInsect":24,"Incense Burner":4,"Bag of Preparation":17,"Orichalcum":8,"Smiling Mask":23,"Calling Bell":8,"Sundial":8,"Mummified Hand":13,"Ninja Scroll":28,"Pandora\u0027s Box":18,"Bag of Marbles":6,"Toxic Egg 2":4,"InkBottle":29,"Ring of the Snake":0},{"TwistedFunnel":25,"Pear":128,"Dead Branch":38,"CeramicFish":108,"Enchiridion":68,"Vajra":72,"Thread and Needle":54,"Snake Skull":97,"PreservedInsect":114,"Incense Burner":21,"Bag of Preparation":77,"Orichalcum":38,"Smiling Mask":111,"Calling Bell":38,"Sundial":38,"Mummified Hand":60,"Ninja Scroll":136,"Pandora\u0027s Box":86,"Bag of Marbles":28,"Toxic Egg 2":21,"InkBottle":140,"Ring of the Snake":0}],"InkBottle":[3],"Ring of the Snake":[58]},"card_choices":[{"not_picked":["Well Laid Plans","Bane"],"picked":"Backstab","floor":1.0},{"not_picked":["Backflip","Acrobatics"],"picked":"Bouncing Flask","floor":3.0},{"not_picked":["Reflex","Dodge and Roll"],"picked":"Catalyst","floor":4.0},{"not_picked":["Caltrops","Infinite Blades"],"picked":"Footwork","floor":7.0},{"not_picked":["Riddle With Holes","Skewer"],"picked":"Deadly Poison+1","floor":10.0},{"not_picked":["Slice","Dagger Spray"],"picked":"Sucker Punch","floor":13.0},{"not_picked":["Dash","Dagger Spray"],"picked":"PiercingWail+1","floor":14.0},{"not_picked":["Envenom","Die Die Die"],"picked":"Wraith Form v2","floor":16.0},{"not_picked":["Reflex+1","Bane"],"picked":"Leg Sweep+1","floor":18.0},{"not_picked":["Underhanded Strike","Eviscerate"],"picked":"Cloak And Dagger+1","floor":19.0},{"not_picked":["Acrobatics+1","Grand Finale"],"picked":"PiercingWail+1","floor":21.0},{"not_picked":["Predator","Dodge and Roll+1"],"picked":"PiercingWail+1","floor":23.0},{"not_picked":["Infinite Blades","Dagger Spray+1"],"picked":"PiercingWail+1","floor":25},{"not_picked":["Deflect+1","Poisoned Stab+1","Backstab"],"picked":"SKIP","floor":27},{"not_picked":["Expertise+1","Leg Sweep+1"],"picked":"Crippling Poison+1","floor":29},{"not_picked":["Poisoned Stab+1","Dodge and Roll+1","Dagger Spray"],"picked":"SKIP","floor":30},{"not_picked":["Dagger Spray","Eviscerate"],"picked":"PiercingWail+1","floor":31},{"not_picked":["Bullet Time+1","After Image"],"picked":"Die Die Die","floor":33},{"not_picked":["Poisoned Stab","Deflect+1"],"picked":"PiercingWail+1","floor":35},{"not_picked":["Cloak And Dagger+1","Dash"],"picked":"Catalyst+1","floor":36},{"not_picked":["Sucker Punch","Deadly Poison+1","Dagger Throw+1"],"picked":"SKIP","floor":38},{"not_picked":["All Out Attack+1","Slice+1","Dagger Spray+1"],"picked":"SKIP","floor":40},{"not_picked":["Flechettes+1","Leg Sweep+1"],"picked":"Doppelganger+1","floor":42},{"not_picked":["Leg Sweep+1","Riddle With Holes"],"picked":"Malaise+1","floor":44},{"not_picked":["Dagger Spray","Heel Hook","Leg Sweep+1"],"picked":"SKIP","floor":45},{"not_picked":["Masterful Stab+1","Dodge and Roll+1","Bane+1"],"picked":"SKIP","floor":46},{"not_picked":["Quick Slash+1","Eviscerate"],"picked":"Distraction+1","floor":47},{"not_picked":["Predator+1","Quick Slash+1","Well Laid Plans+1"],"picked":"SKIP","floor":54}],"player_experience":596284,"relics_obtained":[{"floor":7.0,"key":"Incense Burner"},{"floor":9.0,"key":"Toxic Egg 2"},{"floor":13.0,"key":"Bag of Marbles"},{"floor":17.0,"key":"Orichalcum"},{"floor":17.0,"key":"Sundial"},{"floor":17.0,"key":"Dead Branch"},{"floor":23.0,"key":"Thread and Needle"},{"floor":26,"key":"Mummified Hand"},{"floor":28,"key":"Enchiridion"},{"floor":29,"key":"Vajra"},{"floor":31,"key":"Bag of Preparation"},{"floor":40,"key":"CeramicFish"},{"floor":42,"key":"Smiling Mask"},{"floor":44,"key":"PreservedInsect"},{"floor":47,"key":"Pear"},{"floor":54,"key":"InkBottle"}],"event_choices":[{"damage_healed":0.0,"max_hp_gain":0.0,"max_hp_loss":0.0,"gold_gain":175.0,"event_name":"Liars Game","player_choice":"AGREE","floor":5.0,"gold_loss":0.0,"damage_taken":0.0,"cards_obtained":["Doubt"]},{"damage_healed":23.0,"max_hp_gain":0.0,"max_hp_loss":0.0,"gold_gain":0.0,"event_name":"Big Fish","player_choice":"Banana","floor":8.0,"gold_loss":0.0,"damage_taken":0.0},{"damage_healed":0.0,"max_hp_gain":0.0,"max_hp_loss":0.0,"gold_gain":75.0,"event_name":"World of Goop","player_choice":"Gather Gold","floor":12.0,"gold_loss":0.0,"damage_taken":11.0},{"damage_healed":0.0,"max_hp_gain":0.0,"max_hp_loss":0.0,"gold_gain":30.0,"event_name":"Dead Adventurer","player_choice":"Searched \u00272\u0027 times","floor":13.0,"gold_loss":0.0,"damage_taken":0.0},{"damage_healed":0.0,"max_hp_gain":0.0,"max_hp_loss":0.0,"gold_gain":0.0,"event_name":"Designer","player_choice":"Upgrade","floor":20.0,"gold_loss":40.0,"damage_taken":0.0,"cards_upgraded":["Wraith Form v2"]},{"damage_healed":0,"gold_gain":0,"player_choice":"Obtained Book","damage_taken":16,"max_hp_gain":0,"max_hp_loss":0,"event_name":"Cursed Tome","floor":28,"gold_loss":0},{"cards_removed":["Sucker Punch"],"damage_healed":0,"gold_gain":0,"player_choice":"Removed Attack","damage_taken":0,"max_hp_gain":0,"max_hp_loss":0,"event_name":"Falling","floor":39,"gold_loss":0},{"damage_healed":0,"gold_gain":0,"player_choice":"Forge","damage_taken":0,"max_hp_gain":0,"max_hp_loss":0,"event_name":"Accursed Blacksmith","floor":48,"gold_loss":0,"cards_upgraded":["Infinite Blades"]}],"is_beta":true,"boss_relics":[{"not_picked":["Tiny House","Ectoplasm"],"picked":"Calling Bell"},{"not_picked":["Velvet Choker","Runic Pyramid"],"picked":"Pandora\u0027s Box"}],"items_purged_floors":[2,11,22],"is_endless":false,"potions_floor_spawned":[1,3,10,13,18,23,27,29,30,31,38,40,46,47,54],"ascension_level":11}}