{"host":"dslyow1zalefsrv0","time":1614020794,"event":{"mods":["2.2 Compatiblity","Act Like it!","BaseMod","Better Match","Better Note","Better Sensory Stone","Better Third Choice","BetterRewards","Colored Powertips","Googly Eyes","GungeonMod","Hallownest","Hermit","Jorbs\u0027s Wanderer Trilogy","Minty Spire (QoL Compilation)","Potionbrewer","Quick Restart","Rare Cards Sparkle","Replay The Spire","Shop Mod","StSLib","The Bladedancer","The Blue Laboratory","The Bug Knight","The Hierophant","The Necromancer","The Servant 0.9.4","The Wild Card","Wide Potions"],"gold_per_floor":[109,109,109,109,109,138,138,157,184,217,217,229,229,241,241,340,340,356,356,342,362,206,226,226,242,242,254,274,274,300,312,312,414,414,430,480,329,346,346,346,346,346,346],"floor_reached":42,"language":"ENG","playtime":2429,"items_purged":["Phantasmal Killer"],"score":453,"play_id":"42563bd1-a6e1-4add-a670-acd1f006820f","local_time":"20210222130634","is_ascension_mode":false,"campfire_choices":[{"data":"Footwork","floor":7,"key":"SMITH"},{"data":"Flechettes","floor":13,"key":"SMITH"},{"floor":15,"key":"REST"},{"floor":29,"key":"REST"},{"data":"Apotheosis","floor":32,"key":"SMITH"},{"floor":40,"key":"REST"}],"circlet_count":0,"master_deck":["Defend_G","Defend_G","Defend_G","Defend_G","Defend_G","Neutralize","Deflect","Footwork+1","Flechettes+1","Acrobatics","Malaise","Terror+1","Apotheosis+1","Blur","Deadly Poison","ReplayTheSpireMod:Speed Training","Toxin Wave+1","Pride","Dagger Throw+1","A Thousand Cuts+1","Predator+1","Caltrops+1","Deflect+1","Footwork","Doubt","Madness","Madness"],"relics":["Ring of the Snake","NeowsBlessing","Bronze Scales","Oddly Smooth Stone","DemoMod:ClearGuonStone","Toy Ornithopter","Empty Cage","DemoMod:WhiteGuonStone","Peace Pipe","Regal Pillow","Astrolabe","potionbrewer:DrinkingBird","Ring of Fury","Ring of Hypnosis"],"acts_visited":["Exordium","TheCity","TheBeyond"],"potions_floor_usage":[16,16,23,33,33,42,42],"damage_taken":[{"damage":0,"enemies":"Small Slimes","floor":1,"turns":1},{"damage":0,"enemies":"Lagavulin","floor":6,"turns":1},{"damage":0,"enemies":"Jaw Worm","floor":8,"turns":1},{"damage":10,"enemies":"3 Sentries","floor":10,"turns":12},{"damage":0,"enemies":"Cultist","floor":12,"turns":5},{"damage":0,"enemies":"3 Louse","floor":14,"turns":3},{"damage":32,"enemies":"Fading Forest","floor":16,"turns":11},{"damage":10,"enemies":"Chosen","floor":18,"turns":10},{"damage":10,"enemies":"2 Thieves","floor":20,"turns":4},{"damage":10,"enemies":"3 Cultists","floor":21,"turns":7},{"damage":2,"enemies":"Snake Plant","floor":23,"turns":4},{"damage":3,"enemies":"Sentry and Sphere","floor":25,"turns":12},{"damage":0,"enemies":"Centurion and Healer","floor":27,"turns":11},{"damage":1,"enemies":"Snecko","floor":28,"turns":4},{"damage":4,"enemies":"Book of Stabbing","floor":30,"turns":7},{"damage":1,"enemies":"3 Cultists","floor":31,"turns":7},{"damage":37,"enemies":"Collector","floor":33,"turns":8},{"damage":0,"enemies":"Orb Walker","floor":35,"turns":4},{"damage":10,"enemies":"Mind Bloom Boss Battle","floor":36,"turns":8},{"damage":0,"enemies":"3 Shapes","floor":38,"turns":6},{"damage":77,"enemies":"Reptomancer","floor":42,"turns":4}],"seed_played":"7719605333243383266","potions_obtained":[{"floor":1,"key":"blueLaboratory:Moonshine"},{"floor":10,"key":"ColorlessPotion"},{"floor":16,"key":"FearPotion"},{"floor":20,"key":"blueLaboratory:BottleOfRum"},{"floor":23,"key":"blueLaboratory:SuffocatingSmog"},{"floor":28,"key":"blueLaboratory:ExaltedPotion"},{"floor":35,"key":"LiquidMemories"}],"is_trial":false,"path_per_floor":["M","$","?","$","?","E","R","M","T","E","?","M","R","M","R","B",null,"M","?","M","M","$","M","$","M","T","M","M","R","E","M","R","B",null,"M","?","$","M","?","R","?","E"],"character_chosen":"THE_SILENT","items_purchased":["DemoMod:WhiteGuonStone","Footwork"],"campfire_rested":3,"item_purchase_floors":[22,37],"current_hp_per_floor":[70,70,58,58,63,63,63,63,63,53,53,53,53,53,75,56,75,65,65,55,45,45,48,48,45,45,45,44,66,62,61,61,34,75,75,65,65,65,65,75,66,0,0],"gold":346,"neow_bonus":"THREE_ENEMY_KILL","is_daily":false,"chose_seed":false,"campfire_upgraded":3,"win_rate":0.0,"timestamp":1614020794,"path_taken":["M","$","?","$","?","E","R","M","T","E","?","?","R","M","R","BOSS","M","?","M","M","$","M","$","M","T","M","M","R","E","M","R","BOSS","M","?","$","M","?","R","?","E"],"items_purchased_type":["Relic","Card"],"build_version":"2020-12-22","purchased_purges":1,"victory":false,"max_hp_per_floor":[70,70,70,70,75,75,75,75,75,75,75,75,75,75,75,75,75,75,75,75,75,75,75,75,75,75,75,75,75,75,75,75,75,75,75,75,75,75,75,75,75,75,75],"card_choices":[{"not_picked":["Cloak And Dagger","Acrobatics"],"picked":"Deflect","floor":1},{"not_picked":["Cloak And Dagger","Glass Knife"],"picked":"Footwork","floor":6},{"not_picked":["Expertise","Outmaneuver","PiercingWail"],"picked":"SKIP","floor":8},{"not_picked":["Dagger Spray","PiercingWail","Choke"],"picked":"SKIP","floor":10},{"not_picked":["Acrobatics","Deflect"],"picked":"Flechettes","floor":12},{"not_picked":["Draining Mist","Accuracy"],"picked":"Acrobatics","floor":14},{"not_picked":["Adrenaline","Doppelganger"],"picked":"Malaise","floor":16},{"not_picked":["Flying Knee","Reflex+1"],"picked":"Terror+1","floor":18},{"not_picked":["Tactician","ReplayTheSpireMod:Exploit Weakness","Bane"],"picked":"SKIP","floor":20},{"not_picked":["Atom Bomb","Bouncing Flask+1","Poisoned Stab"],"picked":"SKIP","floor":21},{"not_picked":["Bane","Cloak And Dagger"],"picked":"Blur","floor":23},{"not_picked":["Prepared","Dagger Throw"],"picked":"Deadly Poison","floor":25},{"not_picked":["Dagger Throw","Sucker Punch+1","Prepared+1"],"picked":"SKIP","floor":27},{"not_picked":["Eviscerate","Slice"],"picked":"ReplayTheSpireMod:Speed Training","floor":28},{"not_picked":["Bouncing Flask","Hidden Blade"],"picked":"Phantasmal Killer","floor":30},{"not_picked":["Cloak And Dagger+1","Fluid Movement"],"picked":"Toxin Wave+1","floor":31},{"not_picked":["Cloak And Dagger","Dagger Throw+1"],"picked":"Caltrops+1","floor":35},{"not_picked":["Fluid Movement+1","Underhanded Strike"],"picked":"Deflect+1","floor":36},{"not_picked":["Backflip+1","Cloak And Dagger+1","Dash+1"],"picked":"SKIP","floor":38}],"player_experience":113038,"relics_obtained":[{"floor":6,"key":"Oddly Smooth Stone"},{"floor":9,"key":"DemoMod:ClearGuonStone"},{"floor":10,"key":"Toy Ornithopter"},{"floor":26,"key":"Peace Pipe"},{"floor":30,"key":"Regal Pillow"},{"floor":36,"key":"potionbrewer:DrinkingBird"},{"floor":39,"key":"Ring of Fury"},{"floor":39,"key":"Ring of Hypnosis"}],"event_choices":[{"damage_healed":0,"gold_gain":0,"player_choice":"Relic ","damage_taken":12,"max_hp_gain":0,"max_hp_loss":0,"event_name":"betterThird:BetterScrap","floor":3,"gold_loss":0,"cards_obtained":["Brutality"]},{"damage_healed":0,"gold_gain":0,"player_choice":"Donut","damage_taken":0,"max_hp_gain":5,"max_hp_loss":0,"event_name":"Big Fish","floor":5,"gold_loss":0},{"cards_removed":["Strike_G"],"damage_healed":0,"gold_gain":0,"player_choice":"Purged","damage_taken":0,"max_hp_gain":0,"max_hp_loss":0,"event_name":"Purifier","floor":11,"gold_loss":0},{"cards_removed":["Footwork"],"damage_healed":0,"gold_gain":0,"player_choice":"Take \u0026 Give","damage_taken":0,"max_hp_gain":0,"max_hp_loss":0,"event_name":"betterNote:BetterNote","floor":19,"gold_loss":0,"cards_obtained":["Apotheosis"]},{"damage_healed":0,"gold_gain":0,"player_choice":"Fight","damage_taken":0,"max_hp_gain":0,"max_hp_loss":0,"event_name":"MindBloom","floor":36,"gold_loss":0},{"damage_healed":0,"gold_gain":0,"player_choice":"Embrace Madness","damage_taken":9,"max_hp_gain":0,"max_hp_loss":0,"event_name":"Winding Halls","floor":41,"gold_loss":0,"cards_obtained":["Madness","Madness"]}],"is_beta":false,"boss_relics":[{"not_picked":["Runic Dome","Honey Jar"],"picked":"Empty Cage"},{"not_picked":["Kintsugi","Replay:Wanted Poster"],"picked":"Astrolabe"}],"items_purged_floors":[37],"is_endless":false,"potions_floor_spawned":[1,10,16,20,23,25,27,28,35],"killed_by":"Reptomancer","ascension_level":0}}