{"host":"l2lylj0omvglf5x0","time":1614010069,"event":{"mods":["2.2 Compatiblity","BaseMod","Bestiary","Block Reminder","Colored Map","Colored Powertips","Curses Come First","Highlight Path","Keyboard Shortcuts","Minty Spire (QoL Compilation)","Relic Sorter","Relic Stats","Slay the Relics Exporter","StSLib","SuperFastMode"],"gold_per_floor":[119,44,44,44,56,91,110,145,145,145,159,193,212,229,229,308,308,320,339,339,350,350,385,61,90,161,190,212,250,272,284,296,382,394,422,434,457,123,140,172,187,187,232,257,287,297,330,30,30,30],"floor_reached":51,"language":"ENG","playtime":2941,"items_purged":["Injury","Strike_R","Strike_R","Strike_R"],"score":1481,"play_id":"dfb701f1-f2a4-4526-b98c-49289bc6f09d","local_time":"20210222170749","is_ascension_mode":true,"campfire_choices":[{"data":"Armaments","floor":10,"key":"SMITH"},{"data":"Demon Form","floor":15,"key":"SMITH"},{"data":"Exhume","floor":32,"key":"SMITH"},{"data":"Enlightenment","floor":49,"key":"SMITH"}],"circlet_count":0,"master_deck":["AscendersBane","Strike_R","Strike_R","Defend_R+1","Defend_R","Defend_R","Defend_R","Bash","Intimidate+1","Armaments+1","Demon Form+1","Iron Wave","Carnage","Rupture","Exhume+1","Rupture","Heavy Blade","Swift Strike","Reaper","Metallicize","Fire Breathing","Entrench+1","Burning Pact+1","Exhume","Enlightenment+1","Metallicize","Cleave+1","Dual Wield+1","Second Wind+1","Shockwave+1","Dark Embrace+1"],"relics":["Burning Blood","Ginger","Bird Faced Urn","Ice Cream","Dead Branch","Anchor","Velvet Choker","Bag of Preparation","Nunchaku","HornCleat","Matryoshka","MawBank","Torii","SlaversCollar","Happy Flower","Omamori","Juzu Bracelet","Gambling Chip","Regal Pillow","Mango","Lee\u0027s Waffle"],"acts_visited":["Exordium","TheCity","TheBeyond"],"potions_floor_usage":[6,8,12,14,19,23,23,27,39,41,50,50],"damage_taken":[{"damage":6,"enemies":"Cultist","floor":1,"turns":4},{"damage":1,"enemies":"Jaw Worm","floor":5,"turns":5},{"damage":20,"enemies":"Gremlin Nob","floor":6,"turns":4},{"damage":0,"enemies":"2 Louse","floor":7,"turns":3},{"damage":25,"enemies":"3 Sentries","floor":8,"turns":7},{"damage":20,"enemies":"Gremlin Gang","floor":11,"turns":6},{"damage":0,"enemies":"Lagavulin","floor":12,"turns":4},{"damage":10,"enemies":"Exordium Wildlife","floor":13,"turns":4},{"damage":4,"enemies":"Blue Slaver","floor":14,"turns":4},{"damage":31,"enemies":"Hexaghost","floor":16,"turns":9},{"damage":4,"enemies":"3 Byrds","floor":18,"turns":6},{"damage":14,"enemies":"2 Thieves","floor":19,"turns":4},{"damage":49,"enemies":"Chosen and Byrds","floor":21,"turns":6},{"damage":2,"enemies":"Slavers","floor":23,"turns":6},{"damage":26,"enemies":"Gremlin Leader","floor":25,"turns":7},{"damage":8,"enemies":"Book of Stabbing","floor":27,"turns":5},{"damage":81,"enemies":"3 Cultists","floor":28,"turns":6},{"damage":82,"enemies":"Gremlin Leader","floor":29,"turns":8},{"damage":10,"enemies":"Snecko","floor":30,"turns":5},{"damage":87,"enemies":"Collector","floor":33,"turns":9},{"damage":54,"enemies":"3 Darklings","floor":35,"turns":8},{"damage":14,"enemies":"Orb Walker","floor":37,"turns":4},{"damage":21,"enemies":"4 Shapes","floor":39,"turns":5},{"damage":45,"enemies":"Reptomancer","floor":40,"turns":8},{"damage":90,"enemies":"Transient","floor":41,"turns":5},{"damage":0,"enemies":"Mind Bloom Boss Battle","floor":44,"turns":8},{"damage":23,"enemies":"Giant Head","floor":45,"turns":7},{"damage":40,"enemies":"Jaw Worm Horde","floor":46,"turns":4},{"damage":62,"enemies":"Nemesis","floor":47,"turns":11},{"damage":45,"enemies":"Time Eater","floor":50,"turns":7}],"seed_played":"-6469556411751255721","potions_obtained":[{"floor":4,"key":"LiquidMemories"},{"floor":4,"key":"AttackPotion"},{"floor":6,"key":"ColorlessPotion"},{"floor":11,"key":"Strength Potion"},{"floor":13,"key":"BloodPotion"},{"floor":14,"key":"Fire Potion"},{"floor":19,"key":"BlessingOfTheForge"},{"floor":23,"key":"FearPotion"},{"floor":33,"key":"Dexterity Potion"},{"floor":40,"key":"SpeedPotion"},{"floor":41,"key":"Fruit Juice"},{"floor":47,"key":"Weak Potion"}],"is_trial":false,"path_per_floor":["M","$","?","?","M","E","M","E","T","R","M","E","M","M","R","B",null,"M","M","?","M","?","E","$","E","T","E","M","E","M","$","R","B",null,"M","$","M","$","M","E","M","?","T","?","E","M","E","$","R","B",null],"character_chosen":"IRONCLAD","items_purchased":["Metallicize","Nunchaku","Enlightenment","Fruit Juice","Metallicize","Lee\u0027s Waffle"],"campfire_rested":0,"item_purchase_floors":[24,24,38,38,38,48],"current_hp_per_floor":[72,72,56,56,61,47,53,36,36,36,24,32,28,46,46,25,66,72,68,68,31,31,43,43,80,80,80,48,40,60,60,60,63,76,78,78,74,74,85,85,14,14,14,66,77,84,84,111,111,86],"gold":30,"neow_bonus":"ONE_RARE_RELIC","is_daily":false,"chose_seed":false,"campfire_upgraded":4,"win_rate":0.0,"timestamp":1614010069,"path_taken":["M","$","?","?","?","E","M","E","T","R","M","E","M","?","R","BOSS","M","M","?","M","?","E","$","E","T","E","M","E","M","$","R","BOSS","M","$","?","$","M","E","M","?","T","?","E","M","E","?","R","BOSS"],"items_purchased_type":["Card","Relic","Card","Potion","Card","Relic"],"build_version":"2020-12-22","purchased_purges":4,"victory":true,"max_hp_per_floor":[80,80,80,80,80,80,80,80,80,80,80,80,80,80,80,80,80,80,80,80,80,80,80,80,80,80,80,80,80,80,80,80,80,80,80,80,80,80,85,85,90,90,90,90,90,90,104,111,111,111],"relic_stats":{"Regal Pillow":0,"Lee\u0027s Waffle":27,"Torii":24,"Happy Flower":[14],"counters":[30,179],"Dead Branch":[131],"Bag of Preparation":[32],"Juzu Bracelet":0,"Ginger":[15],"MawBank":132,"Burning Blood":168,"Nunchaku":[16],"Bird Faced Urn":[202],"Gambling Chip":[12],"obtain_stats":[{"Ice Cream":8,"Regal Pillow":45,"Lee\u0027s Waffle":48,"Torii":29,"Happy Flower":40,"Dead Branch":9,"Velvet Choker":17,"Mango":47,"Bag of Preparation":23,"Omamori":43,"Juzu Bracelet":43,"Ginger":0,"MawBank":27,"Burning Blood":0,"SlaversCollar":34,"Anchor":12,"Nunchaku":24,"HornCleat":25,"Matryoshka":26,"Bird Faced Urn":6,"Gambling Chip":44},{"Ice Cream":5,"Regal Pillow":27,"Lee\u0027s Waffle":29,"Torii":18,"Happy Flower":24,"Dead Branch":5,"Velvet Choker":10,"Mango":29,"Bag of Preparation":14,"Omamori":25,"Juzu Bracelet":25,"Ginger":0,"MawBank":16,"Burning Blood":0,"SlaversCollar":20,"Anchor":7,"Nunchaku":14,"HornCleat":15,"Matryoshka":15,"Bird Faced Urn":3,"Gambling Chip":26},{"Ice Cream":23,"Regal Pillow":157,"Lee\u0027s Waffle":172,"Torii":98,"Happy Flower":137,"Dead Branch":23,"Velvet Choker":50,"Mango":172,"Bag of Preparation":72,"Omamori":142,"Juzu Bracelet":142,"Ginger":0,"MawBank":84,"Burning Blood":0,"SlaversCollar":112,"Anchor":33,"Nunchaku":72,"HornCleat":79,"Matryoshka":79,"Bird Faced Urn":13,"Gambling Chip":150}]},"card_choices":[{"not_picked":["Warcry","Havoc"],"picked":"Intimidate","floor":1},{"not_picked":["Twin Strike","Seeing Red"],"picked":"Armaments","floor":5},{"not_picked":["Warcry","Reckless Charge"],"picked":"Demon Form","floor":6},{"not_picked":["Sever Soul","Rupture"],"picked":"Iron Wave","floor":7},{"not_picked":["Warcry","Body Slam"],"picked":"Carnage","floor":8},{"not_picked":["Clothesline","True Grit","Infernal Blade"],"picked":"SKIP","floor":11},{"not_picked":["Hemokinesis","Warcry","Iron Wave"],"picked":"SKIP","floor":12},{"not_picked":["Headbutt","Sever Soul","Wild Strike"],"picked":"SKIP","floor":13},{"not_picked":["Thunderclap","Armaments"],"picked":"Rupture","floor":14},{"not_picked":["Fiend Fire","Offering"],"picked":"Exhume","floor":16},{"not_picked":["Headbutt","Havoc"],"picked":"Rupture","floor":18},{"not_picked":["Thunderclap","Spot Weakness"],"picked":"Heavy Blade","floor":19},{"not_picked":["Hemokinesis","Rupture","Armaments"],"picked":"SKIP","floor":21},{"not_picked":["Seeing Red","Evolve"],"picked":"Reaper","floor":23},{"not_picked":["Exhume","Hemokinesis","Headbutt+1"],"picked":"SKIP","floor":25},{"not_picked":["Body Slam","Dual Wield"],"picked":"Fire Breathing","floor":27},{"not_picked":["Perfected Strike","Havoc"],"picked":"Entrench+1","floor":28},{"not_picked":["Body Slam","Cleave"],"picked":"Burning Pact+1","floor":29},{"not_picked":["Feel No Pain","Dark Embrace"],"picked":"Evolve","floor":30},{"not_picked":["Brutality","Double Tap"],"picked":"Exhume","floor":33},{"not_picked":["Flex","Pummel","Rampage"],"picked":"SKIP","floor":35},{"not_picked":["Perfected Strike","Clash","Iron Wave+1"],"picked":"SKIP","floor":37},{"not_picked":["Twin Strike","Fire Breathing"],"picked":"Cleave+1","floor":39},{"not_picked":["Burning Pact+1","Fire Breathing"],"picked":"Dual Wield+1","floor":40},{"not_picked":["Heavy Blade+1","Armaments+1"],"picked":"Second Wind+1","floor":41},{"not_picked":["Headbutt","Heavy Blade+1","Flex+1"],"picked":"SKIP","floor":45},{"not_picked":["Shrug It Off","Feel No Pain"],"picked":"Shockwave+1","floor":46},{"not_picked":["Flex+1","Brutality"],"picked":"Dark Embrace+1","floor":47}],"player_experience":1030072,"relics_obtained":[{"floor":6,"key":"Bird Faced Urn"},{"floor":8,"key":"Ice Cream"},{"floor":9,"key":"Dead Branch"},{"floor":12,"key":"Anchor"},{"floor":23,"key":"Bag of Preparation"},{"floor":25,"key":"HornCleat"},{"floor":26,"key":"Matryoshka"},{"floor":27,"key":"MawBank"},{"floor":29,"key":"Torii"},{"floor":40,"key":"Happy Flower"},{"floor":43,"key":"Omamori"},{"floor":43,"key":"Juzu Bracelet"},{"floor":44,"key":"Gambling Chip"},{"floor":45,"key":"Regal Pillow"},{"floor":47,"key":"Mango"}],"event_choices":[{"damage_healed":0,"gold_gain":0,"player_choice":"Entered Light","damage_taken":16,"max_hp_gain":0,"max_hp_loss":0,"event_name":"Shining Light","floor":3,"gold_loss":0,"cards_upgraded":["Intimidate","Defend_R"]},{"damage_healed":0,"gold_gain":0,"player_choice":"Got Potions","damage_taken":0,"max_hp_gain":0,"max_hp_loss":0,"event_name":"Lab","floor":4,"gold_loss":0},{"damage_healed":0,"gold_gain":0,"player_choice":"Ignored","damage_taken":0,"max_hp_gain":0,"max_hp_loss":0,"event_name":"Ghosts","floor":20,"gold_loss":0},{"damage_healed":0,"gold_gain":0,"player_choice":"1 cards matched","damage_taken":0,"max_hp_gain":0,"max_hp_loss":0,"event_name":"Match and Keep!","floor":22,"gold_loss":0,"cards_obtained":["Swift Strike"]},{"cards_removed":["Evolve"],"damage_healed":0,"gold_gain":0,"player_choice":"Removed Power","damage_taken":0,"max_hp_gain":0,"max_hp_loss":0,"event_name":"Falling","floor":42,"gold_loss":0},{"damage_healed":0,"gold_gain":0,"player_choice":"Fight","damage_taken":0,"max_hp_gain":0,"max_hp_loss":0,"event_name":"MindBloom","floor":44,"gold_loss":0}],"is_beta":false,"boss_relics":[{"not_picked":["Runic Dome","SacredBark"],"picked":"Velvet Choker"},{"not_picked":["Coffee Dripper","Sozu"],"picked":"SlaversCollar"}],"items_purged_floors":[2,24,38,48],"is_endless":false,"potions_floor_spawned":[6,7,11,13,14,18,19,23,33,40,41,47],"ascension_level":13}}