{"host":"en4narc5947t7k9n","time":1614009137,"event":{"mods":["AchievementEnabler","BaseMod","Colored Map","Minty Spire (QoL Compilation)","SuperFastMode"],"gold_per_floor":[109,55,55,55,5,5,25,49,49,49,69,103,127,161,161,287,287,312,312,312,312,332,332,35,55,55,55,79,79,114,39,39,39,39],"floor_reached":33,"language":"KOR","playtime":1459,"items_purged":["Defend_G"],"score":321,"play_id":"409b93b2-8ae6-42cc-84c9-77bdc3346dd6","local_time":"20210223005217","is_ascension_mode":false,"campfire_choices":[{"data":"Deadly Poison","floor":6,"key":"SMITH"},{"data":"Caltrops","floor":10,"key":"SMITH"},{"floor":15,"key":"RECALL"},{"data":"Corpse Explosion","floor":23,"key":"SMITH"},{"floor":27,"key":"REST"},{"floor":29,"key":"REST"},{"data":"Envenom","floor":32,"key":"SMITH"}],"circlet_count":0,"master_deck":["Strike_G+1","Strike_G","Defend_G","Defend_G","Defend_G","Defend_G","Survivor","Neutralize+1","Heel Hook","Deadly Poison+1","Caltrops+1","Endless Agony","Poisoned Stab","Bane","PiercingWail","Corpse Explosion+1","Distraction+1","A Thousand Cuts","Underhanded Strike","Deadly Poison","Catalyst","Noxious Fumes","Skewer+1","Endless Agony+1","Envenom+1"],"relics":["Ring of the Snake","Whetstone","Golden Idol","Omamori","Mango","White Beast Statue","Girya","Black Star","Lantern","Toolbox","Question Card","Strawberry"],"acts_visited":["Exordium","TheCity"],"potions_floor_usage":[12,14,18,25,28,28,30,30,30,33,33,33],"damage_taken":[{"damage":0,"enemies":"Cultist","floor":1,"turns":3},{"damage":0,"enemies":"Jaw Worm","floor":7,"turns":2},{"damage":0,"enemies":"Small Slimes","floor":11,"turns":2},{"damage":15,"enemies":"Gremlin Nob","floor":12,"turns":4},{"damage":5,"enemies":"Looter","floor":13,"turns":3},{"damage":17,"enemies":"3 Sentries","floor":14,"turns":8},{"damage":20,"enemies":"Hexaghost","floor":16,"turns":9},{"damage":25,"enemies":"Spheric Guardian","floor":18,"turns":5},{"damage":11,"enemies":"3 Byrds","floor":22,"turns":2},{"damage":20,"enemies":"Centurion and Healer","floor":25,"turns":2},{"damage":15,"enemies":"Snake Plant","floor":28,"turns":4},{"damage":21,"enemies":"Gremlin Leader","floor":30,"turns":4},{"damage":54,"enemies":"Collector","floor":33,"turns":6}],"seed_played":"-7639450411912663122","potions_obtained":[{"floor":1,"key":"DuplicationPotion"},{"floor":13,"key":"Energy Potion"},{"floor":14,"key":"Dexterity Potion"},{"floor":16,"key":"LiquidBronze"},{"floor":18,"key":"ColorlessPotion"},{"floor":22,"key":"Swift Potion"},{"floor":25,"key":"PowerPotion"},{"floor":28,"key":"EntropicBrew"},{"floor":30,"key":"Block Potion"}],"is_trial":false,"path_per_floor":["M","$","$","?","?","R","M","T","T","R","M","E","M","E","R","B",null,"M","?","?","?","M","R","$","M","T","R","M","R","E","$","R","B"],"character_chosen":"THE_SILENT","items_purchased":["Deadly Poison","Toolbox","Catalyst","Noxious Fumes"],"campfire_rested":2,"item_purchase_floors":[2,24,24,24],"current_hp_per_floor":[70,70,70,53,53,53,53,53,67,67,67,52,47,30,30,10,84,59,59,59,43,32,32,32,12,12,38,23,49,35,35,35,0,0],"gold":39,"neow_bonus":"RANDOM_COMMON_RELIC","is_daily":false,"chose_seed":false,"campfire_upgraded":4,"win_rate":0.0,"timestamp":1614009137,"path_taken":["M","?","$","?","?","R","M","?","T","R","?","E","?","E","R","BOSS","M","?","?","?","M","R","$","M","T","R","M","R","E","$","R","BOSS"],"items_purchased_type":["Card","Relic","Card","Card"],"build_version":"2020-12-22","purchased_purges":1,"victory":false,"max_hp_per_floor":[70,70,70,70,70,70,70,70,84,84,84,84,84,84,84,84,84,84,84,84,89,89,89,89,89,89,89,89,89,96,96,96,96,96],"card_choices":[{"not_picked":["Skewer","Slice"],"picked":"Heel Hook","floor":1},{"not_picked":["Dagger Throw","Quick Slash"],"picked":"Caltrops","floor":7},{"not_picked":["Bane","Deflect"],"picked":"Endless Agony","floor":11},{"not_picked":["Flying Knee","Quick Slash"],"picked":"Poisoned Stab","floor":12},{"not_picked":["Cloak And Dagger","Backflip"],"picked":"Bane","floor":13},{"not_picked":["Blur","Choke"],"picked":"PiercingWail","floor":14},{"not_picked":["Burst","Glass Knife"],"picked":"Corpse Explosion","floor":16},{"not_picked":["Dagger Spray","Quick Slash"],"picked":"Distraction+1","floor":18},{"not_picked":["Blade Dance","Sucker Punch"],"picked":"Deadly Poison","floor":22},{"not_picked":["Outmaneuver","Dagger Throw+1"],"picked":"Skewer+1","floor":25},{"not_picked":["Slice","Bane"],"picked":"Endless Agony+1","floor":28},{"not_picked":["Dodge and Roll","Prepared"],"picked":"Envenom","floor":30}],"player_experience":163961,"relics_obtained":[{"floor":8,"key":"Omamori"},{"floor":9,"key":"Mango"},{"floor":12,"key":"White Beast Statue"},{"floor":14,"key":"Girya"},{"floor":30,"key":"Question Card"},{"floor":30,"key":"Strawberry"}],"event_choices":[{"damage_healed":0,"gold_gain":0,"player_choice":"Take Damage","damage_taken":17,"relics_obtained":["Golden Idol"],"max_hp_gain":0,"max_hp_loss":0,"event_name":"Golden Idol","floor":4,"gold_loss":0},{"cards_removed":["Strike_G"],"damage_healed":0,"gold_gain":0,"player_choice":"Card Removal","damage_taken":0,"max_hp_gain":0,"max_hp_loss":0,"event_name":"The Cleric","floor":5,"gold_loss":50},{"damage_healed":0,"gold_gain":0,"cards_transformed":["Strike_G","Strike_G"],"player_choice":"Became Test Subject","damage_taken":0,"max_hp_gain":0,"max_hp_loss":0,"event_name":"Drug Dealer","floor":19,"gold_loss":0,"cards_obtained":["A Thousand Cuts","Underhanded Strike"]},{"damage_healed":0,"gold_gain":0,"player_choice":"Opened","damage_taken":0,"relics_obtained":["Lantern"],"max_hp_gain":0,"max_hp_loss":0,"event_name":"The Mausoleum","floor":20,"gold_loss":0,"cards_obtained":["Writhe"]},{"damage_healed":0,"gold_gain":0,"player_choice":"Shed Blood","damage_taken":21,"max_hp_gain":5,"max_hp_loss":0,"event_name":"Forgotten Altar","floor":21,"gold_loss":0}],"is_beta":false,"boss_relics":[{"not_picked":["Cursed Key","SlaversCollar"],"picked":"Black Star"}],"items_purged_floors":[31],"is_endless":false,"potions_floor_spawned":[1,13,14,16,18,22,25,28,30],"killed_by":"Collector","ascension_level":0}}