{"host":"i29s15dsg0c43zmx","time":1614025934,"event":{"mods":["AchievementEnabler","BaseMod","Colored Map","Minty Spire (QoL Compilation)","StSLib"],"gold_per_floor":[119,119,131,148,73,98,114,133,133,133,9,9,9,22,22,143,143,156,156,255,80,105,105,129,173,173,146,161,161,174,192,192,315,315,340,89,149,149,0,0,63,63,63,63,63,83,96,96,96],"floor_reached":48,"language":"ENG","playtime":2796,"items_purged":["Defend_P","Injury"],"score":482,"play_id":"ad497583-eaa2-43db-a383-e6aa7c5886e0","local_time":"20210222213214","is_ascension_mode":false,"campfire_choices":[{"floor":13,"key":"REST"},{"floor":15,"key":"REST"},{"data":"Eruption","floor":23,"key":"SMITH"},{"floor":32,"key":"REST"},{"floor":40,"key":"REST"},{"floor":42,"key":"REST"}],"circlet_count":0,"master_deck":["Strike_P","Strike_P","Defend_P","Defend_P","Defend_P","Eruption+1","Vigilance","ThirdEye","Adaptation","FearNoEvil","JustLucky","Nirvana","EmptyFist","EmptyFist","Vault","LikeWater","CutThroughFate","EmptyBody","ThirdEye","Nirvana+1","CutThroughFate","Consecrate","Eruption+1","Crescendo","ClearTheMind+1","Apotheosis","Parasite"],"relics":["PureWater","NeowsBlessing","PreservedInsect","Shuriken","Golden Idol","HornCleat","Empty Cage","Membership Card","StrikeDummy","GoldenEye","Busted Crown","Calipers","CaptainsWheel","Red Mask","Lizard Tail","Molten Egg 2"],"acts_visited":["Exordium","TheCity","TheBeyond"],"potions_floor_usage":[28,30,38,44],"damage_taken":[{"damage":0,"enemies":"2 Louse","floor":1,"turns":1},{"damage":0,"enemies":"Jaw Worm","floor":3,"turns":1},{"damage":0,"enemies":"Cultist","floor":4,"turns":1},{"damage":25,"enemies":"Gremlin Nob","floor":6,"turns":4},{"damage":8,"enemies":"3 Louse","floor":7,"turns":4},{"damage":9,"enemies":"Blue Slaver","floor":8,"turns":5},{"damage":8,"enemies":"Large Slime","floor":14,"turns":6},{"damage":26,"enemies":"Hexaghost","floor":16,"turns":9},{"damage":12,"enemies":"Shell Parasite","floor":18,"turns":6},{"damage":3,"enemies":"Spheric Guardian","floor":22,"turns":4},{"damage":5,"enemies":"Chosen and Byrds","floor":24,"turns":6},{"damage":10,"enemies":"Book of Stabbing","floor":25,"turns":4},{"damage":6,"enemies":"3 Cultists","floor":28,"turns":6},{"damage":7,"enemies":"Snecko","floor":30,"turns":5},{"damage":5,"enemies":"Sentry and Sphere","floor":31,"turns":8},{"damage":39,"enemies":"Champ","floor":33,"turns":13},{"damage":15,"enemies":"Orb Walker","floor":35,"turns":5},{"damage":79,"enemies":"2 Orb Walkers","floor":37,"turns":7},{"damage":0,"enemies":"3 Shapes","floor":38,"turns":1},{"damage":9,"enemies":"Mind Bloom Boss Battle","floor":41,"turns":6},{"damage":27,"enemies":"Reptomancer","floor":44,"turns":7},{"damage":0,"enemies":"Writhing Mass","floor":46,"turns":7},{"damage":37,"enemies":"Spire Growth","floor":47,"turns":7},{"damage":17,"enemies":"Maw","floor":48,"turns":3}],"seed_played":"6373951133861901168","potions_obtained":[{"floor":3,"key":"FairyPotion"},{"floor":14,"key":"SmokeBomb"},{"floor":22,"key":"Explosive Potion"},{"floor":28,"key":"SteroidPotion"},{"floor":31,"key":"SmokeBomb"},{"floor":41,"key":"Ancient Potion"},{"floor":47,"key":"BlessingOfTheForge"}],"is_trial":false,"path_per_floor":["M","?","M","M","$","E","M","M","T","?","$","?","R","M","R","B",null,"M","?","?","$","M","R","M","E","T","$","M","?","M","M","R","B",null,"M","$","?","M","?","R","?","R","T","E","?","M","M","M"],"character_chosen":"WATCHER","items_purchased":["EmptyFist","Membership Card","EmptyBody","CutThroughFate","Calipers","Apotheosis"],"campfire_rested":5,"item_purchase_floors":[11,21,21,27,36,36],"current_hp_per_floor":[72,72,72,72,72,47,39,30,30,30,30,12,33,25,46,20,72,60,60,60,60,57,57,52,42,42,42,36,36,29,24,45,6,72,57,57,7,7,7,28,19,40,40,13,13,13,16,0,0],"gold":96,"neow_bonus":"THREE_ENEMY_KILL","is_daily":false,"chose_seed":false,"campfire_upgraded":1,"win_rate":0.0,"timestamp":1614025934,"path_taken":["M","?","M","M","$","E","M","M","T","?","$","?","R","M","R","BOSS","M","?","?","$","M","R","M","E","T","$","M","?","?","M","R","BOSS","M","$","?","M","?","R","?","R","T","E","?","M","M","M"],"items_purchased_type":["Card","Relic","Card","Card","Relic","Card"],"build_version":"2020-12-22","purchased_purges":2,"victory":false,"max_hp_per_floor":[72,72,72,72,72,72,72,72,72,72,72,72,72,72,72,72,72,72,72,72,72,72,72,72,72,72,72,72,72,72,72,72,72,72,72,72,72,72,72,72,72,72,72,72,68,68,68,68,68],"card_choices":[{"not_picked":["Protect","DeceiveReality"],"picked":"ThirdEye","floor":1},{"not_picked":["CrushJoints","Consecrate"],"picked":"Adaptation","floor":3},{"not_picked":["PathToVictory","Nirvana"],"picked":"FearNoEvil","floor":4},{"not_picked":["Crescendo","PathToVictory"],"picked":"JustLucky","floor":6},{"not_picked":["CrushJoints","Consecrate"],"picked":"Nirvana","floor":7},{"not_picked":["FollowUp","FlyingSleeves","SandsOfTime"],"picked":"SKIP","floor":8},{"not_picked":["LessonLearned","SignatureMove"],"picked":"EmptyFist","floor":14},{"not_picked":["LessonLearned","Scrawl"],"picked":"Vault","floor":16},{"not_picked":["CrushJoints+1","Wallop"],"picked":"LikeWater","floor":18},{"not_picked":["TalkToTheHand","WindmillStrike","ClearTheMind"],"picked":"SKIP","floor":22},{"not_picked":["Evaluate","BowlingBash+1"],"picked":"ThirdEye","floor":24},{"not_picked":["BattleHymn","ThirdEye"],"picked":"Nirvana+1","floor":25},{"not_picked":["EmptyMind","Adaptation"],"picked":"Consecrate","floor":28},{"not_picked":["BowlingBash","Consecrate","CrushJoints"],"picked":"SKIP","floor":30},{"not_picked":["CutThroughFate","CarveReality"],"picked":"Crescendo","floor":31},{"not_picked":[],"picked":"ClearTheMind+1","floor":35},{"not_picked":["EmptyBody+1"],"picked":"SKIP","floor":46},{"not_picked":["Prostrate"],"picked":"SKIP","floor":47}],"player_experience":113210,"relics_obtained":[{"floor":6,"key":"PreservedInsect"},{"floor":9,"key":"Shuriken"},{"floor":25,"key":"StrikeDummy"},{"floor":26,"key":"GoldenEye"},{"floor":37,"key":"CaptainsWheel"},{"floor":41,"key":"Lizard Tail"},{"floor":43,"key":"Molten Egg 2"}],"event_choices":[{"damage_healed":0,"gold_gain":0,"player_choice":"Ignored","damage_taken":0,"max_hp_gain":0,"max_hp_loss":0,"event_name":"Liars Game","floor":2,"gold_loss":0},{"damage_healed":0,"gold_gain":0,"player_choice":"Take Wound","damage_taken":0,"relics_obtained":["Golden Idol"],"max_hp_gain":0,"max_hp_loss":0,"event_name":"Golden Idol","floor":10,"gold_loss":0,"cards_obtained":["Injury"]},{"damage_healed":0,"gold_gain":0,"player_choice":"Success","damage_taken":18,"relics_obtained":["HornCleat"],"max_hp_gain":0,"max_hp_loss":0,"event_name":"Scrap Ooze","floor":12,"gold_loss":0},{"damage_healed":0,"gold_gain":0,"player_choice":"Read","damage_taken":0,"max_hp_gain":0,"max_hp_loss":0,"event_name":"The Library","floor":19,"gold_loss":0,"cards_obtained":["CutThroughFate"]},{"damage_healed":0,"gold_gain":99,"player_choice":"Stole From Cult","damage_taken":0,"max_hp_gain":0,"max_hp_loss":0,"event_name":"Nest","floor":20,"gold_loss":0},{"damage_healed":0,"gold_gain":0,"player_choice":"Copied","damage_taken":0,"max_hp_gain":0,"max_hp_loss":0,"event_name":"Duplicator","floor":29,"gold_loss":0,"cards_obtained":["Eruption"]},{"damage_healed":0,"gold_gain":0,"player_choice":"Fight","damage_taken":0,"max_hp_gain":0,"max_hp_loss":0,"event_name":"Mysterious Sphere","floor":37,"gold_loss":0},{"damage_healed":0,"gold_gain":0,"player_choice":"Paid","damage_taken":0,"relics_obtained":["Red Mask"],"max_hp_gain":0,"max_hp_loss":0,"event_name":"Tomb of Lord Red Mask","floor":39,"gold_loss":149},{"damage_healed":0,"gold_gain":0,"player_choice":"Fight","damage_taken":0,"max_hp_gain":0,"max_hp_loss":0,"event_name":"MindBloom","floor":41,"gold_loss":0},{"damage_healed":0,"gold_gain":0,"player_choice":"Max HP","damage_taken":0,"max_hp_gain":0,"max_hp_loss":4,"event_name":"Winding Halls","floor":45,"gold_loss":0}],"is_beta":false,"boss_relics":[{"not_picked":["Snecko Eye","Fusion Hammer"],"picked":"Empty Cage"},{"not_picked":["SacredBark","Runic Pyramid"],"picked":"Busted Crown"}],"items_purged_floors":[5,11],"is_endless":false,"potions_floor_spawned":[3,14,22,25,28,31,35,41,44,47],"killed_by":"Maw","ascension_level":0}}