{"host":"sav7uxregyirlf69","time":1614009807,"event":{"mods":["AchievementEnabler","BaseMod","Colored Map","DeckTracker","Keyboard Shortcuts","Minty Spire (QoL Compilation)","READ ME - Guardian Mod","StSLib","SuperFastMode"],"gold_per_floor":[112,127,127,52,52,52,83,83,83,83,96,96,12,12,37,37,110,110,128,128,148,148,64,64,84,84,111,111,161,175,175,185,185,185,185],"floor_reached":34,"language":"KOR","playtime":435,"items_purged":[],"score":492,"play_id":"e7e40df6-25e0-4649-8f4e-c70b6e4cadc0","local_time":"20210223010327","is_ascension_mode":true,"campfire_choices":[{"data":"Neutralize","floor":6,"key":"SMITH"},{"floor":8,"key":"REST"},{"data":"Dagger Spray","floor":10,"key":"SMITH"},{"data":"Eviscerate","floor":12,"key":"SMITH"},{"data":"Calculated Gamble","floor":16,"key":"SMITH"},{"data":"Acrobatics","floor":24,"key":"SMITH"},{"floor":26,"key":"REST"},{"data":"Prepared","floor":28,"key":"SMITH"},{"data":"Well Laid Plans","floor":31,"key":"SMITH"},{"floor":33,"key":"RECALL"}],"circlet_count":0,"master_deck":["AscendersBane","Strike_G","Strike_G","Defend_G+1","Defend_G","Defend_G","Defend_G","Survivor","Neutralize+1","Dagger Spray+1","Flying Knee+1","Dagger Throw","Eviscerate+1","Calculated Gamble+1","Prepared+1","Acrobatics+1","Well Laid Plans+1"],"relics":["Ring of the Snake","Bronze Scales","StoneCalendar","Meat on the Bone","Lantern","Empty Cage","Art of War"],"acts_visited":["Exordium","TheCity"],"potions_floor_usage":[7,34,34],"damage_taken":[{"damage":2,"enemies":"2 Louse","floor":1,"turns":3},{"damage":3,"enemies":"Jaw Worm","floor":2,"turns":4},{"damage":32,"enemies":"Lagavulin","floor":7,"turns":7},{"damage":3,"enemies":"Small Slimes","floor":11,"turns":2},{"damage":16,"enemies":"Hexaghost","floor":17,"turns":8},{"damage":13,"enemies":"Spheric Guardian","floor":19,"turns":4},{"damage":4,"enemies":"2 Thieves","floor":21,"turns":3},{"damage":29,"enemies":"Snecko","floor":25,"turns":5},{"damage":8,"enemies":"Cultist and Chosen","floor":30,"turns":5},{"damage":11,"enemies":"Shelled Parasite and Fungi","floor":32,"turns":4},{"damage":34,"enemies":"Collector","floor":34,"turns":3}],"seed_played":"2019408724645289997","potions_obtained":[{"floor":2,"key":"SpeedPotion"},{"floor":21,"key":"Dexterity Potion"},{"floor":32,"key":"FearPotion"}],"is_trial":false,"path_per_floor":["M","M","?","?","?","R","E","R","T","R","M","R","$","$","T","R","B",null,"M","?","M","?","$","R","M","R","T","R","?","M","R","M","R","B"],"character_chosen":"THE_SILENT","items_purchased":["Calculated Gamble","Well Laid Plans"],"campfire_rested":2,"item_purchase_floors":[13,23],"current_hp_per_floor":[57,54,54,54,34,34,2,21,21,21,30,30,30,30,30,30,26,56,43,43,39,39,39,39,22,41,41,41,41,45,45,34,34,0,0],"gold":185,"neow_bonus":"RANDOM_COMMON_RELIC","is_daily":false,"chose_seed":false,"campfire_upgraded":7,"win_rate":0.0,"timestamp":1614009807,"path_taken":["M","M","?","?","?","R","E","R","T","R","M","R","$","$","?","R","BOSS","M","?","M","?","?","R","M","R","T","R","?","?","R","M","R","BOSS"],"items_purchased_type":["Card","Card"],"build_version":"2020-12-22","purchased_purges":0,"victory":false,"max_hp_per_floor":[66,66,66,66,66,66,66,66,66,66,66,66,66,66,66,66,66,66,66,66,66,66,66,66,66,66,66,66,66,66,66,66,66,66,66],"card_choices":[{"not_picked":["Bane","Sucker Punch"],"picked":"Dagger Spray","floor":1},{"not_picked":["Dodge and Roll","Catalyst"],"picked":"Flying Knee","floor":2},{"not_picked":["Skewer","Expertise","Flying Knee"],"picked":"SKIP","floor":7},{"not_picked":["Endless Agony","Calculated Gamble"],"picked":"Eviscerate","floor":11},{"not_picked":["Underhanded Strike","Sucker Punch"],"picked":"Prepared","floor":19},{"not_picked":["Deadly Poison","Slice","Crippling Poison"],"picked":"SKIP","floor":21},{"not_picked":["Backstab","Skewer","Blade Dance+1"],"picked":"SKIP","floor":25},{"not_picked":["Slice","Underhanded Strike","Expertise+1"],"picked":"SKIP","floor":30},{"not_picked":["Blade Dance","Distraction","Dagger Spray"],"picked":"SKIP","floor":32}],"player_experience":1653492,"relics_obtained":[{"floor":7,"key":"StoneCalendar"},{"floor":9,"key":"Meat on the Bone"},{"floor":15,"key":"Lantern"},{"floor":27,"key":"Art of War"}],"event_choices":[{"damage_healed":0,"gold_gain":0,"cards_transformed":["Defend_G"],"player_choice":"Change","damage_taken":0,"max_hp_gain":0,"max_hp_loss":0,"event_name":"Living Wall","floor":3,"gold_loss":0,"cards_obtained":["Dagger Throw"]},{"cards_removed":["Strike_G"],"damage_healed":0,"gold_gain":0,"player_choice":"Card Removal","damage_taken":0,"max_hp_gain":0,"max_hp_loss":0,"event_name":"The Cleric","floor":4,"gold_loss":75},{"damage_healed":0,"gold_gain":0,"player_choice":"Entered Light","damage_taken":20,"max_hp_gain":0,"max_hp_loss":0,"event_name":"Shining Light","floor":5,"gold_loss":0,"cards_upgraded":["Flying Knee","Defend_G"]},{"damage_healed":0,"gold_gain":0,"player_choice":"Ignored","damage_taken":0,"max_hp_gain":0,"max_hp_loss":0,"event_name":"Ghosts","floor":20,"gold_loss":0},{"damage_healed":0,"gold_gain":0,"player_choice":"Read","damage_taken":0,"max_hp_gain":0,"max_hp_loss":0,"event_name":"The Library","floor":22,"gold_loss":0,"cards_obtained":["Acrobatics"]},{"damage_healed":0,"gold_gain":50,"player_choice":"Stole From Cult","damage_taken":0,"max_hp_gain":0,"max_hp_loss":0,"event_name":"Nest","floor":29,"gold_loss":0}],"is_beta":false,"boss_relics":[{"not_picked":["Ectoplasm","Black Star"],"picked":"Empty Cage"}],"items_purged_floors":[],"is_endless":false,"potions_floor_spawned":[2,21,32],"killed_by":"Collector","ascension_level":20}}