{"host":"c97twqu0op5dg8i4","time":1614037371,"event":{"mods":["AchievementEnabler","BaseMod","Colored Map","Minty Spire (QoL Compilation)","Permanent Neow"],"gold_per_floor":[110,128,128,142,219,254,254,9,32,32,32,32,32,46,46,46,177,177,191,191,214,239,262,262,262,262],"floor_reached":25,"language":"ENG","playtime":610,"items_purged":[],"score":322,"play_id":"fe2d24d6-2a1a-42ec-97b2-bd589bba2b4d","local_time":"20210222184251","is_ascension_mode":true,"campfire_choices":[{"floor":7.0,"key":"REST"},{"data":"Loop","floor":10.0,"key":"SMITH"},{"floor":12.0,"key":"REST"},{"floor":15.0,"key":"REST"},{"data":"Loop","floor":16.0,"key":"SMITH"},{"floor":24,"key":"REST"}],"circlet_count":0,"master_deck":["AscendersBane","Zap","Dualcast","Streamline+1","Coolheaded","Loop+1","Coolheaded","Capacitor","Loop+1","Coolheaded","Biased Cognition","Biased Cognition","Static Discharge","Barrage","Biased Cognition","Consume","Chaos","Undo","Darkness","Conserve Battery","Conserve Battery"],"relics":["Cracked Core","Bag of Preparation","DollysMirror","Bronze Scales","Golden Idol","Pandora\u0027s Box"],"acts_visited":["Exordium","TheCity"],"potions_floor_usage":[],"damage_taken":[{"damage":0.0,"enemies":"Cultist","floor":1.0,"turns":3.0},{"damage":2.0,"enemies":"2 Louse","floor":2.0,"turns":2.0},{"damage":20.0,"enemies":"Small Slimes","floor":4.0,"turns":3.0},{"damage":33.0,"enemies":"Gremlin Nob","floor":6.0,"turns":4.0},{"damage":14.0,"enemies":"2 Fungi Beasts","floor":14.0,"turns":3.0},{"damage":29.0,"enemies":"The Guardian","floor":17.0,"turns":12.0},{"damage":0.0,"enemies":"Spheric Guardian","floor":19.0,"turns":5.0},{"damage":0.0,"enemies":"Chosen","floor":21.0,"turns":4.0},{"damage":27.0,"enemies":"Snake Plant","floor":22.0,"turns":4.0},{"damage":12.0,"enemies":"Centurion and Healer","floor":23.0,"turns":7.0},{"damage":0,"enemies":"3 Cultists","floor":25,"turns":1}],"seed_played":"7236370837757099799","potions_obtained":[{"floor":14.0,"key":"Block Potion"},{"floor":22.0,"key":"Regen Potion"}],"is_trial":false,"path_per_floor":["M","M","$","M","?","E","R","$","T","R","?","R","?","M","R","R","B",null,"M","$","M","M","M","R","M"],"character_chosen":"DEFECT","items_purchased":["Capacitor","DollysMirror","Coolheaded"],"campfire_rested":4,"item_purchase_floors":[8,8,8],"current_hp_per_floor":[68,66,66,46,46,13,35,35,35,35,35,55,55,41,61,61,32,60,60,60,60,33,21,41,41,41],"gold":262,"neow_bonus":"THREE_CARDS","is_daily":false,"chose_seed":false,"campfire_upgraded":2,"win_rate":0.0,"timestamp":1614037371,"path_taken":["M","M","$","?","?","E","R","$","T","R","?","R","?","M","R","R","BOSS","M","$","M","M","M","R","M"],"items_purchased_type":["Card","Relic","Card"],"build_version":"2020-12-22","purchased_purges":0,"victory":false,"max_hp_per_floor":[75,75,75,75,75,75,75,75,75,75,69,69,69,69,69,69,69,69,69,69,69,69,69,69,69,69],"card_choices":[{"not_picked":["Hologram","Hello World"],"picked":"Streamline","floor":0.0},{"not_picked":["Conserve Battery","Force Field"],"picked":"Coolheaded","floor":1.0},{"not_picked":["Streamline","Rebound"],"picked":"Loop","floor":2.0},{"not_picked":["Go for the Eyes","Consume"],"picked":"Coolheaded","floor":4.0},{"not_picked":["Stack","Chaos","Barrage"],"picked":"SKIP","floor":6.0},{"not_picked":["Sweeping Beam","Steam Power","Barrage"],"picked":"SKIP","floor":14.0},{"not_picked":["Creative AI","Rainbow"],"picked":"Biased Cognition","floor":17.0},{"not_picked":["Sunder","Turbo+1"],"picked":"Conserve Battery","floor":19.0},{"not_picked":["Turbo","Sweeping Beam","Sunder+1"],"picked":"SKIP","floor":21.0},{"not_picked":["Coolheaded","Go for the Eyes","Sunder+1"],"picked":"SKIP","floor":22.0},{"not_picked":["Chaos","Stack"],"picked":"Conserve Battery","floor":23.0}],"player_experience":419636,"relics_obtained":[{"floor":6.0,"key":"Bag of Preparation"},{"floor":9.0,"key":"Bronze Scales"}],"event_choices":[{"damage_healed":0.0,"max_hp_gain":0.0,"max_hp_loss":0.0,"gold_gain":77.0,"event_name":"Golden Wing","player_choice":"Gained Gold","floor":5.0,"gold_loss":0.0,"damage_taken":0.0},{"damage_healed":0.0,"max_hp_gain":0.0,"max_hp_loss":6.0,"gold_gain":0.0,"event_name":"Golden Idol","player_choice":"Lose Max HP","floor":11.0,"gold_loss":0.0,"damage_taken":0.0,"relics_obtained":["Golden Idol"]},{"damage_healed":0.0,"max_hp_gain":0.0,"max_hp_loss":0.0,"gold_gain":0.0,"event_name":"Living Wall","player_choice":"Grow","floor":13.0,"gold_loss":0.0,"damage_taken":0.0,"cards_upgraded":["Streamline"]}],"is_beta":false,"boss_relics":[{"not_picked":["Philosopher\u0027s Stone","Empty Cage"],"picked":"Pandora\u0027s Box"}],"items_purged_floors":[],"is_endless":false,"potions_floor_spawned":[14,22],"killed_by":"3 Cultists","ascension_level":12}}