{"host":"1bzbl1adcbkdzqlf","time":1614037425,"event":{"mods":["BaseMod","Minty Spire (QoL Compilation)","Slay the Relics Exporter"],"gold_per_floor":[118,193,213,49,14,41,41,41,65,90,90,50,50,84,84,158,158,173,173,184,197,217,250,265,265,265,265,265,107,134,150,150,226,226,239,219,236,253,266,301,301,301,347,26,38,65,84,112,112,112],"floor_reached":51,"language":"ENG","playtime":4059,"items_purged":[],"score":1554,"play_id":"8e995ae9-80c5-41f4-9fa5-6679ebce3624","local_time":"20210222174345","is_ascension_mode":true,"campfire_choices":[{"floor":7,"key":"REST"},{"floor":11,"key":"REST"},{"floor":15,"key":"REST"},{"floor":27,"key":"REST"},{"floor":32,"key":"REST"},{"floor":41,"key":"REST"},{"floor":49,"key":"REST"}],"circlet_count":0,"master_deck":["AscendersBane","Strike_R","Strike_R","Strike_R","Strike_R","Strike_R","Defend_R","Defend_R","Defend_R","Bash","Battle Trance","Cleave","Shockwave","Flame Barrier","Demon Form","Spot Weakness","RitualDagger","Thunderclap","Bludgeon","Whirlwind+1","Impervious","Infernal Blade+1","Twin Strike","Twin Strike","Headbutt+1","Reaper","Dual Wield+1","Disarm+1"],"relics":["Fusion Hammer","Vajra","Toy Ornithopter","StrikeDummy","Boot","Champion Belt","HornCleat","Ornamental Fan","Runic Pyramid","Ice Cream","Mercury Hourglass","PreservedInsect","Nunchaku","Black Star","Kunai","Darkstone Periapt","Happy Flower","Anchor","Blood Vial","Calipers","Sundial","Smiling Mask","Akabeko"],"acts_visited":["Exordium","TheCity","TheBeyond"],"potions_floor_usage":[6,20,23,24,33,35,39,50,50],"damage_taken":[{"damage":4,"enemies":"Jaw Worm","floor":1,"turns":3},{"damage":5,"enemies":"Small Slimes","floor":3,"turns":4},{"damage":11,"enemies":"3 Sentries","floor":6,"turns":4},{"damage":20,"enemies":"Lagavulin","floor":10,"turns":4},{"damage":0,"enemies":"Gremlin Nob","floor":14,"turns":3},{"damage":25,"enemies":"Hexaghost","floor":16,"turns":8},{"damage":0,"enemies":"3 Byrds","floor":18,"turns":3},{"damage":0,"enemies":"Chosen","floor":20,"turns":3},{"damage":13,"enemies":"Sentry and Sphere","floor":21,"turns":4},{"damage":13,"enemies":"Shelled Parasite and Fungi","floor":22,"turns":4},{"damage":36,"enemies":"Gremlin Leader","floor":23,"turns":6},{"damage":0,"enemies":"3 Cultists","floor":24,"turns":3},{"damage":11,"enemies":"Slavers","floor":30,"turns":3},{"damage":13,"enemies":"Snake Plant","floor":31,"turns":2},{"damage":9,"enemies":"Automaton","floor":33,"turns":6},{"damage":16,"enemies":"3 Shapes","floor":35,"turns":2},{"damage":7,"enemies":"Orb Walker","floor":37,"turns":2},{"damage":4,"enemies":"Transient","floor":38,"turns":6},{"damage":19,"enemies":"Maw","floor":39,"turns":7},{"damage":0,"enemies":"Nemesis","floor":40,"turns":5},{"damage":6,"enemies":"3 Darklings","floor":45,"turns":3},{"damage":2,"enemies":"Reptomancer","floor":46,"turns":3},{"damage":12,"enemies":"4 Shapes","floor":47,"turns":2},{"damage":17,"enemies":"Giant Head","floor":48,"turns":6},{"damage":54,"enemies":"Donu and Deca","floor":50,"turns":6}],"seed_played":"596882326644723172","potions_obtained":[{"floor":1,"key":"SkillPotion"},{"floor":3,"key":"Swift Potion"},{"floor":14,"key":"ElixirPotion"},{"floor":16,"key":"FearPotion"},{"floor":18,"key":"Explosive Potion"},{"floor":22,"key":"Dexterity Potion"},{"floor":23,"key":"BlessingOfTheForge"},{"floor":30,"key":"Ancient Potion"},{"floor":33,"key":"Block Potion"},{"floor":35,"key":"CultistPotion"},{"floor":36,"key":"Dexterity Potion"},{"floor":40,"key":"SkillPotion"},{"floor":47,"key":"DistilledChaos"}],"is_trial":false,"path_per_floor":["M","?","M","$","?","E","R","?","T","E","R","$","T","E","R","B",null,"M","?","M","M","M","E","M","?","T","R","?","$","E","M","R","B",null,"M","?","M","M","M","E","R","?","T","$","M","E","M","E","R","B",null],"character_chosen":"IRONCLAD","items_purchased":["Vajra","Flame Barrier","PreservedInsect","Anchor","Blood Vial"],"campfire_rested":7,"item_purchase_floors":[4,12,29,44,44],"current_hp_per_floor":[64,53,48,48,66,55,75,49,49,29,51,51,51,51,73,48,68,68,62,67,54,41,10,15,15,15,37,52,52,41,28,50,46,68,57,57,50,46,32,32,54,54,54,54,50,50,40,40,62,39],"gold":112,"neow_bonus":"BOSS_RELIC","is_daily":false,"chose_seed":false,"campfire_upgraded":0,"win_rate":0.0,"timestamp":1614037425,"path_taken":["M","?","M","$","?","E","R","?","T","E","R","$","?","E","R","BOSS","M","?","M","M","M","E","M","?","T","R","?","$","E","?","R","BOSS","M","?","?","M","M","E","R","?","T","$","M","E","M","E","R","BOSS"],"items_purchased_type":["Relic","Card","Relic","Relic","Relic"],"build_version":"2020-12-22","purchased_purges":0,"victory":true,"max_hp_per_floor":[75,75,75,75,75,75,75,75,75,75,75,75,75,75,75,75,75,75,75,75,75,75,75,75,75,75,75,75,75,75,75,75,75,75,75,75,75,75,75,75,75,75,75,75,75,75,75,75,75,75],"card_choices":[{"not_picked":["Blood for Blood","Feel No Pain"],"picked":"Battle Trance","floor":1},{"not_picked":["Wild Strike","Havoc"],"picked":"Cleave","floor":3},{"not_picked":["Brutality","Perfected Strike","Wild Strike"],"picked":"SKIP","floor":6},{"not_picked":["Battle Trance","Double Tap"],"picked":"Shockwave","floor":10},{"not_picked":["Combust","Wild Strike","Flex"],"picked":"SKIP","floor":14},{"not_picked":["Fiend Fire","Juggernaut"],"picked":"Demon Form","floor":16},{"not_picked":["Wild Strike","Perfected Strike"],"picked":"Spot Weakness","floor":18},{"not_picked":["Sword Boomerang+1","Havoc"],"picked":"Thunderclap","floor":20},{"not_picked":["Cleave","Entrench","Hemokinesis"],"picked":"SKIP","floor":21},{"not_picked":["Shockwave","Seeing Red"],"picked":"Bludgeon","floor":22},{"not_picked":["Clash","Body Slam"],"picked":"Whirlwind+1","floor":23},{"not_picked":["Heavy Blade","Perfected Strike","Clothesline+1"],"picked":"SKIP","floor":24},{"not_picked":["Dual Wield","Evolve","Fiend Fire"],"picked":"SKIP","floor":30},{"not_picked":["Body Slam","Clothesline","Clash"],"picked":"SKIP","floor":31},{"not_picked":["Demon Form","Offering"],"picked":"Impervious","floor":33},{"not_picked":["Pommel Strike","Bloodletting"],"picked":"Infernal Blade+1","floor":35},{"not_picked":["Thunderclap","True Grit","Heavy Blade"],"picked":"SKIP","floor":37},{"not_picked":["Havoc","Clothesline","Body Slam"],"picked":"SKIP","floor":38},{"not_picked":["Wild Strike","Clash"],"picked":"Twin Strike","floor":39},{"not_picked":["Evolve","True Grit"],"picked":"Twin Strike","floor":40},{"not_picked":["Reckless Charge","Ghostly Armor"],"picked":"Headbutt+1","floor":45},{"not_picked":["Blood for Blood","Juggernaut"],"picked":"Reaper","floor":46},{"not_picked":["Heavy Blade","Headbutt"],"picked":"Dual Wield+1","floor":47},{"not_picked":["Whirlwind","Searing Blow"],"picked":"Disarm+1","floor":48}],"player_experience":496561,"relics_obtained":[{"floor":6,"key":"Toy Ornithopter"},{"floor":9,"key":"Boot"},{"floor":10,"key":"Champion Belt"},{"floor":13,"key":"HornCleat"},{"floor":14,"key":"Ornamental Fan"},{"floor":23,"key":"Ice Cream"},{"floor":26,"key":"Mercury Hourglass"},{"floor":30,"key":"Nunchaku"},{"floor":40,"key":"Kunai"},{"floor":40,"key":"Darkstone Periapt"},{"floor":43,"key":"Happy Flower"},{"floor":46,"key":"Calipers"},{"floor":46,"key":"Sundial"},{"floor":48,"key":"Smiling Mask"},{"floor":48,"key":"Akabeko"}],"event_choices":[{"damage_healed":0,"gold_gain":75,"player_choice":"Gather Gold","damage_taken":11,"max_hp_gain":0,"max_hp_loss":0,"event_name":"World of Goop","floor":2,"gold_loss":0},{"damage_healed":18,"gold_gain":0,"player_choice":"Healed","damage_taken":0,"max_hp_gain":0,"max_hp_loss":0,"event_name":"The Cleric","floor":5,"gold_loss":35},{"damage_healed":0,"gold_gain":0,"player_choice":"Success","damage_taken":26,"relics_obtained":["StrikeDummy"],"max_hp_gain":0,"max_hp_loss":0,"event_name":"Scrap Ooze","floor":8,"gold_loss":0},{"damage_healed":0,"gold_gain":0,"player_choice":"Joined the Cult","damage_taken":6,"max_hp_gain":0,"max_hp_loss":0,"event_name":"Nest","floor":19,"gold_loss":0,"cards_obtained":["RitualDagger"]},{"damage_healed":0,"gold_gain":0,"player_choice":"Ignored","damage_taken":0,"max_hp_gain":0,"max_hp_loss":0,"event_name":"Ghosts","floor":25,"gold_loss":0},{"damage_healed":15,"gold_gain":0,"player_choice":"Heal","damage_taken":0,"max_hp_gain":0,"max_hp_loss":0,"event_name":"The Library","floor":28,"gold_loss":0},{"damage_healed":0,"gold_gain":0,"player_choice":"Bought 1 Potion","damage_taken":0,"max_hp_gain":0,"max_hp_loss":0,"event_name":"The Woman in Blue","floor":36,"gold_loss":0},{"cards_removed":["Defend_R"],"damage_healed":0,"gold_gain":0,"player_choice":"Removed Skill","damage_taken":0,"max_hp_gain":0,"max_hp_loss":0,"event_name":"Falling","floor":42,"gold_loss":0}],"is_beta":false,"boss_relics":[{"not_picked":["Runic Dome","Astrolabe"],"picked":"Runic Pyramid"},{"not_picked":["Philosopher\u0027s Stone","Snecko Eye"],"picked":"Black Star"}],"items_purged_floors":[],"is_endless":false,"potions_floor_spawned":[1,3,14,16,18,22,23,30,33,35,40,47],"ascension_level":18}}