{"host":"t1puqh5lxz8sp6fn","time":1614034114,"event":{"mods":["AchievementEnabler","BaseMod","Colored Powertips","Minty Spire (QoL Compilation)","Rare Cards Sparkle","Relic Stats","StSLib"],"gold_per_floor":[113,127,138,149,160,195,7,7,33,61,61,211,211,4,4,82,82,95,95,95,95,45,73,73,85,153,163,176,276,276,301,301,378,378,391,146,146,160,176,176,210,210,210,241,241,241,84,114,114,114,114,114,42,68,68,68],"floor_reached":55,"playtime":2141,"items_purged":["Doubt","Defend_B"],"score":1511,"play_id":"7edb51e5-dee5-456b-95f2-424d91e178d4","local_time":"20210222194834","is_ascension_mode":true,"campfire_choices":[{"data":"White Noise","floor":8.0,"key":"SMITH"},{"data":"Doom and Gloom","floor":13.0,"key":"SMITH"},{"data":"Sunder","floor":15.0,"key":"SMITH"},{"data":"Self Repair","floor":24,"key":"SMITH"},{"data":"Trip","floor":30,"key":"SMITH"},{"data":"Undo","floor":32,"key":"SMITH"},{"floor":40,"key":"RECALL"},{"data":"Fission","floor":42,"key":"SMITH"},{"data":"Steam Power","floor":45,"key":"SMITH"},{"data":"Electrodynamics","floor":49,"key":"SMITH"},{"data":"Echo Form","floor":52,"key":"SMITH"}],"circlet_count":0,"master_deck":["AscendersBane","Defend_B","Defend_B","Defend_B","Dualcast","Doom and Gloom+1","White Noise+1","Conserve Battery","Ball Lightning","Sunder+1","Cold Snap","Undo+1","Conserve Battery","Trip+1","Core Surge","Glacier+1","Bite","Bite","Bite","Bite","Bite","Necronomicurse","Self Repair+1","Steam Power+1","Echo Form+1","Steam","Electrodynamics+1","Coolheaded+1","Fission+1","Reinforced Body"],"relics":["Coffee Dripper","Juzu Bracelet","Toolbox","PreservedInsect","Bag of Marbles","Nuclear Battery","Necronomicon","Bronze Scales","Emotion Chip","Meat on the Bone","Mango","Black Star","ClockworkSouvenir","Regal Pillow","DataDisk","Pantograph","Dream Catcher","Strawberry","Oddly Smooth Stone","Lizard Tail","Anchor","Orichalcum","Eternal Feather"],"acts_visited":["Exordium","TheCity","TheBeyond","TheEnding"],"potions_floor_usage":[29,33,39,50,50,50,54,55],"damage_taken":[{"damage":0.0,"enemies":"Cultist","floor":1.0,"turns":4.0},{"damage":13.0,"enemies":"Small Slimes","floor":2.0,"turns":2.0},{"damage":3.0,"enemies":"Jaw Worm","floor":3.0,"turns":4.0},{"damage":1.0,"enemies":"Looter","floor":4.0,"turns":3.0},{"damage":6.0,"enemies":"Gremlin Gang","floor":5.0,"turns":2.0},{"damage":23.0,"enemies":"Lagavulin","floor":6.0,"turns":4.0},{"damage":13.0,"enemies":"3 Sentries","floor":10.0,"turns":3.0},{"damage":0.0,"enemies":"Slime Boss","floor":16.0,"turns":5.0},{"damage":12.0,"enemies":"Chosen","floor":18.0,"turns":3.0},{"damage":0.0,"enemies":"Slavers","floor":23.0,"turns":1.0},{"damage":0,"enemies":"2 Thieves","floor":25,"turns":3},{"damage":0,"enemies":"Snecko","floor":27,"turns":3},{"damage":0,"enemies":"Sentry and Sphere","floor":28,"turns":3},{"damage":24,"enemies":"Colosseum Slavers","floor":29,"turns":3},{"damage":23,"enemies":"Colosseum Nobs","floor":29,"turns":4},{"damage":10,"enemies":"Book of Stabbing","floor":31,"turns":4},{"damage":15,"enemies":"Collector","floor":33,"turns":5},{"damage":9,"enemies":"Orb Walker","floor":35,"turns":3},{"damage":18,"enemies":"3 Darklings","floor":38,"turns":3},{"damage":5,"enemies":"4 Shapes","floor":39,"turns":4},{"damage":11,"enemies":"Giant Head","floor":41,"turns":5},{"damage":26,"enemies":"Nemesis","floor":44,"turns":5},{"damage":4,"enemies":"Giant Head","floor":48,"turns":5},{"damage":38,"enemies":"Donu and Deca","floor":50,"turns":8},{"damage":0,"enemies":"Shield and Spear","floor":54,"turns":3},{"damage":110,"enemies":"The Heart","floor":55,"turns":8}],"seed_played":"8159606398289497812","potions_obtained":[{"floor":1.0,"key":"AttackPotion"},{"floor":3.0,"key":"AttackPotion"},{"floor":4.0,"key":"EssenceOfDarkness"},{"floor":16.0,"key":"CultistPotion"},{"floor":23,"key":"AttackPotion"},{"floor":31,"key":"DistilledChaos"},{"floor":37,"key":"Dexterity Potion"},{"floor":39,"key":"EntropicBrew"}],"is_trial":false,"path_per_floor":["M","M","M","M","M","E","$","R","T","E","?","?","R","$","R","B",null,"M","?","?","?","?","E","R","M","T","M","M","?","R","E","R","B",null,"M","$","?","M","M","R","E","R","T","E","R","?","$","E","R","B",null,"R","$","E","B"],"character_chosen":"DEFECT","items_purchased":["Toolbox","Undo","Trip","SteroidPotion","ClockworkSouvenir","Oddly Smooth Stone","DistilledChaos"],"campfire_rested":0,"item_purchase_floors":[7,7,14,14,36,47,53],"current_hp_per_floor":[64,51,48,47,41,18,18,18,18,5,5,5,5,5,5,5,55,43,43,43,22,22,24,24,28,28,47,49,18,18,52,52,57,62,63,63,63,57,63,63,63,63,63,54,54,54,54,66,66,58,64,64,64,66,0,0],"gold":68,"neow_bonus":"BOSS_RELIC","is_daily":false,"chose_seed":false,"campfire_upgraded":10,"win_rate":0.0,"timestamp":1614034114,"path_taken":["M","M","?","M","?","E","?","R","T","E","?","?","R","$","R","BOSS","M","?","?","?","?","E","R","M","T","M","M","?","R","E","R","BOSS","M","$","?","M","M","R","E","R","T","E","R","?","$","E","R","BOSS","R","$","E","BOSS"],"items_purchased_type":["Relic","Card","Card","Potion","Relic","Relic","Potion"],"build_version":"2020-12-13","purchased_purges":2,"victory":false,"max_hp_per_floor":[71,71,71,71,71,71,71,71,71,71,71,71,71,71,71,71,71,71,71,49,49,49,49,49,49,49,49,49,49,49,63,63,63,63,63,63,63,63,63,63,63,63,63,70,70,66,66,66,66,66,66,66,66,66,66,66],"relic_stats":{"Regal Pillow":0,"counters":[26,100],"Eternal Feather":0,"PreservedInsect":542,"Juzu Bracelet":3,"Orichalcum":[0],"Emotion Chip":[49,22,16,8,3],"Dream Catcher":0,"Lizard Tail":33,"Bronze Scales":[242],"Pantograph":0,"Necronomicon":[33],"Black Star":4,"obtain_stats":[{"Regal Pillow":41,"Oddly Smooth Stone":47,"Mango":31,"Eternal Feather":54,"PreservedInsect":9,"Juzu Bracelet":6,"Orichalcum":54,"Nuclear Battery":17,"ClockworkSouvenir":36,"Emotion Chip":29,"DataDisk":41,"Dream Catcher":44,"Lizard Tail":48,"Anchor":48,"Bronze Scales":23,"Pantograph":43,"Strawberry":44,"Toolbox":7,"Coffee Dripper":0,"Bag of Marbles":10,"Necronomicon":21,"Black Star":34,"Cracked Core":0,"Meat on the Bone":29},{"Regal Pillow":21,"Oddly Smooth Stone":22,"Mango":16,"Eternal Feather":25,"PreservedInsect":6,"Juzu Bracelet":6,"Orichalcum":25,"Nuclear Battery":8,"ClockworkSouvenir":18,"Emotion Chip":15,"DataDisk":21,"Dream Catcher":22,"Lizard Tail":23,"Anchor":23,"Bronze Scales":10,"Pantograph":21,"Strawberry":22,"Toolbox":6,"Coffee Dripper":0,"Bag of Marbles":7,"Necronomicon":9,"Black Star":17,"Cracked Core":0,"Meat on the Bone":15},{"Regal Pillow":71,"Oddly Smooth Stone":76,"Mango":51,"Eternal Feather":92,"PreservedInsect":19,"Juzu Bracelet":19,"Orichalcum":92,"Nuclear Battery":27,"ClockworkSouvenir":59,"Emotion Chip":47,"DataDisk":71,"Dream Catcher":76,"Lizard Tail":81,"Anchor":81,"Bronze Scales":31,"Pantograph":71,"Strawberry":76,"Toolbox":19,"Coffee Dripper":0,"Bag of Marbles":22,"Necronomicon":30,"Black Star":56,"Cracked Core":0,"Meat on the Bone":47}],"Meat on the Bone":12},"card_choices":[{"not_picked":["Ball Lightning","Aggregate"],"picked":"Doom and Gloom","floor":1.0},{"not_picked":["Redo","Stack"],"picked":"White Noise","floor":2.0},{"not_picked":["Reboot","Loop"],"picked":"Conserve Battery","floor":3.0},{"not_picked":["Barrage","Rip and Tear"],"picked":"Ball Lightning","floor":4.0},{"not_picked":["Compile Driver","Stack"],"picked":"Sunder","floor":5.0},{"not_picked":["Streamline","Multi-Cast"],"picked":"Cold Snap","floor":6.0},{"not_picked":["Coolheaded","Gash"],"picked":"Conserve Battery","floor":10.0},{"not_picked":["Amplify","Meteor Strike"],"picked":"Core Surge","floor":16.0},{"not_picked":["Go for the Eyes","Gash"],"picked":"Glacier","floor":18.0},{"not_picked":["Conserve Battery","Undo"],"picked":"Self Repair","floor":23},{"not_picked":["Sweeping Beam","Darkness","Conserve Battery"],"picked":"SKIP","floor":25},{"not_picked":["Hello World","Conserve Battery","Loop"],"picked":"SKIP","floor":27},{"not_picked":["Barrage","Fusion"],"picked":"Steam Power","floor":28},{"not_picked":["Sweeping Beam","Reprogram"],"picked":"Echo Form","floor":29},{"not_picked":["Chaos","Conserve Battery"],"picked":"Steam","floor":31},{"not_picked":["Amplify","Fission"],"picked":"Electrodynamics","floor":33},{"not_picked":["Gash+1","Double Energy","Genetic Algorithm+1"],"picked":"SKIP","floor":35},{"not_picked":["Force Field","Barrage"],"picked":"Coolheaded+1","floor":38},{"not_picked":["Go for the Eyes+1","Conserve Battery","Redo"],"picked":"SKIP","floor":39},{"not_picked":["Rip and Tear","Steam"],"picked":"Fission","floor":41},{"not_picked":["Gash","Streamline","Leap"],"picked":"SKIP","floor":44},{"not_picked":["Skim","Steam","Streamline+1"],"picked":"SKIP","floor":48},{"not_picked":["Thunder Strike","Leap"],"picked":"Reinforced Body","floor":54}],"player_experience":550313,"relics_obtained":[{"floor":6.0,"key":"Juzu Bracelet"},{"floor":9.0,"key":"PreservedInsect"},{"floor":10.0,"key":"Bag of Marbles"},{"floor":21.0,"key":"Necronomicon"},{"floor":23,"key":"Bronze Scales"},{"floor":29,"key":"Emotion Chip"},{"floor":29,"key":"Meat on the Bone"},{"floor":31,"key":"Mango"},{"floor":41,"key":"Regal Pillow"},{"floor":41,"key":"DataDisk"},{"floor":43,"key":"Pantograph"},{"floor":44,"key":"Dream Catcher"},{"floor":44,"key":"Strawberry"},{"floor":48,"key":"Lizard Tail"},{"floor":48,"key":"Anchor"},{"floor":54,"key":"Orichalcum"},{"floor":54,"key":"Eternal Feather"}],"event_choices":[{"damage_healed":0.0,"max_hp_gain":0.0,"max_hp_loss":0.0,"gold_gain":0.0,"event_name":"Shining Light","player_choice":"Ignored","floor":11.0,"gold_loss":0.0,"damage_taken":0.0},{"damage_healed":0.0,"max_hp_gain":0.0,"max_hp_loss":0.0,"gold_gain":150.0,"event_name":"Liars Game","player_choice":"AGREE","floor":12.0,"gold_loss":0.0,"damage_taken":0.0,"cards_obtained":["Doubt"]},{"cards_removed":["Zap"],"damage_healed":0.0,"max_hp_gain":0.0,"max_hp_loss":0.0,"gold_gain":0.0,"event_name":"Bonfire Elementals","player_choice":"Offered Basic","floor":19.0,"gold_loss":0.0,"damage_taken":0.0},{"damage_healed":0.0,"max_hp_gain":0.0,"max_hp_loss":22.0,"gold_gain":0.0,"event_name":"Vampires","player_choice":"Became a vampire","floor":20.0,"gold_loss":0.0,"damage_taken":0.0,"cards_obtained":["Bite","Bite","Bite","Bite","Bite"]},{"damage_healed":0.0,"max_hp_gain":0.0,"max_hp_loss":0.0,"gold_gain":0.0,"event_name":"Cursed Tome","player_choice":"Obtained Book","floor":21.0,"gold_loss":0.0,"damage_taken":21.0},{"damage_healed":0.0,"max_hp_gain":0.0,"max_hp_loss":0.0,"gold_gain":0.0,"event_name":"Designer","player_choice":"Upgrade","floor":22.0,"gold_loss":50.0,"damage_taken":0.0,"cards_upgraded":["Glacier"]},{"damage_healed":0,"gold_gain":0,"player_choice":"Fight","damage_taken":0,"max_hp_gain":0,"max_hp_loss":0,"event_name":"Colosseum","floor":29,"gold_loss":0},{"damage_healed":0,"gold_gain":0,"player_choice":"Fought Nobs","damage_taken":0,"max_hp_gain":0,"max_hp_loss":0,"event_name":"Colosseum","floor":29,"gold_loss":0},{"damage_healed":0,"gold_gain":0,"player_choice":"Got Potions","damage_taken":0,"max_hp_gain":0,"max_hp_loss":0,"event_name":"Lab","floor":37,"gold_loss":0},{"damage_healed":0,"gold_gain":0,"player_choice":"Max HP","damage_taken":0,"max_hp_gain":0,"max_hp_loss":4,"event_name":"Winding Halls","floor":46,"gold_loss":0}],"is_beta":false,"boss_relics":[{"not_picked":["Philosopher\u0027s Stone","Cursed Key"],"picked":"Nuclear Battery"},{"not_picked":["Snecko Eye","Inserter"],"picked":"Black Star"}],"items_purged_floors":[14,36],"is_endless":false,"potions_floor_spawned":[1,3,4,16,23,25,28,31,39,44,48],"killed_by":"The Heart","ascension_level":15}}