{"host":"vjt3l4e4gk5t90rp","time":1614013073,"event":{"mods":["BaseMod","Colored Map","Highlight Path","Minty Spire (QoL Compilation)","StSLib"],"gold_per_floor":[119,139,150,165,179,213,225,175,257,257,257,257,267,267,267,366,366,380,396,396,396,411,411,411],"floor_reached":23,"language":"KOR","playtime":1271,"items_purged":[],"score":205,"play_id":"54140052-f7cb-4b63-b0e9-794b8232f471","local_time":"20210223015753","is_ascension_mode":true,"campfire_choices":[{"floor":11.0,"key":"REST"},{"data":"Storm","floor":15,"key":"SMITH"}],"circlet_count":0,"master_deck":["Strike_B","Strike_B","Strike_B","Defend_B","Defend_B","Defend_B","Defend_B","Zap","Dualcast","Beam Cell","Lockon","Storm+1","Turbo","Ball Lightning","Self Repair","Go for the Eyes","Capacitor","Buffer","Leap","Steam+1","FTL"],"relics":["Cracked Core","Art of War","CaptainsWheel","Ornamental Fan","Nuclear Battery","Omamori"],"acts_visited":["Exordium","TheCity"],"potions_floor_usage":[16,22,23],"damage_taken":[{"damage":3.0,"enemies":"2 Louse","floor":1.0,"turns":3.0},{"damage":0.0,"enemies":"Small Slimes","floor":2.0,"turns":3.0},{"damage":1.0,"enemies":"Cultist","floor":3.0,"turns":3.0},{"damage":8.0,"enemies":"2 Fungi Beasts","floor":4.0,"turns":4.0},{"damage":11.0,"enemies":"Lots of Slimes","floor":5.0,"turns":4.0},{"damage":21.0,"enemies":"Lagavulin","floor":6.0,"turns":6.0},{"damage":8.0,"enemies":"Exordium Wildlife","floor":7.0,"turns":3.0},{"damage":10,"enemies":"Looter","floor":13,"turns":3},{"damage":36,"enemies":"Hexaghost","floor":16,"turns":9},{"damage":16,"enemies":"3 Byrds","floor":18,"turns":6},{"damage":2,"enemies":"Shell Parasite","floor":19,"turns":7},{"damage":19,"enemies":"Shelled Parasite and Fungi","floor":22,"turns":5},{"damage":66,"enemies":"Gremlin Leader","floor":23,"turns":8}],"seed_played":"2191654743917846746","potions_obtained":[{"floor":5.0,"key":"LiquidBronze"},{"floor":6.0,"key":"FearPotion"},{"floor":13,"key":"Strength Potion"},{"floor":21,"key":"AttackPotion"},{"floor":21,"key":"DistilledChaos"}],"is_trial":false,"path_per_floor":["M","M","M","M","M","E","M","?","T","?","R","?","M","?","R","B",null,"M","M","?","?","M","E"],"character_chosen":"DEFECT","items_purchased":[],"campfire_rested":1,"item_purchase_floors":[],"current_hp_per_floor":[72,72,71,63,52,31,30,30,30,30,52,52,49,54,54,25,80,71,76,76,76,64,0,0],"gold":411,"neow_bonus":"RANDOM_COMMON_RELIC","is_daily":false,"chose_seed":false,"campfire_upgraded":1,"win_rate":0.0,"timestamp":1614013073,"path_taken":["M","M","M","M","M","E","M","?","T","?","R","?","M","?","R","BOSS","M","M","?","?","M","E"],"items_purchased_type":[],"build_version":"2020-12-22","purchased_purges":0,"victory":false,"max_hp_per_floor":[75,75,75,75,75,75,75,75,75,75,75,75,75,80,80,80,80,80,80,80,80,80,80,80],"card_choices":[{"not_picked":["Hologram","Turbo"],"picked":"Beam Cell","floor":1.0},{"not_picked":["Conserve Battery","Darkness"],"picked":"Lockon","floor":2.0},{"not_picked":["Steam","Coolheaded"],"picked":"Storm","floor":3.0},{"not_picked":["BootSequence","Darkness"],"picked":"Turbo","floor":4.0},{"not_picked":["Ball Lightning","Consume","Streamline"],"picked":"SKIP","floor":5.0},{"not_picked":["Consume","Streamline"],"picked":"Ball Lightning","floor":5.0},{"not_picked":["Chaos","Streamline"],"picked":"Self Repair","floor":6.0},{"not_picked":["Steam","Steam Power"],"picked":"Go for the Eyes","floor":7.0},{"not_picked":["FTL","Gash"],"picked":"Capacitor","floor":13},{"not_picked":["Machine Learning","Fission"],"picked":"Buffer","floor":16},{"not_picked":["Streamline","Turbo"],"picked":"Leap","floor":18},{"not_picked":["Reinforced Body","Go for the Eyes"],"picked":"Steam+1","floor":19},{"not_picked":["Beam Cell","Cold Snap+1"],"picked":"FTL","floor":22}],"player_experience":141756,"relics_obtained":[{"floor":6.0,"key":"CaptainsWheel"},{"floor":9.0,"key":"Ornamental Fan"}],"event_choices":[{"cards_removed":["Strike_B"],"damage_healed":0.0,"max_hp_gain":0.0,"max_hp_loss":0.0,"gold_gain":0.0,"event_name":"The Cleric","player_choice":"Card Removal","floor":8.0,"gold_loss":50.0,"damage_taken":0.0},{"damage_healed":0.0,"max_hp_gain":0.0,"max_hp_loss":0.0,"gold_gain":0.0,"event_name":"Shining Light","player_choice":"Ignored","floor":10.0,"gold_loss":0.0,"damage_taken":0.0},{"damage_healed":0.0,"max_hp_gain":0.0,"max_hp_loss":0.0,"gold_gain":0.0,"event_name":"Liars Game","player_choice":"Ignored","floor":12.0,"gold_loss":0.0,"damage_taken":0.0},{"damage_healed":0,"gold_gain":0,"player_choice":"Donut","damage_taken":0,"max_hp_gain":5,"max_hp_loss":0,"event_name":"Big Fish","floor":14,"gold_loss":0},{"damage_healed":0,"gold_gain":0,"player_choice":"Opened","damage_taken":0,"relics_obtained":["Omamori"],"max_hp_gain":0,"max_hp_loss":0,"event_name":"The Mausoleum","floor":20,"gold_loss":0},{"damage_healed":0,"gold_gain":0,"player_choice":"Got Potions","damage_taken":0,"max_hp_gain":0,"max_hp_loss":0,"event_name":"Lab","floor":21,"gold_loss":0}],"is_beta":false,"boss_relics":[{"not_picked":["Philosopher\u0027s Stone","Ectoplasm"],"picked":"Nuclear Battery"}],"items_purged_floors":[],"is_endless":false,"potions_floor_spawned":[5,6,13],"killed_by":"Gremlin Leader","ascension_level":1}}