{"host":"pgm1p3lvdjflie30","time":1614000119,"event":{"mods":["ATMod(ªü½@Mod)","Act Like it!","Aspiration","BaseMod","Colored Map","Colored Powertips","Conspire","Downfall","Energized Spire","Gensokyo","Hermit","HornydragonMod","Minty Spire (QoL Compilation)","Quarter Circle Forward PUNCH!","Reliquary","Robot Space Explorer","Spicy Shops","StSLib","The Jungle","The Marked","Waifu the Spire","¡i?ª«¥dµP¡jREMEMod"],"gold_per_floor":[99,111,123,138,438,438,438,341,341,341,2809,2824,2834,2834,2834,2834,2834,2217,2250,2245,2245,2245,2279,1612,1612,1612,1612],"floor_reached":28,"language":"ZHS","playtime":594,"items_purged":["Pride","Pride","Pride","Pride"],"score":1540,"play_id":"c7a66b50-be6c-4742-a067-e97a7c2e6dbc","local_time":"20210222212159","is_ascension_mode":true,"campfire_choices":[{"floor":1,"key":"RECALL"},{"data":"champ:Taunt","floor":8,"key":"SMITH"},{"data":"champ:Execute","floor":10,"key":"SMITH"},{"data":"champ:RisingSlash","floor":15,"key":"SMITH"},{"floor":20,"key":"DIG"},{"floor":25,"key":"REST"}],"circlet_count":0,"master_deck":["champ:Strike","champ:Strike","champ:Strike","champ:Strike","champ:Defend","champ:Defend","champ:Defend","champ:Defend","champ:Execute+1","champ:Taunt+1","Pride","Pride","Pride","champ:RisingSlash+1"],"relics":["AT_ATBox","REME_ComplimentaryCards","energizedSpire:EnergizedDie","downfall:HeartBlessingBlue","downfall:HeartBlessingRed","conspire:SpecialSausage","Lee\u0027s Waffle","Lizard Tail","conspire:Flyswatter","Frozen Egg 2","Medical Kit","Bag of Preparation","Bottled Flame","InkBottle","Juzu Bracelet","Shovel","PrismaticShard","reliquary:PurpleTingedLeaf","downfall:HeartBlessingGreen","Centennial Puzzle","aspiration:RandomNobGenerator","reliquary:HotPoker","Vajra","Toolbox","Membership Card","Akabeko","Question Card"],"acts_visited":["Exordium","TheCity","TheBeyond","TheEnding"],"potions_floor_usage":[12,18],"damage_taken":[{"damage":0,"enemies":"Cultist","floor":2,"turns":1},{"damage":0,"enemies":"2 Louse","floor":3,"turns":1},{"damage":0,"enemies":"Small Slimes","floor":4,"turns":1},{"damage":0,"enemies":"downfall:FleeingMerchant","floor":5,"turns":1},{"damage":0,"enemies":"DF_ARCHETYPE_STREAMLINE","floor":8,"turns":1},{"damage":0,"enemies":"downfall:LooterAlt2","floor":12,"turns":1},{"damage":0,"enemies":"Shell Parasite","floor":13,"turns":1},{"damage":0,"enemies":"Slavers","floor":17,"turns":1},{"damage":0,"enemies":"Book of Stabbing","floor":19,"turns":1},{"damage":0,"enemies":"WA_ARCHETYPE_CALM","floor":20,"turns":1},{"damage":0,"enemies":"IC_BLOCK_ARCHETYPE","floor":21,"turns":1},{"damage":0,"enemies":"downfall:CharBossMerchant","floor":23,"turns":1},{"damage":0,"enemies":"downfall:NeowBoss","floor":26,"turns":3},{"damage":0,"enemies":"downfall:NeowBossFinal","floor":27,"turns":2}],"seed_played":"5605252389259560272","potions_obtained":[{"floor":2,"key":"EssenceOfSteel"},{"floor":8,"key":"Dexterity Potion"},{"floor":17,"key":"CultistPotion"},{"floor":19,"key":"champ:TechniquePotion"}],"is_trial":false,"path_per_floor":["R","M","M","M","$","?","T","R",null,"R","$","M","M","?","R","T","E","$","E","R",null,null,"E","$","R","B","B",null],"character_chosen":"THE_CHAMP","items_purchased":["Lee\u0027s Waffle","Lizard Tail","conspire:Flyswatter","Frozen Egg 2","Medical Kit","Bag of Preparation","qcfpunch:Challenger_Coin","Juzu Bracelet","Fruit Juice","Shovel","PrismaticShard","Vajra","Toolbox","Membership Card","Akabeko","Question Card"],"campfire_rested":1,"item_purchase_floors":[11,11,11,11,11,11,11,18,18,18,18,24,24,24,24,24],"current_hp_per_floor":[90,90,90,90,90,55,55,65,100,100,107,107,107,107,107,107,107,112,112,112,112,112,112,112,112,112,112],"gold":1612,"neow_bonus":"BOSS_RELIC","is_daily":false,"chose_seed":false,"campfire_upgraded":3,"win_rate":0.0,"timestamp":1614000119,"path_taken":["R","M","?","M","$","?","T","R","BOSS","R","$","M","M","?","R","T","E","$","E","R","BOSS","BOSS","E","$","R","BOSS","BOSS"],"items_purchased_type":["Relic","Relic","Relic","Relic","Relic","Relic","Potion","Relic","Potion","Relic","Relic","Relic","Relic","Relic","Relic","Relic"],"build_version":"2020-12-22","purchased_purges":4,"victory":true,"max_hp_per_floor":[90,90,90,90,90,90,90,100,100,100,107,107,107,107,107,107,107,112,112,112,112,112,112,112,112,112,112],"card_choices":[{"not_picked":["champ:SwordSigil","champ:Haymaker","champ:CrownThrow"],"picked":"SKIP","floor":2},{"not_picked":["champ:EnGarde","champ:CrownThrow","champ:SwordSigil"],"picked":"SKIP","floor":3},{"not_picked":["champ:Circumvent","champ:TornadoPunch","champ:Parry"],"picked":"SKIP","floor":4},{"not_picked":["champ:SwordSigil","champ:FanOfKnives","champ:Circumvent"],"picked":"SKIP","floor":5},{"not_picked":["champ:BringItOn","champ:GutPunch"],"picked":"champ:RisingSlash","floor":12},{"not_picked":["champ:Circumvent+1","champ:SwordSigil","champ:DeathBlow"],"picked":"SKIP","floor":13},{"not_picked":["champ:Circumvent+1","champ:SwordSigil","champ:DeathBlow"],"picked":"SKIP","floor":13},{"not_picked":["champ:Shatter+1","champ:FlashCut","champ:ShieldSigil+1"],"picked":"SKIP","floor":17},{"not_picked":["BowlingBash","Mind Blast","sneckomod:UnknownClassLunar"],"picked":"SKIP","floor":19},{"not_picked":["Poisoned Stab","Slimebound:RollThrough","Tantrum+1"],"picked":"SKIP","floor":23}],"player_experience":484023,"relics_obtained":[{"floor":16,"key":"Bottled Flame"},{"floor":17,"key":"InkBottle"},{"floor":19,"key":"reliquary:PurpleTingedLeaf"},{"floor":20,"key":"Centennial Puzzle"},{"floor":23,"key":"reliquary:HotPoker"}],"event_choices":[],"is_beta":false,"boss_relics":[{"not_picked":["reliquary:WritOfMandamus","conspire:SlowCooker"],"picked":"conspire:SpecialSausage"},{"not_picked":["reliquary:ThirdArm","energizedSpire:NeverEndingSparkler"],"picked":"aspiration:RandomNobGenerator"}],"items_purged_floors":[11,11,18,24],"is_endless":false,"potions_floor_spawned":[2,8,17,19],"ascension_level":1}}