{"host":"djrarsjwv6revew5","time":1614021727,"event":{"mods":["2.2 Compatiblity","AchievementEnabler","BaseMod","Colored Map","Colored Powertips","DeckTracker","Highlight Path","Minty Spire (QoL Compilation)","Quick Restart","Random Character Button","Rare Cards Sparkle","Relic Stats","StSLib","SuperFastMode"],"gold_per_floor":[118,118,118,72,87,116,133,133,133,150,102,102,102,53,53,156,156,171,171,182,198,212,212,45,45,94,94,94,94,94,94,94,198,198,217,217,236,40,0,0,16,16,43,43,43,60,38,38,38],"floor_reached":48,"language":"POL","playtime":2251,"items_purged":[],"score":474,"play_id":"e91902e4-759b-4945-85db-cb9ba132cc43","local_time":"20210222202207","is_ascension_mode":false,"campfire_choices":[{"data":"Battle Trance","floor":8,"key":"SMITH"},{"data":"True Grit","floor":13,"key":"SMITH"},{"data":"Flex","floor":15,"key":"SMITH"},{"data":"Infernal Blade","floor":23,"key":"SMITH"},{"floor":29,"key":"REST"},{"data":"Twin Strike","floor":32,"key":"SMITH"},{"data":"Limit Break","floor":40,"key":"SMITH"},{"data":"Shrug It Off","floor":42,"key":"SMITH"}],"circlet_count":0,"master_deck":["Strike_R+1","Strike_R+1","Strike_R+1","Strike_R+1","Strike_R+1","Defend_R+1","Defend_R+1","Defend_R+1","Defend_R+1","Bash","Anger","Twin Strike+1","Battle Trance+1","Iron Wave+1","True Grit+1","Flex+1","Feed+1","Cleave+1","Infernal Blade+1","Blood for Blood+1","Perfected Strike+1","Sword Boomerang+1","Limit Break+1","Shrug It Off+1","Heavy Blade+1","Shrug It Off+1","Shrug It Off+1","Sadistic Nature","Flex+1","Cleave+1"],"relics":["Black Blood","NeowsBlessing","Molten Egg 2","Mummified Hand","Runic Pyramid","Juzu Bracelet","Tiny Chest","MutagenicStrength","Red Skull","Shovel","Vajra","Red Mask","Pen Nib"],"acts_visited":["Exordium","TheCity","TheBeyond"],"potions_floor_usage":[16,33,41,48],"damage_taken":[{"damage":0,"enemies":"Cultist","floor":1,"turns":1},{"damage":0,"enemies":"Small Slimes","floor":5,"turns":1},{"damage":0,"enemies":"Lagavulin","floor":6,"turns":1},{"damage":1,"enemies":"Jaw Worm","floor":7,"turns":3},{"damage":5,"enemies":"Looter","floor":10,"turns":3},{"damage":38,"enemies":"The Guardian","floor":16,"turns":10},{"damage":4,"enemies":"Chosen","floor":18,"turns":6},{"damage":9,"enemies":"Shell Parasite","floor":20,"turns":5},{"damage":17,"enemies":"Centurion and Healer","floor":21,"turns":7},{"damage":15,"enemies":"Cultist and Chosen","floor":22,"turns":5},{"damage":42,"enemies":"Champ","floor":33,"turns":12},{"damage":16,"enemies":"3 Darklings","floor":35,"turns":5},{"damage":10,"enemies":"Orb Walker","floor":37,"turns":2},{"damage":15,"enemies":"Jaw Worm Horde","floor":41,"turns":4},{"damage":20,"enemies":"3 Darklings","floor":46,"turns":6},{"damage":87,"enemies":"Reptomancer","floor":48,"turns":6}],"seed_played":"7260561563444846654","potions_obtained":[{"floor":1,"key":"Dexterity Potion"},{"floor":7,"key":"LiquidBronze"},{"floor":16,"key":"DuplicationPotion"},{"floor":21,"key":"FearPotion"},{"floor":37,"key":"EntropicBrew"}],"is_trial":false,"path_per_floor":["M","$","?","?","M","E","M","R","T","M","$","?","R","$","R","B",null,"M","?","M","M","M","R","$","?","T","?","$","R","?","T","R","B",null,"M","T","M","$","?","R","M","R","T","?","?","M","$","E"],"character_chosen":"IRONCLAD","items_purchased":["True Grit","Flex","Juzu Bracelet","Sword Boomerang+1","Vajra","Shrug It Off","Cleave+1"],"campfire_rested":1,"item_purchase_floors":[11,14,24,24,38,38,47],"current_hp_per_floor":[80,80,80,80,80,80,80,80,80,80,80,80,80,80,80,48,80,84,84,85,78,73,73,73,73,73,73,73,96,96,96,96,60,96,92,92,94,94,94,94,95,95,95,95,95,87,87,0,0],"gold":38,"neow_bonus":"THREE_ENEMY_KILL","is_daily":false,"chose_seed":false,"campfire_upgraded":7,"win_rate":0.0,"timestamp":1614021727,"path_taken":["M","$","?","?","M","E","M","R","T","M","?","?","R","$","R","BOSS","M","?","?","M","M","R","$","?","T","?","$","R","?","?","R","BOSS","M","?","M","$","?","R","M","R","T","?","?","M","$","E"],"items_purchased_type":["Card","Card","Relic","Card","Relic","Card","Card"],"build_version":"2020-12-22","purchased_purges":0,"victory":false,"max_hp_per_floor":[80,80,80,80,80,80,80,80,80,80,80,80,80,80,80,80,80,84,84,88,92,96,96,96,96,96,96,96,96,96,96,96,96,96,96,96,96,96,96,96,100,100,100,100,100,100,100,100,100],"relic_stats":{"Shovel":0,"counters":[16,77],"Mummified Hand":[2],"Black Blood":88,"Tiny Chest":1,"Pen Nib":[2],"Juzu Bracelet":2,"obtain_stats":[{"NeowsBlessing":0,"Black Blood":34,"Vajra":38,"Pen Nib":43,"Juzu Bracelet":24,"Burning Blood":0,"Shovel":36,"Mummified Hand":9,"MutagenicStrength":30,"Molten Egg 2":6,"Tiny Chest":26,"Red Mask":39,"Red Skull":31,"Runic Pyramid":17},{"NeowsBlessing":0,"Black Blood":11,"Vajra":13,"Pen Nib":14,"Juzu Bracelet":10,"Burning Blood":0,"Shovel":12,"Mummified Hand":4,"MutagenicStrength":10,"Molten Egg 2":3,"Tiny Chest":10,"Red Mask":13,"Red Skull":10,"Runic Pyramid":6},{"NeowsBlessing":0,"Black Blood":54,"Vajra":61,"Pen Nib":65,"Juzu Bracelet":42,"Burning Blood":0,"Shovel":59,"Mummified Hand":6,"MutagenicStrength":42,"Molten Egg 2":3,"Tiny Chest":42,"Red Mask":61,"Red Skull":42,"Runic Pyramid":19}]},"card_choices":[{"not_picked":["Intimidate","Flex"],"picked":"Anger","floor":1},{"not_picked":["Combust","Evolve"],"picked":"Twin Strike","floor":5},{"not_picked":["Demon Form","Disarm"],"picked":"Battle Trance","floor":6},{"not_picked":["Sword Boomerang+1","Clash+1"],"picked":"Iron Wave+1","floor":7},{"not_picked":["Shockwave","Wild Strike+1"],"picked":"Dropkick+1","floor":10},{"not_picked":["Immolate+1","Berserk"],"picked":"Feed+1","floor":16},{"not_picked":["Thunderclap+1","Combust"],"picked":"Cleave+1","floor":18},{"not_picked":["Iron Wave+1","True Grit+1"],"picked":"Infernal Blade","floor":20},{"not_picked":["Anger+1","Havoc+1"],"picked":"Blood for Blood+1","floor":21},{"not_picked":["Havoc","Wild Strike+1"],"picked":"Perfected Strike+1","floor":22},{"not_picked":["Impervious","Berserk"],"picked":"Limit Break","floor":33},{"not_picked":["Pummel+1","Entrench+1"],"picked":"Shrug It Off+1","floor":35},{"not_picked":["Metallicize+1","Body Slam+1"],"picked":"Heavy Blade+1","floor":37},{"not_picked":["Hemokinesis+1","Warcry"],"picked":"Shrug It Off+1","floor":41},{"not_picked":["Chrysalis","Purity"],"picked":"Sadistic Nature","floor":45},{"not_picked":["Bloodletting+1","Power Through+1"],"picked":"Flex+1","floor":46}],"player_experience":84760,"relics_obtained":[{"floor":6,"key":"Molten Egg 2"},{"floor":9,"key":"Mummified Hand"},{"floor":26,"key":"Tiny Chest"},{"floor":31,"key":"Red Skull"},{"floor":36,"key":"Shovel"},{"floor":43,"key":"Pen Nib"}],"event_choices":[{"damage_healed":0,"gold_gain":0,"player_choice":"Fled","damage_taken":0,"max_hp_gain":0,"max_hp_loss":0,"event_name":"Scrap Ooze","floor":3,"gold_loss":0},{"damage_healed":0,"gold_gain":0,"player_choice":"Left Gold","damage_taken":0,"max_hp_gain":0,"max_hp_loss":0,"event_name":"World of Goop","floor":4,"gold_loss":46},{"damage_healed":0,"gold_gain":0,"player_choice":"Ignored","damage_taken":0,"max_hp_gain":0,"max_hp_loss":0,"event_name":"Golden Idol","floor":12,"gold_loss":0},{"cards_removed":["Dropkick"],"damage_healed":0,"gold_gain":0,"player_choice":"Offered Uncommon","damage_taken":0,"max_hp_gain":0,"max_hp_loss":0,"event_name":"Bonfire Elementals","floor":19,"gold_loss":0},{"damage_healed":0,"gold_gain":0,"player_choice":"Simplicity","damage_taken":0,"max_hp_gain":0,"max_hp_loss":0,"event_name":"Back to Basics","floor":25,"gold_loss":0,"cards_upgraded":["Strike_R","Strike_R","Strike_R","Strike_R","Strike_R","Defend_R","Defend_R","Defend_R","Defend_R"]},{"damage_healed":0,"gold_gain":0,"player_choice":"Ignored","damage_taken":0,"max_hp_gain":0,"max_hp_loss":0,"event_name":"The Mausoleum","floor":27,"gold_loss":0},{"damage_healed":0,"gold_gain":0,"player_choice":"Inject Mutagens","damage_taken":0,"relics_obtained":["MutagenicStrength"],"max_hp_gain":0,"max_hp_loss":0,"event_name":"Drug Dealer","floor":30,"gold_loss":0},{"damage_healed":0,"gold_gain":0,"player_choice":"Paid","damage_taken":0,"relics_obtained":["Red Mask"],"max_hp_gain":0,"max_hp_loss":0,"event_name":"Tomb of Lord Red Mask","floor":39,"gold_loss":40},{"damage_healed":0,"gold_gain":0,"player_choice":"Ignored","damage_taken":0,"max_hp_gain":0,"max_hp_loss":0,"event_name":"Mysterious Sphere","floor":44,"gold_loss":0},{"damage_healed":0,"gold_gain":0,"player_choice":"Memory 1","damage_taken":0,"max_hp_gain":0,"max_hp_loss":0,"event_name":"SensoryStone","floor":45,"gold_loss":0}],"is_beta":false,"boss_relics":[{"not_picked":["Coffee Dripper","Calling Bell"],"picked":"Runic Pyramid"},{"not_picked":["Runic Dome","Cursed Key"],"picked":"Black Blood"}],"items_purged_floors":[],"is_endless":false,"potions_floor_spawned":[1,7,16,21,37],"killed_by":"Reptomancer","ascension_level":0}}