{"host":"sav7uxregyirlf69","time":1614005688,"event":{"mods":["AchievementEnabler","BaseMod","Colored Map","DeckTracker","Keyboard Shortcuts","Minty Spire (QoL Compilation)","READ ME - Guardian Mod","StSLib","SuperFastMode"],"gold_per_floor":[114,189,204,204,204,234,234,298,298,313,328,103,103,103,103,228,228,243,318,358,398,398,437,437,437,437,452,452,492,507,537,537,662,662,702,776,776,376,416,416,471,267,267,267,322,337,337,352,352,352],"floor_reached":51,"language":"KOR","playtime":1603,"items_purged":["Alpha","Blasphemy","Grand Finale"],"score":1034,"play_id":"3b312773-5500-46e0-8922-ffadce1b10c1","local_time":"20210222235448","daily_mods":["Shiny","Diverse","Binary"],"is_ascension_mode":false,"campfire_choices":[{"floor":7,"key":"REST"},{"data":"Corruption","floor":15,"key":"SMITH"},{"data":"Wraith Form v2","floor":25,"key":"SMITH"},{"data":"Omniscience","floor":32,"key":"SMITH"},{"data":"Barricade","floor":40,"key":"SMITH"},{"data":"Creative AI","floor":47,"key":"SMITH"},{"data":"Buffer","floor":49,"key":"SMITH"}],"circlet_count":0,"master_deck":["Judgement","ConjureBlade+1","MasterReality","Brilliance","Devotion","Ragnarok","LessonLearned","Scrawl+1","Vault","Wish","Omniscience+1","Establishment","SpiritShield","DevaForm","DeusExMachina","Multi-Cast","Hyperbeam","Thunder Strike","Biased Cognition","Machine Learning","Electrodynamics","Buffer+1","Rainbow","Seek","Meteor Strike","Echo Form","All For One","Reboot","Amplify","Creative AI+1","Fission","Core Surge","Venomology","Corpse Explosion","Malaise","Phantasmal Killer","Die Die Die","Adrenaline","Envenom","Doppelganger+1","Burst","Wraith Form v2+1","Tools of the Trade","Night Terror","After Image","Bullet Time","Storm of Steel","Glass Knife","A Thousand Cuts","Double Tap","Demon Form","Bludgeon","Feed","Limit Break","Corruption+1","Barricade+1","Fiend Fire","Berserk","Impervious","Juggernaut","Brutality","Reaper","Exhume","Offering+1","Immolate","Backflip","Escape Plan","Hologram","Sentinel+1","Footwork","Hologram"],"relics":["Cracked Core","Singing Bowl","Bag of Preparation","CeramicFish","Mummified Hand","Lee\u0027s Waffle","Philosopher\u0027s Stone","Pen Nib","Orichalcum","MutagenicStrength","Bird Faced Urn","Eternal Feather","Sozu","Medical Kit","Boot","Girya","Ancient Tea Set","Letter Opener"],"acts_visited":["Exordium","TheCity","TheBeyond"],"potions_floor_usage":[11,13,18,20,23,36,39,39],"damage_taken":[{"damage":0,"enemies":"2 Louse","floor":1,"turns":4},{"damage":0,"enemies":"Small Slimes","floor":3,"turns":2},{"damage":45,"enemies":"Gremlin Nob","floor":6,"turns":6},{"damage":10,"enemies":"Lagavulin","floor":8,"turns":8},{"damage":0,"enemies":"Jaw Worm","floor":10,"turns":2},{"damage":6,"enemies":"2 Fungi Beasts","floor":11,"turns":2},{"damage":0,"enemies":"Gremlin Gang","floor":13,"turns":1},{"damage":6,"enemies":"Slime Boss","floor":16,"turns":5},{"damage":38,"enemies":"2 Thieves","floor":18,"turns":4},{"damage":0,"enemies":"Spheric Guardian","floor":19,"turns":2},{"damage":6,"enemies":"Centurion and Healer","floor":20,"turns":3},{"damage":8,"enemies":"Chosen and Byrds","floor":21,"turns":3},{"damage":17,"enemies":"Gremlin Leader","floor":23,"turns":3},{"damage":15,"enemies":"Snake Plant","floor":27,"turns":2},{"damage":10,"enemies":"Shelled Parasite and Fungi","floor":29,"turns":4},{"damage":14,"enemies":"Centurion and Healer","floor":30,"turns":3},{"damage":1,"enemies":"Book of Stabbing","floor":31,"turns":2},{"damage":16,"enemies":"Automaton","floor":33,"turns":5},{"damage":18,"enemies":"3 Darklings","floor":35,"turns":7},{"damage":0,"enemies":"3 Shapes","floor":36,"turns":3},{"damage":19,"enemies":"Transient","floor":39,"turns":5},{"damage":1,"enemies":"Giant Head","floor":41,"turns":5},{"damage":6,"enemies":"Reptomancer","floor":45,"turns":5},{"damage":0,"enemies":"Sphere and 2 Shapes","floor":46,"turns":3},{"damage":8,"enemies":"3 Darklings","floor":48,"turns":2},{"damage":49,"enemies":"Time Eater","floor":50,"turns":8}],"seed_played":"-9004314451342404475","potions_obtained":[{"floor":8,"key":"Dexterity Potion"},{"floor":10,"key":"SmokeBomb"},{"floor":11,"key":"SneckoOil"},{"floor":19,"key":"Block Potion"},{"floor":23,"key":"Energy Potion"}],"is_trial":false,"path_per_floor":["M","?","M","?","?","E","R","E","T","M","M","$","M","?","R","B",null,"M","M","M","M","?","E","?","R","T","M","?","M","M","E","R","B",null,"M","M","?","$","M","R","E","$","T","?","E","M","R","M","R","B",null],"character_chosen":"DEFECT","items_purchased":["Lee\u0027s Waffle","Medical Kit","Boot","Footwork","Hologram"],"campfire_rested":1,"item_purchase_floors":[12,38,38,42,42],"current_hp_per_floor":[75,64,64,69,66,23,47,37,37,39,43,93,93,103,103,99,105,69,71,67,61,61,52,52,52,52,47,47,49,47,60,102,112,123,115,125,125,125,127,127,129,129,129,129,131,133,133,133,135,89],"gold":352,"neow_bonus":"","is_daily":true,"chose_seed":false,"campfire_upgraded":6,"win_rate":0.0,"timestamp":1614005688,"path_taken":["M","?","M","?","?","E","R","E","T","M","?","$","M","?","R","BOSS","M","M","?","M","?","E","?","R","T","M","?","M","?","E","R","BOSS","M","M","?","$","M","R","E","$","T","?","E","?","R","M","R","BOSS"],"items_purchased_type":["Relic","Relic","Relic","Card","Card"],"build_version":"2020-12-22","purchased_purges":3,"victory":true,"max_hp_per_floor":[75,75,75,80,80,82,82,82,82,84,86,93,93,103,103,105,105,107,109,111,113,113,113,113,113,113,115,115,117,119,121,121,123,123,125,125,125,125,127,127,129,129,129,129,131,133,133,135,135,135],"card_choices":[{"not_picked":["Underhanded Strike"],"picked":"Backflip","floor":1},{"not_picked":["Masterful Stab","Pommel Strike"],"picked":"SKIP","floor":3},{"not_picked":["Poisoned Stab","Entrench"],"picked":"Singing Bowl","floor":6},{"not_picked":["Flechettes"],"picked":"Escape Plan","floor":8},{"not_picked":["Crippling Poison","Wireheading"],"picked":"Singing Bowl","floor":10},{"not_picked":["CutThroughFate","Go for the Eyes"],"picked":"Singing Bowl","floor":11},{"not_picked":["Exhume","Night Terror"],"picked":"Singing Bowl","floor":16},{"not_picked":["Crescendo","ReachHeaven+1"],"picked":"Singing Bowl","floor":18},{"not_picked":["Havoc","PiercingWail+1"],"picked":"Singing Bowl","floor":19},{"not_picked":["Streamline","Study"],"picked":"Singing Bowl","floor":20},{"not_picked":["Bane","PiercingWail"],"picked":"Singing Bowl","floor":21},{"not_picked":["FlyingSleeves+1"],"picked":"Hologram","floor":23},{"not_picked":["Headbutt","Finisher"],"picked":"Singing Bowl","floor":27},{"not_picked":["Perfected Strike","Fasting2+1"],"picked":"Singing Bowl","floor":29},{"not_picked":["Consume","Finisher"],"picked":"Singing Bowl","floor":30},{"not_picked":["Leap","EmptyBody"],"picked":"Singing Bowl","floor":31},{"not_picked":["Brutality","Burst"],"picked":"Singing Bowl","floor":33},{"not_picked":["Headbutt+1","Conclude"],"picked":"Singing Bowl","floor":35},{"not_picked":["Accuracy"],"picked":"Sentinel+1","floor":36},{"not_picked":["Twin Strike+1","Compile Driver+1"],"picked":"Singing Bowl","floor":39},{"not_picked":["Steam","JustLucky+1"],"picked":"Singing Bowl","floor":41},{"not_picked":["ClearTheMind+1","Searing Blow+1"],"picked":"Singing Bowl","floor":45},{"not_picked":["Headbutt","EmptyFist+1"],"picked":"Singing Bowl","floor":46},{"not_picked":["FollowUp","Distraction"],"picked":"Singing Bowl","floor":48}],"player_experience":1648556,"relics_obtained":[{"floor":6,"key":"Bag of Preparation"},{"floor":8,"key":"CeramicFish"},{"floor":9,"key":"Mummified Hand"},{"floor":23,"key":"Orichalcum"},{"floor":26,"key":"Bird Faced Urn"},{"floor":31,"key":"Eternal Feather"},{"floor":41,"key":"Girya"},{"floor":43,"key":"Ancient Tea Set"},{"floor":45,"key":"Letter Opener"}],"event_choices":[{"damage_healed":0,"gold_gain":75,"player_choice":"Gather Gold","damage_taken":11,"max_hp_gain":0,"max_hp_loss":0,"event_name":"World of Goop","floor":2,"gold_loss":0},{"damage_healed":0,"gold_gain":0,"player_choice":"Donut","damage_taken":0,"max_hp_gain":5,"max_hp_loss":0,"event_name":"Big Fish","floor":4,"gold_loss":0},{"damage_healed":0,"gold_gain":0,"player_choice":"Success","damage_taken":3,"relics_obtained":["Singing Bowl"],"max_hp_gain":0,"max_hp_loss":0,"event_name":"Scrap Ooze","floor":5,"gold_loss":0},{"cards_removed":["Unload"],"damage_healed":0,"gold_gain":0,"player_choice":"Offered Rare","damage_taken":0,"max_hp_gain":10,"max_hp_loss":0,"event_name":"Bonfire Elementals","floor":14,"gold_loss":0},{"damage_healed":0,"gold_gain":0,"player_choice":"Opened","damage_taken":0,"relics_obtained":["Pen Nib"],"max_hp_gain":0,"max_hp_loss":0,"event_name":"The Mausoleum","floor":22,"gold_loss":0},{"damage_healed":0,"gold_gain":0,"player_choice":"Inject Mutagens","damage_taken":0,"relics_obtained":["MutagenicStrength"],"max_hp_gain":0,"max_hp_loss":0,"event_name":"Drug Dealer","floor":24,"gold_loss":0},{"damage_healed":0,"gold_gain":0,"player_choice":"Upgraded","damage_taken":0,"max_hp_gain":0,"max_hp_loss":0,"event_name":"Upgrade Shrine","floor":28,"gold_loss":0,"cards_upgraded":["Scrawl"]},{"damage_healed":0,"gold_gain":0,"player_choice":"Ignored","damage_taken":0,"max_hp_gain":0,"max_hp_loss":0,"event_name":"Tomb of Lord Red Mask","floor":37,"gold_loss":0},{"damage_healed":0,"gold_gain":0,"player_choice":"Bought 0 Potions","damage_taken":0,"max_hp_gain":0,"max_hp_loss":0,"event_name":"The Woman in Blue","floor":44,"gold_loss":0}],"is_beta":false,"boss_relics":[{"not_picked":["Velvet Choker","SacredBark"],"picked":"Philosopher\u0027s Stone"},{"not_picked":["Busted Crown","Nuclear Battery"],"picked":"Sozu"}],"items_purged_floors":[12,38,42],"is_endless":false,"potions_floor_spawned":[8,10,11,19,23,27,30,31,36,39,45],"ascension_level":0}}