{"host":"bpr07pynnqpe5ded","time":1614011711,"event":{"mods":["2.2 Compatiblity","Aspiration","BaseMod","Better Note","Better Third Choice","BetterRewards","Downfall","Jorbs\u0027s Wanderer Trilogy","Minty Spire (QoL Compilation)","Replay The Spire","Shop Mod","StSLib","The Marked","??????REMEMod"],"gold_per_floor":[118,135,135,85,100,100,132,132,132,57,127,153,173,199,199,302,302,314,404,156,172,172,206,206,81,81,81,112,125,125,156,156,261,261,276,288,301,301,312,344,344,194,194,213,213,240,240,96,96,96,96,96,21,46,46,46],"floor_reached":55,"language":"ENG","playtime":5358,"items_purged":["Defend_G","Strike_G","Outmaneuver","Defend_G"],"score":749,"play_id":"c4dd8817-dfd0-430c-8d26-c3bc0ecf3a98","local_time":"20210222163511","is_ascension_mode":false,"campfire_choices":[{"data":"Slimebound:PrepareCrush","floor":6,"key":"SMITH"},{"data":"Dodge and Roll","floor":8,"key":"SMITH"},{"floor":15,"key":"RECALL"},{"data":"Dodge and Roll","floor":27,"key":"SMITH"},{"data":"Neutralize","floor":30,"key":"SMITH"},{"floor":32,"key":"DIG"},{"data":"Phantasmal Killer","floor":41,"key":"SMITH"},{"data":"Outmaneuver","floor":41,"key":"SMITH"},{"data":"Predator","floor":45,"key":"SMITH"},{"data":"Flying Knee","floor":45,"key":"SMITH"},{"floor":49,"key":"DIG"},{"data":"Survivor","floor":52,"key":"SMITH"},{"data":"Strike_G","floor":52,"key":"SMITH"}],"circlet_count":0,"master_deck":["Strike_G","Strike_G","Strike_G+1","Defend_G+1","Survivor+1","Neutralize+1","Slimebound:PrepareCrush+1","Dodge and Roll+1","Dodge and Roll+1","Outmaneuver+1","Flying Knee+1","Flying Knee+1","Phantasmal Killer+1","Predator+1","Fluid Movement+1","Backflip+1"],"relics":["Ring of the Snake","REME_ComplimentaryCards","ReplayFunnel","Iron Hammer","Snack Pack","Happy Flower","Coffee Dripper","MerchantsRug","CaptainsWheel","aspiration:AnachronicSnailShell","Mercury Hourglass","Bottled Lightning","Replay:Arrowhead","aspiration:FrozenJewel","Empty Cage","Replay:Multitool","Ginger","Onion Ring","Art of War","Replay:WaspNest","War Paint"],"acts_visited":["Exordium","TheCity","TheBeyond","TheEnding"],"potions_floor_usage":[5,16,16,23,23,40,54,55,55],"damage_taken":[{"damage":1,"enemies":"Small Slimes","floor":1,"turns":4},{"damage":4,"enemies":"Jaw Worm","floor":2,"turns":2},{"damage":0,"enemies":"Cultist","floor":5,"turns":3},{"damage":2,"enemies":"Lagavulin","floor":7,"turns":5},{"damage":5,"enemies":"Replay:BlueRogue","floor":12,"turns":5},{"damage":0,"enemies":"Blue Slaver","floor":13,"turns":2},{"damage":6,"enemies":"Gremlin Nob","floor":14,"turns":4},{"damage":2,"enemies":"Hexaghost","floor":16,"turns":8},{"damage":0,"enemies":"Chosen","floor":18,"turns":4},{"damage":0,"enemies":"3 Byrds","floor":21,"turns":7},{"damage":37,"enemies":"Gremlin Leader","floor":23,"turns":9},{"damage":8,"enemies":"REME_1_Revenger","floor":28,"turns":5},{"damage":0,"enemies":"Shelled Parasite and Fungi","floor":29,"turns":4},{"damage":5,"enemies":"Replay:Snechameleon","floor":31,"turns":7},{"damage":27,"enemies":"Champ","floor":33,"turns":11},{"damage":0,"enemies":"3 Shapes","floor":35,"turns":5},{"damage":9,"enemies":"3 Darklings","floor":36,"turns":5},{"damage":0,"enemies":"Spire Growth","floor":37,"turns":2},{"damage":1,"enemies":"Sphere and 2 Shapes","floor":39,"turns":4},{"damage":19,"enemies":"Nemesis","floor":40,"turns":10},{"damage":6,"enemies":"Maw","floor":44,"turns":7},{"damage":9,"enemies":"R_Hoarder","floor":46,"turns":3},{"damage":32,"enemies":"Awakened One","floor":50,"turns":11},{"damage":13,"enemies":"Shield and Spear","floor":54,"turns":5},{"damage":66,"enemies":"The Heart","floor":55,"turns":7}],"seed_played":"-1368347935894562446","potions_obtained":[{"floor":1,"key":"champ:CounterPotion"},{"floor":7,"key":"GhostInAJar"},{"floor":13,"key":"Toxic Potion"},{"floor":14,"key":"AttackPotion"},{"floor":18,"key":"SkillPotion"},{"floor":33,"key":"Cursed Concoction"},{"floor":35,"key":"SneckoOil"},{"floor":54,"key":"CunningPotion"}],"is_trial":false,"path_per_floor":["M","M","?","?","M","R","E","R","T","$","T","E","M","E","R","B",null,"M","?","$","M","?","E","T","$","T","R","E","M","R","E","R","B",null,"M","M","M","?","M","E","R","$","T","M","R","E","R","$","R","B",null,"R","$","E","B"],"character_chosen":"THE_SILENT","items_purchased":["Outmaneuver","MerchantsRug","Art of War","EssenceOfSteel"],"campfire_rested":0,"item_purchase_floors":[20,20,48,53],"current_hp_per_floor":[69,65,65,65,65,65,63,63,63,63,63,58,60,56,56,58,70,70,58,58,62,62,27,27,27,27,27,21,25,25,24,24,5,70,70,62,64,64,65,54,54,54,54,54,54,49,70,70,70,44,70,70,70,59,0,0],"gold":46,"neow_bonus":"RANDOM_COMMON_RELIC","is_daily":false,"chose_seed":false,"campfire_upgraded":10,"win_rate":0.0,"timestamp":1614011711,"path_taken":["M","M","?","?","M","R","E","R","T","$","?","E","M","E","R","BOSS","M","?","$","M","?","E","?","$","T","R","E","?","R","E","R","BOSS","M","M","M","?","M","E","R","?","T","M","R","E","R","$","R","BOSS","R","$","E","BOSS"],"items_purchased_type":["Card","Relic","Relic","Potion"],"build_version":"2020-12-22","purchased_purges":4,"victory":false,"max_hp_per_floor":[70,70,70,70,70,70,70,70,70,70,70,70,70,70,70,70,70,70,70,70,70,70,70,70,70,70,70,70,70,70,70,70,70,70,70,70,70,70,70,70,70,70,70,70,70,70,70,70,70,70,70,70,70,70,70,70],"card_choices":[{"not_picked":["Hidden Blade","Slice"],"picked":"Deflect","floor":1},{"not_picked":["Poisoned Stab","Prepared","Dagger Spray"],"picked":"SKIP","floor":2},{"not_picked":["Hidden Blade","Deflect"],"picked":"Dodge and Roll","floor":5},{"not_picked":["Endless Agony","Hidden Blade"],"picked":"Dodge and Roll","floor":7},{"not_picked":["Skewer","Night Terror","Blade Dance"],"picked":"SKIP","floor":12},{"not_picked":["Reflex","Backflip","Underhanded Strike"],"picked":"SKIP","floor":13},{"not_picked":["All Out Attack","Deadly Poison","Cloak And Dagger"],"picked":"SKIP","floor":14},{"not_picked":["Replay:Poison Smokescreen+1","Flying Knee","Flechettes"],"picked":"SKIP","floor":18},{"not_picked":["Sucker Punch","Dagger Spray+1","Bane"],"picked":"SKIP","floor":21},{"not_picked":["ReplayTheSpireMod:Shiv Toss+1","Dagger Throw+1"],"picked":"Flying Knee","floor":23},{"not_picked":["Backflip","Catalyst","Skewer"],"picked":"SKIP","floor":28},{"not_picked":["Dagger Spray","Cloak And Dagger+1","Acrobatics"],"picked":"SKIP","floor":29},{"not_picked":["Quick Slash+1","REME_SpectralBlade"],"picked":"Flying Knee+1","floor":31},{"not_picked":["REME_SpectralBlade","Adrenaline"],"picked":"Phantasmal Killer","floor":33},{"not_picked":["Catalyst","Deflect"],"picked":"Predator","floor":35},{"not_picked":["Slice+1","Hidden Blade"],"picked":"Fluid Movement+1","floor":36},{"not_picked":["Acrobatics","PiercingWail","Dagger Spray+1"],"picked":"SKIP","floor":37},{"not_picked":["PiercingWail","Outmaneuver","Cloak And Dagger"],"picked":"SKIP","floor":39},{"not_picked":["Quick Slash","All Out Attack+1","Acrobatics+1"],"picked":"SKIP","floor":40},{"not_picked":["ReplayTheSpireMod:The Works+1","Skewer+1","Replay:Bag of Tricks"],"picked":"SKIP","floor":44},{"not_picked":["Prepared","Catalyst"],"picked":"Backflip+1","floor":46},{"not_picked":["Flying Knee+1","Sucker Punch+1","Predator"],"picked":"SKIP","floor":54}],"player_experience":1203254,"relics_obtained":[{"floor":7,"key":"ReplayFunnel"},{"floor":9,"key":"Iron Hammer"},{"floor":12,"key":"Snack Pack"},{"floor":14,"key":"Happy Flower"},{"floor":23,"key":"CaptainsWheel"},{"floor":24,"key":"aspiration:AnachronicSnailShell"},{"floor":26,"key":"Mercury Hourglass"},{"floor":28,"key":"Bottled Lightning"},{"floor":31,"key":"Replay:Arrowhead"},{"floor":32,"key":"aspiration:FrozenJewel"},{"floor":40,"key":"Replay:Multitool"},{"floor":43,"key":"Ginger"},{"floor":46,"key":"Onion Ring"},{"floor":49,"key":"Replay:WaspNest"},{"floor":54,"key":"War Paint"}],"event_choices":[{"cards_removed":["Defend_G"],"damage_healed":0,"gold_gain":0,"player_choice":"Forget","damage_taken":0,"max_hp_gain":0,"max_hp_loss":0,"event_name":"Living Wall","floor":3,"gold_loss":0},{"cards_removed":["Strike_G"],"damage_healed":0,"gold_gain":0,"player_choice":"Card Removal","damage_taken":0,"max_hp_gain":0,"max_hp_loss":0,"event_name":"The Cleric","floor":4,"gold_loss":50},{"damage_healed":0,"gold_gain":90,"player_choice":"GOLD ","damage_taken":12,"max_hp_gain":0,"max_hp_loss":0,"event_name":"Knowing Skull","floor":19,"potions_obtained":[],"gold_loss":0,"cards_obtained":[]},{"damage_healed":0,"gold_gain":0,"player_choice":"Ignored","damage_taken":0,"max_hp_gain":0,"max_hp_loss":0,"event_name":"betterNote:BetterNote","floor":22,"gold_loss":0,"cards_obtained":["Juggernaut"]},{"damage_healed":0,"gold_gain":0,"player_choice":"0 cards matched","damage_taken":0,"max_hp_gain":0,"max_hp_loss":0,"event_name":"Match and Keep!","floor":38,"gold_loss":0,"cards_obtained":[]}],"is_beta":false,"boss_relics":[{"not_picked":["Runic Pyramid","ReplayTheSpireMod:Onyx Gauntlets"],"picked":"Coffee Dripper"},{"not_picked":["REME_DuelDisc","Kintsugi"],"picked":"Empty Cage"}],"items_purged_floors":[10,20,25,42],"is_endless":false,"potions_floor_spawned":[1,7,13,14,18,33,35,54],"killed_by":"The Heart","ascension_level":0}}