{"host":"gjwzgdilc53yxmt0","time":1614012051,"event":{"mods":["2.2 Compatiblity","BaseMod","Bestiary","Highlight Path","Minty Spire (QoL Compilation)","Relic Stats","StSLib","ojb\u0027s Info Mod"],"gold_per_floor":[16,26,26,101,19,19,19,50,77,122,134,180,192,222,234,246,246],"floor_reached":16,"language":"ENG","playtime":782,"items_purged":[],"score":232,"play_id":"7dbe771b-b859-4ca7-9719-3b871d9130ca","local_time":"20210222114051","is_ascension_mode":true,"campfire_choices":[{"floor":7.0,"key":"REST"},{"floor":13,"key":"REST"},{"data":"Doppelganger","floor":15,"key":"SMITH"}],"circlet_count":0,"master_deck":["AscendersBane","Strike_G","Strike_G","Strike_G","Defend_G","Defend_G","Defend_G","Defend_G","Defend_G","Survivor","Neutralize+1","Sucker Punch","Calculated Gamble","Blade Dance","Blade Dance","Flying Knee","Venomology","Blur","Prepared","Doppelganger+1"],"relics":["Ring of the Snake","Unceasing Top","Mummified Hand","MawBank","The Courier","Frozen Egg 2"],"acts_visited":["Exordium"],"potions_floor_usage":[12,12,14,14,16,16],"damage_taken":[{"damage":0.0,"enemies":"Small Slimes","floor":1.0,"turns":4.0},{"damage":0.0,"enemies":"Jaw Worm","floor":2.0,"turns":4.0},{"damage":10.0,"enemies":"Lagavulin","floor":8.0,"turns":8.0},{"damage":37.0,"enemies":"Gremlin Nob","floor":10.0,"turns":4.0},{"damage":14,"enemies":"3 Sentries","floor":12,"turns":7},{"damage":5,"enemies":"2 Louse","floor":14,"turns":3},{"damage":33,"enemies":"The Guardian","floor":16,"turns":20}],"seed_played":"-4770736567745671327","potions_obtained":[{"floor":8.0,"key":"DuplicationPotion"},{"floor":10.0,"key":"Weak Potion"},{"floor":12,"key":"GhostInAJar"},{"floor":14,"key":"Fruit Juice"}],"is_trial":false,"path_per_floor":["M","M","?","?","$","?","R","E","T","E","$","E","R","M","R","B"],"character_chosen":"THE_SILENT","items_purchased":["SteroidPotion","Flying Knee"],"campfire_rested":2,"item_purchase_floors":[5,5],"current_hp_per_floor":[59,59,59,48,48,43,62,52,52,15,15,1,20,20,20,0,0],"gold":246,"neow_bonus":"TRANSFORM_TWO_CARDS","is_daily":false,"chose_seed":false,"campfire_upgraded":1,"win_rate":0.0,"timestamp":1614012051,"path_taken":["M","M","?","?","$","?","R","E","T","E","$","E","R","M","R","BOSS"],"items_purchased_type":["Potion","Card"],"build_version":"2020-12-22","purchased_purges":0,"victory":false,"max_hp_per_floor":[66,66,66,66,66,66,66,66,66,66,66,66,66,71,71,71,71],"relic_stats":{"counters":[7,50],"Mummified Hand":[0],"MawBank":84,"obtain_stats":[{"Mummified Hand":8,"The Courier":10,"Frozen Egg 2":12,"MawBank":9,"Unceasing Top":6,"Ring of the Snake":0},{"Mummified Hand":3,"The Courier":4,"Frozen Egg 2":5,"MawBank":3,"Unceasing Top":2,"Ring of the Snake":0},{"Mummified Hand":16,"The Courier":20,"Frozen Egg 2":27,"MawBank":16,"Unceasing Top":8,"Ring of the Snake":0}],"Unceasing Top":[7],"Ring of the Snake":[14]},"card_choices":[{"not_picked":["Terror","Dagger Throw"],"picked":"Blade Dance","floor":1.0},{"not_picked":["Reflex","Backflip"],"picked":"Blade Dance","floor":2.0},{"not_picked":["Dodge and Roll","Sucker Punch"],"picked":"Venomology","floor":8.0},{"not_picked":["Dodge and Roll","Riddle With Holes"],"picked":"Blur","floor":10.0},{"not_picked":["Quick Slash","Acrobatics"],"picked":"Prepared","floor":12},{"not_picked":["Poisoned Stab","Sucker Punch"],"picked":"Doppelganger","floor":14}],"player_experience":4978561,"relics_obtained":[{"floor":8.0,"key":"Mummified Hand"},{"floor":9.0,"key":"MawBank"},{"floor":10.0,"key":"The Courier"},{"floor":12,"key":"Frozen Egg 2"}],"event_choices":[{"damage_healed":0.0,"max_hp_gain":0.0,"max_hp_loss":0.0,"gold_gain":0.0,"event_name":"Living Wall","player_choice":"Grow","floor":3.0,"gold_loss":0.0,"damage_taken":0.0,"cards_upgraded":["Neutralize"]},{"damage_healed":0.0,"max_hp_gain":0.0,"max_hp_loss":0.0,"gold_gain":75.0,"event_name":"World of Goop","player_choice":"Gather Gold","floor":4.0,"gold_loss":0.0,"damage_taken":11.0},{"damage_healed":0.0,"max_hp_gain":0.0,"max_hp_loss":0.0,"gold_gain":0.0,"event_name":"Scrap Ooze","player_choice":"Success","floor":6.0,"gold_loss":0.0,"damage_taken":5.0,"relics_obtained":["Unceasing Top"]}],"is_beta":false,"boss_relics":[],"items_purged_floors":[],"is_endless":false,"potions_floor_spawned":[8,10,12,14],"killed_by":"The Guardian","ascension_level":20}}