{"host":"bpr07pynnqpe5ded","time":1614023301,"event":{"mods":["2.2 Compatiblity","Aspiration","BaseMod","Better Note","Better Third Choice","BetterRewards","Downfall","Jorbs\u0027s Wanderer Trilogy","Minty Spire (QoL Compilation)","Replay The Spire","Shop Mod","StSLib","The Marked","??????REMEMod"],"gold_per_floor":[111,126,139,139,64,64,92,92,118,145,155,155,13,29,29,134,134,153,165,165,185,196,196,228,254,266,294,306,337,360,372,384,497,509,533,561,21,0,50,50,69,95,149,183,183,217,236,247,247,247,247,247,122,153,153,153],"floor_reached":55,"language":"ENG","playtime":4084,"items_purged":["Defend_B","Strike_B","REME_SelfUpgrade+1"],"score":1168,"play_id":"f5e7f82f-7e7e-4f48-b61b-8c62fa35f9f1","local_time":"20210222194821","is_ascension_mode":false,"campfire_choices":[{"data":"REME_SelfUpgrade","floor":6,"key":"SMITH"},{"data":"theMarked:UnarmedFury","floor":8,"key":"SMITH"},{"data":"Zap","floor":12,"key":"SMITH"},{"data":"Dualcast","floor":15,"key":"SMITH"},{"data":"Buffer","floor":23,"key":"SMITH"},{"data":"Coolheaded","floor":28,"key":"SMITH"},{"floor":32,"key":"RECALL"},{"data":"REME_ForAll","floor":40,"key":"SMITH"},{"data":"Beam Cell","floor":49,"key":"SMITH"},{"data":"Defend_B","floor":52,"key":"SMITH"}],"circlet_count":0,"master_deck":["Strike_B+1","Strike_B","Defend_B","Defend_B+1","Defend_B+1","Zap+1","Dualcast+1","theMarked:UnarmedFury+1","REME_DataAnalysis","Go for the Eyes","BootSequence","Coolheaded+1","All For One","Buffer+1","Chill+1","Streamline+1","Beam Cell","All For One","Gash","Rebound+1","Seek+1","REME_ForAll+1","Beam Cell+1","Reprogram+1","Gash","FTL","ReplayGash","Hologram+1","Parasite","Gash"],"relics":["Cracked Core","REME_ComplimentaryCards","Anchor","Thread and Needle","Black Star","Blood Vial","MawBank","REME_LimitBreaker","Philosopher\u0027s Stone","Prayer Wheel","Red Mask","Prayer Wheel","Mango","Happy Flower","Simple Rune","Juzu Bracelet","Strawberry","Blue Candle","ReplayFunnel","Counterbalance","Ornamental Fan","Replay:Multitool"],"acts_visited":["Exordium","TheCity","TheBeyond","TheEnding"],"potions_floor_usage":[7,7,19,21,24,33,39,45,50,50,55],"damage_taken":[{"damage":0,"enemies":"Cultist","floor":1,"turns":3},{"damage":0,"enemies":"2 Louse","floor":2,"turns":2},{"damage":6,"enemies":"Jaw Worm","floor":3,"turns":3},{"damage":7,"enemies":"Gremlin Nob","floor":7,"turns":5},{"damage":7,"enemies":"3 Sentries","floor":10,"turns":7},{"damage":0,"enemies":"Looter","floor":11,"turns":3},{"damage":9,"enemies":"Large Slime","floor":14,"turns":4},{"damage":0,"enemies":"Fading Forest","floor":16,"turns":11},{"damage":12,"enemies":"2 Thieves","floor":18,"turns":4},{"damage":0,"enemies":"Spheric Guardian","floor":19,"turns":5},{"damage":0,"enemies":"3 Cultists","floor":21,"turns":5},{"damage":5,"enemies":"Sentry and Sphere","floor":22,"turns":6},{"damage":2,"enemies":"Gremlin Leader","floor":24,"turns":6},{"damage":0,"enemies":"Snecko","floor":25,"turns":3},{"damage":0,"enemies":"Centurion and Healer","floor":27,"turns":7},{"damage":0,"enemies":"Shelled Parasite and Fungi","floor":29,"turns":6},{"damage":3,"enemies":"Snecko","floor":30,"turns":5},{"damage":2,"enemies":"Pondfish","floor":33,"turns":8},{"damage":15,"enemies":"3 Darklings","floor":35,"turns":4},{"damage":0,"enemies":"Orb Walker","floor":36,"turns":3},{"damage":20,"enemies":"Mind Bloom Boss Battle","floor":39,"turns":5},{"damage":0,"enemies":"Writhing Mass","floor":41,"turns":4},{"damage":0,"enemies":"Giant Head","floor":42,"turns":4},{"damage":20,"enemies":"Nemesis","floor":44,"turns":3},{"damage":0,"enemies":"Maw","floor":45,"turns":2},{"damage":0,"enemies":"Giant Head","floor":46,"turns":5},{"damage":0,"enemies":"Transient","floor":47,"turns":5},{"damage":0,"enemies":"Writhing Mass","floor":48,"turns":4},{"damage":46,"enemies":"Donu and Deca","floor":50,"turns":7},{"damage":1,"enemies":"Shield and Spear","floor":54,"turns":2},{"damage":89,"enemies":"The Heart","floor":55,"turns":5}],"seed_played":"-8037969370296896626","potions_obtained":[{"floor":3,"key":"Guardian:BlockOnCardUsePotion"},{"floor":7,"key":"Fruit Juice"},{"floor":11,"key":"champ:CounterPotion"},{"floor":14,"key":"Explosive Potion"},{"floor":18,"key":"bronze:BurnAndBuffPotion"},{"floor":19,"key":"Strength Potion"},{"floor":27,"key":"Reflective Coating"},{"floor":29,"key":"SmokeBomb"},{"floor":36,"key":"Toxic Potion"},{"floor":44,"key":"Regen Potion"},{"floor":46,"key":"Block Potion"},{"floor":54,"key":"SkillPotion"}],"is_trial":false,"path_per_floor":["M","M","M","?","$","R","E","R","T","E","M","R","$","M","R","B",null,"M","M","?","M","M","R","E","M","T","M","R","M","M","?","R","B",null,"M","M","$","?","?","R","M","E","T","E","M","E","M","M","R","B",null,"R","$","E","B"],"character_chosen":"DEFECT","items_purchased":["All For One","Prayer Wheel","ReplayTheSpireMod:Fabricate Wheel"],"campfire_rested":0,"item_purchase_floors":[13,37,37],"current_hp_per_floor":[82,82,76,69,69,69,67,67,67,60,60,60,60,51,51,51,87,75,75,84,84,79,79,77,79,79,81,81,83,82,82,82,82,87,72,74,74,74,70,70,72,74,74,63,65,67,69,71,71,27,108,108,108,107,19,19],"gold":153,"neow_bonus":"TEN_PERCENT_HP_BONUS","is_daily":false,"chose_seed":false,"campfire_upgraded":9,"win_rate":0.0,"timestamp":1614023301,"path_taken":["M","M","M","?","$","R","E","R","T","E","M","R","$","M","R","BOSS","M","M","?","M","M","R","E","M","T","M","R","M","M","?","R","BOSS","M","M","$","?","?","R","M","E","T","E","M","E","M","M","R","BOSS","R","$","E","BOSS"],"items_purchased_type":["Card","Relic","Card"],"build_version":"2020-12-22","purchased_purges":3,"victory":false,"max_hp_per_floor":[82,82,82,82,82,82,87,87,87,87,87,87,87,87,87,87,87,87,87,87,87,87,87,87,87,87,87,87,87,87,87,87,87,87,87,87,87,87,101,101,101,101,101,108,108,108,108,108,108,108,108,108,108,108,108,108],"card_choices":[{"not_picked":["Barrage","Sunder"],"picked":"REME_DataAnalysis","floor":1},{"not_picked":["Turbo","REME_SelfUpgrade","Melter"],"picked":"SKIP","floor":2},{"not_picked":["Turbo","Melter"],"picked":"REME_SelfUpgrade","floor":2},{"not_picked":["Compile Driver","Glacier","Streamline"],"picked":"Go for the Eyes","floor":3},{"not_picked":["Stack","Hyperbeam","Turbo","Compile Driver"],"picked":"BootSequence","floor":7},{"not_picked":["REME_DataAnalysis","ReplayTheSpireMod:Calculation Training","Cold Snap","Streamline"],"picked":"Coolheaded","floor":10},{"not_picked":["Panic Button","Genetic Algorithm","Compile Driver","Leap","BootSequence"],"picked":"SKIP","floor":11},{"not_picked":["ReplayTheSpireMod:Omega Cannon","Reprogram","Cold Snap","Leap","Hologram"],"picked":"SKIP","floor":14},{"not_picked":["ReplayTheSpireMod:Omega Cannon","Mirror Shield","Core Surge","Creative AI"],"picked":"Buffer","floor":16},{"not_picked":["Barrage","ReplayGash","Hologram+1","Coolheaded"],"picked":"Chill+1","floor":18},{"not_picked":["Panic Button+1","BasicCrystalCard+1","Cold Snap","Amplify"],"picked":"Streamline+1","floor":19},{"not_picked":["Barrage","Defragment","Blizzard","Ball Lightning"],"picked":"Beam Cell","floor":21},{"not_picked":["Rebound","Turbo","Steam+1","ReplayTheSpireMod:GoodbyeWorld"],"picked":"All For One","floor":22},{"not_picked":["Leap","Turbo","BasicCrystalCard","Force Field","Coolheaded"],"picked":"SKIP","floor":24},{"not_picked":["White Noise","Self Repair","Sweeping Beam"],"picked":"SKIP","floor":25},{"not_picked":["Go for the Eyes","Hello World","Leap","REME_Compress"],"picked":"Gash","floor":27},{"not_picked":["Stack","Leap","Go for the Eyes","Conserve Battery+1"],"picked":"Rebound+1","floor":29},{"not_picked":["Auto Shields","Chill","BasicCrystalCard+1","ReplaySort"],"picked":"Seek","floor":30},{"not_picked":["Machine Learning","Thunder Strike","Electrodynamics","Mirror Shield"],"picked":"REME_ForAll","floor":33},{"not_picked":["ReplayTheSpireMod:Reroute Power","ReplayGash","Sweeping Beam+1","ReplayTheSpireMod:Repulse+1"],"picked":"Beam Cell","floor":35},{"not_picked":["Force Field","Barrage","Steam+1"],"picked":"SKIP","floor":36},{"not_picked":["Turbo","Streamline","Cold Snap","Redo"],"picked":"Reprogram+1","floor":39},{"not_picked":["ReplayGash","All For One","BasicCrystalCard","Stack"],"picked":"Gash","floor":41},{"not_picked":["Rebound+1","Aggregate+1","Hyperbeam","Leap"],"picked":"FTL","floor":41},{"not_picked":["Sweeping Beam","Steam","Redo","Conserve Battery+1","Rebound+1"],"picked":"SKIP","floor":41},{"not_picked":["Panic Button+1","Fission","Scrape+1","Conserve Battery"],"picked":"ReplayGash","floor":42},{"not_picked":["Leap+1","Barrage+1","Redo","Go for the Eyes+1"],"picked":"Hologram+1","floor":44},{"not_picked":["Echo Form","ReplaySort+1","Storm+1","Beam Cell+1","Reinforced Body"],"picked":"SKIP","floor":46},{"not_picked":["Leap","BootSequence","Beam Cell+1","Steam","Stack+1"],"picked":"SKIP","floor":47},{"not_picked":["BasicCrystalCard+1","Leap+1","Redo+1","Lockon+1","Biased Cognition"],"picked":"SKIP","floor":47},{"not_picked":["ReplayTheSpireMod:Repulse","Redo+1","Conserve Battery","Cold Snap+1","Hello World+1"],"picked":"SKIP","floor":47},{"not_picked":["Streamline","Darkness","Go for the Eyes+1","Sweeping Beam+1"],"picked":"Gash","floor":48},{"not_picked":["Ball Lightning+1","Rebound","Beam Cell","Conserve Battery","ReplayTheSpireMod:System Scan"],"picked":"SKIP","floor":48},{"not_picked":["Go for the Eyes","Turbo","Auto Shields","Hologram+1","Redo+1"],"picked":"SKIP","floor":48},{"not_picked":["BasicCrystalCard","Streamline+1","Hologram+1"],"picked":"SKIP","floor":54}],"player_experience":1216008,"relics_obtained":[{"floor":7,"key":"Anchor"},{"floor":10,"key":"Thread and Needle"},{"floor":24,"key":"Blood Vial"},{"floor":24,"key":"MawBank"},{"floor":26,"key":"REME_LimitBreaker"},{"floor":39,"key":"Mango"},{"floor":42,"key":"Happy Flower"},{"floor":42,"key":"Simple Rune"},{"floor":43,"key":"Juzu Bracelet"},{"floor":44,"key":"Strawberry"},{"floor":44,"key":"Blue Candle"},{"floor":46,"key":"ReplayFunnel"},{"floor":46,"key":"Counterbalance"},{"floor":54,"key":"Ornamental Fan"},{"floor":54,"key":"Replay:Multitool"}],"event_choices":[{"cards_removed":["Strike_B"],"damage_healed":0,"gold_gain":0,"player_choice":"Card Removal","damage_taken":7,"max_hp_gain":0,"max_hp_loss":0,"event_name":"Golden Wing","floor":4,"gold_loss":0},{"damage_healed":0,"gold_gain":0,"player_choice":"Forge","damage_taken":0,"max_hp_gain":0,"max_hp_loss":0,"event_name":"Accursed Blacksmith","floor":31,"gold_loss":0,"cards_upgraded":["Seek"]},{"damage_healed":0,"gold_gain":0,"player_choice":"Paid","damage_taken":0,"relics_obtained":["Red Mask"],"max_hp_gain":0,"max_hp_loss":0,"event_name":"Tomb of Lord Red Mask","floor":38,"gold_loss":21},{"damage_healed":0,"gold_gain":0,"player_choice":"Fight","damage_taken":0,"max_hp_gain":0,"max_hp_loss":0,"event_name":"MindBloom","floor":39,"gold_loss":0}],"is_beta":false,"boss_relics":[{"not_picked":["Ectoplasm","Busted Crown"],"picked":"Black Star"},{"not_picked":["SacredBark","Replay:Bronze Core"],"picked":"Philosopher\u0027s Stone"}],"items_purged_floors":[5,37,53],"is_endless":false,"potions_floor_spawned":[3,7,11,14,18,19,27,29,36,44,45,46,54],"killed_by":"The Heart","ascension_level":0}}