{"host":"xumidyqji6pg2yy3","time":1614011383,"event":{"mods":["ATMod(°¢èªMod)","Act Like it!","Arknights","BaseMod","Colored Map","Gensokyo","Minty Spire (QoL Compilation)","MostiFishMod","Quick Restart","StSLib"],"gold_per_floor":[111,2,2,13,13,338,338,338,361,377,408,111,111,145,145,243,243,256,269,139,156,165,165,197,222,276,288,338,377,389,416,428,552,564,601,624,653,684,708,758,-847,-819,-819,-784,-770,-737,-720,-692,-692,-692,-692,-692,-692,-658,-658],"floor_reached":56,"language":"ZHS","playtime":2682,"items_purged":["ats:Defend","ats:Defend","ats:Defend"],"score":2111,"play_id":"1fcab8e5-db95-4310-a9de-9d09a8ffeec3","local_time":"20210223002943","is_ascension_mode":true,"campfire_choices":[{"data":"ats:Armor Crushing Shot","floor":7.0,"key":"SMITH"},{"data":"ats:Demon Strength","floor":15.0,"key":"SMITH"},{"data":"ats:Rapid Magazine","floor":23.0,"key":"SMITH"},{"data":"AT_LightSaberMaster","floor":27.0,"key":"SMITH"},{"data":"ats:Emotion Absorption","floor":32.0,"key":"SMITH"},{"floor":49.0,"key":"RECALL"},{"data":"ats:Powerful Strike","floor":52,"key":"SMITH"}],"circlet_count":0,"master_deck":["ats:Strike C","ats:Strike G","ats:Strike S","ats:Strike V","ats:Armor Crushing Shot+1","ats:Emotion Absorption+1","ats:Red Shift","ats:Rapid Magazine+1","ats:Hook Shot+1","ats:Powerful Strike+1","ats:Poison Spread","ats:Demon Strength+1","ats:Chain Hook","ats:Very Hot Blade","ats:Flexible Camouflage+1","ats:Consecutive Shot Auto+1","ats:Hook Shot+1","ats:Neurotoxin+1"],"relics":["ats:Sanity","AT_ATBox","DaveBox","OneHitWonderSystem","SynthV:TestCard","ats:Originium","AT_BellDemon","Gensokyo:CelestialsFlawlessClothing","MostiFishMod:Haymaker","Juzu Bracelet","HornCleat","Darkstone Periapt","Bag of Preparation","Gensokyo:PortableGap","InkBottle","CeramicFish","Ginger","GuanYuAspect","Ancient Tea Set","Mummified Hand","Strawberry","Unceasing Top","ats:Remnant Ash","The Courier","Happy Flower","MawBank","DianPoetry","Letter Opener","AT_ArchangelStaff","Bag of Marbles","AT_ForceNature","Sundial","Runic Pyramid","AT_SilverBalance","Art of War","Eternal Feather","Pen Nib","Bottled Lightning","AT_GoldPhoenixTree","AT_BladeRuinedKing","Omamori","SynthV:MejaisSoulstealer","AT_LudenTempest","Du-Vu Doll","War Paint","Ice Cream","TungstenRod","ats:Spiritual Recovery","Potion Belt","StrikeDummy","Boot","SentryEyes","SynthV:C4","AT_SunfireAegis","ats:Emergency Defibrillator"],"acts_visited":["Exordium","Gensokyo:Gensokyo","Gensokyo:Gensokyoer","TheEnding"],"potions_floor_usage":[55,55,55],"damage_taken":[{"damage":0.0,"enemies":"Gensokyo:Python","floor":1.0,"turns":3.0},{"damage":0.0,"enemies":"Gensokyo:2_Kodama","floor":4.0,"turns":4.0},{"damage":0.0,"enemies":"Gensokyo:Mamizou","floor":6.0,"turns":9.0},{"damage":0.0,"enemies":"Gensokyo:3_Fairies","floor":10.0,"turns":3.0},{"damage":0.0,"enemies":"Gensokyo:Cirno","floor":11.0,"turns":4.0},{"damage":0.0,"enemies":"Gensokyo:Aya","floor":14.0,"turns":3.0},{"damage":0.0,"enemies":"Gensokyo:Yukari","floor":16.0,"turns":8.0},{"damage":0.0,"enemies":"Gensokyo:AngelMirror","floor":18.0,"turns":3.0},{"damage":0.0,"enemies":"Gensokyo:3_Dogs","floor":19.0,"turns":4.0},{"damage":0.0,"enemies":"Gensokyo:Chomper_and_Gloop","floor":21.0,"turns":3.0},{"damage":0.0,"enemies":"Gensokyo:Koishi","floor":24.0,"turns":3.0},{"damage":0.0,"enemies":"Gensokyo:Reisen","floor":25.0,"turns":3.0},{"damage":0.0,"enemies":"Gensokyo:Koishi","floor":28.0,"turns":2.0},{"damage":0.0,"enemies":"Gensokyo:Reisen","floor":29.0,"turns":2.0},{"damage":0.0,"enemies":"Gensokyo:Swordslinger","floor":31.0,"turns":1.0},{"damage":0.0,"enemies":"Gensokyo:Kaguya","floor":33.0,"turns":4.0},{"damage":0.0,"enemies":"Gensokyo:AncientGuardian","floor":35.0,"turns":2.0},{"damage":0.0,"enemies":"Gensokyo:3_Bats","floor":36.0,"turns":1.0},{"damage":0.0,"enemies":"Gensokyo:Sharpion","floor":37.0,"turns":2.0},{"damage":0.0,"enemies":"Gensokyo:Dusk_and_Dawn","floor":38.0,"turns":1.0},{"damage":0.0,"enemies":"Gensokyo:SeedOfUnknown","floor":39.0,"turns":2.0},{"damage":0.0,"enemies":"Gensokyo:Doremy","floor":40.0,"turns":1.0},{"damage":0.0,"enemies":"Gensokyo:Marisa","floor":42.0,"turns":1.0},{"damage":0.0,"enemies":"Gensokyo:Doremy","floor":44.0,"turns":1.0},{"damage":0.0,"enemies":"Gensokyo:3_Boulders","floor":45.0,"turns":1.0},{"damage":0.0,"enemies":"Gensokyo:Marisa","floor":46.0,"turns":1.0},{"damage":0.0,"enemies":"Gensokyo:Rafflesia","floor":47.0,"turns":1.0},{"damage":0.0,"enemies":"Gensokyo:Doremy","floor":48.0,"turns":1.0},{"damage":0,"enemies":"Gensokyo:Shinki","floor":50,"turns":3},{"damage":0,"enemies":"Shield and Spear","floor":54,"turns":2},{"damage":0,"enemies":"The Heart","floor":55,"turns":3}],"seed_played":"-8683447235134181310","potions_obtained":[{"floor":1.0,"key":"GamblersBrew"},{"floor":4.0,"key":"ColorlessPotion"},{"floor":18.0,"key":"FairyPotion"},{"floor":25.0,"key":"ats:Burn Small Potion"},{"floor":38.0,"key":"DuplicationPotion"},{"floor":46.0,"key":"Ancient Potion"},{"floor":54,"key":"PowerPotion"}],"is_trial":false,"path_per_floor":["M","COS","?","M","?","E","R","?","T","M","E","$","?","E","R","B",null,"M","M","$","M","?","R","E","E","T","R","E","E","?","M","R","B",null,"M","M","M","M","M","E","$","E","T","E","M","E","M","E","R","B",null,"R","$","E","B",null],"character_chosen":"DOCTOR_CLASS","items_purchased":["ats:Demon Strength","Bag of Preparation","ats:Chain Hook","Omamori","SynthV:MejaisSoulstealer"],"campfire_rested":0,"item_purchase_floors":[12,12,20,41,41],"current_hp_per_floor":[1,1,1,1,1,1,1,1,1,1,1,1,1,1,1,1,1,1,1,1,5,1,1,1,1,1,1,1,1,1,1,1,1,1,1,1,1,1,1,1,1,1,1,1,1,1,1,1,1,1,1,1,1,1,1],"gold":-658,"neow_bonus":"THREE_CARDS","is_daily":false,"chose_seed":false,"campfire_upgraded":6,"win_rate":0.0,"timestamp":1614011383,"path_taken":["M","COS","?","M","?","E","R","?","T","?","E","$","?","E","R","BOSS","M","M","$","M","?","R","E","E","T","R","E","E","?","M","R","BOSS","M","M","M","M","M","E","$","E","T","E","M","E","M","E","R","BOSS","R","$","E","BOSS"],"items_purchased_type":["Card","Relic","Card","Relic","Relic"],"build_version":"2020-12-22","purchased_purges":3,"victory":true,"max_hp_per_floor":[1,1,1,1,1,1,1,1,1,1,1,1,1,1,1,1,1,1,1,1,8,1,1,1,1,1,1,1,1,1,1,1,1,1,1,1,1,1,1,1,1,1,1,1,1,1,1,1,1,1,1,1,1,1,1],"card_choices":[{"not_picked":["ats:Sashimi Platter","ats:Guard Mode"],"picked":"ats:Red Shift","floor":0.0},{"not_picked":["ats:Encircling Forest","ats:Assault Order"],"picked":"ats:Rapid Magazine","floor":1.0},{"not_picked":["ats:Curse Doll","ats:Song Of Battle","ats:Sword Rain","ats:Shell Defense"],"picked":"ats:Hook Shot","floor":4.0},{"not_picked":["ats:Blood Oath","ats:Flexible Camouflage","ats:Explosion Area Strengthen","ats:Shell Defense"],"picked":"ats:Powerful Strike","floor":5.0},{"not_picked":["ats:Nebulous Foxfire","ats:Roar Of Ursus","ats:Calcification","ats:Fractured Body"],"picked":"ats:Echo Reverb","floor":6.0},{"not_picked":["ats:Thorns","ats:Guardian Obelisk","ats:Phantom","ats:Shell Defense","ats:Leaping Hammer"],"picked":"SKIP","floor":6.0},{"not_picked":["ats:Blood Oath","ats:Consecutive Shot Auto","ats:Curse Doll","ats:Part Time Job"],"picked":"ats:Poison Spread","floor":10.0},{"not_picked":["ats:Literary Storm","ats:Shadow Raid","ats:Consecutive Shot Auto","ats:Absolute Focus","ats:Closed Bolt Burst Fire"],"picked":"SKIP","floor":11.0},{"not_picked":["ats:Counter Healing Mode","ats:Spore Proliferation","ats:Sword Rain","ats:Charging Defense","ats:Assault Order"],"picked":"SKIP","floor":14.0},{"not_picked":["ats:Soul Absorption","ats:Rapid Magazine","ats:Counter Healing Mode","ats:Leaping Hammer","ats:Flame Of Heaven+1"],"picked":"SKIP","floor":18.0},{"not_picked":["ats:Consecutive Shot Auto","ats:Curse Doll","ats:Sunburst","ats:Hammer On","ats:Directed Diagnosis"],"picked":"SKIP","floor":19.0},{"not_picked":["ats:Revitalization+1","ats:Guard Mode","ats:Very Hot Blade","ats:Sashimi Platter+1","ats:Blood Oath"],"picked":"SKIP","floor":21.0},{"not_picked":["ats:Fractured Body","ats:Support Order","ats:Consecutive Shot Auto","ats:Hammer On+1","ats:Closed Bolt Burst Fire"],"picked":"SKIP","floor":24.0},{"not_picked":["ats:Consecutive Shot Auto","ats:Revitalization","ats:Powerful Strike","ats:Curse Doll","ats:Roar Of Ursus"],"picked":"SKIP","floor":25.0},{"not_picked":["ats:Absolute Focus+1","ats:Magnetic Hammer+1","ats:Directed Diagnosis","ats:Counter Healing Mode"],"picked":"ats:Flexible Camouflage","floor":28.0},{"not_picked":["ats:Revitalization+1","ats:Sunburst","ats:Hammer On","ats:Absolute Focus","ats:Very Hot Blade+1"],"picked":"SKIP","floor":29.0},{"not_picked":["ats:Explosion Area Strengthen+1","ats:Thorns","ats:Guard Mode","ats:Curse Doll","ats:Counter Healing Mode"],"picked":"SKIP","floor":31.0},{"not_picked":["ats:Soul Rend","ats:Dogmatic Field","ats:Fractured Body","ats:Wolf Pack"],"picked":"ats:Roar Of Ursus","floor":33.0},{"not_picked":["ats:Guard Mode+1","ats:Blood Oath","ats:Sashimi Platter","ats:Steam Pump"],"picked":"ats:Consecutive Shot Auto+1","floor":35.0},{"not_picked":["ats:Phantom+1","ats:Guard Mode","ats:Composite Medical Shells","ats:Ignite+1","ats:Sashimi Platter+1"],"picked":"SKIP","floor":36.0},{"not_picked":["ats:Cat Scratch+1","ats:Assault Order","ats:Revitalization","ats:Apocalypse+1","ats:Curse Doll"],"picked":"SKIP","floor":37.0},{"not_picked":["ats:Spore Proliferation+1","ats:Apocalypse+1","ats:Explosion Area Strengthen","ats:Revitalization+1"],"picked":"ats:Hook Shot+1","floor":38.0},{"not_picked":["ats:True Silver Slash","ats:Powerful Strike+1","ats:Shell Defense","ats:Cat Scratch+1","ats:Revitalization"],"picked":"SKIP","floor":39.0},{"not_picked":["ats:Support Order","ats:Explosion Area Strengthen+1","ats:Very Hot Blade","ats:Nebulous Foxfire"],"picked":"ats:Neurotoxin+1","floor":40.0},{"not_picked":["ats:Curse Doll+1","ats:Explosion Area Strengthen","ats:Leaping Hammer","ats:Absolute Focus","ats:Consecutive Shot Auto"],"picked":"SKIP","floor":42.0},{"not_picked":["ats:Powerful Strike","ats:Collapsing Strike","ats:Directed Diagnosis","ats:Explosion Area Strengthen+1","ats:Counter Healing Mode+1"],"picked":"SKIP","floor":44.0},{"not_picked":["ats:Powerful Strike","ats:LN2 Cannon+1","ats:Thorns","ats:Leaping Hammer","ats:Healing Strengthening"],"picked":"SKIP","floor":45.0},{"not_picked":["ats:Overload+1","ats:Leaping Hammer+1","ats:Dogmatic Field","ats:Ignite","ats:Serious Mode"],"picked":"SKIP","floor":46.0},{"not_picked":["ats:Revitalization","ats:Steam Pump+1","ats:Poison Spread+1","ats:Phantom","ats:Directed Diagnosis"],"picked":"SKIP","floor":47.0},{"not_picked":["ats:Part Time Job","ats:Shell Defense","ats:Cat Scratch","ats:Serious Mode","ats:Apocalypse"],"picked":"SKIP","floor":48.0},{"not_picked":["ats:Consecutive Shot Auto+1","ats:Closed Bolt Burst Fire+1","ats:Song Of Battle","ats:Magnetic Hammer","ats:Explosion Area Strengthen+1"],"picked":"SKIP","floor":54}],"player_experience":97500,"relics_obtained":[{"floor":1.0,"key":"SynthV:TestCard"},{"floor":6.0,"key":"ats:Originium"},{"floor":6.0,"key":"AT_BellDemon"},{"floor":10.0,"key":"Juzu Bracelet"},{"floor":11.0,"key":"HornCleat"},{"floor":11.0,"key":"ats:Originium"},{"floor":11.0,"key":"Darkstone Periapt"},{"floor":14.0,"key":"InkBottle"},{"floor":14.0,"key":"ats:Originium"},{"floor":14.0,"key":"CeramicFish"},{"floor":16.0,"key":"Ginger"},{"floor":18.0,"key":"Ancient Tea Set"},{"floor":19.0,"key":"Mummified Hand"},{"floor":21.0,"key":"Strawberry"},{"floor":24.0,"key":"Unceasing Top"},{"floor":24.0,"key":"ats:Originium"},{"floor":24.0,"key":"ats:Remnant Ash"},{"floor":25.0,"key":"The Courier"},{"floor":25.0,"key":"Happy Flower"},{"floor":26.0,"key":"MawBank"},{"floor":28.0,"key":"DianPoetry"},{"floor":28.0,"key":"Letter Opener"},{"floor":29.0,"key":"AT_ArchangelStaff"},{"floor":29.0,"key":"Bag of Marbles"},{"floor":31.0,"key":"AT_ForceNature"},{"floor":33.0,"key":"Sundial"},{"floor":35.0,"key":"AT_SilverBalance"},{"floor":36.0,"key":"Art of War"},{"floor":37.0,"key":"Eternal Feather"},{"floor":38.0,"key":"Pen Nib"},{"floor":39.0,"key":"Bottled Lightning"},{"floor":40.0,"key":"AT_GoldPhoenixTree"},{"floor":40.0,"key":"AT_BladeRuinedKing"},{"floor":42.0,"key":"AT_LudenTempest"},{"floor":42.0,"key":"Du-Vu Doll"},{"floor":43.0,"key":"War Paint"},{"floor":44.0,"key":"Ice Cream"},{"floor":44.0,"key":"TungstenRod"},{"floor":45.0,"key":"ats:Spiritual Recovery"},{"floor":46.0,"key":"Potion Belt"},{"floor":46.0,"key":"StrikeDummy"},{"floor":47.0,"key":"Boot"},{"floor":48.0,"key":"SentryEyes"},{"floor":48.0,"key":"SynthV:C4"},{"floor":54,"key":"AT_SunfireAegis"},{"floor":54,"key":"ats:Emergency Defibrillator"}],"event_choices":[],"is_beta":false,"boss_relics":[{"not_picked":["Calling Bell","MoonlightInvasionPlan"],"picked":"GuanYuAspect"},{"not_picked":["FixedStarFall","GreenFoldingFan"],"picked":"Runic Pyramid"}],"items_purged_floors":[12,20,41],"is_endless":false,"potions_floor_spawned":[1,4,18,25,28,29,36,38,39,42,44,46,54],"ascension_level":1}}