{"host":"hfxahm4y1ssattqc","time":1614030651,"event":{"mods":["2.2 Compatiblity","Act Like it!","Aspiration","BaseMod","Beaked The Cultist","Better Third Choice","BetterRewards","Colored Map","Colored Powertips","Custom Start","Downfall","Googly Eyes","Halation","Hallownest","Hermit","Highlight Path","Hubris","Infinite Spire","Mimic Mod","Minty Spire (QoL Compilation)","Reorder Act Four","Replay The Spire","Shop Mod","Spikes Relics","StSLib","The Bug Knight","The IronCluck","The Jungle","Unknown Chances","slay the spire mod where everything is the same but ironclad has a cowboy hat"],"gold_per_floor":[0,15,15,25,25,38,90,90,119,77,89,89,89,164,184,288,288,188,206,206,206,220,120,120,134,134,154,154,171,171,84,94,192,192,192,206,223,223,209,209,243,243,261,161,176,203,218,218,228,324,324,324,336,336,336,115,134,171,271,303,54,54,54,67,80,91,187,187,187,199,211,211,211,211,241,241,257,257,257,257,55,55,75,178,178,178,197,208,223,223,240,271,271,271,284,284,284,298,298,308,407,407,407,424,439,439,470,470,499,499,525,539,539,539,554,367,386,481,481,481,493,510,510,526,543,569,599,599,599,612,632,632,652,670,774,774,774,793,805,805,805,805],"floor_reached":140,"language":"ENG","playtime":8134,"items_purged":["Parasite"],"score":2566,"play_id":"94691aa2-4d84-4d3a-aca5-070ac7a82c68","local_time":"20210222135051","is_ascension_mode":false,"campfire_choices":[{"data":"Slimebound:Split","floor":1.0,"key":"SMITH"},{"data":"Slimebound:GoopSpray","floor":8.0,"key":"SMITH"},{"data":"Slimebound:GrowthPunch","floor":13.0,"key":"SMITH"},{"floor":18.0,"key":"RECALL"},{"data":"Slimebound:MassRepurpose","floor":23.0,"key":"SMITH"},{"data":"Slimebound:SplitAcid","floor":26.0,"key":"SMITH"},{"floor":28.0,"key":"REST"},{"data":"Slimebound:AcidTongue","floor":30.0,"key":"SMITH"},{"data":"Slimebound:CorrosiveSpit","floor":35.0,"key":"SMITH"},{"data":"Replay:SS_forest_2","floor":44.0,"key":"SMITH"},{"floor":76.0,"key":"REST"},{"floor":78.0,"key":"REST"},{"data":"Slimebound:Equalize","floor":80.0,"key":"SMITH"},{"data":"infinitespire:UltimateForm","floor":86.0,"key":"SMITH"},{"floor":93,"key":"REST"},{"data":"infinitespire:UltimateForm","floor":97,"key":"SMITH"},{"data":"1","floor":103,"key":"LIFT"},{"data":"Slimebound:Defend_Slimebound","floor":108,"key":"SMITH"},{"data":"Slimebound:HauntingLick","floor":114,"key":"SMITH"},{"data":"Slimebound:MinionMaster","floor":120,"key":"SMITH"},{"data":"beaked:CrazyRituals","floor":132,"key":"SMITH"},{"data":"2","floor":137,"key":"LIFT"}],"circlet_count":0,"master_deck":["Slimebound:Tackle","Slimebound:Defend_Slimebound+1","Slimebound:Defend_Slimebound+1","Slimebound:Defend_Slimebound","Slimebound:Split+1","Slimebound:CorrosiveSpit+1","Slimebound:GrowthPunch+1","Slimebound:GoopSpray+1","Slimebound:SplitAcid+1","Slimebound:GrowthPunch+1","Slimebound:AcidTongue+1","Slimebound:MassRepurpose+1","Slimebound:Tackle+1","Slimebound:Tackle+1","Slimebound:Tackle+1","Slimebound:Equalize+1","Slimebound:GoopSpray+1","Replay:SS_forest_2+1","Slimebound:SamplingLick+1","Slimebound:LivingWall+1","Slimebound:Overexert+1","CurseOfTheBell","Slimebound:AcidTongue","Slimebound:SplitMire+1","Slimebound:Grow","Slimebound:HauntingLick+1","Slimebound:RejuvenatingLick","infinitespire:UltimateForm+1","infinitespire:UltimateForm+1","Slimebound:MinionMaster+1","beaked:Foresight+1","beaked:LiftOff","beaked:CrazyRituals+1","beaked:LiftOff","AbeCurse"],"relics":["Slimebound:AbsorbEndCombat","CrustySpines","Replay:Baseball","halation:KoshaPiece","Busted Crown","downfall:HeartBlessingGreen","downfall:HeartBlessingRed","infinitespire:CheckeredPen","hubris:HollowSoul","halation:EternalFortune","Membership Card","halation:PromiseList","downfall:HeartBlessingBlue","Bag of Preparation","Calling Bell","aspiration:ArtOfWarUpgrade","Molten Egg 2","Replay:Towering Pillar of Hats","Ice Cream","Strange Spoon","BlackRope","Girya","Unceasing Top","BargainBundle","Replay:Bronze Core","MutagenicStrength","ClockworkSouvenir","halation:WeightlessCrab","Cursed Key","beaked:MawFillet","hubris:Towel","aspiration:BeakedSkillbook","ReplayTheSpireMod:Ring of Collecting","Tiny Chest","hubris:EmptyBottle","halation:PinkSoulGem","Abe\u0027s Treasure"],"acts_visited":["Exordium","TheCity","TheBeyond","Exordium","TheCity","TheBeyond","Exordium","TheCity","TheBeyond"],"potions_floor_usage":[101,101,101,107,107,107,124,126,126,131,131,134,140,140],"damage_taken":[{"damage":4.0,"enemies":"Cultist","floor":2.0,"turns":3.0},{"damage":3.0,"enemies":"Small Slimes","floor":4.0,"turns":3.0},{"damage":1.0,"enemies":"Jaw Worm","floor":6.0,"turns":4.0},{"damage":5.0,"enemies":"HollowMod:MossKnight","floor":9.0,"turns":4.0},{"damage":0.0,"enemies":"downfall:FleeingMerchant","floor":10.0,"turns":4.0},{"damage":9.0,"enemies":"Blue Slaver","floor":11.0,"turns":4.0},{"damage":12.0,"enemies":"Large Slime","floor":15.0,"turns":4.0},{"damage":23.0,"enemies":"DF_ARCHETYPE_STREAMLINE","floor":16.0,"turns":9.0},{"damage":0.0,"enemies":"3 Byrds","floor":19.0,"turns":3.0},{"damage":10.0,"enemies":"Chosen","floor":22.0,"turns":3.0},{"damage":18.0,"enemies":"Snake Plant","floor":25.0,"turns":4.0},{"damage":15.0,"enemies":"3 Cultists","floor":27.0,"turns":4.0},{"damage":0.0,"enemies":"Snecko","floor":29.0,"turns":4.0},{"damage":4.0,"enemies":"downfall:FleeingMerchant","floor":31.0,"turns":4.0},{"damage":0.0,"enemies":"Chosen and Byrds","floor":32.0,"turns":3.0},{"damage":20.0,"enemies":"WA_ARCHETYPE_CALM","floor":33.0,"turns":8.0},{"damage":16.0,"enemies":"3 Shapes","floor":36.0,"turns":3.0},{"damage":22.0,"enemies":"3 Darklings","floor":37.0,"turns":4.0},{"damage":5.0,"enemies":"downfall:FleeingMerchant","floor":39.0,"turns":4.0},{"damage":1.0,"enemies":"Jaw Worm Horde","floor":41.0,"turns":7.0},{"damage":8.0,"enemies":"Jaw Worm Horde","floor":43.0,"turns":4.0},{"damage":14.0,"enemies":"4 Shapes","floor":45.0,"turns":4.0},{"damage":56.0,"enemies":"Nightmare","floor":46.0,"turns":9.0},{"damage":17.0,"enemies":"Spire Growth","floor":47.0,"turns":4.0},{"damage":4.0,"enemies":"Sphere and 2 Shapes","floor":49.0,"turns":4.0},{"damage":0.0,"enemies":"SI_POISON_ARCHETYPE","floor":50.0,"turns":1.0},{"damage":0.0,"enemies":"Cultist","floor":53.0,"turns":2.0},{"damage":15.0,"enemies":"Jaw Worm","floor":57.0,"turns":2.0},{"damage":14.0,"enemies":"infinitespire:Voidling","floor":58.0,"turns":8.0},{"damage":31.0,"enemies":"downfall:Heads","floor":59.0,"turns":6.0},{"damage":4.0,"enemies":"Replay:BlueRogue","floor":60.0,"turns":3.0},{"damage":0.0,"enemies":"infinitespire:Voidling","floor":64.0,"turns":4.0},{"damage":2.0,"enemies":"2 Fungi Beasts","floor":65.0,"turns":4.0},{"damage":4.0,"enemies":"Red Slaver","floor":66.0,"turns":3.0},{"damage":26.0,"enemies":"The Guardian","floor":67.0,"turns":8.0},{"damage":7.0,"enemies":"Shell Parasite","floor":70.0,"turns":3.0},{"damage":17.0,"enemies":"Spheric Guardian","floor":71.0,"turns":4.0},{"damage":44.0,"enemies":"Slavers","floor":75.0,"turns":3.0},{"damage":13.0,"enemies":"Snake Plant","floor":77.0,"turns":3.0},{"damage":30.0,"enemies":"Cultist and Chosen","floor":83.0,"turns":7.0},{"damage":38.0,"enemies":"hubris:MusketHawk","floor":84.0,"turns":7.0},{"damage":0.0,"enemies":"3 Shapes","floor":87.0,"turns":5.0},{"damage":17,"enemies":"3 Darklings","floor":88,"turns":4},{"damage":0,"enemies":"Maw","floor":89,"turns":7},{"damage":26,"enemies":"Writhing Mass","floor":91,"turns":5},{"damage":42,"enemies":"Giant Head","floor":92,"turns":8},{"damage":11,"enemies":"4 Shapes","floor":95,"turns":6},{"damage":2,"enemies":"Jaw Worm Horde","floor":98,"turns":5},{"damage":10,"enemies":"Maw","floor":100,"turns":7},{"damage":82,"enemies":"Awakened One","floor":101,"turns":9},{"damage":0,"enemies":"Cultist","floor":104,"turns":3},{"damage":12,"enemies":"Small Slimes","floor":105,"turns":2},{"damage":29,"enemies":"Gremlin Nob","floor":107,"turns":4},{"damage":40,"enemies":"3 Sentries","floor":109,"turns":6},{"damage":7,"enemies":"HollowMod:MossKnight","floor":111,"turns":3},{"damage":0,"enemies":"2 Louse","floor":112,"turns":4},{"damage":0,"enemies":"2 Fungi Beasts","floor":115,"turns":2},{"damage":0,"enemies":"3 Louse","floor":117,"turns":4},{"damage":2,"enemies":"Slime Boss","floor":118,"turns":6},{"damage":0,"enemies":"Chosen","floor":121,"turns":3},{"damage":0,"enemies":"3 Byrds","floor":122,"turns":4},{"damage":7,"enemies":"Centurion and Healer","floor":124,"turns":5},{"damage":16,"enemies":"3 Cultists","floor":125,"turns":5},{"damage":3,"enemies":"Slavers","floor":126,"turns":4},{"damage":34,"enemies":"Book of Stabbing","floor":127,"turns":3},{"damage":10,"enemies":"Shelled Parasite and Fungi","floor":130,"turns":4},{"damage":22,"enemies":"Centurion and Healer","floor":131,"turns":5},{"damage":0,"enemies":"Chosen and Byrds","floor":133,"turns":4},{"damage":42,"enemies":"3 Cultists","floor":134,"turns":5},{"damage":35,"enemies":"Automaton","floor":135,"turns":9},{"damage":6,"enemies":"3 Shapes","floor":138,"turns":3},{"damage":58,"enemies":"3 Darklings","floor":139,"turns":7},{"damage":41,"enemies":"infinitespire:Three Voidlings","floor":140,"turns":5},{"damage":31,"enemies":"Nightmare_Alpha","floor":140,"turns":8}],"seed_played":"-3160180561269589886","potions_obtained":[{"floor":4.0,"key":"Languid Potion"},{"floor":6.0,"key":"Explosive Potion"},{"floor":11.0,"key":"Ancient Potion"},{"floor":22.0,"key":"GamblersBrew"},{"floor":33.0,"key":"Elixir"},{"floor":40.0,"key":"Strength Potion"},{"floor":46.0,"key":"DuplicationPotion"},{"floor":60.0,"key":"LiquidBronze"},{"floor":67.0,"key":"Regen Potion"},{"floor":70.0,"key":"Toxic Potion"},{"floor":88,"key":"Explosive Potion"},{"floor":91,"key":"Swift Potion"},{"floor":92,"key":"LiquidBronze"},{"floor":101,"key":"champ:CounterPotion"},{"floor":105,"key":"EntropicBrew"},{"floor":107,"key":"bronze:BurnAndBuffPotion"},{"floor":115,"key":"Adrenaline Potion"},{"floor":118,"key":"Adrenaline Potion"},{"floor":126,"key":"Slimebound:SlimyTonguePotion"},{"floor":133,"key":"Guardian:BlockOnCardUsePotion"}],"is_trial":false,"path_per_floor":["R","M","?","M","?","M","T","R","E","$","M","?","R","?","M","B",null,"R_BF","M","?","?","M","R","T","M","R","M","R","M","R","$","M","B",null,"R","M","M","?","$","?","MIM","?","M","R","M","NM","M","?","M","B",null,"R","M","AVR","?","$","M","MIM","?","E","$","?","?","M","M","M","B",null,"R","M","M","?","?","?","E","R","M","R","?","R","$","?","M","B",null,"R","M","M","M","?","M","E","R","?","M","AVR","R","M","?","M","B",null,"R_BF","M","M","?","E","R","E","?","E","M","?","R","M","$","M","B",null,"R_BF","M","M","?","M","M","E","E","AVR","?","M","M","R","M","M","B",null,"R_BF","M","M","?"],"character_chosen":"SLIMEBOUND","items_purchased":["Slimebound:SplitLeeching","Slimebound:Equalize","Membership Card","War Paint","halation:PromiseList","Replay:SS_forest_2","Strange Spoon","BlackRope","Unceasing Top","BargainBundle","ClockworkSouvenir","halation:WeightlessCrab","Tiny Chest","hubris:EmptyBottle"],"campfire_rested":4,"item_purchase_floors":[10,31,39,39,39,39,56,56,61,61,81,81,116,116],"current_hp_per_floor":[65,65,65,65,65,65,65,65,62,65,60,60,60,60,56,41,65,65,65,65,65,57,57,57,45,45,38,57,63,63,65,65,58,65,65,51,35,38,47,47,62,62,62,72,64,24,23,23,23,39,78,78,78,78,78,78,65,70,47,55,55,75,75,84,84,83,72,84,84,79,69,69,69,69,36,61,53,79,79,79,79,79,57,39,87,87,87,86,87,66,63,47,74,74,77,77,77,83,83,81,10,90,90,90,82,82,62,62,79,79,78,90,90,90,90,87,87,87,87,87,87,90,90,90,78,89,71,71,71,77,73,73,87,71,88,90,90,88,69,0,0,0],"gold":805,"neow_bonus":"ONE_RARE_RELIC","is_daily":false,"chose_seed":false,"campfire_upgraded":15,"win_rate":0.0,"timestamp":1614030651,"path_taken":["R","M","?","M","?","M","T","R","E","$","?","?","R","?","M","BOSS","R_BF","M","?","?","M","R","T","M","R","?","R","M","R","$","M","BOSS","R","M","M","?","$","?","MIM","?","M","R","?","NM","M","?","M","BOSS","R","M","AVR","?","$","M","MIM","?","E","$","?","?","M","M","M","BOSS","R","M","M","?","?","?","E","R","M","R","?","R","$","?","M","BOSS","R","M","M","?","?","M","E","R","?","M","AVR","R","M","?","M","BOSS","R_BF","M","M","?","E","R","E","?","E","M","?","R","M","?","M","BOSS","R_BF","M","M","?","M","M","E","E","AVR","?","M","M","R","M","M","BOSS","R_BF","M","M","?"],"items_purchased_type":["Card","Card","Relic","Relic","Relic","Card","Relic","Relic","Relic","Relic","Relic","Relic","Relic","Relic"],"build_version":"2020-12-22","purchased_purges":1,"victory":false,"max_hp_per_floor":[65,65,65,65,65,65,65,65,65,65,65,65,65,65,65,65,65,65,65,65,65,65,65,65,65,65,65,65,65,65,65,65,65,65,65,65,65,68,68,68,68,68,68,78,78,78,78,78,78,78,78,78,78,78,78,78,78,81,81,81,81,81,81,84,84,84,84,84,84,84,84,84,84,84,84,84,87,87,87,87,87,87,87,87,87,87,87,87,87,87,90,90,90,90,90,90,90,90,90,90,90,90,90,90,90,87,87,87,87,87,87,90,90,90,90,87,87,87,87,87,87,90,90,90,90,90,90,90,90,90,90,90,90,90,90,90,90,90,90,90,90,90],"card_choices":[{"not_picked":["Slimebound:ServeAndProtect","Slimebound:LeechingTouch"],"picked":"Slimebound:GrowthPunch","floor":2.0},{"not_picked":["Slimebound:Prepare","Slimebound:BestDefense"],"picked":"Slimebound:GoopSpray","floor":4.0},{"not_picked":["Slimebound:HauntingLick","Slimebound:ItLooksTasty","Slimebound:FinishingTackle"],"picked":"SKIP","floor":6.0},{"not_picked":["Slimebound:HauntingLick","Slimebound:TongueLash"],"picked":"Slimebound:PressTheAttack","floor":9.0},{"not_picked":["Slimebound:PressTheAttack","Slimebound:RejuvenatingLick"],"picked":"Slimebound:SplitAcid","floor":10.0},{"not_picked":["Slimebound:RainOfGoop","Slimebound:Schlurp"],"picked":"Slimebound:GrowthPunch","floor":11.0},{"not_picked":["Slimebound:GoopTackle","Slimebound:SlimeBrawl"],"picked":"Slimebound:AcidTongue","floor":15.0},{"not_picked":["Slimebound:DuplicatedForm","Slimebound:PrepareCrush"],"picked":"Slimebound:MassRepurpose","floor":16.0},{"not_picked":["Slimebound:PressTheAttack+1"],"picked":"SKIP","floor":19.0},{"not_picked":["Slimebound:Nibble"],"picked":"SKIP","floor":22.0},{"not_picked":["Slimebound:FinishingTackle"],"picked":"SKIP","floor":25.0},{"not_picked":["Slimebound:Dissolve+1"],"picked":"SKIP","floor":27.0},{"not_picked":["Slimebound:FormOfPuddle"],"picked":"SKIP","floor":29.0},{"not_picked":["Slimebound:ComboTackle"],"picked":"SKIP","floor":31.0},{"not_picked":["Slimebound:SplitAcid"],"picked":"SKIP","floor":32.0},{"not_picked":["Slimebound:ItLooksTasty"],"picked":"SKIP","floor":36.0},{"not_picked":[],"picked":"Slimebound:GoopSpray","floor":37.0},{"not_picked":[],"picked":"Slimebound:SamplingLick","floor":39.0},{"not_picked":[],"picked":"Slimebound:SamplingLick+1","floor":41.0},{"not_picked":["Slimebound:FormOfPuddle"],"picked":"SKIP","floor":43.0},{"not_picked":["Slimebound:MegaLick"],"picked":"SKIP","floor":45.0},{"not_picked":["Slimebound:DivideAndConquer"],"picked":"SKIP","floor":46.0},{"not_picked":["Slimebound:ComboTackle+1"],"picked":"SKIP","floor":47.0},{"not_picked":[],"picked":"Slimebound:LivingWall+1","floor":49.0},{"not_picked":[],"picked":"Slimebound:Overexert","floor":50.0},{"not_picked":[],"picked":"Slimebound:AcidTongue","floor":53.0},{"not_picked":["Slimebound:RollThrough+1"],"picked":"SKIP","floor":57.0},{"not_picked":[],"picked":"Slimebound:SplitMire","floor":58.0},{"not_picked":[],"picked":"Slimebound:HauntingLick","floor":59.0},{"not_picked":["Slimebound:SlimeBarrage+1"],"picked":"SKIP","floor":60.0},{"not_picked":["Slimebound:DivideAndConquer+1"],"picked":"SKIP","floor":64.0},{"not_picked":["Slimebound:SlimeSpikes"],"picked":"SKIP","floor":65.0},{"not_picked":["Slimebound:FormOfPuddle"],"picked":"SKIP","floor":66.0},{"not_picked":["Slimebound:RollThrough+1"],"picked":"SKIP","floor":70.0},{"not_picked":["Slimebound:SamplingLick"],"picked":"SKIP","floor":71.0},{"not_picked":["Slimebound:HauntingLick"],"picked":"SKIP","floor":75.0},{"not_picked":["Slimebound:GoopSpray"],"picked":"SKIP","floor":77.0},{"not_picked":[],"picked":"Slimebound:RejuvenatingLick","floor":83.0},{"not_picked":["hubris:Rewind","infinitespire:Starlight"],"picked":"infinitespire:UltimateForm","floor":84.0},{"not_picked":["Slimebound:SamplingLick"],"picked":"SKIP","floor":87.0},{"not_picked":["Slimebound:GoopSpray"],"picked":"SKIP","floor":88},{"not_picked":["Slimebound:GoopTackle+1"],"picked":"SKIP","floor":89},{"not_picked":["ReplayTheSpireMod:Echoes of Time","hubris:Rewind"],"picked":"infinitespire:UltimateForm","floor":90},{"not_picked":["Slimebound:SlimeSpikes+1"],"picked":"SKIP","floor":91},{"not_picked":["Slimebound:LeechEnergy+1"],"picked":"SKIP","floor":92},{"not_picked":["Slimebound:WasteNot"],"picked":"SKIP","floor":95},{"not_picked":["Slimebound:SplitAcid"],"picked":"SKIP","floor":98},{"not_picked":["Slimebound:SamplingLick"],"picked":"SKIP","floor":100},{"not_picked":[],"picked":"Slimebound:MinionMaster","floor":101},{"not_picked":["beaked:Brace","Slimebound:Schlurp"],"picked":"SKIP","floor":104},{"not_picked":["Slimebound:PressTheAttack+1","beaked:SurvivalInstinct"],"picked":"SKIP","floor":105},{"not_picked":["beaked:Struggle+1","beaked:TuckingFeathers"],"picked":"SKIP","floor":107},{"not_picked":["beaked:Pecker+1","beaked:Daydream"],"picked":"SKIP","floor":109},{"not_picked":["Slimebound:Replication","beaked:MachineSpirit"],"picked":"SKIP","floor":111},{"not_picked":["beaked:Foresight","Slimebound:HauntingLick"],"picked":"SKIP","floor":112},{"not_picked":["Slimebound:HauntingLick"],"picked":"beaked:Foresight","floor":112},{"not_picked":["beaked:Redirect","Slimebound:RollThrough+1"],"picked":"SKIP","floor":115},{"not_picked":["beaked:Resilience","Slimebound:FinishingTackle+1"],"picked":"SKIP","floor":117},{"not_picked":["Slimebound:HauntingLick+1","Slimebound:LeechEnergy+1"],"picked":"SKIP","floor":121},{"not_picked":["beaked:Resilience+1","beaked:Overexert"],"picked":"SKIP","floor":122},{"not_picked":["beaked:BraceForImpact","beaked:MimicMachine"],"picked":"SKIP","floor":124},{"not_picked":["Slimebound:DivideAndConquer+1","Slimebound:LivingWall"],"picked":"SKIP","floor":125},{"not_picked":["Slimebound:GoopTackle+1","beaked:TuckingFeathers"],"picked":"SKIP","floor":126},{"not_picked":["beaked:WarriorEssence+1"],"picked":"beaked:LiftOff","floor":127},{"not_picked":["beaked:Flinch","beaked:Ceremony"],"picked":"SKIP","floor":130},{"not_picked":["Slimebound:RainOfGoop+1"],"picked":"beaked:CrazyRituals","floor":131},{"not_picked":["beaked:Tweet+1","beaked:Windmill+1"],"picked":"SKIP","floor":133},{"not_picked":["Slimebound:HauntingLick+1","beaked:Daydream"],"picked":"SKIP","floor":134},{"not_picked":["beaked:DarkPact"],"picked":"beaked:LiftOff","floor":135},{"not_picked":["beaked:TuckingFeathers","Slimebound:RainOfGoop+1"],"picked":"SKIP","floor":138},{"not_picked":["beaked:Flinch+1","Slimebound:SplitMire"],"picked":"SKIP","floor":139}],"player_experience":975206,"relics_obtained":[{"floor":7.0,"key":"Replay:Baseball"},{"floor":9.0,"key":"halation:KoshaPiece"},{"floor":24.0,"key":"infinitespire:CheckeredPen"},{"floor":46.0,"key":"Bag of Preparation"},{"floor":51.0,"key":"Art of War"},{"floor":51.0,"key":"Molten Egg 2"},{"floor":51.0,"key":"Replay:Towering Pillar of Hats"},{"floor":58.0,"key":"Girya"},{"floor":58.0,"key":"halation:EternalFortune"},{"floor":64.0,"key":"halation:EternalFortune"},{"floor":77.0,"key":"halation:EternalFortune"},{"floor":91,"key":"halation:EternalFortune"},{"floor":110,"key":"ReplayTheSpireMod:Ring of Collecting"},{"floor":112,"key":"halation:EternalFortune"},{"floor":122,"key":"halation:EternalFortune"}],"event_choices":[{"cards_removed":["Slimebound:Defend_Slimebound"],"damage_healed":0.0,"max_hp_gain":0.0,"max_hp_loss":0.0,"gold_gain":0.0,"event_name":"Bonfire Elementals","player_choice":"Offered Basic","floor":5.0,"gold_loss":0.0,"damage_taken":0.0},{"damage_healed":20.0,"max_hp_gain":0.0,"max_hp_loss":0.0,"gold_gain":0.0,"event_name":"Mushrooms","player_choice":"Healed and dodged fight","floor":62.0,"gold_loss":0.0,"damage_taken":0.0,"cards_obtained":["Parasite"]},{"damage_healed":0.0,"max_hp_gain":0.0,"max_hp_loss":0.0,"gold_gain":0.0,"event_name":"Drug Dealer","player_choice":"Inject Mutagens","floor":73.0,"gold_loss":0.0,"damage_taken":0.0,"relics_obtained":["MutagenicStrength"]},{"damage_healed":0.0,"max_hp_gain":0.0,"max_hp_loss":0.0,"gold_gain":0.0,"event_name":"Ghosts","player_choice":"Ignored","floor":79.0,"gold_loss":0.0,"damage_taken":0.0},{"cards_removed":["Parasite"],"damage_healed":0,"gold_gain":0,"player_choice":"Forget","damage_taken":0,"max_hp_gain":0,"max_hp_loss":0,"event_name":"Living Wall","floor":106,"gold_loss":0},{"damage_healed":0,"gold_gain":0,"player_choice":"Ignored","damage_taken":0,"max_hp_gain":0,"max_hp_loss":0,"event_name":"Ghosts","floor":129,"gold_loss":0}],"is_beta":false,"boss_relics":[{"not_picked":["aspiration:PoetsPen_weak","Replay:Wanted Poster"],"picked":"Busted Crown"},{"not_picked":["Runic Pyramid","Philosopher\u0027s Stone"],"picked":"hubris:HollowSoul"},{"not_picked":["ReplayTheSpireMod:DimensionalGlitch","Black Star"],"picked":"Calling Bell"},{"not_picked":["halation:CatFaceCupcake","Pandora\u0027s Box"],"picked":"Replay:Bronze Core"},{"not_picked":["Black Star","halation:SmartPhone"],"picked":"Cursed Key"},{"not_picked":["halation:HeavySnake","Fusion Hammer"],"picked":"aspiration:BeakedSkillbook"},{"not_picked":["hubris:RunicObelisk","ReplayTheSpireMod:DimensionalGlitch","Pandora\u0027s Box"]},{"not_picked":["Honey Jar","bronze:MakeshiftBattery"],"picked":"Abe\u0027s Treasure"}],"items_purged_floors":[116],"is_endless":true,"potions_floor_spawned":[4,6,11,22,32,33,36,37,45,46,49,50,60,65,66,67,70,88,91,92,101,105,107,109,115,118,125,126,130,133,138],"killed_by":"Nightmare_Alpha","ascension_level":0}}