{"host":"04hmnwiiducntwm3","time":1614018055,"event":{"mods":["Aspiration","BaseMod","Downfall","Energized Spire","GifTheSpireLib","Halation","Hubris","Infinite Spire","Minty Spire (QoL Compilation)","Relic Filter","Reliquary","Replay The Spire","Spikes Relics","StSLib","The Jungle"],"gold_per_floor":[113,113,263,109,119,119,146,146,146,160,160,185,185,185],"floor_reached":13,"language":"ENG","playtime":531,"items_purged":["Doubt"],"score":182,"play_id":"e47e0f3a-4bb7-4912-8229-ff46ae6051d1","local_time":"20210222152055","daily_mods":["Heirloom","DeadlyEvents"],"is_ascension_mode":true,"campfire_choices":[{"data":"Whirlwind","floor":6.0,"key":"SMITH"},{"floor":8.0,"key":"REST"},{"data":"Flex","floor":11.0,"key":"SMITH"}],"circlet_count":0,"master_deck":["AscendersBane","Strike_R","Strike_R","Strike_R","Strike_R","Strike_R","Defend_R","Defend_R","Defend_R","Defend_R","Bash","Pummel","Whirlwind+1","Flex+1"],"relics":["Burning Blood","hubris:Potato","halation:EternalFortune","Singing Bowl","infinitespire:Eraser","BlackRope"],"acts_visited":["Exordium"],"potions_floor_usage":[13],"damage_taken":[{"damage":14.0,"enemies":"Jaw Worm","floor":1.0,"turns":3.0},{"damage":4.0,"enemies":"Small Slimes","floor":5.0,"turns":3.0},{"damage":30.0,"enemies":"3 Sentries","floor":7.0,"turns":4.0},{"damage":1.0,"enemies":"Cultist","floor":10.0,"turns":3.0},{"damage":36.0,"enemies":"Gremlin Nob","floor":12.0,"turns":4.0},{"damage":50,"enemies":"Lagavulin","floor":13,"turns":6}],"seed_played":"745503139965111495","potions_obtained":[{"floor":5.0,"key":"BloodPotion"},{"floor":12.0,"key":"Elixir"}],"is_trial":true,"path_per_floor":["M","?","?","$","M","R","E","R","T","M","R","E","E"],"character_chosen":"IRONCLAD","items_purchased":["Whirlwind"],"campfire_rested":1,"item_purchase_floors":[4],"current_hp_per_floor":[60,63,63,63,65,65,43,67,67,72,72,44,10,10],"gold":185,"neow_bonus":"","is_daily":false,"chose_seed":false,"campfire_upgraded":2,"win_rate":0.0,"timestamp":1614018055,"path_taken":["M","?","?","?","M","R","E","R","T","M","R","?","E"],"items_purchased_type":["Card"],"build_version":"2020-12-22","purchased_purges":1,"victory":false,"max_hp_per_floor":[75,78,78,78,78,78,80,80,80,80,80,82,82,82],"card_choices":[{"not_picked":["Pommel Strike","Clash"],"picked":"Pummel","floor":1.0},{"not_picked":["Feel No Pain","Clash","Headbutt"],"picked":"SKIP","floor":5.0},{"not_picked":["Sword Boomerang","Headbutt","Wild Strike"],"picked":"Singing Bowl","floor":7.0},{"not_picked":["Anger","Thunderclap"],"picked":"Flex","floor":10.0},{"not_picked":["Armaments","Warcry","BarbarianYell"],"picked":"Singing Bowl","floor":12.0}],"player_experience":387289,"relics_obtained":[{"floor":7.0,"key":"Singing Bowl"},{"floor":9.0,"key":"infinitespire:Eraser"},{"floor":12.0,"key":"BlackRope"}],"event_choices":[{"damage_healed":0.0,"max_hp_gain":0.0,"max_hp_loss":0.0,"gold_gain":150.0,"event_name":"Liars Game","player_choice":"AGREE","floor":3.0,"gold_loss":0.0,"damage_taken":0.0,"cards_obtained":["Doubt"]}],"is_beta":false,"boss_relics":[],"items_purged_floors":[4],"is_endless":false,"potions_floor_spawned":[5,12],"killed_by":"Lagavulin","ascension_level":20}}