{"host":"sim2kxx81cjsn49b","time":1614020961,"event":{"mods":["ATMod(阿瑾Mod)","BaseMod","Minty Spire (QoL Compilation)","Reliquary","RumiaBox-露米娅的神秘盒子","StSLib","TestMod","Waifu the Spire","【功能Mod】混沌之环修复补丁"],"gold_per_floor":[119,44,44,59,74,118,131,131,158,194,194,194,236,254,254,254,254],"floor_reached":16,"language":"ZHS","playtime":411,"items_purged":[],"score":390,"play_id":"7583403a-ddbb-4b67-8d68-78e5148b702e","local_time":"20210223030921","is_ascension_mode":true,"campfire_choices":[{"data":"AT_OneInchPunch","floor":8,"key":"SMITH"},{"data":"Eruption","floor":11,"key":"SMITH"},{"data":"Vault","floor":15,"key":"SMITH"}],"circlet_count":0,"master_deck":["AscendersBane","Strike_P","Strike_P","Strike_P","Strike_P","Defend_P","Defend_P","Defend_P","Eruption+1","Vigilance","AT_OneInchPunch+1","Crescendo","Vault+1","FearNoEvil"],"relics":["testmod-TestBox","AT_ATBox","testmod-D_4","testmod-DeterminationOfClimber","Baka","Golden Idol","Ccalipers","Juzu Bracelet","Strawberry","reliquary:SharkskinSheath"],"acts_visited":["Exordium"],"potions_floor_usage":[16],"damage_taken":[{"damage":0,"enemies":"2 Louse","floor":1,"turns":2},{"damage":0,"enemies":"Jaw Worm","floor":4,"turns":1},{"damage":0,"enemies":"Cultist","floor":5,"turns":1},{"damage":0,"enemies":"Lagavulin","floor":6,"turns":2},{"damage":0,"enemies":"2 Fungi Beasts","floor":7,"turns":1},{"damage":10,"enemies":"3 Sentries","floor":10,"turns":2},{"damage":0,"enemies":"Gremlin Nob","floor":13,"turns":3},{"damage":0,"enemies":"Lots of Slimes","floor":14,"turns":1},{"damage":64,"enemies":"Hexaghost","floor":16,"turns":2}],"seed_played":"2454446859174136069","potions_obtained":[{"floor":4,"key":"Explosive Potion"},{"floor":5,"key":"SpeedPotion"}],"is_trial":false,"path_per_floor":["M","?","?","M","M","E","M","R","T","E","R","?","E","M","R","B"],"character_chosen":"WATCHER","items_purchased":[],"campfire_rested":0,"item_purchase_floors":[],"current_hp_per_floor":[63,63,40,41,42,49,49,49,49,47,47,52,54,54,54,0,0],"gold":254,"neow_bonus":"BOSS_RELIC","is_daily":false,"chose_seed":false,"campfire_upgraded":3,"win_rate":0.0,"timestamp":1614020961,"path_taken":["M","?","?","M","M","E","M","R","T","E","R","?","E","M","R","BOSS"],"items_purchased_type":[],"build_version":"2020-12-22","purchased_purges":0,"victory":false,"max_hp_per_floor":[68,68,68,68,68,68,68,68,68,75,75,80,80,80,80,80,80],"card_choices":[{"not_picked":["Halt","FlurryOfBlows"],"picked":"Crescendo","floor":1},{"not_picked":["WindmillStrike","Meditate","ClearTheMind"],"picked":"SKIP","floor":4},{"not_picked":["ClearTheMind","Protect","CutThroughFate"],"picked":"SKIP","floor":5},{"not_picked":["FlyingSleeves","ThirdEye"],"picked":"Vault","floor":6},{"not_picked":["ThirdEye","Protect","Vengeance"],"picked":"SKIP","floor":7},{"not_picked":["Prostrate","LikeWater"],"picked":"FearNoEvil","floor":10},{"not_picked":["Weave","DeceiveReality","Alpha"],"picked":"SKIP","floor":13},{"not_picked":["CutThroughFate","Consecrate","Study"],"picked":"SKIP","floor":14}],"player_experience":636572,"relics_obtained":[{"floor":1,"key":"Baka"},{"floor":6,"key":"Ccalipers"},{"floor":9,"key":"Juzu Bracelet"},{"floor":10,"key":"Strawberry"},{"floor":13,"key":"reliquary:SharkskinSheath"}],"event_choices":[{"cards_removed":["Defend_P"],"damage_healed":0,"gold_gain":0,"player_choice":"Card Removal","damage_taken":0,"max_hp_gain":0,"max_hp_loss":0,"event_name":"The Cleric","floor":2,"gold_loss":75},{"damage_healed":0,"gold_gain":0,"player_choice":"Take Damage","damage_taken":23,"relics_obtained":["Golden Idol"],"max_hp_gain":0,"max_hp_loss":0,"event_name":"Golden Idol","floor":3,"gold_loss":0},{"damage_healed":0,"gold_gain":0,"player_choice":"Donut","damage_taken":0,"max_hp_gain":5,"max_hp_loss":0,"event_name":"Big Fish","floor":12,"gold_loss":0}],"is_beta":false,"boss_relics":[],"items_purged_floors":[],"is_endless":false,"potions_floor_spawned":[4,5,7,10,13],"killed_by":"Hexaghost","ascension_level":20}}