{"host":"ga4s3hj9m6nkn6gp","time":1614029705,"event":{"mods":["AchievementEnabler","BaseMod","Bestiary","Colored Powertips","Highlight Path","Minty Spire (QoL Compilation)","Relic Stats","everything is the same but u backflip on backflip"],"gold_per_floor":[114,114,133,133,146,176,176,251,277,306,581,611,621,296,296,296,296],"floor_reached":16,"language":"ENG","playtime":477,"items_purged":["Regret"],"score":244,"play_id":"969972d4-99be-4430-90c5-cfe4443c66db","local_time":"20210222223505","is_ascension_mode":true,"campfire_choices":[{"data":"SignatureMove","floor":15,"key":"SMITH"}],"circlet_count":0,"master_deck":["Strike_P","Strike_P","Strike_P","Strike_P","Defend_P+1","Defend_P","Defend_P","Defend_P+1","Eruption","Vigilance","SignatureMove+1","JustLucky","TalkToTheHand"],"relics":["Busted Crown","PreservedInsect","Torii","Pocketwatch","Bag of Marbles","InkBottle"],"acts_visited":["Exordium"],"potions_floor_usage":[16],"damage_taken":[{"damage":4,"enemies":"Small Slimes","floor":1,"turns":4},{"damage":0,"enemies":"2 Louse","floor":3,"turns":2},{"damage":4,"enemies":"Cultist","floor":5,"turns":3},{"damage":0,"enemies":"Gremlin Nob","floor":6,"turns":2},{"damage":18,"enemies":"Lagavulin","floor":10,"turns":6},{"damage":0,"enemies":"Gremlin Nob","floor":12,"turns":2},{"damage":2,"enemies":"Large Slime","floor":13,"turns":2},{"damage":15,"enemies":"Slime Boss","floor":16,"turns":6}],"seed_played":"-4326478705214594366","potions_obtained":[{"floor":5,"key":"Explosive Potion"},{"floor":6,"key":"Ancient Potion"},{"floor":10,"key":"EssenceOfSteel"}],"is_trial":false,"path_per_floor":["M","?","M","?","M","E","?","?","T","E","?","E","M","$","R","B"],"character_chosen":"WATCHER","items_purchased":["InkBottle"],"campfire_rested":0,"item_purchase_floors":[14],"current_hp_per_floor":[61,47,47,40,36,36,60,49,49,31,31,31,29,29,29,14,14],"gold":296,"neow_bonus":"BOSS_RELIC","is_daily":false,"chose_seed":false,"campfire_upgraded":1,"win_rate":0.0,"timestamp":1614029705,"path_taken":["M","?","M","?","M","E","?","?","T","E","?","E","?","$","R","BOSS"],"items_purchased_type":["Relic"],"build_version":"2020-12-22","purchased_purges":1,"victory":false,"max_hp_per_floor":[72,72,72,72,72,72,72,72,72,72,72,72,72,72,72,72,72],"relic_stats":{"Busted Crown":14,"Torii":0,"counters":[8,27],"PreservedInsect":73,"obtain_stats":[{"Busted Crown":0,"Torii":6,"PreservedInsect":4,"Bag of Marbles":12,"PureWater":0,"InkBottle":14,"Pocketwatch":10},{"Busted Crown":0,"Torii":4,"PreservedInsect":2,"Bag of Marbles":6,"PureWater":0,"InkBottle":7,"Pocketwatch":5},{"Busted Crown":0,"Torii":11,"PreservedInsect":6,"Bag of Marbles":19,"PureWater":0,"InkBottle":21,"Pocketwatch":17}],"InkBottle":[1],"Pocketwatch":[15]},"card_choices":[{"not_picked":["ThirdEye"],"picked":"SKIP","floor":1},{"not_picked":[],"picked":"SignatureMove","floor":3},{"not_picked":["Prostrate"],"picked":"SKIP","floor":5},{"not_picked":["FlyingSleeves"],"picked":"SKIP","floor":6},{"not_picked":["FlyingSleeves"],"picked":"SKIP","floor":10},{"not_picked":[],"picked":"JustLucky","floor":12},{"not_picked":[],"picked":"TalkToTheHand","floor":13}],"player_experience":797777,"relics_obtained":[{"floor":6,"key":"Torii"},{"floor":10,"key":"Pocketwatch"},{"floor":12,"key":"Bag of Marbles"}],"event_choices":[{"damage_healed":0,"gold_gain":0,"player_choice":"Entered Light","damage_taken":14,"max_hp_gain":0,"max_hp_loss":0,"event_name":"Shining Light","floor":2,"gold_loss":0,"cards_upgraded":["Defend_P","Defend_P"]},{"damage_healed":0,"gold_gain":0,"player_choice":"Success","damage_taken":7,"relics_obtained":["PreservedInsect"],"max_hp_gain":0,"max_hp_loss":0,"event_name":"Scrap Ooze","floor":4,"gold_loss":0},{"damage_healed":24,"gold_gain":0,"player_choice":"Banana","damage_taken":0,"max_hp_gain":0,"max_hp_loss":0,"event_name":"Big Fish","floor":7,"gold_loss":0},{"damage_healed":0,"gold_gain":75,"player_choice":"Gather Gold","damage_taken":11,"max_hp_gain":0,"max_hp_loss":0,"event_name":"World of Goop","floor":8,"gold_loss":0},{"damage_healed":0,"gold_gain":275,"player_choice":"Desecrate","damage_taken":0,"max_hp_gain":0,"max_hp_loss":0,"event_name":"Golden Shrine","floor":11,"gold_loss":0,"cards_obtained":["Regret"]}],"is_beta":false,"boss_relics":[],"items_purged_floors":[14],"is_endless":false,"potions_floor_spawned":[5,6,10],"killed_by":"Slime Boss","ascension_level":9}}