{"host":"dz37y7s0f4dytpbs","time":1614034355,"event":{"mods":["2.2 Compatiblity","AchievementEnabler","BaseMod","BetterRewards","Colored Map","Custom Start","Keyboard Shortcuts","Marisa£¨Ùöéë¡¡Øª×âÞÞ£©","Minty Spire (QoL Compilation)","Permanent Neow","StSLib","SuperFastMode","everything is the same but u backflip on backflip"],"gold_per_floor":[109,9,9,26,65,165,165,165,165,18,18,47,111,218,218,343,343,413,151,151,258,258,316,97,201,210,210,263,331,331,331,331,461,488,528,558,253,361,379,440,440,168,177,226,375,20,87,184,184,184,184,184,3,37,37],"floor_reached":56,"language":"KOR","playtime":4989,"items_purged":["Strike_G","Strike_G","Defend_G","Strike_G","Defend_G","Strike_G","Defend_G","Normality","Outmaneuver","Clumsy"],"score":2735,"play_id":"43d9241c-4d4a-40df-8eda-ba7cc23aa964","local_time":"20210223075235","is_ascension_mode":true,"campfire_choices":[{"data":"Apotheosis","floor":8.0,"key":"SMITH"},{"data":"Well Laid Plans","floor":11.0,"key":"SMITH"},{"data":"Adrenaline","floor":15.0,"key":"SMITH"},{"data":"Calculated Gamble","floor":27.0,"key":"SMITH"},{"floor":32.0,"key":"RECALL"},{"data":"Burst","floor":41.0,"key":"SMITH"},{"data":"Accuracy","floor":49.0,"key":"SMITH"},{"data":"Accuracy","floor":52.0,"key":"SMITH"}],"circlet_count":0,"master_deck":["AscendersBane","Survivor","Neutralize","Well Laid Plans+1","Backflip","Blade Dance","Noxious Fumes","Blade Dance","Apotheosis+1","Reflex","Blur","Accuracy+1","HandOfGreed","Adrenaline+1","Footwork","Catalyst","Deadly Poison","PiercingWail","Flash of Steel","PiercingWail","Cloak And Dagger","Caltrops","Reflex","Tactician","Adrenaline","Infinite Blades","Terror","Calculated Gamble+1","Acrobatics","Catalyst","Concentrate","Burst+1","Finisher+1","Crippling Poison+1","Night Terror+1","Accuracy+1","Deflect","Madness","Madness","Acrobatics","Footwork","Venomology","Poisoned Stab","Accuracy+1","Underhanded Strike+1","Deflect+1","Infinite Blades","Backflip+1"],"relics":["Ring of the Snake","Membership Card","Lantern","InkBottle","Kunai","Centennial Puzzle","Boot","Anchor","Orrery","Ornamental Fan","Paper Crane","Frozen Eye","PreservedInsect","Shuriken","Orichalcum","Cursed Key","OrangePellets","Toy Ornithopter","Red Mask","Ninja Scroll","Vajra","Gremlin Horn","CeramicFish","Juzu Bracelet","Enchiridion","Astrolabe","TwistedFunnel","Akabeko","Ginger","Potion Belt","Bottled Flame","CaptainsWheel","Incense Burner","Toxic Egg 2","HandDrill","Nunchaku","Bottled Lightning","Bottled Tornado"],"acts_visited":["Exordium","TheCity","TheBeyond","TheEnding"],"potions_floor_usage":[55,55,55,55,55],"damage_taken":[{"damage":0.0,"enemies":"Cultist","floor":1.0,"turns":2.0},{"damage":0.0,"enemies":"Small Slimes","floor":4.0,"turns":2.0},{"damage":0.0,"enemies":"Jaw Worm","floor":5.0,"turns":4.0},{"damage":0.0,"enemies":"3 Sentries","floor":6.0,"turns":8.0},{"damage":0.0,"enemies":"Gremlin Nob","floor":12.0,"turns":1.0},{"damage":0.0,"enemies":"Exordium Thugs","floor":13.0,"turns":8.0},{"damage":6.0,"enemies":"3 Sentries","floor":14.0,"turns":9.0},{"damage":0.0,"enemies":"The Guardian","floor":16.0,"turns":8.0},{"damage":0.0,"enemies":"2 Thieves","floor":18.0,"turns":5.0},{"damage":0.0,"enemies":"Masked Bandits","floor":21.0,"turns":7.0},{"damage":2.0,"enemies":"Gremlin Leader","floor":23.0,"turns":6.0},{"damage":0.0,"enemies":"Slavers","floor":25.0,"turns":6.0},{"damage":0.0,"enemies":"Chosen","floor":28.0,"turns":2.0},{"damage":0.0,"enemies":"Book of Stabbing","floor":29.0,"turns":3.0},{"damage":0.0,"enemies":"Champ","floor":33.0,"turns":7.0},{"damage":0.0,"enemies":"3 Darklings","floor":35.0,"turns":3.0},{"damage":0.0,"enemies":"Orb Walker","floor":36.0,"turns":2.0},{"damage":0.0,"enemies":"2 Orb Walkers","floor":38.0,"turns":4.0},{"damage":12.0,"enemies":"Nemesis","floor":40.0,"turns":5.0},{"damage":12.0,"enemies":"Maw","floor":44.0,"turns":6.0},{"damage":0.0,"enemies":"Mind Bloom Boss Battle","floor":45.0,"turns":5.0},{"damage":14.0,"enemies":"Reptomancer","floor":47.0,"turns":4.0},{"damage":0.0,"enemies":"Jaw Worm Horde","floor":48.0,"turns":6.0},{"damage":5.0,"enemies":"Time Eater","floor":50.0,"turns":4.0},{"damage":0.0,"enemies":"Shield and Spear","floor":54.0,"turns":3.0},{"damage":36,"enemies":"The Heart","floor":55,"turns":6}],"seed_played":"7891303053466776828","potions_obtained":[{"floor":6.0,"key":"GamblersBrew"},{"floor":7.0,"key":"ColorlessPotion"},{"floor":12.0,"key":"Dexterity Potion"},{"floor":13.0,"key":"Regen Potion"},{"floor":14.0,"key":"PowerPotion"},{"floor":23.0,"key":"Swift Potion"},{"floor":40.0,"key":"FearPotion"},{"floor":45.0,"key":"DuplicationPotion"}],"is_trial":false,"path_per_floor":["M","$","?","M","M","E","?","R","T","$","R","E","M","E","R","B",null,"M","$","?","?","?","E","$","E","T","R","M","E","?","?","R","B",null,"M","M","$","?","?","E","R","$","T","M","?","$","E","M","R","B",null,"R","$","E","B",null],"character_chosen":"THE_SILENT","items_purchased":["Membership Card","Lantern","InkBottle","Well Laid Plans","Backflip","Blade Dance","Kunai","Centennial Puzzle","Noxious Fumes","Blade Dance","Apotheosis","Reflex","Blur","Boot","Accuracy","Anchor","HandOfGreed","Orrery","Frozen Eye","PreservedInsect","OrangePellets","Toy Ornithopter","Vajra","Gremlin Horn","Acrobatics","Accuracy","TwistedFunnel","Akabeko","Footwork","Bottled Flame","Accuracy","Toxic Egg 2","HandDrill","Bottled Lightning","Infinite Blades","Strength Potion"],"campfire_rested":0,"item_purchase_floors":[0,0,0,0,0,0,0,0,0,0,0,0,0,0,0,0,0,0,10,10,19,19,24,24,24,37,37,37,42,42,46,46,46,53,53,53],"current_hp_per_floor":[63,63,63,63,63,63,63,63,63,63,63,63,63,57,57,57,67,67,67,67,67,67,65,65,65,65,65,65,65,65,49,49,49,65,70,70,70,70,61,54,54,54,54,42,42,42,38,43,43,38,62,62,62,70,39],"gold":37,"neow_bonus":"","is_daily":false,"chose_seed":false,"campfire_upgraded":7,"win_rate":0.0,"timestamp":1614034355,"path_taken":["M","?","?","M","?","E","?","R","T","?","R","E","M","E","R","BOSS","M","$","?","?","?","E","?","E","T","R","M","E","?","?","R","BOSS","M","M","$","?","?","E","R","?","T","M","?","$","E","M","R","BOSS","R","$","E","BOSS"],"items_purchased_type":["Relic","Relic","Relic","Card","Card","Card","Relic","Relic","Card","Card","Card","Card","Card","Relic","Card","Relic","Card","Relic","Relic","Relic","Relic","Relic","Relic","Relic","Card","Card","Relic","Relic","Card","Relic","Card","Relic","Relic","Relic","Card","Potion"],"build_version":"2020-12-22","purchased_purges":10,"victory":true,"max_hp_per_floor":[70,70,70,70,70,70,70,70,70,70,70,70,70,70,70,70,70,70,70,70,70,70,70,70,70,70,70,70,70,70,70,70,70,70,70,70,70,70,70,70,70,70,70,70,70,70,70,70,70,70,70,70,70,70,70],"card_choices":[{"not_picked":["Finisher","Slice"],"picked":"Adrenaline","floor":0.0},{"not_picked":["Quick Slash","Acrobatics"],"picked":"Footwork","floor":0.0},{"not_picked":["Dagger Spray","Flying Knee"],"picked":"Outmaneuver","floor":0.0},{"not_picked":["Deflect","Cloak And Dagger"],"picked":"Catalyst","floor":0.0},{"not_picked":["Slice","Acrobatics"],"picked":"Deadly Poison","floor":0.0},{"not_picked":["Predator","Blade Dance"],"picked":"PiercingWail","floor":1.0},{"not_picked":["Flying Knee","Skewer","Prepared"],"picked":"SKIP","floor":4.0},{"not_picked":["Underhanded Strike","Flying Knee"],"picked":"Cloak And Dagger","floor":5.0},{"not_picked":["Deadly Poison","Outmaneuver"],"picked":"Caltrops","floor":6.0},{"not_picked":["Endless Agony","PiercingWail","Slice"],"picked":"SKIP","floor":12.0},{"not_picked":["Underhanded Strike","Well Laid Plans"],"picked":"Reflex","floor":13.0},{"not_picked":["Choke","Storm of Steel"],"picked":"Tactician","floor":14.0},{"not_picked":["A Thousand Cuts","Grand Finale"],"picked":"Adrenaline","floor":16.0},{"not_picked":["Caltrops","Terror"],"picked":"Infinite Blades","floor":18.0},{"not_picked":["Deadly Poison+1","Dagger Throw+1"],"picked":"Terror","floor":21.0},{"not_picked":["Crippling Poison","Backstab"],"picked":"Calculated Gamble","floor":23.0},{"not_picked":["Heel Hook","Cloak And Dagger","Predator"],"picked":"SKIP","floor":25.0},{"not_picked":["Die Die Die","Predator"],"picked":"Catalyst","floor":28.0},{"not_picked":["Reflex","Quick Slash"],"picked":"Concentrate","floor":29.0},{"not_picked":["Die Die Die","Corpse Explosion"],"picked":"Burst","floor":33.0},{"not_picked":["Quick Slash","Deadly Poison","Dagger Spray+1"],"picked":"SKIP","floor":35.0},{"not_picked":["Heel Hook","Eviscerate","Finisher"],"picked":"SKIP","floor":36.0},{"not_picked":["Dodge and Roll","Masterful Stab"],"picked":"Deflect","floor":38.0},{"not_picked":["Noxious Fumes","Flying Knee"],"picked":"Acrobatics","floor":40.0},{"not_picked":["Blade Dance","Slice"],"picked":"Venomology","floor":44.0},{"not_picked":["Expertise","Well Laid Plans"],"picked":"Poisoned Stab","floor":45.0},{"not_picked":["Eviscerate","Caltrops"],"picked":"Underhanded Strike+1","floor":47.0},{"not_picked":["Masterful Stab","PiercingWail+1"],"picked":"Deflect+1","floor":48.0},{"not_picked":["Finisher+1","Caltrops"],"picked":"Backflip+1","floor":54.0}],"player_experience":350676,"relics_obtained":[{"floor":6.0,"key":"Ornamental Fan"},{"floor":9.0,"key":"Paper Crane"},{"floor":12.0,"key":"Shuriken"},{"floor":14.0,"key":"Orichalcum"},{"floor":21.0,"key":"Red Mask"},{"floor":23.0,"key":"Ninja Scroll"},{"floor":25.0,"key":"CeramicFish"},{"floor":29.0,"key":"Juzu Bracelet"},{"floor":31.0,"key":"Enchiridion"},{"floor":38.0,"key":"Ginger"},{"floor":40.0,"key":"Potion Belt"},{"floor":43.0,"key":"CaptainsWheel"},{"floor":45.0,"key":"Incense Burner"},{"floor":47.0,"key":"Nunchaku"},{"floor":54.0,"key":"Bottled Tornado"}],"event_choices":[{"damage_healed":0.0,"max_hp_gain":0.0,"max_hp_loss":0.0,"gold_gain":0.0,"event_name":"Match and Keep!","player_choice":"2 cards matched","floor":3.0,"gold_loss":0.0,"damage_taken":0.0,"cards_obtained":["Flash of Steel","PiercingWail"]},{"damage_healed":0.0,"max_hp_gain":0.0,"max_hp_loss":0.0,"gold_gain":0.0,"event_name":"Lab","player_choice":"Got Potions","floor":7.0,"gold_loss":0.0,"damage_taken":0.0},{"damage_healed":0.0,"max_hp_gain":0.0,"max_hp_loss":0.0,"gold_gain":0.0,"event_name":"The Mausoleum","player_choice":"Ignored","floor":20.0,"gold_loss":0.0,"damage_taken":0.0},{"damage_healed":0.0,"max_hp_gain":0.0,"max_hp_loss":0.0,"gold_gain":0.0,"event_name":"Masked Bandits","player_choice":"Fought Bandits","floor":21.0,"gold_loss":0.0,"damage_taken":0.0},{"damage_healed":0.0,"max_hp_gain":0.0,"max_hp_loss":0.0,"gold_gain":0.0,"event_name":"Vampires","player_choice":"Ignored","floor":22.0,"gold_loss":0.0,"damage_taken":0.0},{"damage_healed":0.0,"max_hp_gain":0.0,"max_hp_loss":0.0,"gold_gain":0.0,"event_name":"Upgrade Shrine","player_choice":"Upgraded","floor":30.0,"gold_loss":0.0,"damage_taken":0.0,"cards_upgraded":["Accuracy"]},{"damage_healed":0.0,"max_hp_gain":0.0,"max_hp_loss":0.0,"gold_gain":0.0,"event_name":"Cursed Tome","player_choice":"Obtained Book","floor":31.0,"gold_loss":0.0,"damage_taken":16.0},{"damage_healed":0.0,"max_hp_gain":0.0,"max_hp_loss":0.0,"gold_gain":0.0,"event_name":"Mysterious Sphere","player_choice":"Fight","floor":38.0,"gold_loss":0.0,"damage_taken":0.0},{"damage_healed":0.0,"max_hp_gain":0.0,"max_hp_loss":0.0,"gold_gain":0.0,"event_name":"Winding Halls","player_choice":"Embrace Madness","floor":39.0,"gold_loss":0.0,"damage_taken":9.0,"cards_obtained":["Madness","Madness"]},{"damage_healed":0.0,"max_hp_gain":0.0,"max_hp_loss":0.0,"gold_gain":0.0,"event_name":"MindBloom","player_choice":"Fight","floor":45.0,"gold_loss":0.0,"damage_taken":0.0}],"is_beta":false,"boss_relics":[{"not_picked":["Tiny House","Calling Bell"],"picked":"Cursed Key"},{"not_picked":["Ring of the Serpent","Snecko Eye"],"picked":"Astrolabe"}],"items_purged_floors":[0,0,0,0,0,2,19,37,42,46],"is_endless":false,"potions_floor_spawned":[6,12,13,14,23,29,40,45],"ascension_level":12}}