{"host":"Bilverbakes","time":1614017582,"event":{"mods":["2.2 Compatiblity","AchievementEnabler","BaseMod","Bestiary","Colored Map","Minty Spire (QoL Compilation)","Relic Stats","StSLib","ojb\u0027s Info Mod"],"gold_per_floor":[212,238,253,1,20,20,55,55,124,152,169,180,230,242,242,314,314,329,329,170,193,210,210,241,271,271,271,301,301,321,335,335,409,409,419,419,438,448,463,488,506,506,506,506,520,545,545,575,575,575,575,575],"floor_reached":51,"language":"ENG","playtime":5785,"items_purged":["Decay"],"score":1514,"play_id":"3168a036-13f9-4d65-a672-da799cedb41a","local_time":"20210222121302","is_ascension_mode":true,"campfire_choices":[{"data":"Go for the Eyes","floor":6.0,"key":"SMITH"},{"data":"Lockon","floor":8.0,"key":"SMITH"},{"data":"Defragment","floor":15.0,"key":"SMITH"},{"data":"Biased Cognition","floor":23.0,"key":"SMITH"},{"data":"Coolheaded","floor":29.0,"key":"SMITH"},{"data":"Dualcast","floor":32.0,"key":"SMITH"},{"floor":42.0,"key":"REST"},{"data":"Hologram","floor":44.0,"key":"SMITH"},{"floor":49,"key":"RECALL"}],"circlet_count":0,"master_deck":["AscendersBane","Zap+1","Dualcast+1","Go for the Eyes+1","Genetic Algorithm","Lockon+1","Cold Snap","Compile Driver","Defragment+1","Biased Cognition+1","Leap","Barrage","Compile Driver","Leap","Meteor Strike","Compile Driver","Seek","Glacier","Coolheaded+1","Auto Shields+1","BootSequence","FTL","Core Surge","Barrage+1","Seek","Decay","Chaos","Conserve Battery+1","Defragment+1","Hologram+1","Thunder Strike","Parasite","Tempest"],"relics":["Cracked Core","Bag of Preparation","ClockworkSouvenir","Bag of Marbles","Eternal Feather","War Paint","Pandora\u0027s Box","Red Mask","Ice Cream","Bottled Flame","Boot","Snecko Eye","Smiling Mask","Ornamental Fan","Incense Burner","Oddly Smooth Stone"],"acts_visited":["Exordium","TheCity","TheBeyond"],"potions_floor_usage":[],"damage_taken":[{"damage":1.0,"enemies":"Cultist","floor":1.0,"turns":3.0},{"damage":0.0,"enemies":"Jaw Worm","floor":3.0,"turns":4.0},{"damage":0.0,"enemies":"2 Louse","floor":5.0,"turns":2.0},{"damage":9.0,"enemies":"Gremlin Nob","floor":7.0,"turns":4.0},{"damage":22.0,"enemies":"3 Sentries","floor":10.0,"turns":9.0},{"damage":3.0,"enemies":"Exordium Thugs","floor":11.0,"turns":4.0},{"damage":2.0,"enemies":"Blue Slaver","floor":12.0,"turns":3.0},{"damage":0.0,"enemies":"Large Slime","floor":14.0,"turns":2.0},{"damage":2.0,"enemies":"The Guardian","floor":16.0,"turns":8.0},{"damage":0.0,"enemies":"Shell Parasite","floor":18.0,"turns":4.0},{"damage":3.0,"enemies":"3 Byrds","floor":22.0,"turns":5.0},{"damage":15.0,"enemies":"Masked Bandits","floor":24.0,"turns":6.0},{"damage":3.0,"enemies":"Book of Stabbing","floor":25.0,"turns":4.0},{"damage":10.0,"enemies":"Slavers","floor":28.0,"turns":8.0},{"damage":0.0,"enemies":"Shelled Parasite and Fungi","floor":30.0,"turns":5.0},{"damage":3.0,"enemies":"Snake Plant","floor":31.0,"turns":4.0},{"damage":0.0,"enemies":"Champ","floor":33.0,"turns":9.0},{"damage":0.0,"enemies":"3 Darklings","floor":35.0,"turns":6.0},{"damage":13.0,"enemies":"3 Shapes","floor":37.0,"turns":6.0},{"damage":0.0,"enemies":"Writhing Mass","floor":38.0,"turns":5.0},{"damage":0.0,"enemies":"Spire Growth","floor":39.0,"turns":4.0},{"damage":37.0,"enemies":"Reptomancer","floor":40.0,"turns":7.0},{"damage":0.0,"enemies":"Sphere and 2 Shapes","floor":41.0,"turns":3.0},{"damage":0.0,"enemies":"Writhing Mass","floor":45.0,"turns":7.0},{"damage":0.0,"enemies":"Mind Bloom Boss Battle","floor":46.0,"turns":6.0},{"damage":14.0,"enemies":"Giant Head","floor":48.0,"turns":7.0},{"damage":36,"enemies":"Awakened One","floor":50,"turns":14},{"damage":59,"enemies":"Time Eater","floor":51,"turns":6}],"seed_played":"1548949747627579620","potions_obtained":[{"floor":3.0,"key":"Energy Potion"},{"floor":5.0,"key":"SkillPotion"},{"floor":11.0,"key":"SmokeBomb"},{"floor":12.0,"key":"Strength Potion"},{"floor":24.0,"key":"Regen Potion"},{"floor":25.0,"key":"Strength Potion"},{"floor":28.0,"key":"FocusPotion"},{"floor":33.0,"key":"Energy Potion"},{"floor":40.0,"key":"FearPotion"},{"floor":41.0,"key":"BlessingOfTheForge"},{"floor":45.0,"key":"FocusPotion"},{"floor":48.0,"key":"Strength Potion"}],"is_trial":false,"path_per_floor":["M","T","M","$","M","R","E","R","T","E","M","M","?","M","R","B",null,"M","?","$","T","M","R","?","E","T","?","E","R","M","M","R","B",null,"M","?","M","M","M","E","M","R","T","R","M","?","?","E","R","B","B"],"character_chosen":"DEFECT","items_purchased":["Lockon","ClockworkSouvenir","Block Potion","PotionOfCapacity"],"campfire_rested":1,"item_purchase_floors":[4,4,4,20],"current_hp_per_floor":[63,63,63,63,63,63,54,54,54,32,29,27,27,27,36,34,62,62,62,62,62,59,71,56,53,53,53,43,55,55,52,64,64,69,69,69,56,56,56,19,19,58,58,71,71,71,71,57,71,35,0,0],"gold":575,"neow_bonus":"HUNDRED_GOLD","is_daily":false,"chose_seed":false,"campfire_upgraded":7,"win_rate":0.0,"timestamp":1614017582,"path_taken":["M","?","M","$","M","R","E","R","T","E","M","M","?","?","R","BOSS","M","?","$","?","M","R","?","E","T","?","E","R","?","M","R","BOSS","M","?","M","M","M","E","?","R","T","R","M","?","?","E","R","BOSS","BOSS"],"items_purchased_type":["Card","Relic","Potion","Potion"],"build_version":"2020-12-18","purchased_purges":1,"victory":false,"max_hp_per_floor":[71,71,71,71,71,71,71,71,71,71,71,71,71,71,71,71,71,71,71,71,71,71,71,71,71,71,71,71,71,71,71,71,71,71,71,71,71,71,71,71,71,71,71,71,71,71,71,71,71,71,71,71],"relic_stats":{"counters":[28,155],"Ornamental Fan":[48],"Snecko Eye":[138,157,132,165],"Eternal Feather":90,"Pandora\u0027s Box":["Barrage","Compile Driver","Leap","Meteor Strike","Blizzard","Compile Driver","Seek","Glacier"],"Bag of Preparation":[54],"War Paint":["Zap","Defend_B"],"Boot":[96],"Smiling Mask":0,"obtain_stats":[{"Ice Cream":25,"Oddly Smooth Stone":48,"Eternal Feather":9,"Bag of Preparation":2,"Incense Burner":46,"War Paint":10,"Boot":28,"Smiling Mask":40,"ClockworkSouvenir":4,"Bottled Flame":26,"Ornamental Fan":43,"Snecko Eye":34,"Pandora\u0027s Box":17,"Bag of Marbles":7,"Red Mask":24,"Cracked Core":0},{"Ice Cream":13,"Oddly Smooth Stone":26,"Eternal Feather":4,"Bag of Preparation":1,"Incense Burner":25,"War Paint":5,"Boot":14,"Smiling Mask":22,"ClockworkSouvenir":2,"Bottled Flame":13,"Ornamental Fan":23,"Snecko Eye":17,"Pandora\u0027s Box":9,"Bag of Marbles":4,"Red Mask":12,"Cracked Core":0},{"Ice Cream":58,"Oddly Smooth Stone":135,"Eternal Feather":13,"Bag of Preparation":3,"Incense Burner":128,"War Paint":22,"Boot":66,"Smiling Mask":112,"ClockworkSouvenir":7,"Bottled Flame":58,"Ornamental Fan":115,"Snecko Eye":84,"Pandora\u0027s Box":39,"Bag of Marbles":13,"Red Mask":54,"Cracked Core":0}]},"card_choices":[{"not_picked":["Hologram","Sweeping Beam"],"picked":"Go for the Eyes","floor":1.0},{"not_picked":["Hologram","Streamline"],"picked":"Genetic Algorithm","floor":3.0},{"not_picked":["Go for the Eyes","Redo"],"picked":"Cold Snap","floor":5.0},{"not_picked":["Reboot","Turbo"],"picked":"Compile Driver","floor":7.0},{"not_picked":["Heatsinks","Static Discharge"],"picked":"Defragment","floor":10.0},{"not_picked":["Barrage","Redo"],"picked":"Biased Cognition","floor":11.0},{"not_picked":["Static Discharge","Fusion"],"picked":"Leap","floor":12.0},{"not_picked":["Static Discharge","Compile Driver","Gash"],"picked":"SKIP","floor":14.0},{"not_picked":["Stack","Melter+1"],"picked":"Coolheaded","floor":18.0},{"not_picked":["Go for the Eyes","Stack","Turbo"],"picked":"SKIP","floor":22.0},{"not_picked":["Double Energy","Ball Lightning+1"],"picked":"Auto Shields+1","floor":24.0},{"not_picked":["Gash","Barrage"],"picked":"BootSequence","floor":25.0},{"not_picked":["Steam","Rebound"],"picked":"FTL","floor":28.0},{"not_picked":["Stack","Static Discharge"],"picked":"Core Surge","floor":30.0},{"not_picked":["Leap","Skim+1"],"picked":"Barrage+1","floor":31.0},{"not_picked":["All For One","Reboot"],"picked":"Seek","floor":33.0},{"not_picked":["Stack","Barrage","Chill"],"picked":"SKIP","floor":35.0},{"not_picked":["Steam Power","Streamline+1"],"picked":"Chaos","floor":37.0},{"not_picked":["Force Field","Heatsinks"],"picked":"Conserve Battery+1","floor":38.0},{"not_picked":["Ball Lightning+1","Capacitor"],"picked":"Defragment+1","floor":39.0},{"not_picked":["Lockon","Blizzard"],"picked":"Hologram","floor":40.0},{"not_picked":["Self Repair","Conserve Battery"],"picked":"Thunder Strike","floor":41.0},{"not_picked":["Defragment","Blizzard","Barrage"],"picked":"SKIP","floor":45.0},{"not_picked":["Ball Lightning","Hologram"],"picked":"Tempest","floor":46.0},{"not_picked":["Coolheaded","Compile Driver","Beam Cell"],"picked":"SKIP","floor":48.0}],"player_experience":984979,"relics_obtained":[{"floor":2.0,"key":"Bag of Preparation"},{"floor":7.0,"key":"Bag of Marbles"},{"floor":9.0,"key":"Eternal Feather"},{"floor":10.0,"key":"War Paint"},{"floor":24.0,"key":"Red Mask"},{"floor":25.0,"key":"Ice Cream"},{"floor":26.0,"key":"Bottled Flame"},{"floor":28.0,"key":"Boot"},{"floor":40.0,"key":"Smiling Mask"},{"floor":43.0,"key":"Ornamental Fan"},{"floor":46.0,"key":"Incense Burner"},{"floor":48.0,"key":"Oddly Smooth Stone"}],"event_choices":[{"damage_healed":0.0,"max_hp_gain":0.0,"max_hp_loss":0.0,"gold_gain":50.0,"event_name":"Golden Shrine","player_choice":"Pray","floor":13.0,"gold_loss":0.0,"damage_taken":0.0},{"damage_healed":0.0,"max_hp_gain":0.0,"max_hp_loss":0.0,"gold_gain":0.0,"event_name":"Wheel of Change","player_choice":"Cursed","floor":19.0,"gold_loss":0.0,"damage_taken":0.0,"cards_obtained":["Decay"]},{"damage_healed":0.0,"max_hp_gain":0.0,"max_hp_loss":0.0,"gold_gain":0.0,"event_name":"Masked Bandits","player_choice":"Fought Bandits","floor":24.0,"gold_loss":0.0,"damage_taken":0.0},{"cards_removed":["Blizzard"],"damage_healed":0.0,"max_hp_gain":0.0,"max_hp_loss":0.0,"gold_gain":0.0,"event_name":"Purifier","player_choice":"Purged","floor":27.0,"gold_loss":0.0,"damage_taken":0.0},{"damage_healed":0.0,"max_hp_gain":0.0,"max_hp_loss":0.0,"gold_gain":0.0,"event_name":"Wheel of Change","player_choice":"Cursed","floor":36.0,"gold_loss":0.0,"damage_taken":0.0,"cards_obtained":["Decay"]},{"damage_healed":0.0,"max_hp_gain":0.0,"max_hp_loss":0.0,"gold_gain":0.0,"event_name":"MindBloom","player_choice":"Fight","floor":46.0,"gold_loss":0.0,"damage_taken":0.0},{"damage_healed":0.0,"max_hp_gain":0.0,"max_hp_loss":0.0,"gold_gain":0.0,"event_name":"Lab","player_choice":"Got Potions","floor":47.0,"gold_loss":0.0,"damage_taken":0.0}],"is_beta":true,"boss_relics":[{"not_picked":["SlaversCollar","Fusion Hammer"],"picked":"Pandora\u0027s Box"},{"not_picked":["Runic Dome","Cursed Key"],"picked":"Snecko Eye"}],"items_purged_floors":[20],"is_endless":false,"potions_floor_spawned":[3,5,11,12,24,25,28,31,33,40,41,45,48],"killed_by":"Time Eater","ascension_level":20}}