{"host":"a6m4v7p1efmaozv7","time":1614011358,"event":{"mods":["BaseMod","Colored Map","Colored Powertips","DeckTracker","Keyboard Shortcuts","Minty Spire (QoL Compilation)","Permanent Neow","Relic Stats","StSLib","SuperFastMode"],"gold_per_floor":[115,115,40,56,77,77,102,102,102,2,52,65,65,41,41,140,140,155,155,155,155,55,84,102,127,127,127,2,20,20,20,20,97,97,111,122,102,117,129,129,140,193,193,222,72,84,84,99,99,99,99,99,99,42,75,75],"floor_reached":57,"language":"ENG","playtime":1299,"items_purged":["Strike_G","Strike_G","Defend_G","Well Laid Plans"],"score":2620,"play_id":"38bea785-8e72-4187-a912-ca1831dd1b4d","local_time":"20210223012918","is_ascension_mode":true,"campfire_choices":[{"data":"Noxious Fumes","floor":6,"key":"SMITH"},{"data":"Neutralize","floor":8,"key":"SMITH"},{"data":"Acrobatics","floor":15,"key":"SMITH"},{"data":"Grand Finale","floor":27,"key":"SMITH"},{"floor":32,"key":"RECALL"},{"data":"Acrobatics","floor":40,"key":"SMITH"},{"data":"After Image","floor":49,"key":"SMITH"},{"data":"Survivor","floor":53,"key":"SMITH"}],"circlet_count":0,"master_deck":["AscendersBane","Survivor+1","Neutralize+1","Noxious Fumes+1","Acrobatics+1","Grand Finale+1","Acrobatics+1","After Image+1","Deflect+1","Backstab+1"],"relics":["Ring of the Snake","Bloody Idol","Runic Pyramid","Darkstone Periapt","StoneCalendar","Eternal Feather","Astrolabe","Pocketwatch","Paper Crane","Oddly Smooth Stone","Strawberry","Snake Skull"],"acts_visited":["Exordium","TheCity","TheBeyond","TheEnding"],"potions_floor_usage":[16,23,23,56,56],"damage_taken":[{"damage":1,"enemies":"Small Slimes","floor":1,"turns":4},{"damage":4,"enemies":"2 Louse","floor":4,"turns":4},{"damage":0,"enemies":"Cultist","floor":5,"turns":4},{"damage":0,"enemies":"Looter","floor":7,"turns":5},{"damage":0,"enemies":"2 Fungi Beasts","floor":12,"turns":5},{"damage":18,"enemies":"Hexaghost","floor":16,"turns":10},{"damage":6,"enemies":"2 Thieves","floor":18,"turns":2},{"damage":4,"enemies":"Slavers","floor":23,"turns":2},{"damage":0,"enemies":"3 Byrds","floor":24,"turns":3},{"damage":4,"enemies":"Gremlin Leader","floor":25,"turns":3},{"damage":0,"enemies":"Centurion and Healer","floor":29,"turns":2},{"damage":2,"enemies":"Champ","floor":33,"turns":4},{"damage":1,"enemies":"3 Darklings","floor":35,"turns":2},{"damage":5,"enemies":"Orb Walker","floor":36,"turns":3},{"damage":0,"enemies":"3 Darklings","floor":38,"turns":2},{"damage":5,"enemies":"Writhing Mass","floor":39,"turns":3},{"damage":29,"enemies":"4 Shapes","floor":41,"turns":2},{"damage":0,"enemies":"2 Orb Walkers","floor":42,"turns":1},{"damage":1,"enemies":"Nemesis","floor":44,"turns":3},{"damage":0,"enemies":"Transient","floor":46,"turns":6},{"damage":0,"enemies":"Writhing Mass","floor":48,"turns":3},{"damage":2,"enemies":"Awakened One","floor":50,"turns":5},{"damage":6,"enemies":"Donu and Deca","floor":51,"turns":3},{"damage":0,"enemies":"Shield and Spear","floor":55,"turns":2},{"damage":31,"enemies":"The Heart","floor":56,"turns":6}],"seed_played":"-4327629959011444889","potions_obtained":[{"floor":4,"key":"EntropicBrew"},{"floor":5,"key":"DuplicationPotion"},{"floor":24,"key":"Energy Potion"},{"floor":37,"key":"DuplicationPotion"}],"is_trial":false,"path_per_floor":["M","?","?","M","M","R","M","R","T","$","?","M","?","$","R","B",null,"M","?","?","?","$","E","M","E","T","R","$","M","?","$","R","B",null,"M","M","?","M","M","R","M","?","T","E","$","M","?","M","R","B","B",null,"R","$","E","B",null],"character_chosen":"THE_SILENT","items_purchased":["Acrobatics","Dagger Throw","SkillPotion"],"campfire_rested":0,"item_purchase_floors":[10,14,54],"current_hp_per_floor":[43,43,43,39,39,39,39,39,39,39,33,33,26,26,26,8,47,41,41,41,41,41,42,47,48,48,54,54,59,59,59,60,60,60,60,60,60,60,60,60,36,41,41,45,45,50,57,62,67,65,59,65,67,67,67,36],"gold":75,"neow_bonus":"REMOVE_TWO","is_daily":false,"chose_seed":false,"campfire_upgraded":7,"win_rate":0.0,"timestamp":1614011358,"path_taken":["M","?","?","M","M","R","M","R","T","$","?","?","?","$","R","BOSS","M","?","?","?","$","E","M","E","T","R","$","M","?","$","R","BOSS","M","M","?","M","?","R","M","?","T","E","$","M","?","M","R","BOSS","BOSS","R","$","E","BOSS"],"items_purchased_type":["Card","Card","Potion"],"build_version":"2020-12-22","purchased_purges":4,"victory":true,"max_hp_per_floor":[66,60,60,60,60,60,60,60,60,60,60,60,60,60,60,60,60,60,60,60,60,60,60,60,60,60,60,60,60,60,60,60,60,60,60,60,60,60,60,60,60,60,60,60,60,60,67,67,67,67,67,67,67,67,67,67],"relic_stats":{"Darkstone Periapt":0,"counters":[25,89],"Bloody Idol":58,"Astrolabe":["Deflect","Dagger Spray","Backstab"],"StoneCalendar":[0],"Eternal Feather":14,"Snake Skull":[5],"obtain_stats":[{"Darkstone Periapt":23,"Golden Idol":2,"Astrolabe":34,"Oddly Smooth Stone":44,"StoneCalendar":25,"Eternal Feather":26,"Snake Skull":55,"Paper Crane":43,"Bloody Idol":20,"Strawberry":47,"Ring of the Snake":0,"Runic Pyramid":17,"Pocketwatch":42},{"Darkstone Periapt":8,"Golden Idol":1,"Astrolabe":12,"Oddly Smooth Stone":19,"StoneCalendar":10,"Eternal Feather":10,"Snake Skull":24,"Paper Crane":18,"Bloody Idol":7,"Strawberry":20,"Ring of the Snake":0,"Runic Pyramid":6,"Pocketwatch":18},{"Darkstone Periapt":36,"Golden Idol":4,"Astrolabe":48,"Oddly Smooth Stone":64,"StoneCalendar":42,"Eternal Feather":42,"Snake Skull":83,"Paper Crane":61,"Bloody Idol":34,"Strawberry":70,"Ring of the Snake":0,"Runic Pyramid":32,"Pocketwatch":61}],"Ring of the Snake":[50],"Pocketwatch":[0]},"card_choices":[{"not_picked":["Backflip","Deflect"],"picked":"Noxious Fumes","floor":1},{"not_picked":["PiercingWail","Dagger Spray"],"picked":"Well Laid Plans","floor":4},{"not_picked":["Caltrops","Deflect","Underhanded Strike"],"picked":"SKIP","floor":5},{"not_picked":["Dagger Spray","Slice","Dagger Throw"],"picked":"SKIP","floor":7},{"not_picked":["Slice","Blade Dance","Flying Knee"],"picked":"SKIP","floor":12},{"not_picked":["Unload","Die Die Die"],"picked":"Grand Finale","floor":16},{"not_picked":["Prepared","Leg Sweep","Catalyst"],"picked":"SKIP","floor":18},{"not_picked":["Dodge and Roll","Well Laid Plans+1","Infinite Blades"],"picked":"SKIP","floor":23},{"not_picked":["Slice","Finisher","Dodge and Roll"],"picked":"SKIP","floor":24},{"not_picked":["Dodge and Roll+1","Finisher+1","Outmaneuver"],"picked":"SKIP","floor":25},{"not_picked":["Blade Dance","Predator+1","Noxious Fumes"],"picked":"SKIP","floor":29},{"not_picked":["Blade Dance","Predator+1","Noxious Fumes"],"picked":"SKIP","floor":29},{"not_picked":["Grand Finale","Die Die Die"],"picked":"After Image","floor":33},{"not_picked":["Setup","Well Laid Plans","Predator+1"],"picked":"SKIP","floor":35},{"not_picked":["Slice+1","Catalyst","Cloak And Dagger"],"picked":"SKIP","floor":36},{"not_picked":["Distraction+1","Calculated Gamble","Escape Plan"],"picked":"SKIP","floor":38},{"not_picked":["Dodge and Roll","Blade Dance","Accuracy"],"picked":"SKIP","floor":39},{"not_picked":["Underhanded Strike","Setup+1","Dagger Throw"],"picked":"SKIP","floor":41},{"not_picked":["Die Die Die","Blade Dance+1","Venomology"],"picked":"SKIP","floor":44},{"not_picked":["Infinite Blades+1","Backflip","Dodge and Roll"],"picked":"SKIP","floor":46},{"not_picked":["Backflip","Acrobatics+1","Flying Knee"],"picked":"SKIP","floor":48},{"not_picked":["Backflip","Acrobatics+1","Flying Knee"],"picked":"SKIP","floor":48},{"not_picked":["PiercingWail","Slice","Bane"],"picked":"SKIP","floor":55}],"player_experience":2018314,"relics_obtained":[{"floor":23,"key":"Darkstone Periapt"},{"floor":25,"key":"StoneCalendar"},{"floor":26,"key":"Eternal Feather"},{"floor":42,"key":"Pocketwatch"},{"floor":43,"key":"Paper Crane"},{"floor":44,"key":"Oddly Smooth Stone"},{"floor":55,"key":"Snake Skull"}],"event_choices":[{"damage_healed":0,"gold_gain":0,"player_choice":"Lose Max HP","damage_taken":0,"relics_obtained":["Golden Idol"],"max_hp_gain":0,"max_hp_loss":6,"event_name":"Golden Idol","floor":2,"gold_loss":0},{"cards_removed":["Strike_G"],"damage_healed":0,"gold_gain":0,"player_choice":"Card Removal","damage_taken":0,"max_hp_gain":0,"max_hp_loss":0,"event_name":"The Cleric","floor":3,"gold_loss":75},{"damage_healed":0,"gold_gain":50,"player_choice":"Touch","damage_taken":6,"max_hp_gain":0,"max_hp_loss":0,"event_name":"FaceTrader","floor":11,"gold_loss":0},{"cards_removed":["Strike_G"],"damage_healed":0,"gold_gain":0,"player_choice":"Card Removal","damage_taken":7,"max_hp_gain":0,"max_hp_loss":0,"event_name":"Golden Wing","floor":13,"gold_loss":0},{"damage_healed":0,"gold_gain":0,"player_choice":"Ignored","damage_taken":0,"max_hp_gain":0,"max_hp_loss":0,"event_name":"Cursed Tome","floor":19,"gold_loss":0},{"damage_healed":0,"gold_gain":0,"player_choice":"Gave Idol","damage_taken":0,"relics_obtained":["Bloody Idol"],"max_hp_gain":0,"max_hp_loss":0,"event_name":"Forgotten Altar","floor":20,"relics_lost":["Golden Idol"],"gold_loss":0},{"damage_healed":0,"gold_gain":0,"player_choice":"Read","damage_taken":0,"max_hp_gain":0,"max_hp_loss":0,"event_name":"The Library","floor":21,"gold_loss":0,"cards_obtained":["Acrobatics"]},{"cards_removed":["Defend_G"],"damage_healed":0,"gold_gain":0,"player_choice":"Elegance","damage_taken":0,"max_hp_gain":0,"max_hp_loss":0,"event_name":"Back to Basics","floor":30,"gold_loss":0},{"damage_healed":0,"gold_gain":0,"player_choice":"Bought 1 Potion","damage_taken":0,"max_hp_gain":0,"max_hp_loss":0,"event_name":"The Woman in Blue","floor":37,"gold_loss":0},{"damage_healed":0,"gold_gain":0,"player_choice":"Fight","damage_taken":0,"max_hp_gain":0,"max_hp_loss":0,"event_name":"Mysterious Sphere","floor":42,"gold_loss":0},{"cards_removed":["Dagger Spray"],"damage_healed":0,"gold_gain":0,"player_choice":"Gave Card","damage_taken":0,"relics_obtained":["Strawberry"],"max_hp_gain":0,"max_hp_loss":0,"event_name":"WeMeetAgain","floor":47,"gold_loss":0}],"is_beta":false,"boss_relics":[{"not_picked":["Coffee Dripper","Philosopher\u0027s Stone"],"picked":"Runic Pyramid"},{"not_picked":["Black Star","Calling Bell"],"picked":"Astrolabe"}],"items_purged_floors":[10,22,28,45],"is_endless":false,"potions_floor_spawned":[4,5,7,24,38,39,41,48],"ascension_level":20}}