{"host":"nug5xkek4sujf8as","time":1614017965,"event":{"mods":["Act Like it!","Aspiration","BaseMod","Booster Modes","CapriCore","Colored Powertips","Conspire","Energized Spire","Gensokyo","Minty Spire (QoL Compilation)","Permanent Neow","Quick Restart","Reimu£®≤©¿ˆ¡È√Œ£©","Replay The Spire","Shop Mod","Spicy Shops","StSLib","°æπ¶ƒ‹Mod°øªÏ„Á÷Æª∑–ﬁ∏¥≤π∂°","°æ“≈ŒÔø®≈∆°øREMEMod","ÛÙª÷∏ƒœ"],"gold_per_floor":[112,112,136,136,146,146,176,176,199,210,237,177,177,187,187,261,261,278,203,216,231,70,95,114,47,71,95,124,53,66,98,26,104,104,23,39,39,51,61,90,110,35,59,59,91,102,30,64,64,64,64,64,64,20,55,55,55],"floor_reached":56,"language":"ZHS","playtime":2765,"items_purged":["Defend_R","Injury"],"score":2060,"play_id":"1446ccc7-d439-4fca-9894-c74adbd4642d","local_time":"20210223021925","is_ascension_mode":true,"campfire_choices":[{"data":"Flex","floor":6.0,"key":"SMITH"},{"data":"Eclipse","floor":8.0,"key":"SMITH"},{"data":"Sword Boomerang","floor":13.0,"key":"SMITH"},{"floor":15.0,"key":"RECALL"},{"floor":49.0,"key":"REST"},{"floor":53.0,"key":"REST"}],"circlet_count":0,"master_deck":["AscendersBane","Ragnarok+1","Flex+1","Self Repair+1","Eclipse+1","Sword Boomerang+1","Steam Power+1","Beam Cell","ReplayTheSpireMod:IOU","Discovery","REME_AllRoundStrike","REME_HeartOfCthun","ReplayTheSpireMod:IOU","Inflame","WeaponsOverheat+1","Recycle","Evolve","DependentForm:ReiMu","SpreadBorder2:ReiMu+1","Warcry","Gensokyo:SalamanderShield+1","REME_ShadowForm","Conserve Battery","ReplayTheSpireMod:Omega Cannon","ReplayTheSpireMod:IOU","ReplayTheSpireMod:IOU","ReplayTheSpireMod:IOU","ReplayTheSpireMod:IOU","ReplayTheSpireMod:IOU","Dark Embrace","LovePray:ReiMu+1"],"relics":["REME_ComplimentaryCards","Pen Nib","Iron Core","aspiration:Lifesprig","Blue Doll","PaintedHorse:ReiMu","Fusion Hammer","energizedSpire:OgreHead","Black Star","Replay:Wax Seal","Bag of Preparation","MerchantsRug","Anchor","Shuriken","conspire:TopHat","Darkstone Periapt","Red Mask","Mercury Hourglass","MealTicket","PrismaticShard","Replay:Drink Me","Replay:Rubber Ducky","Pet Ghost","ReplayTheSpireMod:TigerMarble","conspire:Flyswatter","Juzu Bracelet","ReplayFunnel","Regal Pillow","aspiration:StickyExplosives_weak","Ancient Tea Set","Brimstone","aspiration:SeaSaltIceCream","aspiration:Nostalgia","FlyPower:ReiMu","Membership Card","Mastiff:ReiMu","REME_HandOfSuture","Replay:Accelerometer"],"acts_visited":["Exordium","TheCity","TheBeyond","TheEnding"],"potions_floor_usage":[56],"damage_taken":[{"damage":0.0,"enemies":"Cultist","floor":1.0,"turns":2.0},{"damage":7.0,"enemies":"Jaw Worm","floor":5.0,"turns":3.0},{"damage":0.0,"enemies":"Gremlin Nob","floor":7.0,"turns":2.0},{"damage":0.0,"enemies":"2 Louse","floor":10.0,"turns":3.0},{"damage":20.0,"enemies":"Lagavulin","floor":11.0,"turns":5.0},{"damage":6.0,"enemies":"Exordium Wildlife","floor":14.0,"turns":2.0},{"damage":47.0,"enemies":"Hexaghost","floor":16.0,"turns":6.0},{"damage":31.0,"enemies":"2 Thieves","floor":18.0,"turns":4.0},{"damage":0.0,"enemies":"Chosen","floor":20.0,"turns":3.0},{"damage":5.0,"enemies":"Snecko","floor":21.0,"turns":3.0},{"damage":13.0,"enemies":"Gremlin Leader","floor":23.0,"turns":2.0},{"damage":5.0,"enemies":"Snake Plant","floor":24.0,"turns":2.0},{"damage":18.0,"enemies":"Replay:Snechameleon","floor":25.0,"turns":2.0},{"damage":0.0,"enemies":"conspire:SneckoGhost","floor":28.0,"turns":2.0},{"damage":2.0,"enemies":"Masked Bandits","floor":29.0,"turns":2.0},{"damage":11.0,"enemies":"3 Cultists","floor":30.0,"turns":3.0},{"damage":7.0,"enemies":"Gremlin Leader","floor":31.0,"turns":3.0},{"damage":16.0,"enemies":"Collector","floor":33.0,"turns":4.0},{"damage":7.0,"enemies":"3 Darklings","floor":35.0,"turns":2.0},{"damage":2.0,"enemies":"Orb Walker","floor":36.0,"turns":2.0},{"damage":6.0,"enemies":"Writhing Mass","floor":38.0,"turns":2.0},{"damage":0.0,"enemies":"Transient","floor":39.0,"turns":5.0},{"damage":23.0,"enemies":"Nemesis","floor":40.0,"turns":3.0},{"damage":12.0,"enemies":"Spire Growth","floor":41.0,"turns":3.0},{"damage":0.0,"enemies":"Reptomancer","floor":42.0,"turns":3.0},{"damage":3.0,"enemies":"R_Hoarder","floor":45.0,"turns":3.0},{"damage":19.0,"enemies":"4 Shapes","floor":46.0,"turns":1.0},{"damage":10.0,"enemies":"Nemesis","floor":47.0,"turns":3.0},{"damage":0.0,"enemies":"Replay:Hell Engine","floor":50.0,"turns":4.0},{"damage":30.0,"enemies":"Time Eater","floor":51.0,"turns":9.0},{"damage":57.0,"enemies":"Shield and Spear","floor":55.0,"turns":4.0},{"damage":85,"enemies":"The Heart","floor":56,"turns":3}],"seed_played":"-1820020860324531763","potions_obtained":[{"floor":1.0,"key":"ColorlessPotion"},{"floor":11.0,"key":"SteroidPotion"},{"floor":14.0,"key":"Flashbang"},{"floor":16.0,"key":"EssenceOfSteel"},{"floor":20.0,"key":"Fire Potion"},{"floor":25.0,"key":"SkillPotion"},{"floor":28.0,"key":"Adrenaline Potion"},{"floor":35.0,"key":"LiquidMemories"},{"floor":38.0,"key":"Energy Potion"},{"floor":40.0,"key":"SkillPotion"},{"floor":46.0,"key":"Venom Potion"}],"is_trial":false,"path_per_floor":["M","?","T","?","M","R","E","R","T","M","E","?","R","M","R","B",null,"M","?","M","M","$","E","M","E","T","R","E","?","M","E","R","B",null,"M","M","?","M","M","E","M","E","T","R","E","M","E","$","R","B","B",null,"R","$","E","B"],"character_chosen":"IRONCLAD","items_purchased":["Sling","Replay:Wax Seal","ReplayTheSpireMod:ShopPack","Bag of Preparation","Inflame","MerchantsRug","Replay:Mystery Machine","Recycle","PrismaticShard","Brimstone","aspiration:SeaSaltIceCream","Membership Card","Dark Embrace","Mastiff:ReiMu"],"campfire_rested":2,"item_purchase_floors":[22,22,22,22,22,22,22,27,32,48,54,54,54,54],"current_hp_per_floor":[74,67,67,67,70,70,70,70,70,75,55,55,55,59,59,22,62,41,41,51,56,56,43,48,30,30,30,40,48,47,50,50,44,54,57,57,57,57,57,44,42,52,52,52,57,48,38,65,69,69,63,71,73,103,56,0,0],"gold":55,"neow_bonus":"UPGRADE_CARD","is_daily":false,"chose_seed":false,"campfire_upgraded":3,"win_rate":0.0,"timestamp":1614017965,"path_taken":["M","?","?","?","?","R","E","R","T","M","E","?","R","M","R","BOSS","M","?","M","M","$","E","M","E","T","R","E","?","M","E","R","BOSS","M","M","?","M","M","E","?","E","T","R","E","M","E","$","R","BOSS","BOSS","R","$","E","BOSS"],"items_purchased_type":["Relic","Relic","Relic","Relic","Card","Relic","Relic","Card","Relic","Relic","Relic","Relic","Card","Relic"],"build_version":"2020-12-22","purchased_purges":2,"victory":false,"max_hp_per_floor":[75,75,75,75,75,75,75,75,75,75,75,75,75,75,75,75,75,75,75,75,75,75,75,75,75,75,75,75,75,75,75,75,75,57,57,57,57,57,57,57,57,57,57,57,57,57,57,69,69,69,73,73,73,103,103,103,103],"card_choices":[{"not_picked":["Replay:Undeath\u0027s Touch","Wild Strike"],"picked":"Flex","floor":1.0},{"not_picked":["Combust","Heavy Blade","Dropkick"],"picked":"SKIP","floor":5.0},{"not_picked":["ReplayTheSpireMod:Repulse","Clothesline"],"picked":"Eclipse","floor":7.0},{"not_picked":["ReplayTheSpireMod:Corrosion Curse","Force Field"],"picked":"Sword Boomerang","floor":10.0},{"not_picked":["Flex","Intimidate"],"picked":"Steam Power","floor":11.0},{"not_picked":["Gash","Clash"],"picked":"Beam Cell","floor":14.0},{"not_picked":["Feed","conspire:HitWhereItHurts"],"picked":"conspire:Purge","floor":16.0},{"not_picked":["conspire:Charge","ReplayTheSpireMod:Strike From Hell","Entrench"],"picked":"SKIP","floor":18.0},{"not_picked":["Body Slam","ReplayTheSpireMod:Corrosion Curse"],"picked":"Cleave","floor":20.0},{"not_picked":["Heavy Blade","Armaments","Twin Strike"],"picked":"SKIP","floor":21.0},{"not_picked":["REME_BuildACard","Transmutation"],"picked":"Discovery","floor":22.0},{"not_picked":["Mayhem","REME_MagicPocketWatch"],"picked":"REME_AllRoundStrike","floor":22.0},{"not_picked":["Metamorphosis","Chrysalis"],"picked":"REME_HeartOfCthun","floor":22.0},{"not_picked":["Capacitor","ReplayTheSpireMod:GoodbyeWorld","Perfected Strike"],"picked":"SKIP","floor":23.0},{"not_picked":["Sword Boomerang","Thunderclap","Cold Snap"],"picked":"SKIP","floor":24.0},{"not_picked":["Disarm","Replay:Undeath\u0027s Touch"],"picked":"WeaponsOverheat","floor":25.0},{"not_picked":["Flex+1","ReplayReversal","Capacitor+1"],"picked":"SKIP","floor":28.0},{"not_picked":["ReplayTheSpireMod:Repulse+1","ReplayTheSpireMod:Strike From Hell"],"picked":"Evolve","floor":30.0},{"not_picked":["Seeing Red","Cold Snap","ReplayTheSpireMod:GoodbyeWorld"],"picked":"SKIP","floor":31.0},{"not_picked":["Juggernaut","Feed"],"picked":"DependentForm:ReiMu","floor":33.0},{"not_picked":["EmptyBody","Rebound"],"picked":"SpreadBorder2:ReiMu+1","floor":35.0},{"not_picked":["Outmaneuver+1","Flex","TightArray:ReiMu"],"picked":"SKIP","floor":36.0},{"not_picked":["REME_TwoStrings+1","Ball Lightning"],"picked":"Gensokyo:SalamanderShield+1","floor":38.0},{"not_picked":["Headbutt+1","TightArray:ReiMu","Dash"],"picked":"SKIP","floor":39.0},{"not_picked":["Replay:Poison Smokescreen","ShadowOfCrow2:ReiMu"],"picked":"REME_ShadowForm","floor":40.0},{"not_picked":["Replay:Bootleg Shield Generator","Intuition:ReiMu"],"picked":"Conserve Battery","floor":41.0},{"not_picked":["Dropkick","EmptyMind"],"picked":"ReplayTheSpireMod:Omega Cannon","floor":42.0},{"not_picked":["Conserve Battery","Conquer:ReiMu","Undo"],"picked":"SKIP","floor":45.0},{"not_picked":["BowlingBash+1","Poisoned Stab","Replay:AtTheReady+1"],"picked":"SKIP","floor":46.0},{"not_picked":["Hemokinesis","FlyingSleeves","FIFO Queue"],"picked":"SKIP","floor":47.0},{"not_picked":["Self Repair","Replay:Hum"],"picked":"LovePray:ReiMu+1","floor":55.0}],"player_experience":988127,"relics_obtained":[{"floor":3.0,"key":"Pen Nib"},{"floor":7.0,"key":"aspiration:Lifesprig"},{"floor":11.0,"key":"Blue Doll"},{"floor":23.0,"key":"Replay:Kaleidoscope"},{"floor":23.0,"key":"Replay:Arrowhead"},{"floor":25.0,"key":"Anchor"},{"floor":25.0,"key":"Shuriken"},{"floor":26.0,"key":"conspire:TopHat"},{"floor":28.0,"key":"Darkstone Periapt"},{"floor":28.0,"key":"War Paint"},{"floor":29.0,"key":"Red Mask"},{"floor":31.0,"key":"Mercury Hourglass"},{"floor":31.0,"key":"MealTicket"},{"floor":40.0,"key":"Replay:Rubber Ducky"},{"floor":40.0,"key":"Pet Ghost"},{"floor":42.0,"key":"ReplayTheSpireMod:TigerMarble"},{"floor":42.0,"key":"conspire:Flyswatter"},{"floor":43.0,"key":"Juzu Bracelet"},{"floor":45.0,"key":"ReplayFunnel"},{"floor":45.0,"key":"Regal Pillow"},{"floor":47.0,"key":"aspiration:StickyExplosives_weak"},{"floor":47.0,"key":"Ancient Tea Set"},{"floor":55.0,"key":"REME_HandOfSuture"},{"floor":55.0,"key":"Replay:Accelerometer"}],"event_choices":[{"cards_removed":["Strike_R"],"damage_healed":0.0,"max_hp_gain":0.0,"max_hp_loss":0.0,"gold_gain":0.0,"event_name":"Golden Wing","player_choice":"Card Removal","floor":2.0,"gold_loss":0.0,"damage_taken":7.0},{"damage_healed":0.0,"max_hp_gain":0.0,"max_hp_loss":0.0,"gold_gain":0.0,"event_name":"yidonshenshe","player_choice":"»˚«Æ","floor":12.0,"gold_loss":60.0,"damage_taken":0.0,"relics_obtained":["PaintedHorse:ReiMu"]},{"cards_removed":["Defend_R"],"damage_healed":0.0,"max_hp_gain":0.0,"max_hp_loss":0.0,"gold_gain":0.0,"event_name":"Beggar","player_choice":"Gave Gold","floor":19.0,"gold_loss":75.0,"damage_taken":0.0},{"damage_healed":0.0,"max_hp_gain":0.0,"max_hp_loss":0.0,"gold_gain":0.0,"event_name":"Masked Bandits","player_choice":"Fought Bandits","floor":29.0,"gold_loss":0.0,"damage_taken":0.0},{"damage_healed":0.0,"max_hp_gain":0.0,"max_hp_loss":0.0,"gold_gain":0.0,"cards_transformed":["conspire:Purge"],"event_name":"Transmorgrifier","player_choice":"Transformed","floor":37.0,"gold_loss":0.0,"damage_taken":0.0,"cards_obtained":["Warcry"]}],"is_beta":false,"boss_relics":[{"not_picked":["Ooze Armor","Velvet Choker"],"picked":"Replay:Grab Bag"},{"not_picked":["SlaversCollar","energizedSpire:StickyHand"],"picked":"Fusion Hammer"},{"not_picked":["energizedSpire:EnergizedDie","Philosopher\u0027s Stone"],"picked":"energizedSpire:OgreHead"},{"not_picked":["REME_DemonsWealth","Runic Pyramid"],"picked":"Black Star"},{"not_picked":["aspiration:FutureDiary","Replay:Wanted Poster"],"picked":"Replay:Drink Me"}],"items_purged_floors":[27,54],"is_endless":false,"potions_floor_spawned":[1,11,14,16,18,20,25,28,35,38,40,46],"killed_by":"The Heart","ascension_level":20}}