{"host":"67g331d0qdac7k8o","time":1614026017,"event":{"mods":["BaseMod","BetterRewards","Colored Map","Colored Powertips","Friendly Minions","Lobotomy","Minty Spire (QoL Compilation)","Replay The Spire","SIMod","Shop Mod","StSLib","SuperFastMode","The Animator","The Bug Knight","UnlockEverythingMod","Yuri Mod","noobMod"],"gold_per_floor":[110,110,129,148,163,189,202,236,236,249,199,12,44,59,59,156,156,174,192,192,110,125,150,150,75,102,115,130,130,130,143,143,238,238,248,265,284,284,284,318,318,336,389,341,341,359,376,387,387,387,387,387,14,42,42,42],"floor_reached":55,"language":"ZHS","playtime":5716,"items_purged":[],"score":820,"play_id":"5b99add4-2524-4a48-9da1-aab56a0223df","local_time":"20210223043337","is_ascension_mode":false,"campfire_choices":[{"floor":15,"key":"RECALL"},{"floor":24,"key":"REST"},{"floor":32,"key":"REST"},{"floor":41,"key":"REST"},{"floor":45,"key":"REST"},{"floor":49,"key":"REST"},{"data":"Mayhem","floor":52,"key":"SMITH"}],"circlet_count":0,"master_deck":["yuri:yuriStrike","yuri:yuriStrike","yuri:yuriStrike","yuri:yuriStrike","yuri:yuriDefend","yuri:yuriDefend","yuri:yuriDefend","yuri:yuriDefend","yuri:Oolong","yuri:yuriStab+1","yuri:WickedSlash","yuri:CalmingAura","yuri:Spin","yuri:Stare","yuri:DragonForm","yuri:HeavierStrike","yuri:NoEscape","yuri:TPose","Mayhem+1","yuri:BookGreen","yuri:WickedSlash","yuri:DuplicateCode","yuri:HeavierStrike+1","yuri:ReactiveMadness+1","yuri:SturdyUniform","yuri:BlackTea","yuri:SeeingDouble","yuri:RelentlessStrikes","Necronomicurse","yuri:MPose","yuri:GlitchRemove","yuri:BookRed+1","yuri:HeavierStrike+1","yuri:MPose+1","yuri:MPose+1","yuri:SelfHarm+1","yuri:AdaptiveAI+1","yuri:GrowingInsanity","yuri:MPose+1","Transmutation","yuri:TPose+1"],"relics":["yuri:yuriKnife","ice","Bag of Marbles","Strawberry","Regal Pillow","ChewingGum","Replay:Wax Seal","Mummified Hand","Potion Belt","Necronomicon","yuri:BookOfBooks","Ring of Hypnosis","ReplayTheSpireMod:Ring of Addiction","SacredBark","Toy Ornithopter","Bottled Flame","Art of War","Anchor"],"acts_visited":["Exordium","TheCity","TheBeyond","TheEnding"],"potions_floor_usage":[16,23,23,28,31,40,40,46,50,50,50,54,55,55,55],"damage_taken":[{"damage":3,"enemies":"Jaw Worm","floor":1,"turns":4},{"damage":2,"enemies":"Cultist","floor":3,"turns":3},{"damage":1,"enemies":"Small Slimes","floor":4,"turns":3},{"damage":3,"enemies":"3 Louse","floor":5,"turns":3},{"damage":30,"enemies":"HollowMod:MossKnight","floor":6,"turns":6},{"damage":6,"enemies":"Large Slime","floor":7,"turns":5},{"damage":16,"enemies":"3 Sentries","floor":8,"turns":4},{"damage":0,"enemies":"Exordium Wildlife","floor":10,"turns":2},{"damage":4,"enemies":"Lagavulin","floor":13,"turns":4},{"damage":11,"enemies":"Blue Slaver","floor":14,"turns":3},{"damage":23,"enemies":"Slime Boss","floor":16,"turns":5},{"damage":16,"enemies":"3 Byrds","floor":18,"turns":3},{"damage":15,"enemies":"Shell Parasite","floor":19,"turns":5},{"damage":3,"enemies":"3 Cultists","floor":22,"turns":3},{"damage":28,"enemies":"HollowMod:Nosk","floor":23,"turns":6},{"damage":16,"enemies":"Snake Plant","floor":27,"turns":3},{"damage":7,"enemies":"Shelled Parasite and Fungi","floor":28,"turns":2},{"damage":2,"enemies":"Snecko","floor":31,"turns":2},{"damage":48,"enemies":"Champ","floor":33,"turns":9},{"damage":14,"enemies":"Orb Walker","floor":35,"turns":2},{"damage":27,"enemies":"3 Darklings","floor":36,"turns":4},{"damage":31,"enemies":"Transient","floor":37,"turns":5},{"damage":26,"enemies":"Reptomancer","floor":40,"turns":5},{"damage":68,"enemies":"Maw","floor":42,"turns":6},{"damage":16,"enemies":"Jaw Worm Horde","floor":46,"turns":4},{"damage":33,"enemies":"Transient","floor":47,"turns":5},{"damage":23,"enemies":"3 Darklings","floor":48,"turns":4},{"damage":97,"enemies":"Time Eater","floor":50,"turns":8},{"damage":65,"enemies":"Shield and Spear","floor":54,"turns":6},{"damage":66,"enemies":"The Heart","floor":55,"turns":5}],"seed_played":"-6406027291636070874","potions_obtained":[{"floor":1,"key":"ColorlessPotion"},{"floor":4,"key":"SteroidPotion"},{"floor":8,"key":"LifebloodPotion"},{"floor":14,"key":"EssenceOfSteel"},{"floor":18,"key":"ColorlessPotion"},{"floor":27,"key":"Explosive Potion"},{"floor":28,"key":"Swift Potion"},{"floor":35,"key":"GamblersBrew"},{"floor":39,"key":"Languid Potion"},{"floor":39,"key":"DuplicationPotion"},{"floor":39,"key":"Regen Potion"},{"floor":42,"key":"Venom Potion"},{"floor":46,"key":"AttackPotion"},{"floor":54,"key":"Flashbang"}],"is_trial":false,"path_per_floor":["M","?","M","M","M","E","M","E","T","M","?","$","E","M","R","B",null,"M","M","?","$","M","E","R","?","T","M","M","$","?","M","R","B",null,"M","M","M","?","?","E","R","M","T","$","R","M","M","M","R","B",null,"R","$","E","B"],"character_chosen":"YURI","items_purchased":["Mayhem","Replay:Wax Seal","Fire Potion","BlessingOfTheForge","Transmutation","Strength Potion","LifebloodPotion"],"campfire_rested":5,"item_purchase_floors":[12,21,44,53,53,53,53],"current_hp_per_floor":[80,80,78,77,77,51,49,44,44,48,48,48,48,41,41,22,87,71,60,60,60,57,33,74,74,74,58,55,55,39,41,82,38,87,73,59,42,42,42,39,80,20,20,20,60,77,58,35,75,5,83,83,83,29,0,0],"gold":42,"neow_bonus":"UPGRADE_CARD","is_daily":false,"chose_seed":false,"campfire_upgraded":1,"win_rate":0.0,"timestamp":1614026017,"path_taken":["M","?","M","M","?","E","M","E","T","M","?","$","E","M","R","BOSS","M","M","?","$","M","E","R","?","T","M","M","?","?","M","R","BOSS","M","M","M","?","?","E","R","M","T","$","R","M","M","M","R","BOSS","R","$","E","BOSS"],"items_purchased_type":["Card","Relic","Potion","Potion","Card","Potion","Potion"],"build_version":"2020-12-22","purchased_purges":0,"victory":false,"max_hp_per_floor":[80,80,80,80,80,80,80,87,87,87,87,87,87,87,87,87,87,87,87,87,87,87,87,87,87,87,87,87,87,87,87,87,87,87,87,87,87,87,87,87,87,87,87,85,85,85,85,85,85,83,83,83,83,81,81,81],"card_choices":[{"not_picked":["yuri:DejaVu","yuri:TeaSet"],"picked":"yuri:WickedSlash","floor":1},{"not_picked":["yuri:MPose","yuri:ThrowBook"],"picked":"yuri:CalmingAura","floor":3},{"not_picked":["yuri:GlitchedStrike","yuri:Skip"],"picked":"yuri:Spin","floor":4},{"not_picked":["yuri:CalmingAura","yuri:ThrowingKnives"],"picked":"yuri:Stare","floor":5},{"not_picked":["yuri:BookRed","yuri:SturdyUniform"],"picked":"yuri:DragonForm","floor":6},{"not_picked":["yuri:MPose","yuri:Spin"],"picked":"yuri:HeavierStrike","floor":7},{"not_picked":["yuri:BookPurple","yuri:GreenTea"],"picked":"yuri:NoEscape","floor":8},{"not_picked":["yuri:ThrowingKnives","yuri:yuriHeavyStrike"],"picked":"yuri:TPose","floor":10},{"not_picked":["yuri:StealPen","yuri:HeavierStrike"],"picked":"yuri:BookGreen","floor":13},{"not_picked":["yuri:yuriHeavyStrike","yuri:yuriQuickStrike"],"picked":"yuri:WickedSlash","floor":14},{"not_picked":["yuri:ConsumeGlitch","yuri:GhostForm"],"picked":"yuri:DuplicateCode","floor":16},{"not_picked":["yuri:Spin","yuri:NerfBat"],"picked":"yuri:HeavierStrike+1","floor":18},{"not_picked":["yuri:BookBlue+1","yuri:BrokenCode"],"picked":"yuri:ReactiveMadness+1","floor":19},{"not_picked":["yuri:RecklessStrike","yuri:HoldBack"],"picked":"yuri:SturdyUniform","floor":22},{"not_picked":["yuri:InduceGlitch","yuri:CalmingAura"],"picked":"yuri:BlackTea","floor":23},{"not_picked":["yuri:Stare","yuri:GlitchedStrike"],"picked":"yuri:SeeingDouble","floor":27},{"not_picked":["yuri:TPose+1","yuri:ArmBrace"],"picked":"yuri:RelentlessStrikes","floor":28},{"not_picked":["yuri:HeavierStrike","yuri:RepairCode"],"picked":"yuri:MPose","floor":31},{"not_picked":["yuri:DragonForm","yuri:GhostForm"],"picked":"yuri:GlitchRemove","floor":33},{"not_picked":["yuri:BookGreen+1","yuri:BookBlue+1","yuri:BookPurple+1"],"picked":"yuri:BookRed+1","floor":34},{"not_picked":["yuri:NerfBat","yuri:Skip+1"],"picked":"yuri:HeavierStrike+1","floor":35},{"not_picked":["yuri:RecklessStrike+1","yuri:yuriHeavyStrike"],"picked":"yuri:MPose+1","floor":36},{"not_picked":["yuri:InduceGlitch+1","yuri:CorruptHitbox"],"picked":"yuri:MPose+1","floor":37},{"not_picked":["yuri:DebugCard+1","yuri:Skip+1"],"picked":"yuri:SelfHarm+1","floor":40},{"not_picked":["yuri:Stalk","yuri:DeepBreathing"],"picked":"yuri:AdaptiveAI+1","floor":42},{"not_picked":["yuri:RepairCode","yuri:Skip","yuri:TPose"],"picked":"SKIP","floor":46},{"not_picked":["yuri:RepairCode","yuri:ThrowingKnives"],"picked":"yuri:GrowingInsanity","floor":47},{"not_picked":["yuri:WickedSlash","yuri:Skip+1"],"picked":"yuri:MPose+1","floor":48},{"not_picked":["yuri:WickedSlash+1","yuri:Stalk+1"],"picked":"yuri:TPose+1","floor":54}],"player_experience":144057,"relics_obtained":[{"floor":6,"key":"Bag of Marbles"},{"floor":8,"key":"Strawberry"},{"floor":13,"key":"Regal Pillow"},{"floor":23,"key":"Mummified Hand"},{"floor":26,"key":"Potion Belt"},{"floor":30,"key":"Necronomicon"},{"floor":39,"key":"Ring of Hypnosis"},{"floor":39,"key":"ReplayTheSpireMod:Ring of Addiction"},{"floor":39,"key":"SacredBark"},{"floor":39,"key":"Toy Ornithopter"},{"floor":40,"key":"Bottled Flame"},{"floor":43,"key":"Art of War"},{"floor":54,"key":"Anchor"}],"event_choices":[{"damage_healed":0,"gold_gain":0,"player_choice":"Ignored","damage_taken":0,"max_hp_gain":0,"max_hp_loss":0,"event_name":"NoteForYourself","floor":2,"gold_loss":0},{"cards_removed":["yuri:yuriDefend"],"damage_healed":0,"gold_gain":0,"player_choice":"Card Removal","damage_taken":0,"max_hp_gain":0,"max_hp_loss":0,"event_name":"The Cleric","floor":11,"gold_loss":50},{"damage_healed":0,"gold_gain":0,"player_choice":"Ignored","damage_taken":0,"max_hp_gain":0,"max_hp_loss":0,"event_name":"Ghosts","floor":20,"gold_loss":0},{"cards_removed":["yuri:yuriStrike"],"damage_healed":0,"gold_gain":0,"player_choice":"Gave Gold","damage_taken":0,"max_hp_gain":0,"max_hp_loss":0,"event_name":"Beggar","floor":25,"gold_loss":75},{"damage_healed":0,"gold_gain":0,"player_choice":"Obtained Book","damage_taken":16,"max_hp_gain":0,"max_hp_loss":0,"event_name":"Cursed Tome","floor":30,"gold_loss":0}],"is_beta":false,"boss_relics":[{"not_picked":["Empty Cage","Cursed Key"],"picked":"ChewingGum"},{"not_picked":["Replay:Ancient Bell","SacredBark"],"picked":"yuri:BookOfBooks"}],"items_purged_floors":[],"is_endless":false,"potions_floor_spawned":[1,4,8,10,14,18,27,28,35,42,46,54],"killed_by":"The Heart","ascension_level":0}}