{"host":"43wsnxh97mgjl5zw","time":1614020695,"event":{"mods":["Aspiration","BaseMod","Colored Map","Colored Powertips","Conspire","Downfall","Halation","Hubris","Minty Spire (QoL Compilation)","Quick Restart","Rare Cards Sparkle","Relic Sorter","Reliquary","Replay The Spire","StSLib"],"gold_per_floor":[119,137,137,137,155,155,180,193,193,221,221,233,233,254,254,254,254],"floor_reached":16,"language":"ENG","playtime":1013,"items_purged":[],"score":224,"play_id":"c2a84c71-86d6-4921-a733-d5d04ba6444d","local_time":"20210222210455","is_ascension_mode":true,"campfire_choices":[{"data":"conspire:ExplosiveBarrier","floor":6.0,"key":"SMITH"},{"data":"Perfected Strike","floor":11.0,"key":"SMITH"}],"circlet_count":0,"master_deck":["AscendersBane","Strike_R+1","Strike_R","Strike_R+1","Strike_R","Strike_R","Defend_R","Defend_R","Defend_R","Defend_R","Bash","Iron Wave+1","Clothesline","Inflame","conspire:ExplosiveBarrier+1","Perfected Strike+1","Perfected Strike","Hemogenesis","Sever Soul"],"relics":["Burning Blood","MealTicket","Pet Ghost","Simple Rune","Golden Idol"],"acts_visited":["Exordium"],"potions_floor_usage":[16],"damage_taken":[{"damage":10.0,"enemies":"Small Slimes","floor":1.0,"turns":4.0},{"damage":7.0,"enemies":"conspire:RoseBush","floor":2.0,"turns":4.0},{"damage":1.0,"enemies":"Cultist","floor":5.0,"turns":3.0},{"damage":45.0,"enemies":"Lagavulin","floor":7.0,"turns":8.0},{"damage":11.0,"enemies":"Lots of Slimes","floor":8.0,"turns":5.0},{"damage":8.0,"enemies":"Gremlin Nob","floor":10.0,"turns":3.0},{"damage":8.0,"enemies":"conspire:2 RoseBushes","floor":12.0,"turns":8.0},{"damage":16.0,"enemies":"Blue Slaver","floor":14.0,"turns":3.0},{"damage":63,"enemies":"Slime Boss","floor":16,"turns":11}],"seed_played":"-151941863186602253","potions_obtained":[{"floor":2.0,"key":"BloodPotion"},{"floor":4.0,"key":"FairyPotion"},{"floor":4.0,"key":"LiquidMemories"},{"floor":14.0,"key":"Languid Potion"}],"is_trial":false,"path_per_floor":["M","M","?","?","M","R","E","M","T","E","R","M","?","M","R_BF","B"],"character_chosen":"IRONCLAD","items_purchased":[],"campfire_rested":0,"item_purchase_floors":[],"current_hp_per_floor":[64,63,63,75,75,75,36,31,31,29,29,34,34,24,44,2,2],"gold":254,"neow_bonus":"THREE_CARDS","is_daily":false,"chose_seed":false,"campfire_upgraded":2,"win_rate":0.0,"timestamp":1614020695,"path_taken":["M","M","?","?","?","R","E","M","T","E","R","?","?","M","R_BF","BOSS"],"items_purchased_type":[],"build_version":"2020-12-22","purchased_purges":0,"victory":false,"max_hp_per_floor":[75,75,75,75,75,75,75,75,75,75,75,75,68,68,68,68,68],"card_choices":[{"not_picked":["Shrug It Off","Anger"],"picked":"Iron Wave","floor":0.0},{"not_picked":["Iron Wave","Clash"],"picked":"Clothesline","floor":1.0},{"not_picked":["Carnage","Defy Death"],"picked":"Inflame","floor":2.0},{"not_picked":["Flex","Anger"],"picked":"conspire:ExplosiveBarrier","floor":5.0},{"not_picked":["Warcry","Clothesline"],"picked":"Perfected Strike","floor":7.0},{"not_picked":["ReplayTheSpireMod:Strike From Hell","Clash"],"picked":"Perfected Strike","floor":8.0},{"not_picked":["Run Through","Twin Strike"],"picked":"Hemogenesis","floor":10.0},{"not_picked":["Iron Wave","ReplayTheSpireMod:Corrosion Curse","Body Slam"],"picked":"SKIP","floor":12.0},{"not_picked":["Body Slam","True Grit"],"picked":"Sever Soul","floor":14.0}],"player_experience":1278395,"relics_obtained":[{"floor":7.0,"key":"MealTicket"},{"floor":9.0,"key":"Pet Ghost"},{"floor":10.0,"key":"Simple Rune"}],"event_choices":[{"damage_healed":0.0,"max_hp_gain":0.0,"max_hp_loss":0.0,"gold_gain":0.0,"event_name":"Lab","player_choice":"Got Potions","floor":4.0,"gold_loss":0.0,"damage_taken":0.0},{"damage_healed":0.0,"max_hp_gain":0.0,"max_hp_loss":7.0,"gold_gain":0.0,"event_name":"Golden Idol","player_choice":"Lose Max HP","floor":13.0,"gold_loss":0.0,"damage_taken":0.0,"relics_obtained":["Golden Idol"]}],"is_beta":false,"boss_relics":[],"items_purged_floors":[],"is_endless":false,"potions_floor_spawned":[2,5,14],"killed_by":"Slime Boss","ascension_level":20}}