{"host":"sgdhw3pdkzxa44vc","time":1614033215,"event":{"mods":["BaseMod","Bestiary","Colored Map","Highlight Path","Minty Spire (QoL Compilation)","Relic Stats"],"gold_per_floor":[211,211,224,239,239,239,275,275,301,316,354,354,385,410,410,410,410],"floor_reached":16,"language":"ENG","playtime":730,"items_purged":[],"score":150,"play_id":"26bb9851-1959-4fda-9923-eda74a2fcdc0","local_time":"20210223003335","is_ascension_mode":true,"campfire_choices":[{"floor":6,"key":"REST"},{"floor":12,"key":"REST"},{"floor":15,"key":"RECALL"}],"circlet_count":0,"master_deck":["Strike_G","Strike_G","Strike_G","Strike_G","Strike_G","Defend_G","Defend_G","Defend_G","Defend_G","Defend_G","Survivor","Neutralize+1","Quick Slash","Quick Slash","Poisoned Stab","Cloak And Dagger","Dagger Spray","Backflip"],"relics":["Ring of the Snake","Golden Idol","PreservedInsect","Ancient Tea Set","Toy Ornithopter","Centennial Puzzle","Eternal Feather"],"acts_visited":["Exordium"],"potions_floor_usage":[7,11,16,16],"damage_taken":[{"damage":4,"enemies":"Jaw Worm","floor":1,"turns":8},{"damage":0,"enemies":"2 Louse","floor":3,"turns":2},{"damage":0,"enemies":"Small Slimes","floor":4,"turns":3},{"damage":22,"enemies":"Gremlin Nob","floor":7,"turns":4},{"damage":6,"enemies":"Red Slaver","floor":10,"turns":3},{"damage":3,"enemies":"Lagavulin","floor":11,"turns":5},{"damage":14,"enemies":"3 Sentries","floor":13,"turns":6},{"damage":2,"enemies":"Blue Slaver","floor":14,"turns":4},{"damage":7,"enemies":"Hexaghost","floor":16,"turns":9}],"seed_played":"1964928256252159517","potions_obtained":[{"floor":1,"key":"Dexterity Potion"},{"floor":3,"key":"SkillPotion"},{"floor":10,"key":"LiquidMemories"},{"floor":11,"key":"DuplicationPotion"},{"floor":14,"key":"AttackPotion"}],"is_trial":false,"path_per_floor":["M","?","M","M","?","R","E","?","T","M","E","R","E","M","R","B"],"character_chosen":"THE_SILENT","items_purchased":[],"campfire_rested":2,"item_purchase_floors":[],"current_hp_per_floor":[66,49,49,49,31,52,30,30,30,24,26,47,33,31,40,43,43],"gold":410,"neow_bonus":"HUNDRED_GOLD","is_daily":false,"chose_seed":false,"campfire_upgraded":0,"win_rate":0.0,"timestamp":1614033215,"path_taken":["M","?","M","M","?","R","E","?","T","M","E","R","E","?","R","BOSS"],"items_purchased_type":[],"build_version":"2020-12-22","purchased_purges":0,"victory":false,"max_hp_per_floor":[70,70,70,70,70,70,70,70,70,70,70,70,70,70,70,70,70],"relic_stats":{"Centennial Puzzle":[9],"counters":[9,44],"Golden Idol":35,"Eternal Feather":9,"PreservedInsect":83,"obtain_stats":[{"Centennial Puzzle":11,"Golden Idol":2,"Eternal Feather":13,"PreservedInsect":5,"Ancient Tea Set":7,"Toy Ornithopter":9,"Ring of the Snake":0},{"Centennial Puzzle":6,"Golden Idol":1,"Eternal Feather":7,"PreservedInsect":3,"Ancient Tea Set":4,"Toy Ornithopter":4,"Ring of the Snake":0},{"Centennial Puzzle":25,"Golden Idol":8,"Eternal Feather":31,"PreservedInsect":13,"Ancient Tea Set":17,"Toy Ornithopter":17,"Ring of the Snake":0}],"Toy Ornithopter":15,"Ring of the Snake":[18]},"card_choices":[{"not_picked":["Skewer","Expertise","Crippling Poison"],"picked":"SKIP","floor":1},{"not_picked":["Dagger Throw","Deflect"],"picked":"Quick Slash","floor":3},{"not_picked":["Dagger Throw","Calculated Gamble"],"picked":"Quick Slash","floor":4},{"not_picked":["Infinite Blades","Quick Slash"],"picked":"Poisoned Stab","floor":7},{"not_picked":["Poisoned Stab","Dagger Throw"],"picked":"Cloak And Dagger","floor":10},{"not_picked":["Heel Hook","Crippling Poison","Skewer"],"picked":"SKIP","floor":11},{"not_picked":["Expertise","Unload"],"picked":"Dagger Spray","floor":13},{"not_picked":["Deflect","Outmaneuver"],"picked":"Backflip","floor":14}],"player_experience":562934,"relics_obtained":[{"floor":7,"key":"Ancient Tea Set"},{"floor":9,"key":"Toy Ornithopter"},{"floor":11,"key":"Centennial Puzzle"},{"floor":13,"key":"Eternal Feather"}],"event_choices":[{"damage_healed":0,"gold_gain":0,"player_choice":"Take Damage","damage_taken":17,"relics_obtained":["Golden Idol"],"max_hp_gain":0,"max_hp_loss":0,"event_name":"Golden Idol","floor":2,"gold_loss":0},{"damage_healed":0,"gold_gain":0,"player_choice":"Success","damage_taken":18,"relics_obtained":["PreservedInsect"],"max_hp_gain":0,"max_hp_loss":0,"event_name":"Scrap Ooze","floor":5,"gold_loss":0},{"damage_healed":0,"gold_gain":0,"player_choice":"Upgraded","damage_taken":0,"max_hp_gain":0,"max_hp_loss":0,"event_name":"Upgrade Shrine","floor":8,"gold_loss":0,"cards_upgraded":["Neutralize"]}],"is_beta":false,"boss_relics":[],"items_purged_floors":[],"is_endless":false,"potions_floor_spawned":[1,3,10,11,14],"killed_by":"Hexaghost","ascension_level":5}}