{"host":"tq99ucv8ezzqzioe","time":1614024258,"event":{"mods":["BaseMod","Colored Map","Downfall","Highlight Path","Minty Spire (QoL Compilation)","StSLib"],"gold_per_floor":[118,118,118,21,33,67,67,99,99,99,130,16,34,46,46,151,151,170,186,56,69,31,31,60,80,103,132,143,143,155,7,7,7,7],"floor_reached":33,"language":"ENG","playtime":1507,"items_purged":["Strike_B"],"score":565,"play_id":"05e7f26e-a358-4880-8677-e46fd0609346","local_time":"20210222150418","is_ascension_mode":true,"campfire_choices":[{"floor":7.0,"key":"REST"},{"floor":15,"key":"REST"},{"floor":23,"key":"RECALL"},{"data":"Fission","floor":32,"key":"SMITH"}],"circlet_count":0,"master_deck":["Strike_B","Strike_B","Defend_B","Defend_B","Defend_B","Defend_B","Zap+1","Dualcast","Cold Snap","Ball Lightning","Coolheaded","Ball Lightning","Chill","Cold Snap","Streamline","Discovery","Seek","Auto Shields","BootSequence","Leap","Ball Lightning","Echo Form","Conserve Battery","Capacitor","Cold Snap","Cold Snap","FTL","Creative AI","White Noise+1","Double Energy","Chill","Loop","Leap","Undo","Fission+1","Leap+1"],"relics":["Cracked Core","Omamori","Symbiotic Virus","PreservedInsect","Bottled Flame","Cables","Dream Catcher","Coffee Dripper","Prayer Wheel","Orichalcum","Toolbox"],"acts_visited":["Exordium","TheCity"],"potions_floor_usage":[16,24,25,27,27,33],"damage_taken":[{"damage":5.0,"enemies":"Small Slimes","floor":1.0,"turns":3.0},{"damage":0.0,"enemies":"2 Louse","floor":5.0,"turns":2.0},{"damage":24.0,"enemies":"3 Sentries","floor":6.0,"turns":5.0},{"damage":3.0,"enemies":"Gremlin Nob","floor":8.0,"turns":3.0},{"damage":10.0,"enemies":"3 Sentries","floor":11.0,"turns":3.0},{"damage":7,"enemies":"Jaw Worm","floor":13,"turns":2},{"damage":0,"enemies":"Gremlin Gang","floor":14,"turns":2},{"damage":0,"enemies":"Slime Boss","floor":16,"turns":6},{"damage":3,"enemies":"Shell Parasite","floor":18,"turns":4},{"damage":3,"enemies":"Chosen","floor":19,"turns":4},{"damage":6,"enemies":"Snecko","floor":21,"turns":4},{"damage":3,"enemies":"Gremlin Leader","floor":24,"turns":4},{"damage":18,"enemies":"Centurion and Healer","floor":25,"turns":10},{"damage":15,"enemies":"Slavers","floor":27,"turns":3},{"damage":11,"enemies":"Sentry and Sphere","floor":28,"turns":9},{"damage":17,"enemies":"Snecko","floor":30,"turns":6},{"damage":8,"enemies":"Automaton","floor":33,"turns":2}],"seed_played":"2953437503270512393","potions_obtained":[{"floor":5.0,"key":"SmokeBomb"},{"floor":6.0,"key":"Explosive Potion"},{"floor":8.0,"key":"Energy Potion"},{"floor":16,"key":"FocusPotion"},{"floor":19,"key":"PowerPotion"},{"floor":21,"key":"champ:CounterPotion"},{"floor":24,"key":"Regen Potion"},{"floor":27,"key":"Strength Potion"},{"floor":28,"key":"FearPotion"},{"floor":30,"key":"ColorlessPotion"}],"is_trial":false,"path_per_floor":["M","?","?","$","M","E","R","E","T","?","E","$","M","M","R","B",null,"M","M","$","M","$","R","E","M","T","E","M","?","M","$","R","B"],"character_chosen":"DEFECT","items_purchased":["Ball Lightning","Coolheaded","Auto Shields","Capacitor","Cold Snap","FTL","Toolbox"],"campfire_rested":2,"item_purchase_floors":[4,4,12,20,20,22,31],"current_hp_per_floor":[63,63,38,38,38,14,36,33,33,33,23,23,16,16,38,38,66,63,60,60,54,54,54,51,48,48,33,22,22,5,5,5,0,0],"gold":7,"neow_bonus":"RANDOM_COMMON_RELIC","is_daily":false,"chose_seed":false,"campfire_upgraded":1,"win_rate":0.0,"timestamp":1614024258,"path_taken":["M","?","?","$","M","E","R","E","T","?","E","$","M","?","R","BOSS","M","M","$","M","$","R","E","M","T","E","M","?","M","?","R","BOSS"],"items_purchased_type":["Card","Card","Card","Card","Card","Card","Relic"],"build_version":"2020-12-22","purchased_purges":1,"victory":false,"max_hp_per_floor":[75,75,75,75,75,75,75,75,75,75,75,75,75,75,75,75,75,75,75,75,75,75,75,75,75,75,75,75,75,75,75,75,75,75],"card_choices":[{"not_picked":["Gash","Skim"],"picked":"Cold Snap","floor":1.0},{"not_picked":["Hologram","Turbo"],"picked":"Ball Lightning","floor":5.0},{"not_picked":["Thunder Strike","Genetic Algorithm"],"picked":"Chill","floor":6.0},{"not_picked":["Coolheaded","Go for the Eyes"],"picked":"Cold Snap","floor":8.0},{"not_picked":["Skim","Hologram"],"picked":"Seek","floor":11.0},{"not_picked":["Streamline","FTL"],"picked":"BootSequence","floor":13},{"not_picked":["FTL","Genetic Algorithm"],"picked":"Leap","floor":14},{"not_picked":["Consume","Storm"],"picked":"Ball Lightning","floor":15},{"not_picked":["Meteor Strike","Reboot"],"picked":"Echo Form","floor":16},{"not_picked":["Turbo+1","Doom and Gloom"],"picked":"Conserve Battery","floor":18},{"not_picked":["Chaos","Consume","Go for the Eyes"],"picked":"SKIP","floor":19},{"not_picked":["Skim","Compile Driver"],"picked":"Cold Snap","floor":21},{"not_picked":["Conserve Battery","Turbo"],"picked":"Creative AI","floor":24},{"not_picked":["Barrage+1","Darkness+1"],"picked":"White Noise+1","floor":25},{"not_picked":["Beam Cell","Compile Driver"],"picked":"Double Energy","floor":25},{"not_picked":["Darkness","Sweeping Beam+1"],"picked":"Chill","floor":27},{"not_picked":["Sunder","Beam Cell+1"],"picked":"Loop","floor":28},{"not_picked":["Go for the Eyes+1","Genetic Algorithm"],"picked":"Leap","floor":28},{"not_picked":["Compile Driver","Storm"],"picked":"Fission","floor":30},{"not_picked":["Redo","Stack"],"picked":"Leap+1","floor":30}],"player_experience":1032494,"relics_obtained":[{"floor":6.0,"key":"PreservedInsect"},{"floor":8.0,"key":"Bottled Flame"},{"floor":9.0,"key":"Cables"},{"floor":11.0,"key":"Dream Catcher"},{"floor":24,"key":"Prayer Wheel"},{"floor":27,"key":"Orichalcum"}],"event_choices":[{"damage_healed":0.0,"max_hp_gain":0.0,"max_hp_loss":0.0,"gold_gain":0.0,"event_name":"Living Wall","player_choice":"Grow","floor":2.0,"gold_loss":0.0,"damage_taken":0.0,"cards_upgraded":["Zap"]},{"damage_healed":0.0,"max_hp_gain":0.0,"max_hp_loss":0.0,"gold_gain":0.0,"event_name":"Scrap Ooze","player_choice":"Success","floor":3.0,"gold_loss":0.0,"damage_taken":25.0,"relics_obtained":["Symbiotic Virus"]},{"damage_healed":0.0,"max_hp_gain":0.0,"max_hp_loss":0.0,"gold_gain":0.0,"event_name":"Match and Keep!","player_choice":"2 cards matched","floor":10.0,"gold_loss":0.0,"damage_taken":0.0,"cards_obtained":["Streamline","Discovery"]},{"damage_healed":0,"gold_gain":0,"cards_transformed":["Strike_B"],"player_choice":"Transformed","damage_taken":0,"max_hp_gain":0,"max_hp_loss":0,"event_name":"Transmorgrifier","floor":29,"gold_loss":0,"cards_obtained":["Undo"]}],"is_beta":false,"boss_relics":[{"not_picked":["Sozu","Black Star"],"picked":"Coffee Dripper"}],"items_purged_floors":[12],"is_endless":false,"potions_floor_spawned":[5,6,8,16,19,21,24,27,28,30],"killed_by":"Automaton","ascension_level":9}}