{"host":"cr9rpoy6dx9riis3","time":1614021972,"event":{"mods":["AchievementEnabler","BaseMod","Better Altar","Better Note","Better Sensory Stone","Better Skull","Better Third Choice","Better-Laid Plans","BetterRewards","Block Reminder","Curses Come First","Displayed Cursed Tome","Emptier Cage","Marked Mod","Minty Spire (QoL Compilation)","Permanent Neow","Relic Sorter","StSLib","The Blue Laboratory","Transform Curses"],"gold_per_floor":[112,122,132,144,158,158,193,193,193,193,228,228,254,267,267,366,366,377,377,389,405,420,420,437,437,485,485,485,504,504,504,504,602,602,615,626,626,151,151,151,183,202,202,202,202,219,219,235,235,235,235,235,21,53,53,53],"floor_reached":55,"language":"ENG","playtime":3159,"items_purged":["Defend_P","Writhe"],"score":956,"play_id":"c54da984-9202-440a-9e5c-5f1da479679f","local_time":"20210222202612","is_ascension_mode":true,"campfire_choices":[{"data":"Eruption","floor":6,"key":"SMITH"},{"data":"Vigilance","floor":8,"key":"SMITH"},{"data":"Conclude","floor":10,"key":"SMITH"},{"data":"MentalFortress","floor":12,"key":"SMITH"},{"floor":15,"key":"REST"},{"data":"Adaptation","floor":23,"key":"SMITH"},{"floor":25,"key":"RECALL"},{"floor":27,"key":"REST"},{"floor":30,"key":"REST"},{"floor":32,"key":"REST"},{"data":"Wish","floor":40,"key":"SMITH"},{"data":"Bandage Up","floor":45,"key":"SMITH"},{"floor":47,"key":"REST"},{"floor":49,"key":"REST"},{"data":"Good Instincts","floor":52,"key":"SMITH"}],"circlet_count":0,"master_deck":["Strike_P+1","Strike_P+1","Strike_P+1","Defend_P+1","Defend_P+1","Defend_P+1","Eruption+1","Vigilance+1","Conclude+1","MentalFortress+1","Wallop+1","MentalFortress+1","LessonLearned+1","TalkToTheHand+1","Adaptation+1","Perseverance+1","Good Instincts+1","RitualDagger+1","Wish+1","Crescendo+1","Bandage Up+1","CarveReality+1","Tantrum+1","SandsOfTime+1","Perseverance","Wallop+1"],"relics":["HolyWater","Philosopher\u0027s Stone","Molten Egg 2","Pantograph","Ice Cream","Bottled Tornado","Ornamental Fan","Thread and Needle","Incense Burner"],"acts_visited":["Exordium","TheCity","TheBeyond","TheEnding"],"potions_floor_usage":[11,16,18,21,24,33,33,33,48,50],"damage_taken":[{"damage":0,"enemies":"Small Slimes","floor":1,"turns":6},{"damage":0,"enemies":"Cultist","floor":2,"turns":2},{"damage":0,"enemies":"2 Louse","floor":3,"turns":3},{"damage":4,"enemies":"Large Slime","floor":4,"turns":12},{"damage":5,"enemies":"3 Louse","floor":5,"turns":3},{"damage":14,"enemies":"3 Sentries","floor":7,"turns":6},{"damage":12,"enemies":"Lagavulin","floor":11,"turns":4},{"damage":21,"enemies":"3 Sentries","floor":13,"turns":5},{"damage":0,"enemies":"Red Slaver","floor":14,"turns":5},{"damage":26,"enemies":"Slime Boss","floor":16,"turns":9},{"damage":22,"enemies":"Shell Parasite","floor":18,"turns":10},{"damage":0,"enemies":"2 Thieves","floor":20,"turns":3},{"damage":9,"enemies":"Centurion and Healer","floor":21,"turns":4},{"damage":0,"enemies":"Snecko","floor":22,"turns":4},{"damage":11,"enemies":"Snake Plant","floor":24,"turns":4},{"damage":19,"enemies":"Chosen and Byrds","floor":29,"turns":6},{"damage":108,"enemies":"Champ","floor":33,"turns":18},{"damage":15,"enemies":"3 Darklings","floor":35,"turns":4},{"damage":0,"enemies":"3 Shapes","floor":36,"turns":4},{"damage":56,"enemies":"Nemesis","floor":41,"turns":21},{"damage":11,"enemies":"Spire Growth","floor":42,"turns":5},{"damage":0,"enemies":"Maw","floor":46,"turns":9},{"damage":41,"enemies":"Writhing Mass","floor":48,"turns":8},{"damage":82,"enemies":"Time Eater","floor":50,"turns":11},{"damage":54,"enemies":"Shield and Spear","floor":54,"turns":10},{"damage":72,"enemies":"The Heart","floor":55,"turns":3}],"seed_played":"-8538866791303771425","potions_obtained":[{"floor":4,"key":"SpeedPotion"},{"floor":7,"key":"blueLaboratory:CorrosionFlask"},{"floor":13,"key":"blueLaboratory:FrostheartPotion"},{"floor":16,"key":"Swift Potion"},{"floor":20,"key":"blueLaboratory:FaithlessPotion"},{"floor":21,"key":"Fire Potion"},{"floor":22,"key":"blueLaboratory:FruitPreserves"},{"floor":24,"key":"blueLaboratory:BottleOfRum"},{"floor":46,"key":"Regen Potion"},{"floor":48,"key":"SkillPotion"}],"is_trial":false,"path_per_floor":["M","M","M","M","M","R","E","R","T","R","E","R","E","M","R","B",null,"M","?","M","M","M","R","M","R","T","R","?","M","R","?","R","B",null,"M","M","?","$","?","R","E","M","T","?","R","M","R","M","R","B",null,"R","$","E","B"],"character_chosen":"WATCHER","items_purchased":["Thread and Needle","Ice Cream","Bandage Up","SandsOfTime+1","Perseverance"],"campfire_rested":6,"item_purchase_floors":[0,38,38,53,53],"current_hp_per_floor":[63,63,63,59,54,54,40,40,50,50,38,38,17,17,41,40,82,60,60,60,51,51,51,40,40,40,64,64,45,69,63,82,8,82,67,67,67,67,67,67,15,8,8,29,29,35,59,39,63,4,82,82,82,34,0,0],"gold":53,"neow_bonus":"","is_daily":false,"chose_seed":false,"campfire_upgraded":8,"win_rate":0.0,"timestamp":1614021972,"path_taken":["M","M","M","M","M","R","E","R","T","R","E","R","E","M","R","BOSS","M","?","M","M","M","R","M","R","T","R","?","M","R","?","R","BOSS","M","M","?","$","?","R","E","?","T","?","R","M","R","M","R","BOSS","R","$","E","BOSS"],"items_purchased_type":["Relic","Relic","Card","Card","Card"],"build_version":"2020-12-22","purchased_purges":2,"victory":false,"max_hp_per_floor":[72,72,72,72,72,72,72,72,82,82,82,82,82,82,82,82,82,82,82,82,82,82,82,82,82,82,82,82,82,82,82,82,82,82,82,82,82,82,82,82,82,82,82,82,82,82,82,82,82,82,82,82,82,82,82,82],"card_choices":[{"not_picked":["MarkedMod:GracefulMovements","Evaluate","JustLucky"],"picked":"SKIP","floor":1},{"not_picked":["Evaluate","FlurryOfBlows","ThirdEye"],"picked":"SKIP","floor":2},{"not_picked":["JustLucky","Vengeance","Study"],"picked":"SKIP","floor":3},{"not_picked":["CrushJoints","BattleHymn"],"picked":"Conclude","floor":4},{"not_picked":["ClearTheMind","FlyingSleeves","Blasphemy"],"picked":"SKIP","floor":5},{"not_picked":["WheelKick+1","CrushJoints+1"],"picked":"MentalFortress","floor":7},{"not_picked":["ReachHeaven+1","Conclude+1"],"picked":"Wallop+1","floor":11},{"not_picked":["FlyingSleeves+1","WreathOfFlame","ForeignInfluence"],"picked":"SKIP","floor":13},{"not_picked":["MarkedMod:OneThousandNeedles","MarkedMod:GentlePulse"],"picked":"MentalFortress","floor":14},{"not_picked":["DevaForm","Scrawl"],"picked":"LessonLearned+1","floor":16},{"not_picked":["MarkedMod:GentlePulse","Halt+1"],"picked":"TalkToTheHand+1","floor":18},{"not_picked":["Halt","Evaluate","ThirdEye"],"picked":"SKIP","floor":20},{"not_picked":["Prostrate","FollowUp+1"],"picked":"Adaptation","floor":21},{"not_picked":["Consecrate+1","MarkedMod:GracefulMovements"],"picked":"Perseverance","floor":22},{"not_picked":["ForeignInfluence","MasterReality","EmptyMind"],"picked":"SKIP","floor":24},{"not_picked":["Secret Weapon","Jack Of All Trades"],"picked":"Good Instincts","floor":28},{"not_picked":["Halt+1","Protect","MarkedMod:PinPointDefense"],"picked":"SKIP","floor":29},{"not_picked":["DevaForm","Brilliance+1"],"picked":"Wish","floor":33},{"not_picked":["Pray","ThirdEye","MarkedMod:FirstStrike"],"picked":"SKIP","floor":35},{"not_picked":["DeceiveReality+1","JustLucky+1"],"picked":"Crescendo+1","floor":36},{"not_picked":["MarkedMod:GracefulMovements+1","Wireheading+1"],"picked":"CarveReality+1","floor":41},{"not_picked":["BowlingBash+1","MarkedMod:FirstStrike+1","Consecrate+1"],"picked":"SKIP","floor":42},{"not_picked":["BowlingBash+1","ThirdEye","FlyingSleeves+1"],"picked":"SKIP","floor":46},{"not_picked":["WaveOfTheHand+1","Protect"],"picked":"Tantrum+1","floor":48},{"not_picked":["PathToVictory+1","BattleHymn+1"],"picked":"Wallop+1","floor":54}],"player_experience":788988,"relics_obtained":[{"floor":7,"key":"Molten Egg 2"},{"floor":9,"key":"Pear"},{"floor":11,"key":"Bottled Tornado"},{"floor":13,"key":"Pantograph"},{"floor":43,"key":"Incense Burner"},{"floor":54,"key":"Ornamental Fan"}],"event_choices":[{"cards_removed":["LessonLearned"],"damage_healed":0,"gold_gain":0,"player_choice":"Give","damage_taken":0,"max_hp_gain":0,"max_hp_loss":0,"event_name":"betterNote:BetterNote","floor":19,"gold_loss":0,"cards_obtained":["Unload"]},{"damage_healed":0,"gold_gain":2,"player_choice":"1","damage_taken":0,"max_hp_gain":0,"max_hp_loss":0,"event_name":"betterStone:BetterStone","floor":28,"gold_loss":0},{"damage_healed":0,"gold_gain":0,"player_choice":"Dagger","damage_taken":6,"max_hp_gain":0,"max_hp_loss":0,"event_name":"betterThird:BetterNest","floor":31,"gold_loss":0,"cards_obtained":["RitualDagger"]},{"cards_removed":["Strike_P"],"damage_healed":0,"gold_gain":0,"player_choice":"Removed Attack","damage_taken":0,"max_hp_gain":0,"max_hp_loss":0,"event_name":"Falling","floor":37,"gold_loss":0},{"damage_healed":0,"gold_gain":0,"player_choice":"Ignored","damage_taken":0,"max_hp_gain":0,"max_hp_loss":0,"event_name":"WeMeetAgain","floor":39,"gold_loss":0},{"damage_healed":21,"gold_gain":0,"player_choice":"Writhe","damage_taken":0,"max_hp_gain":0,"max_hp_loss":0,"event_name":"Winding Halls","floor":44,"gold_loss":0,"cards_obtained":["Writhe"]}],"is_beta":false,"boss_relics":[{"not_picked":["SacredBark","Snecko Eye"],"picked":"HolyWater"},{"not_picked":["Empty Cage","Black Star"],"picked":"Philosopher\u0027s Stone"}],"items_purged_floors":[38,53],"is_endless":false,"potions_floor_spawned":[4,7,13,16,20,21,22,24,46,48],"killed_by":"The Heart","ascension_level":2}}