{"host":"flm17o2q7bfjyna6","time":1614013076,"event":{"mods":["2.2 Compatiblity","Act Like it!","BaseMod","Better Altar","Better Match","Better Note","Better Sensory Stone","Better Skull","Better Third Choice","Better Vampires","Colored Map","Colored Powertips","DeckTracker","Downfall","Fox Events","Minty Spire (QoL Compilation)","Quick Restart","Replay The Spire","Reworked Bosses","Spicy Shops","StSLib","TheSwordswoman","Wandering Minibosses"],"gold_per_floor":[99,115,135,410,420,454,454,466,476,51,82,60,79,30,45,146,146,46,65,81,81,81,110,133,66,66,9,61,110,10,51,84,220,220,220,258,16,16,390,438,438,713,713,775,53,93,135,135,186,218],"floor_reached":51,"language":"ENG","playtime":3482,"items_purged":["Regret","bronze:Strike","Regret"],"score":1080,"play_id":"5ee844be-d0d6-479c-a9a7-fc34a580e0ec","local_time":"20210222115756","is_ascension_mode":false,"campfire_choices":[{"data":"bronze:Replicate","floor":1,"key":"SMITH"},{"data":"expansioncontent:DashGenerateEvil","floor":18,"key":"SMITH"},{"data":"bronze:Boost","floor":30,"key":"SMITH"},{"data":"bronze:BurnOut","floor":35,"key":"SMITH"},{"data":"bronze:ChosenStrike","floor":43,"key":"SMITH"}],"circlet_count":0,"master_deck":["bronze:Strike","bronze:Strike","bronze:Defend","bronze:Defend","bronze:Replicate+1","bronze:Goto+1","bronze:FollowUp","bronze:BugBarrage","bronze:Flail","bronze:BuggyMess","bronze:Fortify","bronze:Boost","bronze:DigitalCarnage","bronze:Deprecate+1","bronze:HardenedForm","bronze:Optimize","bronze:Boost+1","ReplayTheSpireMod:Restless Dread","expansioncontent:DashGenerateEvil+1","bronze:ClassDefault","CurseOfTheBell","bronze:Frontload","bronze:DelayedSlice","bronze:Invalidate+1","bronze:NullPointer","bronze:BronzeOrb+1","ReplayTheSpireMod:Splinters","bronze:GetLatest+1","bronze:ForceShield+1","bronze:Fortify","bronze:DelayedGuard+1","bronze:ChosenStrike+1","bronze:BurnOut+1","bronze:WhirlingStrike+1","bronze:Invalidate+1","bronze:CutThrough+1","bronze:Overload+1","bronze:MaxOutput","bronze:DelayedGuard+1","bronze:Backtrace","expansioncontent:DashGenerateEvil+1","Replay:Bootleg Shield Generator+1","bronze:DelayedSlice+1","bronze:BuggyMess+1"],"relics":["bronze:BronzeCore","FossilizedHelix","Thread and Needle","OrangePellets","Iron Hammer","Bag of Preparation","ReplayTheSpireMod:CursedCoin","Calling Bell","War Paint","Onion Ring","Calipers","downfall:HeartBlessingGreen","Oddly Smooth Stone","Replay:Bandana","BargainBundle","hexamod:BolsterEngine","Replay:Wax Seal","Toxic Egg 2","Happy Flower","downfall:HeartBlessingBlue","Pen Nib","Astrolabe","PreservedInsect","Old Coin","Bottled Tornado","Ancient Tea Set","Bottled Lightning"],"acts_visited":["Exordium","TheCity","TheBeyond"],"potions_floor_usage":[11,50],"damage_taken":[{"damage":0,"enemies":"2 Louse","floor":2,"turns":4},{"damage":1,"enemies":"Cultist","floor":3,"turns":4},{"damage":19,"enemies":"Jaw Worm","floor":5,"turns":4},{"damage":17,"enemies":"3 Sentries","floor":6,"turns":5},{"damage":9,"enemies":"3 Louse","floor":8,"turns":3},{"damage":1,"enemies":"downfall:LooterAlt","floor":9,"turns":2},{"damage":0,"enemies":"downfall:FleeingMerchant","floor":10,"turns":4},{"damage":0,"enemies":"Gremlin Nob","floor":11,"turns":4},{"damage":0,"enemies":"downfall:FleeingMerchant","floor":12,"turns":4},{"damage":0,"enemies":"Large Slime","floor":13,"turns":6},{"damage":0,"enemies":"downfall:FleeingMerchant","floor":14,"turns":4},{"damage":0,"enemies":"3 Louse","floor":15,"turns":1},{"damage":15,"enemies":"WA_ARCHETYPE_RETAIN","floor":16,"turns":10},{"damage":0,"enemies":"Shell Parasite","floor":19,"turns":5},{"damage":0,"enemies":"Spheric Guardian","floor":20,"turns":5},{"damage":0,"enemies":"3 Cultists","floor":23,"turns":7},{"damage":0,"enemies":"downfall:FleeingMerchant","floor":25,"turns":3},{"damage":0,"enemies":"Book of Stabbing","floor":29,"turns":4},{"damage":62,"enemies":"Gremlin Leader","floor":31,"turns":15},{"damage":0,"enemies":"Cultist and Chosen","floor":32,"turns":3},{"damage":0,"enemies":"DF_ARCHETYPE_CLAW","floor":33,"turns":9},{"damage":0,"enemies":"Orb Walker","floor":36,"turns":2},{"damage":0,"enemies":"Orb Walker","floor":39,"turns":5},{"damage":0,"enemies":"Nemesis","floor":40,"turns":3},{"damage":0,"enemies":"R_Hoarder","floor":44,"turns":5},{"damage":0,"enemies":"3 Darklings","floor":46,"turns":1},{"damage":0,"enemies":"Sphere and 2 Shapes","floor":47,"turns":2},{"damage":0,"enemies":"Maw","floor":49,"turns":4},{"damage":0,"enemies":"IC_BLOCK_ARCHETYPE","floor":50,"turns":7}],"seed_played":"-5713979727976100761","potions_obtained":[{"floor":2,"key":"Elixir"},{"floor":6,"key":"SkillPotion"},{"floor":9,"key":"BlessingOfTheForge"},{"floor":11,"key":"AttackPotion"}],"is_trial":false,"path_per_floor":["R","M","M","?","M","E","T","M","M","$","E","$","M","$","M","B",null,"R","M","M","?","?","M","T","$","?","$","?","E","R","E","M","B",null,"R","M","$","?","?","E","T","?","R","E","$","M","M","?","M","B",null],"character_chosen":"THE_AUTOMATON","items_purchased":["OrangePellets","Iron Hammer","bronze:Optimize","ReplayTheSpireMod:CursedCoin","expansioncontent:DashGenerateEvil","BargainBundle","hexamod:BolsterEngine","Replay:Wax Seal","bronze:NullPointer","bronze:BronzeOrb+1","bronze:MaxOutput","PreservedInsect","bronze:DelayedGuard+1","expansioncontent:DashGenerateEvil+1","Replay:Bootleg Shield Generator+1"],"campfire_rested":0,"item_purchase_floors":[10,10,12,14,14,25,25,25,25,27,37,37,37,45,45],"current_hp_per_floor":[77,77,76,76,57,40,40,31,30,30,30,30,30,30,30,15,77,77,77,77,46,87,87,87,87,87,87,87,87,97,35,35,35,97,97,97,97,97,97,97,97,97,97,97,97,97,97,97,97,97],"gold":218,"neow_bonus":"TEN_PERCENT_HP_BONUS","is_daily":false,"chose_seed":false,"campfire_upgraded":5,"win_rate":0.0,"timestamp":1614013076,"path_taken":["R","M","M","?","M","E","T","M","M","$","E","$","?","$","M","BOSS","R","M","M","?","?","M","T","$","?","$","?","E","R","E","M","BOSS","R","M","$","?","?","E","T","?","R","E","$","M","?","?","M","BOSS"],"items_purchased_type":["Relic","Relic","Card","Relic","Card","Relic","Relic","Relic","Card","Card","Card","Relic","Card","Card","Card"],"build_version":"2020-12-22","purchased_purges":3,"victory":true,"max_hp_per_floor":[77,77,77,77,77,77,77,77,77,77,77,77,77,77,77,77,77,77,77,77,77,87,87,87,87,87,87,87,87,97,97,97,97,97,97,97,97,97,97,97,97,97,97,97,97,97,97,97,97,97],"card_choices":[{"not_picked":["bronze:CloningBeam","bronze:OilSpill"],"picked":"bronze:FollowUp","floor":2},{"not_picked":["bronze:Overheat","bronze:DelayedSlice"],"picked":"bronze:BugBarrage","floor":3},{"not_picked":["bronze:Deprecate","bronze:ItsAFeature"],"picked":"bronze:Flail","floor":5},{"not_picked":["bronze:CloningBeam","bronze:WildBeam"],"picked":"bronze:BuggyMess","floor":6},{"not_picked":["bronze:Overload","bronze:Backtrace"],"picked":"bronze:Fortify","floor":8},{"not_picked":["bronze:Deprecate","bronze:SpaghettiCode"],"picked":"bronze:Boost","floor":9},{"not_picked":["bronze:OilSpill","bronze:WildBeam"],"picked":"bronze:DigitalCarnage","floor":10},{"not_picked":["bronze:Turbo","bronze:Fortify"],"picked":"bronze:Deprecate","floor":11},{"not_picked":["bronze:ThunderWave","bronze:CloningBeam"],"picked":"bronze:HardenedForm","floor":12},{"not_picked":["bronze:WildBeam","bronze:Invalidate"],"picked":"bronze:Boost","floor":13},{"not_picked":["bronze:Flail","bronze:NullPointer","bronze:Iterate"],"picked":"SKIP","floor":14},{"not_picked":["bronze:CutThrough","bronze:Turbo"],"picked":"bronze:ClassDefault","floor":15},{"not_picked":["bronze:HardenedForm","bronze:CleanCode"],"picked":"bronze:Assembly","floor":16},{"not_picked":["bronze:BitShift","bronze:BuggyMess+1"],"picked":"bronze:Frontload","floor":19},{"not_picked":["bronze:WildBeam","bronze:CloningBeam+1"],"picked":"bronze:DelayedSlice","floor":20},{"not_picked":["bronze:Overheat","bronze:BuggyMess"],"picked":"bronze:Invalidate+1","floor":23},{"not_picked":["bronze:RecursiveStrike","bronze:Philosophize","bronze:CloningBeam"],"picked":"SKIP","floor":25},{"not_picked":["bronze:Invalidate+1","bronze:Branch"],"picked":"bronze:GetLatest+1","floor":28},{"not_picked":["bronze:Branch+1","bronze:Shell+1"],"picked":"bronze:ForceShield+1","floor":28},{"not_picked":["bronze:Invalidate+1","bronze:Shield+1"],"picked":"bronze:Fortify","floor":29},{"not_picked":["bronze:FollowUp","bronze:DigitalCarnage"],"picked":"bronze:DelayedGuard+1","floor":31},{"not_picked":["bronze:CutThrough","bronze:WhirlingStrike"],"picked":"bronze:ChosenStrike","floor":32},{"not_picked":["bronze:Format+1","bronze:Verify"],"picked":"bronze:BurnOut","floor":33},{"not_picked":["bronze:Flail+1","bronze:Repair+1"],"picked":"bronze:Overload+1","floor":36},{"not_picked":["bronze:ForceShield+1","bronze:Shield+1"],"picked":"bronze:Backtrace","floor":39},{"not_picked":["bronze:Invalidate+1","bronze:CutThrough","bronze:Flail"],"picked":"SKIP","floor":40},{"not_picked":["bronze:CutThrough","bronze:Branch","bronze:OilSpill+1"],"picked":"SKIP","floor":44},{"not_picked":["bronze:Frontload+1","bronze:NullPointer"],"picked":"bronze:DelayedSlice+1","floor":46},{"not_picked":["bronze:BronzeOrb+1","bronze:Deprecate+1"],"picked":"bronze:BuggyMess+1","floor":47},{"not_picked":["bronze:Turbo+1","bronze:WildBeam","bronze:DelayedGuard+1"],"picked":"SKIP","floor":49}],"player_experience":1981266,"relics_obtained":[{"floor":6,"key":"FossilizedHelix"},{"floor":7,"key":"Thread and Needle"},{"floor":11,"key":"Bag of Preparation"},{"floor":17,"key":"War Paint"},{"floor":17,"key":"Onion Ring"},{"floor":17,"key":"Calipers"},{"floor":28,"key":"Toxic Egg 2"},{"floor":29,"key":"Happy Flower"},{"floor":31,"key":"Pen Nib"},{"floor":39,"key":"Old Coin"},{"floor":40,"key":"Bottled Tornado"},{"floor":41,"key":"Ancient Tea Set"},{"floor":44,"key":"Bottled Lightning"}],"event_choices":[{"damage_healed":0,"gold_gain":0,"player_choice":"RE RE ","damage_taken":35,"relics_obtained":["Oddly Smooth Stone","Replay:Bandana"],"max_hp_gain":0,"max_hp_loss":0,"event_name":"betterSkull:BetterSkull","floor":21,"gold_loss":0,"cards_upgraded":[]},{"cards_removed":["bronze:Assembly"],"damage_healed":31,"gold_gain":0,"player_choice":"Offered Rare","damage_taken":0,"max_hp_gain":10,"max_hp_loss":0,"event_name":"Bonfire Elementals","floor":22,"gold_loss":0},{"cards_removed":["bronze:Strike"],"damage_healed":0,"gold_gain":0,"player_choice":"Give","damage_taken":0,"max_hp_gain":0,"max_hp_loss":0,"event_name":"betterNote:BetterNote","floor":26,"gold_loss":0,"cards_obtained":["champ:Strike"]}],"is_beta":false,"boss_relics":[{"not_picked":["SlaversCollar","Pandora\u0027s Box"],"picked":"Calling Bell"},{"not_picked":["Cursed Key","Ring of Chaos"],"picked":"Astrolabe"}],"items_purged_floors":[10,25,45],"is_endless":false,"potions_floor_spawned":[2,6,9,11,15,19,29,33,46],"ascension_level":0}}