{"host":"0mk07bycsqo1qk03","time":1614020145,"event":{"mods":["BaseMod","Downfall","Hermit","Hubris","Minty Spire (QoL Compilation)","Reliquary","Replay The Spire","Spicy Shops","StSLib","The Hierophant"],"gold_per_floor":[102,102,102,152,191,191,247,212,235,235,235,317,6,147,147,355,355,490,460,460],"floor_reached":19,"language":"ENG","playtime":766,"items_purged":["Voices"],"score":132,"play_id":"6bfd2e8f-fc4b-4fa5-9517-df1739a69d09","local_time":"20210222195545","is_ascension_mode":false,"campfire_choices":[{"data":"hierophant:RustyCrate","floor":6,"key":"SMITH"},{"data":"hierophant:Community","floor":11,"key":"SMITH"},{"data":"hierophant:RustyCrate","floor":15,"key":"SMITH"}],"circlet_count":0,"master_deck":["hierophant:Strike_Hierophant","hierophant:Strike_Hierophant","hierophant:Strike_Hierophant","hierophant:Strike_Hierophant","hierophant:Punish","hierophant:Defend_Hierophant","hierophant:Defend_Hierophant","hierophant:Defend_Hierophant","hierophant:Defend_Hierophant","hierophant:ChurchCoffers","CommonCold","hierophant:MintersHammer","hierophant:Doubloon+1","hierophant:Doubloon+1","hierophant:Doubloon+1","hierophant:RustyCrate+1","hierophant:Community+1","hierophant:RustyCrate+1","hierophant:Doubloon+1","hierophant:Doubloon+1","hierophant:OrnateBuckler","hierophant:CursedGold","hierophant:Doubloon+1","hierophant:BulkyChest","hierophant:Cornucopia","hierophant:FieryStrike+1"],"relics":["hierophant:PropheticMaskRelic","ReplayTheSpireMod:Ring of Addiction","Ring of Hypnosis","Toy Ornithopter","hubris:EmptyBottle","Pet Ghost","Honey Jar"],"acts_visited":["Exordium","TheCity"],"potions_floor_usage":[5,12,12,14,16,16,16,16],"damage_taken":[{"damage":10,"enemies":"Jaw Worm","floor":1,"turns":5},{"damage":10,"enemies":"Small Slimes","floor":5,"turns":2},{"damage":4,"enemies":"Cultist","floor":7,"turns":4},{"damage":0,"enemies":"Gremlin Gang","floor":12,"turns":2},{"damage":6,"enemies":"Exordium Wildlife","floor":14,"turns":4},{"damage":37,"enemies":"Slime Boss","floor":16,"turns":9},{"damage":64,"enemies":"3 Byrds","floor":18,"turns":7},{"damage":8,"enemies":"2 Thieves","floor":19,"turns":1}],"seed_played":"-3474917935824551299","potions_obtained":[{"floor":2,"key":"SkillPotion"},{"floor":2,"key":"LiquidBronze"},{"floor":2,"key":"PowerPotion"},{"floor":7,"key":"Swift Potion"},{"floor":10,"key":"Strength Potion"},{"floor":10,"key":"Fire Potion"}],"is_trial":false,"path_per_floor":["M","?","?","?","M","R","M","?","T","?","R","M","$","M","R","B",null,"M","M"],"character_chosen":"HIEROPHANT","items_purchased":["hierophant:CursedGold","hierophant:BulkyChest","Elixir"],"campfire_rested":0,"item_purchase_floors":[13,13,13],"current_hp_per_floor":[65,65,65,65,60,60,56,74,73,73,73,71,71,65,65,34,71,7,0,0],"gold":460,"neow_bonus":"THREE_RARE_CARDS","is_daily":false,"chose_seed":false,"campfire_upgraded":3,"win_rate":0.0,"timestamp":1614020145,"path_taken":["M","?","?","?","M","R","M","?","T","?","R","M","$","M","R","BOSS","M","M"],"items_purchased_type":["Card","Card","Potion"],"build_version":"2020-12-22","purchased_purges":1,"victory":false,"max_hp_per_floor":[75,75,75,75,75,75,75,75,73,73,73,71,71,71,71,71,71,71,71,71],"card_choices":[{"not_picked":["hierophant:Invocation","hierophant:Batter"],"picked":"hierophant:MintersHammer","floor":0},{"not_picked":["hierophant:Glossolalia","hierophant:OrnateBuckler"],"picked":"hierophant:Doubloon","floor":1},{"not_picked":["hierophant:HolyVerse","hierophant:Charity"],"picked":"hierophant:Community","floor":5},{"not_picked":["hierophant:ConvertCurrency","hierophant:Upheaval"],"picked":"hierophant:RustyCrate","floor":7},{"not_picked":["hierophant:ConvertCurrency","hierophant:Prophecy"],"picked":"hierophant:OrnateBuckler","floor":12},{"not_picked":["hierophant:SecretStash","hierophant:Glossolalia","hierophant:Shelter"],"picked":"SKIP","floor":14},{"not_picked":["hierophant:AuricForm","hierophant:BulkyChest"],"picked":"hierophant:Cornucopia","floor":16},{"not_picked":["hierophant:ConvertCurrency+1","hierophant:Mercenaries","hierophant:HolyVerse"],"picked":"hierophant:FieryStrike+1","floor":18}],"player_experience":1056719,"relics_obtained":[{"floor":2,"key":"ReplayTheSpireMod:Ring of Addiction"},{"floor":2,"key":"Ring of Hypnosis"},{"floor":2,"key":"Toy Ornithopter"},{"floor":2,"key":"hubris:EmptyBottle"},{"floor":9,"key":"Pet Ghost"}],"event_choices":[{"damage_healed":0,"gold_gain":50,"player_choice":"Gained Gold","damage_taken":0,"max_hp_gain":0,"max_hp_loss":0,"event_name":"Golden Wing","floor":4,"gold_loss":0},{"damage_healed":18,"gold_gain":0,"player_choice":"Healed","damage_taken":0,"max_hp_gain":0,"max_hp_loss":0,"event_name":"The Cleric","floor":8,"gold_loss":35},{"damage_healed":0,"gold_gain":0,"player_choice":"Got Potions","damage_taken":0,"max_hp_gain":0,"max_hp_loss":0,"event_name":"Lab","floor":10,"gold_loss":0}],"is_beta":false,"boss_relics":[{"not_picked":["Velvet Choker","Astrolabe"],"picked":"Honey Jar"}],"items_purged_floors":[13],"is_endless":false,"potions_floor_spawned":[7],"killed_by":"2 Thieves","ascension_level":0}}