{"host":"99hdc171q9wfr3hk","time":1614038053,"event":{"mods":["BaseMod","Block Reminder","Colored Map","Colored Powertips","DeckTracker","Downfall","Minty Spire (QoL Compilation)","Relic Stats","StSLib"],"gold_per_floor":[0,17,34,34,48,63,63,90,0,450,350,186,186,199,210,311,311,311,329,329,344,363,363,363,385,297,340,67,85,85,244,255,353,353,253,272,43,60,60,88,88,122,122,136,136,136,150,164,180,180,180,210,108,108,108,108],"floor_reached":57,"language":"ENG","playtime":4387,"items_purged":["hexamod:Defend","downfall:Icky","downfall:Malfunctioning","downfall:Icky"],"score":1411,"play_id":"c6d19f2f-6aef-4b11-9c43-fe6b8b1d9a1e","local_time":"20210223005413","is_ascension_mode":false,"campfire_choices":[{"data":"hexamod:Float","floor":1,"key":"SMITH"},{"data":"hexamod:ParanormalForm","floor":11,"key":"SMITH"},{"floor":18,"key":"RECALL"},{"data":"hexamod:GiftsFromTheDead","floor":26,"key":"SMITH"},{"data":"hexamod:UnleashSpirits","floor":30,"key":"SMITH"},{"data":"hexamod:Haunt","floor":35,"key":"SMITH"},{"data":"hexamod:Haunt","floor":43,"key":"SMITH"},{"data":"hexamod:EtherealExpedition","floor":46,"key":"SMITH"},{"data":"hexamod:GiftsFromTheDead","floor":54,"key":"SMITH"}],"circlet_count":0,"master_deck":["hexamod:Strike+1","hexamod:Strike+1","hexamod:Strike+1","hexamod:Defend+1","hexamod:Defend","hexamod:Sear+1","hexamod:Float+1","hexamod:ThirdSeal","hexamod:Firestarter","hexamod:GhostflameInferno+1","hexamod:GhostLash+1","hexamod:FlamesFromBeyond+1","hexamod:Hexaguard+1","hexamod:EtherealExpedition","hexamod:ParanormalForm+1","hexamod:EtherealExpedition+1","hexamod:GhostLash","hexamod:FirstSeal","hexamod:SpectersWail+1","downfall:Icky","hexamod:GhostShield","hexamod:Haunt+1","hexamod:NightmareGuise+1","hexamod:FlamesFromBeyond+1","hexamod:GhostShield+1","hexamod:SixthSeal","hexamod:GiftsFromTheDead+1","hexamod:Haunt+1","hexamod:Hexaguard+1","hexamod:TimeOfNeed","hexamod:SpectersWail+1","hexamod:FlamesFromBeyond+1","hexamod:FastForward+1","hexamod:SixthSeal","hexamod:UnleashSpirits+1","hexamod:EtherealExpedition+1","hexamod:Haunt+1","hexamod:FirstSeal","hexamod:GhostShield+1","hexamod:TimeOfNeed+1","hexamod:Hexaguard+1","hexamod:PowerFromBeyond+1","hexamod:ParanormalForm+1","hexamod:Hexaguard+1","hexamod:Haunt+1","hexamod:Hexaguard+1","hexamod:GhostShield+1","hexamod:EtherealExpedition+1","hexamod:EtherealExpedition+1","hexamod:GhostShield","hexamod:UnleashSpirits+1","hexamod:RecurringNightmare+1","hexamod:Hexaguard+1","hexamod:GiftsFromTheDead+1"],"relics":["hexamod:SpiritBrand","Question Card","downfall:HeartBlessingBlue","Coffee Dripper","MawBank","downfall:HeartBlessingRed","Mercury Hourglass","SacredBark","downfall:HeartBlessingGreen","DollysMirror","Dream Catcher","StrikeDummy","Lantern","Red Mask","downfall:RedIOUUpgrade","Strawberry"],"acts_visited":["Exordium","TheCity","TheBeyond","TheEnding"],"potions_floor_usage":[12,15,25,27,33,42,50,50,55],"damage_taken":[{"damage":0,"enemies":"Cultist","floor":2,"turns":3},{"damage":0,"enemies":"2 Louse","floor":3,"turns":2},{"damage":0,"enemies":"Small Slimes","floor":5,"turns":3},{"damage":0,"enemies":"Blue Slaver","floor":6,"turns":3},{"damage":14,"enemies":"Lagavulin","floor":8,"turns":4},{"damage":0,"enemies":"downfall:FleeingMerchant","floor":9,"turns":4},{"damage":5,"enemies":"downfall:FleeingMerchant","floor":12,"turns":4},{"damage":5,"enemies":"downfall:LooterAlt","floor":14,"turns":3},{"damage":0,"enemies":"Exordium Wildlife","floor":15,"turns":3},{"damage":4,"enemies":"WA_ARCHETYPE_RETAIN","floor":16,"turns":5},{"damage":0,"enemies":"Chosen","floor":19,"turns":4},{"damage":18,"enemies":"downfall:LooterAlt2","floor":21,"turns":3},{"damage":23,"enemies":"Snake Plant","floor":22,"turns":4},{"damage":7,"enemies":"Centurion and Healer","floor":25,"turns":4},{"damage":15,"enemies":"Gremlin Leader","floor":27,"turns":7},{"damage":0,"enemies":"downfall:FleeingMerchant","floor":28,"turns":4},{"damage":0,"enemies":"3 Cultists","floor":29,"turns":5},{"damage":15,"enemies":"downfall:FleeingMerchant","floor":31,"turns":3},{"damage":0,"enemies":"Sentry and Sphere","floor":32,"turns":3},{"damage":8,"enemies":"DF_ARCHETYPE_CLAW","floor":33,"turns":6},{"damage":38,"enemies":"3 Darklings","floor":36,"turns":4},{"damage":2,"enemies":"3 Shapes","floor":38,"turns":2},{"damage":22,"enemies":"Giant Head","floor":40,"turns":7},{"damage":18,"enemies":"Nemesis","floor":42,"turns":7},{"damage":0,"enemies":"Transient","floor":44,"turns":5},{"damage":9,"enemies":"Sphere and 2 Shapes","floor":47,"turns":3},{"damage":15,"enemies":"Writhing Mass","floor":48,"turns":4},{"damage":0,"enemies":"Transient","floor":49,"turns":5},{"damage":38,"enemies":"IC_BLOCK_ARCHETYPE","floor":50,"turns":7},{"damage":7,"enemies":"downfall:CharBossMerchant","floor":52,"turns":6},{"damage":0,"enemies":"downfall:NeowBoss","floor":55,"turns":11},{"damage":16,"enemies":"downfall:NeowBossFinal","floor":56,"turns":7}],"seed_played":"-6890093509930707171","potions_obtained":[{"floor":3,"key":"bronze:BurnAndBuffPotion"},{"floor":5,"key":"BlessingOfTheForge"},{"floor":6,"key":"Swift Potion"},{"floor":8,"key":"AttackPotion"},{"floor":14,"key":"FearPotion"},{"floor":19,"key":"AttackPotion"},{"floor":27,"key":"champ:CounterPotion"},{"floor":36,"key":"Explosive Potion"},{"floor":40,"key":"Strength Potion"},{"floor":47,"key":"hexamod:SoulburnPotion"},{"floor":49,"key":"SkillPotion"}],"is_trial":false,"path_per_floor":["R","M","M","?","M","M","T","E","$","?","R","$","?","M","M","B",null,"R","M","?","M","M","?","T","M","R","E","$","M","R","$","M","B",null,"R","M","$","M","?","E","T","E","R","M","?","R","M","M","M","B",null,"E","$","R","B","B",null],"character_chosen":"THE_SPIRIT","items_purchased":["hexamod:NightmareGuise","hexamod:UnleashSpirits","hexamod:FirstSeal","hexamod:PowerFromBeyond","DollysMirror","Energy Potion","Block Potion"],"campfire_rested":0,"item_purchase_floors":[12,28,31,37,37,53,53],"current_hp_per_floor":[70,70,70,67,67,67,67,53,60,60,70,72,72,67,74,77,80,80,80,80,69,46,31,31,24,24,16,23,30,30,15,22,28,85,85,54,54,59,59,51,51,47,47,47,47,47,45,37,44,6,85,92,92,92,92,76],"gold":108,"neow_bonus":"TRANSFORM_TWO_CARDS","is_daily":false,"chose_seed":false,"campfire_upgraded":8,"win_rate":0.0,"timestamp":1614038053,"path_taken":["R","M","M","?","M","M","T","E","$","?","R","$","?","M","M","BOSS","R","M","?","M","M","?","T","M","R","E","$","?","R","$","M","BOSS","R","M","$","M","?","E","T","E","R","M","?","R","M","?","M","BOSS","E","$","R","BOSS","BOSS"],"items_purchased_type":["Card","Card","Card","Card","Relic","Potion","Potion"],"build_version":"2020-12-22","purchased_purges":4,"victory":true,"max_hp_per_floor":[70,70,70,70,70,70,70,70,70,70,80,80,80,80,80,80,80,80,80,80,80,80,85,85,85,85,85,85,85,85,85,85,85,85,85,85,85,85,85,85,85,85,85,85,85,85,85,85,85,85,85,92,92,92,92,92],"relic_stats":{"Dream Catcher":0,"counters":[32,145],"Question Card":48,"MawBank":48,"obtain_stats":[{"downfall:RedIOUUpgrade":45,"Lantern":42,"downfall:HeartBlessingRed":26,"SacredBark":34,"downfall:HeartBlessingGreen":35,"Question Card":4,"MawBank":24,"Mercury Hourglass":27,"Centennial Puzzle":8,"Dream Catcher":40,"downfall:HeartBlessingBlue":11,"DollysMirror":37,"Strawberry":52,"downfall:RedIOU":20,"Coffee Dripper":17,"Red Mask":45,"StrikeDummy":41,"hexamod:SpiritBrand":0},{"downfall:RedIOUUpgrade":25,"Lantern":24,"downfall:HeartBlessingRed":14,"SacredBark":20,"downfall:HeartBlessingGreen":20,"Question Card":2,"MawBank":13,"Mercury Hourglass":15,"Centennial Puzzle":5,"Dream Catcher":23,"downfall:HeartBlessingBlue":6,"DollysMirror":21,"Strawberry":30,"downfall:RedIOU":11,"Coffee Dripper":10,"Red Mask":25,"StrikeDummy":23,"hexamod:SpiritBrand":0},{"downfall:RedIOUUpgrade":102,"Lantern":97,"downfall:HeartBlessingRed":49,"SacredBark":77,"downfall:HeartBlessingGreen":77,"Question Card":5,"MawBank":45,"Mercury Hourglass":56,"Centennial Puzzle":15,"Dream Catcher":90,"downfall:HeartBlessingBlue":19,"DollysMirror":81,"Strawberry":127,"downfall:RedIOU":38,"Coffee Dripper":34,"Red Mask":102,"StrikeDummy":90,"hexamod:SpiritBrand":0}],"Mercury Hourglass":[263]},"card_choices":[{"not_picked":["hexamod:NightmareStrike","hexamod:GhostShield"],"picked":"hexamod:GhostflameInferno","floor":2},{"not_picked":["hexamod:HeatMetal","hexamod:ShieldOfDarkness"],"picked":"hexamod:SpectersWail","floor":2},{"not_picked":["hexamod:InspiringFlames","hexamod:EtherealExpedition"],"picked":"hexamod:GhostLash","floor":3},{"not_picked":["hexamod:ShieldOfDarkness","hexamod:NightmareStrike"],"picked":"hexamod:FlamesFromBeyond","floor":3},{"not_picked":["hexamod:GhostLash","hexamod:ThermalTransfer","hexamod:HauntingEcho"],"picked":"hexamod:Hexaguard","floor":5},{"not_picked":["hexamod:SwordOfDarkness","hexamod:GhostflameBarrier","hexamod:FlamesFromBeyond"],"picked":"hexamod:EtherealExpedition","floor":5},{"not_picked":["hexamod:FastForward","hexamod:SpectersWail","hexamod:FirstSeal"],"picked":"hexamod:ParanormalForm","floor":6},{"not_picked":["hexamod:NightmareStrike","hexamod:ChargedBarrage","hexamod:BacktrackSmack"],"picked":"hexamod:EtherealExpedition","floor":6},{"not_picked":["hexamod:SwordOfDarkness","hexamod:UnlimitedPower","hexamod:AdvancingGuard"],"picked":"hexamod:GhostLash","floor":8},{"not_picked":["hexamod:GhostflameBarrier","hexamod:DynamicBlow","hexamod:Haunt"],"picked":"hexamod:FirstSeal","floor":8},{"not_picked":["hexamod:EmpoweredFlame","hexamod:Again","hexamod:NightmareStrike"],"picked":"hexamod:SpectersWail","floor":9},{"not_picked":["hexamod:SwordOfDarkness","hexamod:ThermalTransfer","hexamod:HeatMetal","hexamod:HauntingEcho"],"picked":"SKIP","floor":9},{"not_picked":["hexamod:GhostOfSpirePast","hexamod:NightmareGuise","hexamod:Incineration"],"picked":"hexamod:GhostShield","floor":12},{"not_picked":["hexamod:ThermalTransfer","hexamod:RadiantFlame","hexamod:EmpoweredFlame"],"picked":"hexamod:Haunt","floor":12},{"not_picked":["hexamod:DynamicBlow","hexamod:SecondSeal","hexamod:Firestarter"],"picked":"hexamod:FlamesFromBeyond","floor":14},{"not_picked":["hexamod:Again","hexamod:ThermalTransfer","hexamod:Firestarter"],"picked":"hexamod:GhostShield","floor":14},{"not_picked":["hexamod:HeatMetal","hexamod:SpectralAdrenaline","hexamod:NecessarySacrifice","hexamod:GhostOfSpirePast"],"picked":"SKIP","floor":15},{"not_picked":["hexamod:TimeOfNeed","hexamod:GhostOfSpirePresent","hexamod:UnlimitedPower"],"picked":"hexamod:SixthSeal","floor":16},{"not_picked":["hexamod:SixthSeal","hexamod:TimeOfNeed","hexamod:TimeWarp"],"picked":"hexamod:GiftsFromTheDead","floor":16},{"not_picked":["hexamod:SwordOfDarkness","hexamod:EmpoweredFlame","hexamod:AdvancingGuard","hexamod:InspiringFlames"],"picked":"SKIP","floor":19},{"not_picked":["hexamod:ShieldOfDarkness","hexamod:GhostOfSpireFuture","hexamod:SpectralAdrenaline","hexamod:SoulSteal+1"],"picked":"SKIP","floor":19},{"not_picked":["hexamod:RetreatToShadows","hexamod:AdvancingGuard+1","hexamod:Firestarter+1"],"picked":"hexamod:Haunt","floor":21},{"not_picked":["hexamod:SecondSeal","hexamod:BurningTouch","hexamod:EtherealExpedition"],"picked":"hexamod:Hexaguard","floor":22},{"not_picked":["hexamod:ChargedBarrage","hexamod:GhostflameBarrier","hexamod:HauntingEcho","hexamod:Firestarter"],"picked":"SKIP","floor":22},{"not_picked":["hexamod:GhostOfSpireFuture","hexamod:HauntingEcho+1","hexamod:SpectersWail"],"picked":"hexamod:TimeOfNeed","floor":25},{"not_picked":["hexamod:BacktrackSmack","hexamod:PhantomCloak","hexamod:HauntingEcho"],"picked":"hexamod:SpectersWail+1","floor":25},{"not_picked":["hexamod:AdvancingGuard","hexamod:BurningTouch","hexamod:ShieldOfDarkness+1"],"picked":"hexamod:FlamesFromBeyond","floor":27},{"not_picked":["hexamod:SwordOfDarkness","hexamod:HauntingEcho","hexamod:GhostflameInferno","hexamod:Again"],"picked":"SKIP","floor":27},{"not_picked":["hexamod:CatchUp","hexamod:BacktrackSmack","hexamod:NightmareStrike"],"picked":"hexamod:FastForward","floor":28},{"not_picked":["hexamod:Again","hexamod:Firestarter","hexamod:HeatCrush"],"picked":"hexamod:SixthSeal","floor":28},{"not_picked":["hexamod:AdvancingGuard+1","hexamod:SwordOfDarkness","hexamod:ThermalTransfer"],"picked":"hexamod:EtherealExpedition+1","floor":29},{"not_picked":["hexamod:RecurringNightmare","hexamod:HeatCrush","hexamod:PowerFromBeyond"],"picked":"hexamod:Haunt+1","floor":31},{"not_picked":["hexamod:HauntingEcho","hexamod:ChargedBarrage","hexamod:GhostOfSpirePast"],"picked":"hexamod:GhostShield","floor":32},{"not_picked":["hexamod:VolcanoVisage","hexamod:UnlimitedPower","hexamod:GhostflameInferno"],"picked":"hexamod:TimeOfNeed","floor":33},{"not_picked":["hexamod:SwordOfDarkness","hexamod:NightmareGuise","hexamod:RetreatToShadows+1"],"picked":"hexamod:Hexaguard+1","floor":36},{"not_picked":["hexamod:SpectralAdrenaline+1","hexamod:AdvancingGuard","hexamod:FastForward+1","hexamod:PhantomFireball+1"],"picked":"SKIP","floor":36},{"not_picked":["hexamod:InspiringFlames+1","hexamod:SpectersWail","hexamod:SkipABeat+1"],"picked":"hexamod:Hexaguard+1","floor":38},{"not_picked":["hexamod:BurningTouch","hexamod:PowerFromBeyond+1","hexamod:GhostflameBarrier+1"],"picked":"hexamod:Haunt","floor":40},{"not_picked":["hexamod:NightmareStrike","hexamod:ThirdSeal","hexamod:NecessarySacrifice"],"picked":"hexamod:Hexaguard+1","floor":40},{"not_picked":["hexamod:Incineration+1","hexamod:AdvancingGuard","hexamod:FourthSeal"],"picked":"hexamod:GhostShield","floor":42},{"not_picked":["hexamod:FastForward+1","hexamod:FlamesFromBeyond","hexamod:BurningTouch+1","hexamod:Again+1"],"picked":"SKIP","floor":42},{"not_picked":["hexamod:HeatMetal","hexamod:TimeOfNeed","hexamod:GhostShield+1"],"picked":"hexamod:EtherealExpedition","floor":44},{"not_picked":["hexamod:StepThrough+1","hexamod:GhostflameBarrier+1","hexamod:GhostShield","hexamod:BurningTouch+1"],"picked":"SKIP","floor":44},{"not_picked":["hexamod:ExtraCrispy+1","hexamod:NecessarySacrifice","hexamod:SpectersWail"],"picked":"hexamod:EtherealExpedition+1","floor":47},{"not_picked":["hexamod:HeatShield+1","hexamod:InspiringFlames+1","hexamod:HauntingEcho+1"],"picked":"hexamod:GhostShield","floor":47},{"not_picked":["hexamod:PhantomFireball","hexamod:ShieldOfDarkness+1","hexamod:BurningTouch+1"],"picked":"hexamod:UnleashSpirits","floor":48},{"not_picked":["hexamod:AdvancingGuard+1","hexamod:GhostOfSpirePast+1","hexamod:BurningTouch+1"],"picked":"hexamod:RecurringNightmare","floor":49},{"not_picked":["hexamod:FlamesFromBeyond+1","hexamod:GhostOfSpirePast","hexamod:BacktrackSmack"],"picked":"hexamod:Hexaguard+1","floor":49},{"not_picked":["hexamod:GhostShield+1","hexamod:CatchUp+1","hexamod:PowerFromBeyond"],"picked":"hexamod:GiftsFromTheDead","floor":52},{"not_picked":["hexamod:BurningTouch+1","hexamod:FirstSeal","hexamod:ShieldOfDarkness+1","hexamod:RadiantFlame+1"],"picked":"SKIP","floor":52}],"player_experience":62774,"relics_obtained":[{"floor":8,"key":"Centennial Puzzle"},{"floor":24,"key":"MawBank"},{"floor":27,"key":"Mercury Hourglass"},{"floor":40,"key":"Dream Catcher"},{"floor":41,"key":"StrikeDummy"},{"floor":42,"key":"Lantern"},{"floor":52,"key":"Strawberry"}],"event_choices":[{"damage_healed":0,"gold_gain":0,"player_choice":"Success","damage_taken":3,"relics_obtained":["Question Card"],"max_hp_gain":0,"max_hp_loss":0,"event_name":"Scrap Ooze","floor":4,"gold_loss":0}],"is_beta":false,"boss_relics":[{"not_picked":["Runic Dome","hexamod:IceCube"],"picked":"Coffee Dripper"},{"not_picked":["Tiny House","Velvet Choker"],"picked":"SacredBark"}],"items_purged_floors":[9,12,28,31],"is_endless":false,"potions_floor_spawned":[3,5,6,8,14,19,21,27,36,40,47,49],"ascension_level":0}}