{"host":"5bsc0nab6whpyrbj","time":1614011393,"event":{"mods":["BaseMod","Highlight Path","Minty Spire (QoL Compilation)"],"gold_per_floor":[115,115,126,301,271,271,284,299,299,131,131,96,111,123,123,221,221,231,250,350,362,376,406,426,426,426],"floor_reached":25,"language":"ENG","playtime":650,"items_purged":[],"score":217,"play_id":"2df9dcec-6b6c-4ef9-ad3c-c7cb72ae13d3","local_time":"20210222112953","is_ascension_mode":false,"campfire_choices":[{"data":"Zap","floor":6.0,"key":"SMITH"},{"floor":15.0,"key":"REST"}],"circlet_count":0,"master_deck":["Zap+1","Dualcast","Redo","Leap","Doubt","Ball Lightning","Defragment","Defragment","Capacitor","Echo Form","Rebound","Beam Cell","Chaos","Auto Shields","Stack","Echo Form","Chill","Melter","Ball Lightning","Redo+1","Self Repair","Heatsinks"],"relics":["Cracked Core","NeowsBlessing","Mummified Hand","Membership Card","Pandora\u0027s Box","Molten Egg 2"],"acts_visited":["Exordium","TheCity"],"potions_floor_usage":[24],"damage_taken":[{"damage":0.0,"enemies":"2 Louse","floor":1.0,"turns":1.0},{"damage":0.0,"enemies":"Small Slimes","floor":3.0,"turns":1.0},{"damage":0.0,"enemies":"Cultist","floor":7.0,"turns":1.0},{"damage":12.0,"enemies":"Exordium Thugs","floor":8.0,"turns":4.0},{"damage":16.0,"enemies":"Large Slime","floor":13.0,"turns":3.0},{"damage":0.0,"enemies":"Gremlin Gang","floor":14.0,"turns":2.0},{"damage":46.0,"enemies":"Hexaghost","floor":16.0,"turns":9.0},{"damage":6.0,"enemies":"Spheric Guardian","floor":18.0,"turns":3.0},{"damage":1.0,"enemies":"3 Byrds","floor":19.0,"turns":4.0},{"damage":10.0,"enemies":"Snake Plant","floor":21.0,"turns":3.0},{"damage":31.0,"enemies":"Shelled Parasite and Fungi","floor":22.0,"turns":5.0},{"damage":20.0,"enemies":"Gremlin Leader","floor":23.0,"turns":6.0},{"damage":10,"enemies":"Cultist and Chosen","floor":24,"turns":6},{"damage":11,"enemies":"Snake Plant","floor":25,"turns":1}],"seed_played":"3227988326562718810","potions_obtained":[{"floor":3.0,"key":"Explosive Potion"},{"floor":5.0,"key":"FearPotion"},{"floor":5.0,"key":"Energy Potion"},{"floor":13.0,"key":"DuplicationPotion"},{"floor":16.0,"key":"PowerPotion"},{"floor":18.0,"key":"Energy Potion"},{"floor":22.0,"key":"SkillPotion"},{"floor":23.0,"key":"FocusPotion"},{"floor":24,"key":"AttackPotion"}],"is_trial":false,"path_per_floor":["M","?","M","?","?","R","M","M","T","$","?","?","M","M","R","B",null,"M","M","?","M","M","E","M","M"],"character_chosen":"DEFECT","items_purchased":["Membership Card","Defragment"],"campfire_rested":1,"item_purchase_floors":[10,10],"current_hp_per_floor":[75,80,80,80,80,80,80,68,68,68,52,72,56,56,80,34,80,74,73,73,63,32,12,9,0,0],"gold":426,"neow_bonus":"THREE_ENEMY_KILL","is_daily":false,"chose_seed":false,"campfire_upgraded":1,"win_rate":0.0,"timestamp":1614011393,"path_taken":["M","?","M","?","?","R","M","?","T","$","?","?","M","M","R","BOSS","M","M","?","?","M","E","?","M"],"items_purchased_type":["Relic","Card"],"build_version":"2020-12-22","purchased_purges":0,"victory":false,"max_hp_per_floor":[75,80,80,80,80,80,80,80,80,80,80,80,80,80,80,80,80,80,80,80,80,80,80,80,80,80],"card_choices":[{"not_picked":["Stack","Steam"],"picked":"Redo","floor":1.0},{"not_picked":["Beam Cell","Stack"],"picked":"Leap","floor":3.0},{"not_picked":["Steam Power","Compile Driver"],"picked":"Ball Lightning","floor":7.0},{"not_picked":["Recycle","Undo","Stack"],"picked":"SKIP","floor":8.0},{"not_picked":["Rebound","Amplify"],"picked":"Defragment","floor":13.0},{"not_picked":["Cold Snap","Force Field"],"picked":"Capacitor","floor":14.0},{"not_picked":["Multi-Cast","Reboot"],"picked":"Echo Form","floor":16.0},{"not_picked":["Beam Cell","Coolheaded","Skim"],"picked":"SKIP","floor":18.0},{"not_picked":["Auto Shields","White Noise"],"picked":"Ball Lightning","floor":19.0},{"not_picked":["Undo","Steam"],"picked":"Redo+1","floor":21.0},{"not_picked":["Leap","Cold Snap+1","Go for the Eyes"],"picked":"SKIP","floor":22.0},{"not_picked":["Go for the Eyes+1","Lockon+1"],"picked":"Self Repair","floor":23.0},{"not_picked":["Core Surge+1","Go for the Eyes+1"],"picked":"Heatsinks","floor":24}],"player_experience":92292,"relics_obtained":[{"floor":9.0,"key":"Mummified Hand"},{"floor":23.0,"key":"Molten Egg 2"}],"event_choices":[{"damage_healed":0.0,"max_hp_gain":5.0,"max_hp_loss":0.0,"gold_gain":0.0,"event_name":"Big Fish","player_choice":"Donut","floor":2.0,"gold_loss":0.0,"damage_taken":0.0},{"damage_healed":0.0,"max_hp_gain":0.0,"max_hp_loss":0.0,"gold_gain":175.0,"event_name":"Liars Game","player_choice":"AGREE","floor":4.0,"gold_loss":0.0,"damage_taken":0.0,"cards_obtained":["Doubt"]},{"damage_healed":0.0,"max_hp_gain":0.0,"max_hp_loss":0.0,"gold_gain":0.0,"event_name":"The Woman in Blue","player_choice":"Bought 2 Potions","floor":5.0,"gold_loss":0.0,"damage_taken":0.0},{"damage_healed":0.0,"max_hp_gain":0.0,"max_hp_loss":0.0,"gold_gain":0.0,"event_name":"Shining Light","player_choice":"Entered Light","floor":11.0,"gold_loss":0.0,"damage_taken":16.0,"cards_upgraded":["Defend_B","Strike_B"]},{"damage_healed":20.0,"max_hp_gain":0.0,"max_hp_loss":0.0,"gold_gain":0.0,"event_name":"The Cleric","player_choice":"Healed","floor":12.0,"gold_loss":35.0,"damage_taken":0.0},{"damage_healed":0.0,"max_hp_gain":0.0,"max_hp_loss":0.0,"gold_gain":100.0,"event_name":"Golden Shrine","player_choice":"Pray","floor":20.0,"gold_loss":0.0,"damage_taken":0.0}],"is_beta":false,"boss_relics":[{"not_picked":["SlaversCollar","SacredBark"],"picked":"Pandora\u0027s Box"}],"items_purged_floors":[],"is_endless":false,"potions_floor_spawned":[3,13,16,18,22,23,24],"killed_by":"Snake Plant","ascension_level":0}}