{"host":"r4yhuzs0e1z69tr3","time":1614005298,"event":{"mods":["BaseMod","Minty Spire (QoL Compilation)","Rare Cards Sparkle"],"gold_per_floor":[117,117,192,202,60,86,86,105,105,137,157,157,175,186,186,290,290,308,308,321,62,78,113,126,126,153,187,187,187,222,222,222],"floor_reached":31,"language":"ENG","playtime":1691,"items_purged":[],"score":373,"play_id":"ed43aefc-b0e3-4b5d-b1ad-4e72e9701807","local_time":"20210222094818","is_ascension_mode":true,"campfire_choices":[{"data":"BattleHymn","floor":7,"key":"SMITH"},{"data":"WindmillStrike","floor":12,"key":"SMITH"},{"data":"Eruption","floor":15,"key":"SMITH"},{"data":"Vigilance","floor":25,"key":"SMITH"},{"floor":29,"key":"REST"}],"circlet_count":0,"master_deck":["Strike_P","Strike_P","Strike_P","Strike_P","Defend_P","Defend_P","Defend_P","Defend_P","Eruption+1","Vigilance+1","Protect","EmptyBody","BattleHymn+1","WindmillStrike+1","FlyingSleeves","Indignation","Prostrate+1","Worship+1","Crescendo+1","Halt+1","Judgement+1","EmptyFist+1","FlurryOfBlows","CutThroughFate","Bandage Up+1","SashWhip+1","ClearTheMind+1","WindmillStrike","Clumsy","TalkToTheHand+1"],"relics":["PureWater","NeowsBlessing","Orichalcum","Bronze Scales","Bottled Tornado","Toxic Egg 2","Cursed Key","Lantern","Gambling Chip","Vajra","Ornamental Fan","The Courier"],"acts_visited":["Exordium","TheCity"],"potions_floor_usage":[16,16,23,27,30,31],"damage_taken":[{"damage":0,"enemies":"Jaw Worm","floor":1,"turns":1},{"damage":0,"enemies":"2 Louse","floor":4,"turns":1},{"damage":0,"enemies":"3 Sentries","floor":6,"turns":2},{"damage":0,"enemies":"Cultist","floor":8,"turns":2},{"damage":0,"enemies":"Lagavulin","floor":10,"turns":3},{"damage":12,"enemies":"Gremlin Gang","floor":11,"turns":4},{"damage":0,"enemies":"Looter","floor":13,"turns":2},{"damage":10,"enemies":"Lots of Slimes","floor":14,"turns":4},{"damage":22,"enemies":"Hexaghost","floor":16,"turns":4},{"damage":0,"enemies":"Spheric Guardian","floor":18,"turns":4},{"damage":0,"enemies":"Shell Parasite","floor":20,"turns":3},{"damage":6,"enemies":"3 Cultists","floor":22,"turns":4},{"damage":6,"enemies":"Book of Stabbing","floor":23,"turns":4},{"damage":23,"enemies":"Centurion and Healer","floor":24,"turns":6},{"damage":25,"enemies":"Gremlin Leader","floor":27,"turns":4},{"damage":12,"enemies":"Colosseum Slavers","floor":28,"turns":3},{"damage":29,"enemies":"Slavers","floor":30,"turns":5},{"damage":16,"enemies":"Snake Plant","floor":31,"turns":2}],"seed_played":"-1917028833605190290","potions_obtained":[{"floor":1,"key":"BlessingOfTheForge"},{"floor":6,"key":"Weak Potion"},{"floor":14,"key":"FearPotion"},{"floor":16,"key":"Explosive Potion"},{"floor":18,"key":"Block Potion"},{"floor":23,"key":"Dexterity Potion"}],"is_trial":false,"path_per_floor":["M","?","?","M","$","E","R","M","T","E","M","R","M","M","R","B",null,"M","?","M","$","M","E","M","R","T","E","?","R","E","M"],"character_chosen":"WATCHER","items_purchased":["BattleHymn","WindmillStrike","Lantern","CutThroughFate","Bandage Up+1"],"campfire_rested":1,"item_purchase_floors":[5,5,21,21,21],"current_hp_per_floor":[72,60,53,53,53,53,53,53,53,53,41,41,41,31,31,9,72,72,72,72,72,66,60,43,43,43,24,12,33,10,0,0],"gold":222,"neow_bonus":"THREE_ENEMY_KILL","is_daily":false,"chose_seed":false,"campfire_upgraded":4,"win_rate":0.0,"timestamp":1614005298,"path_taken":["M","?","?","?","$","E","R","?","T","E","M","R","?","M","R","BOSS","M","?","M","$","M","E","?","R","T","E","?","R","E","M"],"items_purchased_type":["Card","Card","Relic","Card","Card"],"build_version":"2020-12-22","purchased_purges":0,"victory":false,"max_hp_per_floor":[72,72,72,72,72,72,72,72,72,72,72,72,72,72,72,72,72,72,72,72,72,72,72,72,72,72,72,72,72,72,72,72],"card_choices":[{"not_picked":["LikeWater","WaveOfTheHand"],"picked":"Protect","floor":1},{"not_picked":["ThirdEye","Perseverance"],"picked":"EmptyBody","floor":4},{"not_picked":["EmptyFist","Adaptation"],"picked":"FlyingSleeves","floor":6},{"not_picked":["EmptyFist","FlurryOfBlows"],"picked":"Indignation","floor":8},{"not_picked":["Indignation+1","SandsOfTime"],"picked":"Prostrate+1","floor":10},{"not_picked":["Wireheading","FlurryOfBlows"],"picked":"Worship+1","floor":11},{"not_picked":["Consecrate","FollowUp"],"picked":"Crescendo+1","floor":13},{"not_picked":["Omniscience+1","ThirdEye+1"],"picked":"Halt+1","floor":14},{"not_picked":["Alpha+1","Blasphemy+1"],"picked":"Judgement+1","floor":16},{"not_picked":["Pray+1","Indignation+1"],"picked":"EmptyFist","floor":18},{"not_picked":["ThirdEye+1","BowlingBash+1"],"picked":"FlurryOfBlows","floor":20},{"not_picked":["FlyingSleeves","JustLucky"],"picked":"SashWhip+1","floor":22},{"not_picked":["Wireheading","CrushJoints"],"picked":"ClearTheMind+1","floor":23},{"not_picked":["Wireheading","BowlingBash"],"picked":"WindmillStrike","floor":24},{"not_picked":["SashWhip+1","Indignation+1"],"picked":"TalkToTheHand+1","floor":27},{"not_picked":["ThirdEye+1","Evaluate+1","Alpha+1"],"picked":"SKIP","floor":30}],"player_experience":151398,"relics_obtained":[{"floor":6,"key":"Bronze Scales"},{"floor":9,"key":"Bottled Tornado"},{"floor":10,"key":"Toxic Egg 2"},{"floor":23,"key":"Gambling Chip"},{"floor":26,"key":"Vajra"},{"floor":27,"key":"Ornamental Fan"},{"floor":30,"key":"The Courier"}],"event_choices":[{"damage_healed":0,"gold_gain":0,"player_choice":"Success","damage_taken":12,"relics_obtained":["Orichalcum"],"max_hp_gain":0,"max_hp_loss":0,"event_name":"Scrap Ooze","floor":2,"gold_loss":0},{"damage_healed":0,"gold_gain":75,"player_choice":"Touch","damage_taken":7,"max_hp_gain":0,"max_hp_loss":0,"event_name":"FaceTrader","floor":3,"gold_loss":0},{"damage_healed":0,"gold_gain":0,"player_choice":"Forge","damage_taken":0,"max_hp_gain":0,"max_hp_loss":0,"event_name":"Accursed Blacksmith","floor":19,"gold_loss":0,"cards_upgraded":["EmptyFist"]},{"damage_healed":0,"gold_gain":0,"player_choice":"Fight","damage_taken":0,"max_hp_gain":0,"max_hp_loss":0,"event_name":"Colosseum","floor":28,"gold_loss":0},{"damage_healed":0,"gold_gain":0,"player_choice":"Fled From Nobs","damage_taken":0,"max_hp_gain":0,"max_hp_loss":0,"event_name":"Colosseum","floor":28,"gold_loss":0}],"is_beta":false,"boss_relics":[{"not_picked":["VioletLotus","SacredBark"],"picked":"Cursed Key"}],"items_purged_floors":[],"is_endless":false,"potions_floor_spawned":[1,6,14,16,18,23,24,28],"killed_by":"Snake Plant","ascension_level":1}}