{"host":"zx8rmvlb08usbkpl","time":1614015292,"event":{"mods":["BaseMod","BetterRewards","Colored Powertips","Dota2Spire","Downfall","GifTheSpireLib","Marisa????????","Minty Spire (QoL Compilation)","Quick Restart","StSLib","Stuff the Spire","The Bug Knight","The Senshi"],"gold_per_floor":[99,119,130,35,135,35,59,59,44,44,494,508,608,608,619,721,721,721,733,747,83,83,100,100,110,110,110,10,28,28,1,15,117,117,117,135,149,68,87,87,111,124,138,138,138,138,138],"floor_reached":45,"language":"ENG","playtime":2545,"items_purged":["downfall:Icky"],"score":455,"play_id":"33db4fd8-c16a-457d-99e1-6a3b67f38917","local_time":"20210222123452","is_ascension_mode":false,"campfire_choices":[{"floor":1,"key":"RECALL"},{"data":"Guardian:BaubleBeam","floor":6,"key":"SMITH"},{"data":"Guardian:VentSteam","floor":8,"key":"SMITH"},{"data":"Guardian:PrismaticBeam","floor":10,"key":"SMITH"},{"data":"StuffTheSpire:BrainWave","floor":18,"key":"SMITH"},{"floor":28,"key":"REST"},{"data":"expansioncontent:AwakenDeath","floor":30,"key":"SMITH"},{"data":"Guardian:DecasProtection","floor":35,"key":"SMITH"}],"circlet_count":0,"master_deck":["Guardian:Strike_Guardian","Guardian:Strike_Guardian","Guardian:Strike_Guardian","Guardian:Defend_Guardian","Guardian:Defend_Guardian","Guardian:Defend_Guardian","Guardian:CurlUp","Guardian:TwinSlam","Guardian:VentSteam+1","Guardian:SentryBeam+1","Guardian:PrismaticBeam+1","Guardian:BaubleBeam+1","Guardian:TemporalStrike","StuffTheSpire:BrainWave+1","Guardian:ExploitGems","Guardian:WalkerClaw+1","Guardian:DecasProtection+1","expansioncontent:AwakenDeath+1","Necronomicurse","Guardian:Planning+1","Guardian:ShieldCharger","Impatience+1","Guardian:AncientConstruct","Guardian:TemporalStrike+1","Guardian:BodySlam","Guardian:PiercingHide","Guardian:DonusPower+1","Parasite"],"relics":["Guardian:ModeShifter","downfall:HeartBlessingRed","Empty Cage","Matryoshka","Sling","Necronomicon","theSenshi:SailorFukuRelic","downfall:HeartBlessingBlue","Dota2Spire:OrchidMalevolence","Busted Crown","Dota2Spire:MantaStyle","Nunchaku"],"acts_visited":["Exordium","TheCity","TheBeyond"],"potions_floor_usage":[29,33,33,39,39,45],"damage_taken":[{"damage":4,"enemies":"Jaw Worm","floor":2,"turns":5},{"damage":11,"enemies":"Small Slimes","floor":3,"turns":4},{"damage":0,"enemies":"downfall:FleeingMerchant","floor":4,"turns":4},{"damage":18,"enemies":"downfall:Heads","floor":5,"turns":6},{"damage":0,"enemies":"downfall:FleeingMerchant","floor":9,"turns":4},{"damage":6,"enemies":"2 Louse","floor":12,"turns":2},{"damage":4,"enemies":"2 Fungi Beasts","floor":15,"turns":3},{"damage":28,"enemies":"WA_ARCHETYPE_RETAIN","floor":16,"turns":8},{"damage":4,"enemies":"Spheric Guardian","floor":19,"turns":4},{"damage":10,"enemies":"downfall:LooterAlt2","floor":20,"turns":4},{"damage":15,"enemies":"downfall:FleeingMerchant","floor":21,"turns":4},{"damage":0,"enemies":"Shelled Parasite and Fungi","floor":23,"turns":3},{"damage":25,"enemies":"Snake Plant","floor":25,"turns":4},{"damage":10,"enemies":"Centurion and Healer","floor":29,"turns":5},{"damage":15,"enemies":"downfall:FleeingMerchant","floor":31,"turns":4},{"damage":2,"enemies":"3 Cultists","floor":32,"turns":4},{"damage":11,"enemies":"DF_ARCHETYPE_CLAW","floor":33,"turns":5},{"damage":19,"enemies":"3 Shapes","floor":36,"turns":4},{"damage":10,"enemies":"Orb Walker","floor":37,"turns":3},{"damage":28,"enemies":"3 Darklings","floor":39,"turns":4},{"damage":19,"enemies":"Jaw Worm Horde","floor":42,"turns":3},{"damage":10,"enemies":"Writhing Mass","floor":43,"turns":4},{"damage":12,"enemies":"Nemesis","floor":45,"turns":1}],"seed_played":"-2330870565960487305","potions_obtained":[{"floor":2,"key":"Fire Potion"},{"floor":12,"key":"sneckomod:MuddlingPotion"},{"floor":19,"key":"Energy Potion"},{"floor":23,"key":"Regen Potion"},{"floor":27,"key":"CultistPotion"},{"floor":29,"key":"LiquidMemories"},{"floor":33,"key":"Explosive Potion"},{"floor":36,"key":"Explosive Potion"},{"floor":42,"key":"BlessingOfTheForge"}],"is_trial":false,"path_per_floor":["R","M","M","$","?","R","T","R","$","R","?","M","?","?","M","B",null,"R","M","M","$","?","M","T","M","?","?","R","M","R","$","M","B",null,"R","M","M","$","M","?","T","M","M","?","E"],"character_chosen":"GUARDIAN","items_purchased":["Guardian:Gem_Purple","Guardian:Gem_Cyan","Matryoshka","Sling","Guardian:Gem_Crimson","expansioncontent:AwakenDeath","Guardian:Gem_Red","Impatience","Dota2Spire:OrchidMalevolence","Guardian:BodySlam"],"campfire_rested":1,"item_purchase_floors":[4,4,21,21,21,21,31,31,31,38],"current_hp_per_floor":[88,84,73,73,55,55,55,55,57,57,57,53,53,53,49,21,88,88,84,74,59,43,43,43,18,18,18,57,61,61,46,44,33,98,98,79,69,69,41,41,41,22,12,12,0,0,0],"gold":138,"neow_bonus":"TEN_PERCENT_HP_BONUS","is_daily":false,"chose_seed":false,"campfire_upgraded":6,"win_rate":0.0,"timestamp":1614015292,"path_taken":["R","M","M","$","?","R","T","R","$","R","?","M","?","?","M","BOSS","R","M","M","$","?","M","T","M","?","?","R","M","R","$","M","BOSS","R","M","M","$","M","?","T","M","M","?","E"],"items_purchased_type":["Card","Card","Relic","Relic","Card","Card","Card","Card","Relic","Card"],"build_version":"2020-12-22","purchased_purges":1,"victory":false,"max_hp_per_floor":[88,88,88,88,88,88,88,88,88,88,88,88,88,88,88,88,88,88,88,88,88,88,88,88,88,88,88,98,98,98,98,98,98,98,98,98,98,98,98,98,98,98,98,98,98,98,98],"card_choices":[{"not_picked":["Guardian:BodySlam","Guardian:Emergency"],"picked":"Guardian:Gem_Blue","floor":2},{"not_picked":["Guardian:CrystalBeam","Guardian:ShieldCharger"],"picked":"Guardian:VentSteam","floor":3},{"not_picked":["Guardian:PrismaticBarrier","Guardian:WalkerClaw"],"picked":"Guardian:SentryBeam","floor":4},{"not_picked":["Guardian:Gem_Blue","Guardian:VentSteam"],"picked":"Guardian:BaubleBeam","floor":5},{"not_picked":["Guardian:TemporalShield","Guardian:RefractedBeam"],"picked":"Guardian:Gem_Yellow","floor":9},{"not_picked":["Guardian:Preprogram","Guardian:RollAttack"],"picked":"Guardian:TemporalStrike","floor":12},{"not_picked":["StuffTheSpire:Brawn","StuffTheSpire:Rapture"],"picked":"StuffTheSpire:BrainWave","floor":14},{"not_picked":["Guardian:ChargeCore","Guardian:VentSteam"],"picked":"Guardian:ExploitGems","floor":15},{"not_picked":["Guardian:ExploitGems","Guardian:ConstructionForm"],"picked":"Guardian:Gem_Orange","floor":16},{"not_picked":["Guardian:TemporalShield","Guardian:ChargeCore+1"],"picked":"Guardian:WalkerClaw+1","floor":19},{"not_picked":["Guardian:TemporalStrike","Guardian:Planning"],"picked":"Guardian:Gem_Green","floor":20},{"not_picked":["Guardian:Preprogram","Guardian:PrimingBeam"],"picked":"Guardian:DecasProtection","floor":21},{"not_picked":["Guardian:Gem_Lightblue","Guardian:Reroute","Guardian:PolyBeam"],"picked":"SKIP","floor":23},{"not_picked":["Guardian:PolyBeam","Guardian:Gem_Lightblue"],"picked":"Guardian:Planning+1","floor":25},{"not_picked":["Guardian:ConstructionForm","Guardian:Clone"],"picked":"Guardian:Gem_White","floor":29},{"not_picked":["Guardian:FastForward","Guardian:RefractedBeam"],"picked":"Guardian:ShieldCharger","floor":31},{"not_picked":["Guardian:RollAttack","Guardian:TemporalShield","Guardian:Gem_Green"],"picked":"SKIP","floor":32},{"not_picked":["Guardian:FastForward","Guardian:ExploitGems"],"picked":"Guardian:AncientConstruct","floor":33},{"not_picked":[],"picked":"Guardian:Gem_Red","floor":36},{"not_picked":[],"picked":"Guardian:TemporalStrike+1","floor":37},{"not_picked":[],"picked":"Guardian:PiercingHide","floor":39},{"not_picked":[],"picked":"Guardian:DonusPower+1","floor":42},{"not_picked":["Guardian:TimeBomb"],"picked":"SKIP","floor":43}],"player_experience":997757,"relics_obtained":[{"floor":7,"key":"Blood Vial"},{"floor":22,"key":"Necronomicon"},{"floor":24,"key":"theSenshi:SailorFukuRelic"},{"floor":41,"key":"Dota2Spire:MantaStyle"},{"floor":41,"key":"Nunchaku"}],"event_choices":[],"is_beta":false,"boss_relics":[{"not_picked":["Snecko Eye","Pandora\u0027s Box"],"picked":"Empty Cage"},{"not_picked":["Tiny House","Velvet Choker"],"picked":"Busted Crown"}],"items_purged_floors":[21],"is_endless":false,"potions_floor_spawned":[2,12,19,23,29,33,36,42],"killed_by":"Nemesis","ascension_level":0}}