{"host":"f7rb14kzcw8hx1r1","time":1614006814,"event":{"mods":["BaseMod","Better Note","Better Third Choice","Colored Map","Curses Come First","Highlight Path","Hubris","Minty Spire (QoL Compilation)","Reliquary","Replay The Spire","StSLib","The Forsaken"],"gold_per_floor":[113,62,76,91,91,119,119,151,177,218,218,238,257,272,272,381,381,401,200,209,5,5,47,47,56,79,79,79,88,106,106,106,204,204,224,224,224,224,291,308,335,335,335,348,348,5,26,26,26,45,45,45],"floor_reached":53,"language":"ENG","playtime":1746,"items_purged":["Strike_B","Strike_B","Shame"],"score":723,"play_id":"8488cfdc-f4ff-4792-93bc-7fcbc8f74b64","local_time":"20210222161334","is_ascension_mode":false,"campfire_choices":[{"data":"Zap","floor":11,"key":"SMITH"},{"data":"Streamline","floor":15,"key":"SMITH"},{"data":"Beam Cell","floor":24,"key":"SMITH"},{"data":"Dualcast","floor":27,"key":"SMITH"},{"data":"Rip and Tear","floor":32,"key":"SMITH"},{"data":"Chill","floor":43,"key":"SMITH"},{"data":"Creative AI","floor":48,"key":"SMITH"},{"data":"Sweeping Beam","floor":51,"key":"SMITH"}],"circlet_count":0,"master_deck":["Strike_B","Strike_B","Defend_B","Defend_B","Defend_B","Defend_B","Zap+1","Dualcast+1","Chill+1","Ball Lightning","Leap","Streamline+1","Core Surge","Sweeping Beam+1","Rip and Tear+1","Conserve Battery","BootSequence","Echo Form","Beam Cell+1","Glacier","Self Repair","Disarm+1","Self Repair+1","Disarm+1","Hologram+1","Reprogram+1","Creative AI+1"],"relics":["Cracked Core","NeowsBlessing","hubris:MysteriousPyramids","theForsaken:Gavel","Pen Nib","Juzu Bracelet","CeramicFish","reliquary:RedCape","Replay:Rubber Ducky","reliquary:Spinner","ReplayTheSpireMod:TigerMarble","Philosopher\u0027s Stone","Nunchaku","reliquary:JackalopeAntler","Membership Card","Bottled Flame","hubris:Towel"],"acts_visited":["Exordium","TheCity","TheBeyond"],"potions_floor_usage":[8,10,16,16,21,23,23,33,41,42,52],"damage_taken":[{"damage":0,"enemies":"Jaw Worm","floor":1,"turns":1},{"damage":0,"enemies":"2 Louse","floor":3,"turns":1},{"damage":0,"enemies":"Cultist","floor":4,"turns":1},{"damage":4,"enemies":"Replay:BlueRogue","floor":6,"turns":7},{"damage":11,"enemies":"3 Sentries","floor":8,"turns":6},{"damage":13,"enemies":"Lagavulin","floor":10,"turns":5},{"damage":1,"enemies":"Exordium Wildlife","floor":12,"turns":2},{"damage":2,"enemies":"Red Slaver","floor":13,"turns":2},{"damage":0,"enemies":"2 Fungi Beasts","floor":14,"turns":2},{"damage":26,"enemies":"The Guardian","floor":16,"turns":8},{"damage":0,"enemies":"Chosen","floor":18,"turns":3},{"damage":10,"enemies":"Gremlin Leader","floor":23,"turns":6},{"damage":0,"enemies":"Spheric Guardian","floor":30,"turns":4},{"damage":44,"enemies":"Collector","floor":33,"turns":9},{"damage":3,"enemies":"3 Darklings","floor":35,"turns":6},{"damage":0,"enemies":"Orb Walker","floor":40,"turns":3},{"damage":5,"enemies":"Maw","floor":41,"turns":8},{"damage":6,"enemies":"Nemesis","floor":42,"turns":3},{"damage":4,"enemies":"Sphere and 2 Shapes","floor":44,"turns":5},{"damage":17,"enemies":"Transient","floor":47,"turns":5},{"damage":0,"enemies":"Jaw Worm Horde","floor":50,"turns":6},{"damage":1,"enemies":"Awakened One","floor":52,"turns":15}],"seed_played":"2708860556887082602","potions_obtained":[{"floor":1,"key":"Block Potion"},{"floor":3,"key":"Languid Potion"},{"floor":6,"key":"Venom Potion"},{"floor":13,"key":"Fire Potion"},{"floor":14,"key":"GamblersBrew"},{"floor":16,"key":"BlessingOfTheForge"},{"floor":18,"key":"Adrenaline Potion"},{"floor":30,"key":"Weak Potion"},{"floor":39,"key":"LifebloodPotion"},{"floor":39,"key":"SmokeBomb"},{"floor":40,"key":"Cursed Concoction"},{"floor":44,"key":"DuplicationPotion"}],"is_trial":false,"path_per_floor":["M","$","M","M","?","E","?","E","T","E","R","M","M","M","R","B",null,"M","$","?","$","?","E","R","?","T","R","?","?","M","?","R","B",null,"M","?","PTL","PTL","?","M","M","E","R","M","T","$","M","R","?","M","R","B",null],"character_chosen":"DEFECT","items_purchased":["Ball Lightning","Glacier","Self Repair","Fruit Juice","Membership Card","Bottled Flame"],"campfire_rested":0,"item_purchase_floors":[2,19,19,21,46,46],"current_hp_per_floor":[75,75,75,75,72,68,68,57,57,44,44,43,41,41,41,15,75,75,75,75,80,80,77,77,77,77,77,77,77,80,64,64,37,80,80,76,76,76,57,57,76,76,76,76,76,76,66,66,66,76,76,76],"gold":45,"neow_bonus":"THREE_ENEMY_KILL","is_daily":false,"chose_seed":false,"campfire_upgraded":8,"win_rate":0.0,"timestamp":1614006814,"path_taken":["M","$","M","M","?","E","?","E","T","E","R","M","M","M","R","BOSS","M","$","?","$","?","E","R","?","T","R","?","?","M","?","R","BOSS","M","?","PTL","PTL","?","M","M","E","R","M","T","$","M","R","?","M","R","BOSS"],"items_purchased_type":["Card","Card","Card","Potion","Relic","Relic"],"build_version":"2020-12-22","purchased_purges":3,"victory":true,"max_hp_per_floor":[75,75,75,75,75,75,75,75,75,75,75,75,75,75,75,75,75,75,75,75,80,80,80,80,80,80,80,80,80,80,80,80,80,80,80,76,76,76,76,76,76,76,76,76,76,76,76,76,76,76,76,76],"card_choices":[{"not_picked":["Fusion","Genetic Algorithm"],"picked":"Chill","floor":1},{"not_picked":["Panic Button","Skim"],"picked":"Leap","floor":3},{"not_picked":["Undo","Rebound"],"picked":"Streamline","floor":4},{"not_picked":["hubris:SpecializedCircuitry","ReplayTheSpireMod:GoodbyeWorld"],"picked":"Core Surge","floor":6},{"not_picked":["BasicCrystalCard","Hologram"],"picked":"Sweeping Beam","floor":8},{"not_picked":["BasicCrystalCard","Compile Driver"],"picked":"Rip and Tear","floor":10},{"not_picked":["ReplayTheSpireMod:Repulse","ReplaySort"],"picked":"Conserve Battery","floor":12},{"not_picked":["Skim","White Noise"],"picked":"BootSequence","floor":13},{"not_picked":["Redo","Compile Driver","Gash"],"picked":"SKIP","floor":14},{"not_picked":["Amplify","Buffer"],"picked":"Echo Form","floor":16},{"not_picked":["Undo","ReplaySort"],"picked":"Beam Cell","floor":18},{"not_picked":["BootSequence","ReplaySolidLightProjector"],"picked":"Self Repair+1","floor":23},{"not_picked":["Coolheaded","Redo","Crystallizer+1"],"picked":"SKIP","floor":30},{"not_picked":["Chaos+1","Rebound"],"picked":"Hologram+1","floor":35},{"not_picked":["Auto Shields","Doom and Gloom","Loop"],"picked":"SKIP","floor":40},{"not_picked":["Skim+1","Go for the Eyes"],"picked":"Reprogram+1","floor":41},{"not_picked":["Barrage","Scrape+1","Rebound"],"picked":"SKIP","floor":44},{"not_picked":["Panic Button","BasicCrystalCard"],"picked":"Creative AI","floor":47},{"not_picked":["Streamline","Steam","Hologram+1"],"picked":"SKIP","floor":50}],"player_experience":991039,"relics_obtained":[{"floor":6,"key":"theForsaken:Gavel"},{"floor":8,"key":"Pen Nib"},{"floor":9,"key":"Juzu Bracelet"},{"floor":10,"key":"CeramicFish"},{"floor":23,"key":"Replay:Rubber Ducky"},{"floor":26,"key":"reliquary:Spinner"},{"floor":39,"key":"Nunchaku"},{"floor":45,"key":"reliquary:JackalopeAntler"}],"event_choices":[{"damage_healed":0,"gold_gain":0,"player_choice":"Relic ","damage_taken":3,"max_hp_gain":0,"max_hp_loss":0,"event_name":"betterThird:BetterScrap","floor":5,"gold_loss":0,"cards_obtained":["Catalyst"]},{"damage_healed":0,"gold_gain":0,"player_choice":"Bought 0 Potions","damage_taken":0,"max_hp_gain":0,"max_hp_loss":0,"event_name":"The Woman in Blue","floor":7,"gold_loss":0},{"cards_removed":["Core Surge"],"damage_healed":0,"gold_gain":0,"player_choice":"Take \u0026 Give","damage_taken":0,"max_hp_gain":0,"max_hp_loss":0,"event_name":"betterNote:BetterNote","floor":20,"gold_loss":0,"cards_obtained":["Disarm"]},{"damage_healed":0,"gold_gain":0,"player_choice":"Copied","damage_taken":0,"max_hp_gain":0,"max_hp_loss":0,"event_name":"Duplicator","floor":25,"gold_loss":0,"cards_obtained":["Disarm"]},{"damage_healed":0,"gold_gain":0,"player_choice":"Ignored","damage_taken":0,"max_hp_gain":0,"max_hp_loss":0,"event_name":"Ghosts","floor":28,"gold_loss":0},{"damage_healed":0,"gold_gain":0,"player_choice":"Stole Relic","damage_taken":0,"relics_obtained":["ReplayTheSpireMod:TigerMarble"],"max_hp_gain":0,"max_hp_loss":0,"event_name":"Addict","floor":29,"gold_loss":0,"cards_obtained":["Shame"]},{"damage_healed":0,"gold_gain":0,"player_choice":"Obtained Book","damage_taken":16,"max_hp_gain":0,"max_hp_loss":0,"event_name":"Cursed Tome","floor":31,"gold_loss":0},{"damage_healed":0,"gold_gain":0,"player_choice":"Max HP","damage_taken":0,"max_hp_gain":0,"max_hp_loss":4,"event_name":"Winding Halls","floor":36,"gold_loss":0}],"is_beta":false,"boss_relics":[{"not_picked":["Ectoplasm","Astrolabe"],"picked":"reliquary:RedCape"},{"not_picked":["theForsaken:PaleLantern","Abe\u0027s Treasure"],"picked":"Philosopher\u0027s Stone"}],"items_purged_floors":[19,21,46],"is_endless":false,"potions_floor_spawned":[1,3,6,13,14,16,18,30,40,42,44],"ascension_level":0}}