{"host":"c64dsqyrqv0ei9yn","time":1614010911,"event":{"mods":["Act Like it!","Arknights","BaseMod","Bestiary","CapriCore","Chen","Colored Map","Colored Powertips","Curses Come First","Hermit","Koishi","LagranYue(ùfäiòNÅEåé)","MarisaÅiñ∂âJÅ@ñÇóùçπÅj","Minty Spire (QoL Compilation)","Prisma Mod","Random Character Button","ReimuÅiîé??öÎÅj","RemiliaÅiÂQïƒ‰ª?Åj","StSLib","The Administrix","The Alterego","The Immortal","The Marked","The Saiyan","The Senshi","The Servant 0.9.4","The Wild Card","TheSwordswoman","Waifu the Spire","WarShipGirlsR/??è≠èóR mod","slay the spire mod where everything is the same but ironclad has a cowboy hat"],"gold_per_floor":[116,116,116,127,137,137,142,27,27,27,127,92,92,110,110,212,212,230,246,78,90,90,117,134,134,134,149,149,17,44,59,59,164,164,181,197,212,112,127,152,152,152,201,218,218,235,235,252,252,252,252],"floor_reached":50,"language":"ENG","playtime":2822,"items_purged":["Poor:ReiMu","ats:Strike C+1"],"score":514,"play_id":"e613ede1-663d-408b-80d0-5fad2e7387eb","local_time":"20210222162151","is_ascension_mode":false,"campfire_choices":[{"data":"ats:Emotion Absorption","floor":6,"key":"SMITH"},{"floor":13,"key":"REST"},{"data":"ats:Armor Crushing Shot","floor":15,"key":"SMITH"},{"floor":25,"key":"REST"},{"floor":32,"key":"REST"},{"floor":41,"key":"REST"},{"data":"ats:Demon Strength","floor":45,"key":"SMITH"},{"floor":47,"key":"REST"},{"data":"ats:Calcification","floor":49,"key":"SMITH"}],"circlet_count":0,"master_deck":["ats:Strike G+1","ats:Strike S+1","ats:Strike V+1","ats:Armor Crushing Shot+1","ats:Defend+1","ats:Defend+1","ats:Defend+1","ats:Defend+1","ats:Emotion Absorption+1","ats:Consecutive Shot Auto","ats:Blood Oath","ats:Blood Oath","ats:Calcification+1","ats:Sunburst","ats:Thermite Blade+1","ats:Red Shift+1","ats:Shadow Assault+1","ats:Apocalypse+1","ats:Demon Strength","ats:Directed Diagnosis","ats:Guard Mode","ats:Soul Absorption+1","ats:Demon Strength+1","ats:Shell Defense","ats:Mental Burst+1","ats:Song Of Battle","ats:Volcano+1","ats:Fractured Body","ats:Charging Defense+1","Doubt","ats:Wolf Pack+1"],"relics":["ats:Sanity","NeowsBlessing","YidongShenshe:ReiMu","ats:Originium","ats:Bonebreaker","Molten Egg 2","Velvet Choker","Bag of Preparation","Potion Belt","Oddly Smooth Stone","Shuriken","Sozu","Blood Vial","ats:Berate"],"acts_visited":["Exordium","TheCity","TheBeyond"],"potions_floor_usage":[27,50,50,50],"damage_taken":[{"damage":0,"enemies":"ats:Genji","floor":1,"turns":1},{"damage":0,"enemies":"2 Louse","floor":4,"turns":1},{"damage":0,"enemies":"Cultist","floor":5,"turns":1},{"damage":45,"enemies":"Lagavulin","floor":7,"turns":6},{"damage":8,"enemies":"Gremlin Gang","floor":14,"turns":3},{"damage":74,"enemies":"Hexaghost","floor":16,"turns":14},{"damage":0,"enemies":"Chosen","floor":18,"turns":3},{"damage":20,"enemies":"2 Thieves","floor":19,"turns":4},{"damage":19,"enemies":"Snecko","floor":21,"turns":5},{"damage":45,"enemies":"Gremlin Leader","floor":23,"turns":6},{"damage":32,"enemies":"Snake Plant","floor":24,"turns":5},{"damage":12,"enemies":"Centurion and Healer","floor":27,"turns":4},{"damage":39,"enemies":"Book of Stabbing","floor":30,"turns":6},{"damage":2,"enemies":"Cultist and Chosen","floor":31,"turns":4},{"damage":72,"enemies":"Automaton","floor":33,"turns":7},{"damage":13,"enemies":"3 Darklings","floor":35,"turns":4},{"damage":18,"enemies":"3 Shapes","floor":36,"turns":3},{"damage":0,"enemies":"Sphere and 2 Shapes","floor":37,"turns":2},{"damage":6,"enemies":"Maw","floor":39,"turns":6},{"damage":85,"enemies":"Nemesis","floor":40,"turns":8},{"damage":29,"enemies":"Jaw Worm Horde","floor":44,"turns":5},{"damage":30,"enemies":"3 Darklings","floor":46,"turns":3},{"damage":1,"enemies":"Sphere and 2 Shapes","floor":48,"turns":4},{"damage":110,"enemies":"Time Eater","floor":50,"turns":10}],"seed_played":"9049890254394336439","potions_obtained":[{"floor":4,"key":"GrandPatriotsElixir:ReiMu"},{"floor":5,"key":"MagicPotion:ReiMu"},{"floor":7,"key":"FearPotion"},{"floor":27,"key":"Fruit Juice"},{"floor":30,"key":"ZuzhouPotion:ReiMu"},{"floor":33,"key":"SpeedPotion"}],"is_trial":false,"path_per_floor":["M","?","?","M","M","R","E","$","T","?","?","$","R","M","R","B",null,"M","M","$","M","$","E","M","R","T","M","?","?","E","M","R","B",null,"M","M","M","$","M","E","R","?","T","M","R","M","R","M","R","B"],"character_chosen":"DOCTOR_CLASS","items_purchased":["ats:Sunburst","ats:Thermite Blade+1","ats:Demon Strength","ats:Directed Diagnosis","ats:Guard Mode"],"campfire_rested":5,"item_purchase_floors":[8,12,20,20,20],"current_hp_per_floor":[72,72,72,72,72,72,39,39,39,39,39,39,60,56,56,4,72,72,59,59,59,59,30,16,37,37,45,45,45,25,37,60,16,77,73,59,70,70,75,1,24,77,77,59,59,42,65,77,77,0,0],"gold":252,"neow_bonus":"THREE_ENEMY_KILL","is_daily":false,"chose_seed":false,"campfire_upgraded":4,"win_rate":0.0,"timestamp":1614010911,"path_taken":["M","?","?","M","M","R","E","$","T","?","?","$","R","M","R","BOSS","M","M","$","?","$","E","?","R","T","M","?","?","E","M","R","BOSS","M","?","M","$","M","E","R","?","T","M","R","M","R","M","R","BOSS"],"items_purchased_type":["Card","Card","Card","Card","Card"],"build_version":"2020-12-22","purchased_purges":2,"victory":false,"max_hp_per_floor":[72,72,72,72,72,72,72,72,72,72,72,72,72,72,72,72,72,72,72,72,72,72,72,72,72,72,77,77,77,77,77,77,77,77,77,77,77,77,77,77,77,77,77,77,77,77,77,77,77,77,77],"card_choices":[{"not_picked":["ats:Curse Doll","ats:Revitalization"],"picked":"ats:Consecutive Shot Auto","floor":1},{"not_picked":["ats:Steam Pump","ats:Healing Drone"],"picked":"ats:Blood Oath","floor":4},{"not_picked":["ats:Consecutive Shot Auto","ats:Flexible Camouflage"],"picked":"ats:Blood Oath","floor":5},{"not_picked":["ats:Poison Spread","ats:Consecutive Shot Auto"],"picked":"ats:Calcification","floor":7},{"not_picked":["ats:Hammer On+1","ats:Cat Scratch+1"],"picked":"ats:Red Shift+1","floor":14},{"not_picked":["ats:Roar Of Ursus","ats:Soul Rend"],"picked":"ats:Shadow Assault+1","floor":16},{"not_picked":["ats:Consecutive Shot Auto+1","ats:Closed Bolt Burst Fire+1","ats:Revitalization+1"],"picked":"SKIP","floor":18},{"not_picked":["ats:Thermite Blade+1","ats:Song Of Battle+1"],"picked":"ats:Apocalypse+1","floor":19},{"not_picked":["ats:Consecutive Shot Auto+1","ats:Ignite+1"],"picked":"ats:Soul Absorption+1","floor":21},{"not_picked":["ats:Consecutive Shot Auto+1","ats:Spore Proliferation"],"picked":"ats:Demon Strength","floor":23},{"not_picked":["ats:Apocalypse","ats:Hammer On+1"],"picked":"ats:Shell Defense","floor":24},{"not_picked":["ats:Revitalization+1","ats:Poison Spread+1"],"picked":"ats:Mental Burst+1","floor":27},{"not_picked":["ats:Steam Pump","ats:Closed Bolt Burst Fire+1"],"picked":"ats:Song Of Battle","floor":30},{"not_picked":["ats:Very Hot Blade+1","ats:Part Time Job","ats:Defend Order+1"],"picked":"SKIP","floor":31},{"not_picked":["ats:Fractured Body","ats:Roar Of Ursus"],"picked":"ats:Volcano+1","floor":33},{"not_picked":["ats:Soul Absorption","ats:Hammer On+1","ats:Powerful Strike+1"],"picked":"SKIP","floor":35},{"not_picked":["ats:Flexible Camouflage","ats:Assault Order+1","ats:Blood Oath+1"],"picked":"SKIP","floor":36},{"not_picked":["ats:Powerful Strike+1","ats:Hammer On+1"],"picked":"ats:Fractured Body","floor":37},{"not_picked":["ats:Rapid Magazine","ats:Curse Doll","ats:Spore Proliferation+1"],"picked":"SKIP","floor":39},{"not_picked":["ats:Powerful Strike+1","ats:Automatic Cover+1"],"picked":"ats:Charging Defense+1","floor":40},{"not_picked":["ats:Flexible Camouflage","ats:Rapid Magazine","ats:Curse Doll+1"],"picked":"SKIP","floor":44},{"not_picked":["ats:Healing Drone","ats:Revitalization"],"picked":"ats:Wolf Pack+1","floor":46},{"not_picked":["ats:Cat Scratch+1","ats:Revitalization","ats:Assault Order+1"],"picked":"SKIP","floor":48}],"player_experience":146109,"relics_obtained":[{"floor":7,"key":"ats:Originium"},{"floor":7,"key":"ats:Bonebreaker"},{"floor":9,"key":"Molten Egg 2"},{"floor":23,"key":"ats:Originium"},{"floor":23,"key":"Bag of Preparation"},{"floor":26,"key":"Potion Belt"},{"floor":30,"key":"ats:Originium"},{"floor":30,"key":"Shuriken"},{"floor":40,"key":"ats:Originium"},{"floor":40,"key":"Blood Vial"},{"floor":43,"key":"ats:Berate"}],"event_choices":[{"damage_healed":0,"gold_gain":0,"player_choice":"Take Tiny Shrine away","damage_taken":0,"relics_obtained":["YidongShenshe:ReiMu"],"max_hp_gain":0,"max_hp_loss":0,"event_name":"yidonshenshe","floor":2,"gold_loss":0,"cards_obtained":["Poor:ReiMu"]},{"damage_healed":0,"gold_gain":0,"player_choice":"Ignored","damage_taken":0,"max_hp_gain":0,"max_hp_loss":0,"event_name":"Liars Game","floor":3,"gold_loss":0},{"damage_healed":0,"gold_gain":0,"player_choice":"Searched \u00270\u0027 times","damage_taken":0,"max_hp_gain":0,"max_hp_loss":0,"event_name":"Dead Adventurer","floor":10,"gold_loss":0},{"damage_healed":0,"gold_gain":100,"player_choice":"Pray","damage_taken":0,"max_hp_gain":0,"max_hp_loss":0,"event_name":"Golden Shrine","floor":11,"gold_loss":0},{"damage_healed":0,"gold_gain":0,"player_choice":"Simplicity","damage_taken":0,"max_hp_gain":0,"max_hp_loss":0,"event_name":"Back to Basics","floor":28,"gold_loss":0,"cards_upgraded":["ats:Strike C","ats:Strike G","ats:Strike S","ats:Strike V","ats:Defend","ats:Defend","ats:Defend","ats:Defend"]},{"damage_healed":0,"gold_gain":0,"player_choice":"Paid Gold","damage_taken":0,"relics_obtained":["Oddly Smooth Stone"],"max_hp_gain":0,"max_hp_loss":0,"event_name":"WeMeetAgain","floor":29,"gold_loss":132},{"damage_healed":53,"gold_gain":0,"player_choice":"Heal","damage_taken":0,"max_hp_gain":0,"max_hp_loss":0,"event_name":"MindBloom","floor":42,"gold_loss":0,"cards_obtained":["Doubt"]}],"is_beta":false,"boss_relics":[{"not_picked":["LagranYue:SoulBurningRelic","Philosopher\u0027s Stone"],"picked":"Velvet Choker"},{"not_picked":["Busted Crown","Cursed Key"],"picked":"Sozu"}],"items_purged_floors":[8,38],"is_endless":false,"potions_floor_spawned":[4,5,7,27,30,33,36,40,44],"killed_by":"Time Eater","ascension_level":0}}