{"host":"sav7uxregyirlf69","time":1614017243,"event":{"mods":["AchievementEnabler","BaseMod","Colored Map","DeckTracker","Keyboard Shortcuts","Minty Spire (QoL Compilation)","READ ME - Guardian Mod","StSLib","SuperFastMode"],"gold_per_floor":[132,186,261,23,76,134,209,209,236,276,276,299,75,177,189,275,287,339,351,363,98,135,135,135],"floor_reached":23,"language":"KOR","playtime":405,"items_purged":["Strike_G"],"score":382,"play_id":"cee8165a-d0d2-4a81-9dab-d8758d005142","local_time":"20210223030723","is_ascension_mode":true,"campfire_choices":[{"data":"HandOfGreed","floor":8,"key":"SMITH"},{"data":"Deadly Poison","floor":15,"key":"SMITH"}],"circlet_count":0,"master_deck":["AscendersBane","Strike_G","Strike_G+1","Strike_G","Strike_G","Defend_G","Defend_G","Defend_G","Defend_G","Survivor","Neutralize+1","HandOfGreed+1","Terror","PiercingWail","Deadly Poison+1","Malaise","Blade Dance","Well Laid Plans","Prepared+1"],"relics":["Ring of the Snake","Lee\u0027s Waffle","Blood Vial","Whetstone","PreservedInsect","MawBank","HoveringKite","Regal Pillow"],"acts_visited":["Exordium","TheCity"],"potions_floor_usage":[7,23],"damage_taken":[{"damage":0,"enemies":"Jaw Worm","floor":1,"turns":5},{"damage":4,"enemies":"Small Slimes","floor":2,"turns":3},{"damage":0,"enemies":"2 Louse","floor":5,"turns":5},{"damage":2,"enemies":"2 Fungi Beasts","floor":6,"turns":6},{"damage":4,"enemies":"3 Louse","floor":7,"turns":7},{"damage":0,"enemies":"Blue Slaver","floor":10,"turns":4},{"damage":27,"enemies":"3 Sentries","floor":14,"turns":7},{"damage":16,"enemies":"Hexaghost","floor":16,"turns":9},{"damage":22,"enemies":"Shell Parasite","floor":18,"turns":7},{"damage":19,"enemies":"Spheric Guardian","floor":22,"turns":5},{"damage":6,"enemies":"Gremlin Leader","floor":23,"turns":5}],"seed_played":"-5003431191859098348","potions_obtained":[{"floor":5,"key":"Swift Potion"},{"floor":10,"key":"SteroidPotion"}],"is_trial":false,"path_per_floor":["M","M","?","$","M","M","M","R","T","M","?","T","$","E","R","B",null,"M","?","?","$","M","E"],"character_chosen":"THE_SILENT","items_purchased":["Lee\u0027s Waffle","PreservedInsect","Energy Potion","Blade Dance","Well Laid Plans","Regal Pillow"],"campfire_rested":0,"item_purchase_floors":[4,13,13,21,21,21],"current_hp_per_floor":[44,40,29,73,73,71,67,67,67,69,69,69,69,44,44,30,62,42,42,21,21,4,0,0],"gold":135,"neow_bonus":"RANDOM_COLORLESS_2","is_daily":false,"chose_seed":false,"campfire_upgraded":2,"win_rate":0.0,"timestamp":1614017243,"path_taken":["M","M","?","$","M","M","M","R","T","M","?","?","?","E","R","BOSS","M","?","?","$","M","E"],"items_purchased_type":["Relic","Relic","Potion","Card","Card","Relic"],"build_version":"2020-12-22","purchased_purges":1,"victory":false,"max_hp_per_floor":[66,66,66,73,73,73,73,73,73,73,73,73,73,73,73,73,73,73,73,78,78,78,78,78],"card_choices":[{"not_picked":["Magnetism","Secret Weapon"],"picked":"HandOfGreed","floor":0},{"not_picked":["Outmaneuver","Dagger Throw"],"picked":"Terror","floor":1},{"not_picked":["Dodge and Roll","Eviscerate","All Out Attack"],"picked":"SKIP","floor":2},{"not_picked":["Cloak And Dagger","Slice","Terror"],"picked":"SKIP","floor":5},{"not_picked":["Catalyst","Acrobatics","Sucker Punch"],"picked":"SKIP","floor":6},{"not_picked":["Underhanded Strike","Flying Knee","Bane"],"picked":"SKIP","floor":7},{"not_picked":["Tools of the Trade","Bane","Heel Hook"],"picked":"SKIP","floor":10},{"not_picked":["Deflect","Concentrate"],"picked":"Deadly Poison","floor":14},{"not_picked":["Corpse Explosion","Wraith Form v2"],"picked":"Malaise","floor":16},{"not_picked":["Masterful Stab","Deadly Poison","Deflect"],"picked":"SKIP","floor":18},{"not_picked":["Choke","Masterful Stab"],"picked":"Prepared+1","floor":22}],"player_experience":1655171,"relics_obtained":[{"floor":9,"key":"Blood Vial"},{"floor":12,"key":"Whetstone"},{"floor":14,"key":"MawBank"}],"event_choices":[{"damage_healed":0,"gold_gain":75,"player_choice":"Gather Gold","damage_taken":11,"max_hp_gain":0,"max_hp_loss":0,"event_name":"World of Goop","floor":3,"gold_loss":0},{"damage_healed":0,"gold_gain":0,"cards_transformed":["Defend_G"],"player_choice":"Change","damage_taken":0,"max_hp_gain":0,"max_hp_loss":0,"event_name":"Living Wall","floor":11,"gold_loss":0,"cards_obtained":["PiercingWail"]},{"damage_healed":0,"gold_gain":0,"player_choice":"Ignored","damage_taken":0,"max_hp_gain":0,"max_hp_loss":0,"event_name":"The Mausoleum","floor":19,"gold_loss":0},{"damage_healed":0,"gold_gain":0,"player_choice":"Shed Blood","damage_taken":26,"max_hp_gain":5,"max_hp_loss":0,"event_name":"Forgotten Altar","floor":20,"gold_loss":0}],"is_beta":false,"boss_relics":[{"not_picked":["Ectoplasm","Runic Dome"],"picked":"HoveringKite"}],"items_purged_floors":[4],"is_endless":false,"potions_floor_spawned":[5,10,18],"killed_by":"Gremlin Leader","ascension_level":20}}