{"host":"wq5h7jomr5a1xww7","time":1614024550,"event":{"mods":["BaseMod","Highlight Path","Minty Spire (QoL Compilation)","Monster List Patch","Relic Stats","StSLib"],"gold_per_floor":[115,126,142,142,142,142,67,94,140,157,172,172,201,216,216,313,313,328,328,427,427,507,507,527,527,576,576,576,593,605,605,625,625,721,721,735,289,289,300,300,300,320,320,391,391,424,22,51,51,63,63,63],"floor_reached":53,"language":"ENG","playtime":802,"items_purged":["Bash"],"score":913,"play_id":"59169af9-4c30-430c-8367-09eee6b3a5b9","local_time":"20210222140910","is_ascension_mode":true,"campfire_choices":[{"data":"Whirlwind","floor":6,"key":"SMITH"},{"data":"Searing Blow","floor":12,"key":"SMITH"},{"data":"Searing Blow+1","floor":15,"key":"SMITH"},{"data":"Pommel Strike","floor":23,"key":"SMITH"},{"data":"Pommel Strike","floor":25,"key":"SMITH"},{"data":"Clash","floor":28,"key":"SMITH"},{"data":"Searing Blow+2","floor":31,"key":"SMITH"},{"data":"Searing Blow+3","floor":33,"key":"SMITH"},{"data":"1","floor":41,"key":"LIFT"},{"data":"2","floor":49,"key":"LIFT"},{"data":"3","floor":51,"key":"LIFT"}],"circlet_count":0,"master_deck":["Pommel Strike+1","Searing Blow+5","Clash+1","Pommel Strike+1"],"relics":["Pandora\u0027s Box","Potion Belt","Tiny Chest","Boot","Sozu","Meat on the Bone","Strawberry","Oddly Smooth Stone","Runic Pyramid","Vajra","Girya","Letter Opener","Singing Bowl","Pear","CaptainsWheel","Sundial","Pen Nib","War Paint"],"acts_visited":["Exordium","TheCity","TheBeyond"],"potions_floor_usage":[],"damage_taken":[{"damage":35,"enemies":"Jaw Worm","floor":1,"turns":6},{"damage":6,"enemies":"Cultist","floor":2,"turns":3},{"damage":6,"enemies":"2 Louse","floor":3,"turns":2},{"damage":27,"enemies":"Gremlin Nob","floor":8,"turns":4},{"damage":6,"enemies":"2 Fungi Beasts","floor":10,"turns":2},{"damage":19,"enemies":"Blue Slaver","floor":11,"turns":3},{"damage":9,"enemies":"3 Sentries","floor":13,"turns":2},{"damage":0,"enemies":"Lots of Slimes","floor":14,"turns":1},{"damage":0,"enemies":"Slime Boss","floor":16,"turns":4},{"damage":0,"enemies":"3 Byrds","floor":18,"turns":2},{"damage":10,"enemies":"Shell Parasite","floor":24,"turns":2},{"damage":10,"enemies":"Cultist and Chosen","floor":29,"turns":2},{"damage":8,"enemies":"Centurion and Healer","floor":30,"turns":2},{"damage":0,"enemies":"Snecko","floor":32,"turns":1},{"damage":16,"enemies":"Champ","floor":34,"turns":4},{"damage":0,"enemies":"Orb Walker","floor":36,"turns":1},{"damage":13,"enemies":"3 Shapes","floor":39,"turns":2},{"damage":0,"enemies":"Transient","floor":42,"turns":5},{"damage":26,"enemies":"Giant Head","floor":46,"turns":3},{"damage":0,"enemies":"Nemesis","floor":48,"turns":1},{"damage":0,"enemies":"Maw","floor":50,"turns":1},{"damage":21,"enemies":"Time Eater","floor":52,"turns":3}],"seed_played":"4317167344926706167","potions_obtained":[{"floor":1,"key":"SpeedPotion"},{"floor":8,"key":"LiquidBronze"},{"floor":11,"key":"Dexterity Potion"},{"floor":14,"key":"EntropicBrew"}],"is_trial":false,"path_per_floor":["M","M","M","?","?","R","$","E","T","M","M","R","E","M","R","B",null,"M","?","?","$","T","R","M","R","T","T","R","M","M","R","M","R","B",null,"M","$","?","M","T","R","M","?","T","T","E","$","E","R","M","R","B",null],"character_chosen":"IRONCLAD","items_purchased":["Vajra","Girya","Sundial","Pen Nib"],"campfire_rested":0,"item_purchase_floors":[37,37,47,47],"current_hp_per_floor":[53,47,41,41,88,88,88,61,61,55,36,36,27,27,27,27,88,88,88,88,88,88,88,78,78,85,85,85,75,67,67,67,67,51,95,95,95,95,82,82,82,82,95,95,105,81,81,83,83,83,83,62],"gold":63,"neow_bonus":"TEN_PERCENT_HP_BONUS","is_daily":false,"chose_seed":false,"campfire_upgraded":8,"win_rate":0.0,"timestamp":1614024550,"path_taken":["M","M","M","?","?","R","$","E","T","?","M","R","E","M","R","BOSS","M","?","?","$","?","R","?","R","T","T","R","M","M","R","M","R","BOSS","M","$","?","?","?","R","M","?","T","T","E","$","E","R","?","R","BOSS"],"items_purchased_type":["Relic","Relic","Relic","Relic"],"build_version":"2020-12-22","purchased_purges":1,"victory":true,"max_hp_per_floor":[88,88,88,88,88,88,88,88,88,88,88,88,88,88,88,88,88,88,88,88,88,88,88,88,88,95,95,95,95,95,95,95,95,95,95,95,95,95,95,95,95,95,95,95,105,107,107,109,109,109,109,109],"relic_stats":{"Sozu":6,"Singing Bowl":4,"counters":[22,56],"Sundial":[22],"Pandora\u0027s Box":["Seeing Red","Sword Boomerang","Berserk","Demon Form","Berserk","Body Slam","Entrench","Clash","Warcry"],"Tiny Chest":2,"Pen Nib":[4],"Letter Opener":[0],"War Paint":[],"Boot":[12],"obtain_stats":[{"Potion Belt":8,"Girya":37,"Pear":45,"Singing Bowl":44,"Oddly Smooth Stone":27,"Vajra":37,"Pen Nib":47,"Letter Opener":40,"War Paint":48,"Boot":13,"Burning Blood":0,"Sozu":17,"CaptainsWheel":46,"Sundial":47,"Strawberry":26,"Pandora\u0027s Box":0,"Tiny Chest":9,"Meat on the Bone":22,"Runic Pyramid":35},{"Potion Belt":4,"Girya":16,"Pear":18,"Singing Bowl":18,"Oddly Smooth Stone":11,"Vajra":16,"Pen Nib":19,"Letter Opener":17,"War Paint":20,"Boot":7,"Burning Blood":0,"Sozu":9,"CaptainsWheel":19,"Sundial":19,"Strawberry":11,"Pandora\u0027s Box":0,"Tiny Chest":4,"Meat on the Bone":10,"Runic Pyramid":15},{"Potion Belt":15,"Girya":41,"Pear":48,"Singing Bowl":48,"Oddly Smooth Stone":31,"Vajra":41,"Pen Nib":51,"Letter Opener":43,"War Paint":52,"Boot":22,"Burning Blood":0,"Sozu":27,"CaptainsWheel":51,"Sundial":51,"Strawberry":31,"Pandora\u0027s Box":0,"Tiny Chest":15,"Meat on the Bone":29,"Runic Pyramid":40}],"Meat on the Bone":0},"card_choices":[{"not_picked":["Shrug It Off","Cleave"],"picked":"Pommel Strike","floor":1},{"not_picked":["Flex","Havoc"],"picked":"Whirlwind","floor":3},{"not_picked":["Feel No Pain","Burning Pact"],"picked":"Searing Blow","floor":10},{"not_picked":["Rage","Wild Strike"],"picked":"Clash","floor":14},{"not_picked":["Seeing Red","Headbutt","Whirlwind"],"picked":"Singing Bowl","floor":46},{"not_picked":["Havoc","Infernal Blade+1","Wild Strike"],"picked":"Singing Bowl","floor":48}],"player_experience":122016,"relics_obtained":[{"floor":8,"key":"Potion Belt"},{"floor":9,"key":"Tiny Chest"},{"floor":13,"key":"Boot"},{"floor":22,"key":"Meat on the Bone"},{"floor":26,"key":"Strawberry"},{"floor":27,"key":"Oddly Smooth Stone"},{"floor":40,"key":"Letter Opener"},{"floor":44,"key":"Singing Bowl"},{"floor":45,"key":"Pear"},{"floor":46,"key":"CaptainsWheel"},{"floor":48,"key":"War Paint"}],"event_choices":[{"damage_healed":0,"gold_gain":0,"player_choice":"Ignored","damage_taken":0,"max_hp_gain":0,"max_hp_loss":0,"event_name":"Liars Game","floor":4,"gold_loss":0},{"damage_healed":47,"gold_gain":0,"player_choice":"Full Heal","damage_taken":0,"max_hp_gain":0,"max_hp_loss":0,"event_name":"Wheel of Change","floor":5,"gold_loss":0},{"damage_healed":0,"gold_gain":0,"player_choice":"Read","damage_taken":0,"max_hp_gain":0,"max_hp_loss":0,"event_name":"The Library","floor":19,"gold_loss":0,"cards_obtained":["Pommel Strike"]},{"damage_healed":0,"gold_gain":99,"player_choice":"Stole From Cult","damage_taken":0,"max_hp_gain":0,"max_hp_loss":0,"event_name":"Nest","floor":20,"gold_loss":0},{"damage_healed":0,"gold_gain":0,"player_choice":"Upgraded","damage_taken":0,"max_hp_gain":0,"max_hp_loss":0,"event_name":"Upgrade Shrine","floor":38,"gold_loss":0,"cards_upgraded":["Searing Blow"]},{"cards_removed":["Whirlwind"],"damage_healed":13,"gold_gain":0,"player_choice":"Offered Uncommon","damage_taken":0,"max_hp_gain":0,"max_hp_loss":0,"event_name":"Bonfire Elementals","floor":43,"gold_loss":0}],"is_beta":false,"boss_relics":[{"not_picked":["Busted Crown","Ectoplasm"],"picked":"Sozu"},{"not_picked":["Pandora\u0027s Box","Astrolabe"],"picked":"Runic Pyramid"}],"items_purged_floors":[7],"is_endless":false,"potions_floor_spawned":[1,8,11,14,18,24,30,34,36,46],"ascension_level":1}}