{"host":"sav7uxregyirlf69","time":1614010425,"event":{"mods":["AchievementEnabler","BaseMod","Colored Map","DeckTracker","Keyboard Shortcuts","Minty Spire (QoL Compilation)","READ ME - Guardian Mod","StSLib","SuperFastMode"],"gold_per_floor":[211,230,230,247,217,217,227,59,59,75,75,75],"floor_reached":11,"language":"KOR","playtime":193,"items_purged":[],"score":130,"play_id":"dd753b1c-9257-45ae-a6db-b165d4c79ba7","local_time":"20210223011345","is_ascension_mode":true,"campfire_choices":[{"data":"Neutralize","floor":6,"key":"SMITH"}],"circlet_count":0,"master_deck":["AscendersBane","Strike_G","Strike_G","Strike_G","Strike_G","Strike_G","Defend_G","Defend_G","Defend_G","Defend_G","Defend_G","Survivor","Neutralize+1","Dagger Spray","Finisher","Well Laid Plans"],"relics":["Ring of the Snake","TwistedFunnel","Toy Ornithopter"],"acts_visited":["Exordium"],"potions_floor_usage":[11,11],"damage_taken":[{"damage":3,"enemies":"Cultist","floor":1,"turns":4},{"damage":3,"enemies":"Small Slimes","floor":2,"turns":3},{"damage":2,"enemies":"2 Louse","floor":4,"turns":4},{"damage":7,"enemies":"Lots of Slimes","floor":7,"turns":5},{"damage":7,"enemies":"Looter","floor":10,"turns":3},{"damage":62,"enemies":"Lagavulin","floor":11,"turns":9}],"seed_played":"-5338970398849982471","potions_obtained":[{"floor":2,"key":"LiquidBronze"},{"floor":5,"key":"Regen Potion"},{"floor":5,"key":"Dexterity Potion"}],"is_trial":false,"path_per_floor":["M","M","?","M","?","R","M","$","T","M","E"],"character_chosen":"THE_SILENT","items_purchased":["TwistedFunnel"],"campfire_rested":0,"item_purchase_floors":[8],"current_hp_per_floor":[56,53,53,51,51,51,44,44,44,37,0,0],"gold":75,"neow_bonus":"HUNDRED_GOLD","is_daily":false,"chose_seed":false,"campfire_upgraded":1,"win_rate":0.0,"timestamp":1614010425,"path_taken":["M","?","?","M","?","R","M","$","T","?","E"],"items_purchased_type":["Relic"],"build_version":"2020-12-22","purchased_purges":0,"victory":false,"max_hp_per_floor":[66,66,66,66,66,66,66,66,66,66,66,66],"card_choices":[{"not_picked":["Dagger Throw","Slice"],"picked":"Dagger Spray","floor":1},{"not_picked":["Expertise","Slice"],"picked":"Finisher","floor":2},{"not_picked":["Dagger Spray","Endless Agony"],"picked":"Well Laid Plans","floor":4},{"not_picked":["Deflect","Sucker Punch","Acrobatics"],"picked":"SKIP","floor":7},{"not_picked":["Leg Sweep","Deadly Poison","Bane"],"picked":"SKIP","floor":10}],"player_experience":1654325,"relics_obtained":[{"floor":9,"key":"Toy Ornithopter"}],"event_choices":[{"damage_healed":0,"gold_gain":0,"player_choice":"Ignored","damage_taken":0,"max_hp_gain":0,"max_hp_loss":0,"event_name":"Liars Game","floor":3,"gold_loss":0},{"damage_healed":0,"gold_gain":0,"player_choice":"Bought 2 Potions","damage_taken":0,"max_hp_gain":0,"max_hp_loss":0,"event_name":"The Woman in Blue","floor":5,"gold_loss":0}],"is_beta":false,"boss_relics":[],"items_purged_floors":[],"is_endless":false,"potions_floor_spawned":[2,10],"killed_by":"Lagavulin","ascension_level":20}}