{"host":"r1w5o5rhvc53l1z6","time":1614015930,"event":{"mods":["BaseMod","Colored Map","DeckTracker","Minty Spire (QoL Compilation)","Permanent Neow","Quick Restart","SuperFastMode","everything is the same but u backflip on backflip"],"gold_per_floor":[117,67,84,84,84,422,449,449,473,496,113,126,140,6,6,125,125,139,159,175,107,22,22,42,42,42,82,125,150,189,205,205,333,333,354,58,333,347,1,1,40,58,58,74,98,134,134,150,150,150,150,150,25,68,68],"floor_reached":56,"language":"KOR","playtime":2258,"items_purged":["Defend_P","Strike_P","Defend_P"],"score":1449,"play_id":"c1ea282f-200d-4354-bb35-aeb7bd393b8e","local_time":"20210223024530","is_ascension_mode":false,"campfire_choices":[{"data":"Eruption","floor":8.0,"key":"SMITH"},{"data":"MentalFortress","floor":15.0,"key":"SMITH"},{"data":"Adaptation","floor":23.0,"key":"SMITH"},{"data":"Adaptation","floor":32.0,"key":"SMITH"},{"data":"Scrawl","floor":40.0,"key":"SMITH"},{"floor":47.0,"key":"RECALL"},{"floor":49.0,"key":"DIG"},{"floor":52,"key":"DIG"}],"circlet_count":0,"master_deck":["Strike_P","Strike_P","Strike_P","Eruption+1","Vigilance","Adaptation+1","Adaptation+1","MentalFortress+1","FearNoEvil","MentalFortress","InnerPeace","Scrawl+1","Master of Strategy","Adaptation+1"],"relics":["PureWater","NeowsBlessing","Golden Idol","Old Coin","Nunchaku","Centennial Puzzle","Singing Bowl","SacredBark","Ancient Tea Set","MutagenicStrength","Letter Opener","Red Mask","Omamori","Ginger","VioletLotus","Shovel","Bag of Marbles","Potion Belt","Bottled Lightning","StrikeDummy","Eternal Feather","Art of War"],"acts_visited":["Exordium","TheCity","TheBeyond","TheEnding"],"potions_floor_usage":[55,55,55,55,55,55,55,55,55],"damage_taken":[{"damage":0.0,"enemies":"2 Louse","floor":1.0,"turns":1.0},{"damage":0.0,"enemies":"Small Slimes","floor":3.0,"turns":1.0},{"damage":0.0,"enemies":"3 Sentries","floor":6.0,"turns":1.0},{"damage":0.0,"enemies":"Cultist","floor":10.0,"turns":2.0},{"damage":3.0,"enemies":"3 Louse","floor":12.0,"turns":2.0},{"damage":0.0,"enemies":"Blue Slaver","floor":13.0,"turns":2.0},{"damage":56.0,"enemies":"Hexaghost","floor":16.0,"turns":8.0},{"damage":2.0,"enemies":"Chosen","floor":18.0,"turns":3.0},{"damage":0.0,"enemies":"Spheric Guardian","floor":19.0,"turns":3.0},{"damage":9.0,"enemies":"Centurion and Healer","floor":20.0,"turns":3.0},{"damage":0.0,"enemies":"Sentry and Sphere","floor":24.0,"turns":3.0},{"damage":0.0,"enemies":"Masked Bandits","floor":27.0,"turns":3.0},{"damage":2.0,"enemies":"Book of Stabbing","floor":28.0,"turns":3.0},{"damage":10.0,"enemies":"Snecko","floor":29.0,"turns":4.0},{"damage":0.0,"enemies":"Gremlin Leader","floor":30.0,"turns":4.0},{"damage":2.0,"enemies":"3 Cultists","floor":31.0,"turns":3.0},{"damage":1.0,"enemies":"Champ","floor":33.0,"turns":2.0},{"damage":0.0,"enemies":"Orb Walker","floor":35.0,"turns":1.0},{"damage":0.0,"enemies":"3 Darklings","floor":38.0,"turns":1.0},{"damage":0.0,"enemies":"Reptomancer","floor":41.0,"turns":1.0},{"damage":0.0,"enemies":"Spire Growth","floor":42.0,"turns":1.0},{"damage":7.0,"enemies":"Writhing Mass","floor":44.0,"turns":2.0},{"damage":0.0,"enemies":"Maw","floor":45.0,"turns":1.0},{"damage":0.0,"enemies":"Giant Head","floor":46.0,"turns":1.0},{"damage":0.0,"enemies":"4 Shapes","floor":48.0,"turns":1.0},{"damage":24,"enemies":"Awakened One","floor":50,"turns":3},{"damage":0,"enemies":"Shield and Spear","floor":54,"turns":1},{"damage":7,"enemies":"The Heart","floor":55,"turns":3}],"seed_played":"1512562015336176823","potions_obtained":[{"floor":1.0,"key":"EntropicBrew"},{"floor":10.0,"key":"Fruit Juice"},{"floor":16.0,"key":"GamblersBrew"},{"floor":18.0,"key":"SpeedPotion"},{"floor":28.0,"key":"Dexterity Potion"},{"floor":29.0,"key":"Swift Potion"},{"floor":30.0,"key":"Strength Potion"},{"floor":38.0,"key":"SteroidPotion"},{"floor":41.0,"key":"SpeedPotion"},{"floor":42.0,"key":"LiquidMemories"}],"is_trial":false,"path_per_floor":["M","?","M","?","?","E","T","R","T","M","$","M","M","$","R","B",null,"M","M","M","$","?","R","M","?","T","?","E","M","E","M","R","B",null,"M","$","?","M","$","R","E","M","T","M","M","E","R","M","R","B",null,"R","$","E","B",null],"character_chosen":"WATCHER","items_purchased":["Singing Bowl","Adaptation","MentalFortress","InnerPeace","Shovel","Master of Strategy","Bag of Marbles"],"campfire_rested":0,"item_purchase_floors":[11,11,14,21,36,39,39],"current_hp_per_floor":[72,72,72,67,67,67,67,67,67,72,72,71,71,71,71,17,76,74,74,67,67,67,67,69,69,69,71,71,63,65,65,65,64,90,92,92,92,94,94,94,96,98,98,93,95,95,95,97,97,73,104,104,104,106,99],"gold":68,"neow_bonus":"THREE_ENEMY_KILL","is_daily":false,"chose_seed":false,"campfire_upgraded":5,"win_rate":0.0,"timestamp":1614015930,"path_taken":["M","?","M","?","?","E","?","R","T","M","$","?","M","$","R","BOSS","M","M","M","$","?","R","M","?","T","?","E","?","E","M","R","BOSS","M","$","?","?","$","R","E","M","T","?","M","E","R","M","R","BOSS","R","$","E","BOSS"],"items_purchased_type":["Relic","Card","Card","Card","Relic","Card","Relic"],"build_version":"2020-12-22","purchased_purges":3,"victory":true,"max_hp_per_floor":[72,72,72,67,67,67,67,67,67,72,72,74,74,74,74,76,76,76,76,78,78,78,78,80,80,80,82,84,86,88,90,90,90,90,92,92,92,94,94,94,96,98,98,100,102,102,102,104,104,104,104,104,104,106,106],"card_choices":[{"not_picked":["WreathOfFlame","ThirdEye","Crescendo"],"picked":"SKIP","floor":1.0},{"not_picked":["Swivel","SashWhip","WreathOfFlame"],"picked":"SKIP","floor":3.0},{"not_picked":["CutThroughFate","DeceiveReality","FollowUp"],"picked":"SKIP","floor":6.0},{"not_picked":["Perseverance","ThirdEye","EmptyFist"],"picked":"SKIP","floor":10.0},{"not_picked":["ForeignInfluence","ConjureBlade","Evaluate"],"picked":"Singing Bowl","floor":12.0},{"not_picked":["PathToVictory","FlurryOfBlows"],"picked":"Adaptation","floor":13.0},{"not_picked":["DevaForm","Wish","Omniscience"],"picked":"Singing Bowl","floor":16.0},{"not_picked":["Consecrate+1","Wireheading"],"picked":"FearNoEvil","floor":18.0},{"not_picked":["PathToVictory+1","Prostrate"],"picked":"MentalFortress","floor":19.0},{"not_picked":["ClearTheMind","JustLucky","EmptyFist"],"picked":"Singing Bowl","floor":20.0},{"not_picked":["Worship+1","Nirvana","Weave"],"picked":"Singing Bowl","floor":24.0},{"not_picked":["Crescendo","BowlingBash","Blasphemy"],"picked":"Singing Bowl","floor":27.0},{"not_picked":["Adaptation","ClearTheMind","Halt"],"picked":"Singing Bowl","floor":28.0},{"not_picked":["CrushJoints","Perseverance","Consecrate+1"],"picked":"Singing Bowl","floor":29.0},{"not_picked":["FlurryOfBlows+1","ConjureBlade","Collect"],"picked":"Singing Bowl","floor":30.0},{"not_picked":["Wallop","Prostrate","Consecrate"],"picked":"Singing Bowl","floor":31.0},{"not_picked":["Vault","DeusExMachina"],"picked":"Scrawl","floor":33.0},{"not_picked":["FlurryOfBlows","ClearTheMind","FlyingSleeves"],"picked":"Singing Bowl","floor":35.0},{"not_picked":["EmptyMind","ReachHeaven","Halt"],"picked":"Singing Bowl","floor":38.0},{"not_picked":["PathToVictory+1","EmptyBody+1","ClearTheMind+1"],"picked":"Singing Bowl","floor":41.0},{"not_picked":["PathToVictory","Prostrate+1","SignatureMove"],"picked":"Singing Bowl","floor":42.0},{"not_picked":["JustLucky+1","Tantrum+1","Crescendo+1"],"picked":"Singing Bowl","floor":44.0},{"not_picked":["CutThroughFate+1","ConjureBlade","Protect+1"],"picked":"Singing Bowl","floor":45.0},{"not_picked":["Protect","Evaluate"],"picked":"Adaptation+1","floor":46.0},{"not_picked":["PathToVictory","TalkToTheHand+1","FlyingSleeves"],"picked":"Singing Bowl","floor":48.0},{"not_picked":["FlyingSleeves","Sanctity","CrushJoints"],"picked":"Singing Bowl","floor":54}],"player_experience":292646,"relics_obtained":[{"floor":6.0,"key":"Old Coin"},{"floor":7.0,"key":"Nunchaku"},{"floor":9.0,"key":"Centennial Puzzle"},{"floor":26.0,"key":"Letter Opener"},{"floor":27.0,"key":"Red Mask"},{"floor":28.0,"key":"Omamori"},{"floor":30.0,"key":"Ginger"},{"floor":41.0,"key":"Potion Belt"},{"floor":46.0,"key":"Bottled Lightning"},{"floor":49.0,"key":"StrikeDummy"},{"floor":52,"key":"Eternal Feather"},{"floor":54,"key":"Art of War"}],"event_choices":[{"cards_removed":["Defend_P"],"damage_healed":0.0,"max_hp_gain":0.0,"max_hp_loss":0.0,"gold_gain":0.0,"event_name":"The Cleric","player_choice":"Card Removal","floor":2.0,"gold_loss":50.0,"damage_taken":0.0},{"damage_healed":0.0,"max_hp_gain":0.0,"max_hp_loss":5.0,"gold_gain":0.0,"event_name":"Golden Idol","player_choice":"Lose Max HP","floor":4.0,"gold_loss":0.0,"damage_taken":0.0,"relics_obtained":["Golden Idol"]},{"cards_removed":["Defend_P"],"damage_healed":0.0,"max_hp_gain":0.0,"max_hp_loss":0.0,"gold_gain":0.0,"event_name":"Living Wall","player_choice":"Forget","floor":5.0,"gold_loss":0.0,"damage_taken":0.0},{"damage_healed":0.0,"max_hp_gain":0.0,"max_hp_loss":0.0,"gold_gain":0.0,"event_name":"Addict","player_choice":"Obtained Relic","floor":22.0,"gold_loss":85.0,"damage_taken":0.0,"relics_obtained":["Ancient Tea Set"]},{"damage_healed":0.0,"max_hp_gain":0.0,"max_hp_loss":0.0,"gold_gain":0.0,"event_name":"Drug Dealer","player_choice":"Inject Mutagens","floor":25.0,"gold_loss":0.0,"damage_taken":0.0,"relics_obtained":["MutagenicStrength"]},{"damage_healed":0.0,"max_hp_gain":0.0,"max_hp_loss":0.0,"gold_gain":0.0,"event_name":"Masked Bandits","player_choice":"Fought Bandits","floor":27.0,"gold_loss":0.0,"damage_taken":0.0},{"damage_healed":0.0,"max_hp_gain":0.0,"max_hp_loss":0.0,"gold_gain":275.0,"event_name":"Golden Shrine","player_choice":"Desecrate","floor":37.0,"gold_loss":0.0,"damage_taken":0.0,"cards_obtained":["Regret"]}],"is_beta":false,"boss_relics":[{"not_picked":["Calling Bell","Tiny House"],"picked":"SacredBark"},{"not_picked":["Cursed Key","Runic Pyramid"],"picked":"VioletLotus"}],"items_purged_floors":[11,14,53],"is_endless":false,"potions_floor_spawned":[1,10,16,18,28,29,30,38,41,42,44,45],"ascension_level":0}}