{"host":"3c8x8j1h2jyrixpf","time":1614027251,"event":{"mods":["BaseMod","Colored Powertips","Highlight Path","Minty Spire (QoL Compilation)","StSLib"],"gold_per_floor":[115,128,203,203,217,217,237,275,300,300,324,324,367,185,185,270,270,289,313,322,331,11,51,51,89,89,89,89,52,81,100,100,100,100],"floor_reached":33,"language":"ENG","playtime":1495,"items_purged":["Strike_G"],"score":495,"play_id":"bc214a55-4f8b-4c4c-bc93-1e27871a0330","local_time":"20210222145411","is_ascension_mode":true,"campfire_choices":[{"data":"Poisoned Stab","floor":6,"key":"SMITH"},{"data":"Bane","floor":10,"key":"SMITH"},{"data":"Neutralize","floor":12,"key":"SMITH"},{"floor":15,"key":"REST"},{"floor":24,"key":"REST"},{"floor":28,"key":"REST"},{"floor":32,"key":"REST"}],"circlet_count":0,"master_deck":["AscendersBane","Strike_G","Strike_G","Strike_G","Strike_G","Defend_G","Defend_G","Defend_G","Defend_G","Defend_G","Survivor","Neutralize+1","Poisoned Stab+1","Dagger Throw","Bane+1","Die Die Die","Backflip","Backflip","Dash","Malaise","Bouncing Flask","Deadly Poison","Bullet Time","J.A.X.","Noxious Fumes","PiercingWail","Bane","Deadly Poison","Terror+1"],"relics":["Ring of the Snake","NeowsBlessing","CeramicFish","Vajra","Strawberry","Philosopher\u0027s Stone","Bottled Lightning","Nunchaku","Art of War","White Beast Statue"],"acts_visited":["Exordium","TheCity"],"potions_floor_usage":[8,16],"damage_taken":[{"damage":0,"enemies":"Cultist","floor":1,"turns":1},{"damage":0,"enemies":"2 Louse","floor":2,"turns":1},{"damage":0,"enemies":"Jaw Worm","floor":5,"turns":1},{"damage":1,"enemies":"2 Fungi Beasts","floor":7,"turns":4},{"damage":17,"enemies":"Lagavulin","floor":8,"turns":7},{"damage":25,"enemies":"3 Sentries","floor":13,"turns":7},{"damage":52,"enemies":"Slime Boss","floor":16,"turns":15},{"damage":20,"enemies":"3 Byrds","floor":18,"turns":8},{"damage":0,"enemies":"Chosen","floor":19,"turns":3},{"damage":23,"enemies":"Gremlin Leader","floor":23,"turns":7},{"damage":33,"enemies":"Slavers","floor":25,"turns":6},{"damage":15,"enemies":"Snake Plant","floor":30,"turns":4},{"damage":10,"enemies":"Cultist and Chosen","floor":31,"turns":6},{"damage":33,"enemies":"Collector","floor":33,"turns":3}],"seed_played":"-7201763437612020016","potions_obtained":[{"floor":2,"key":"ColorlessPotion"},{"floor":5,"key":"Weak Potion"},{"floor":7,"key":"Swift Potion"},{"floor":16,"key":"BlessingOfTheForge"},{"floor":31,"key":"EssenceOfSteel"}],"is_trial":false,"path_per_floor":["M","M","?","?","M","R","M","E","T","R","T","R","E","$","R","B",null,"M","M","?","?","$","E","R","E","T","?","R","$","M","M","R","B"],"character_chosen":"THE_SILENT","items_purchased":["Dash","Regen Potion","Noxious Fumes","Bottled Lightning","Deadly Poison"],"campfire_rested":4,"item_purchase_floors":[14,14,22,22,29],"current_hp_per_floor":[59,59,48,53,53,53,52,35,35,35,35,35,17,17,40,3,59,39,39,39,39,39,16,39,6,6,6,29,29,14,4,27,0,0],"gold":100,"neow_bonus":"THREE_ENEMY_KILL","is_daily":false,"chose_seed":false,"campfire_upgraded":3,"win_rate":0.0,"timestamp":1614027251,"path_taken":["M","M","?","?","M","R","M","E","T","R","?","R","E","$","R","BOSS","M","M","?","?","$","E","R","E","T","?","R","$","M","M","R","BOSS"],"items_purchased_type":["Card","Potion","Card","Relic","Card"],"build_version":"2020-12-22","purchased_purges":1,"victory":false,"max_hp_per_floor":[66,66,66,71,71,71,71,71,71,71,71,71,78,78,78,78,78,78,78,78,78,78,78,78,78,78,78,78,78,78,78,78,78,78],"card_choices":[{"not_picked":["Bane","Eviscerate"],"picked":"Poisoned Stab","floor":1},{"not_picked":["Heel Hook","Deflect"],"picked":"Dagger Throw","floor":2},{"not_picked":["Dagger Throw","Choke"],"picked":"Bane","floor":5},{"not_picked":["PiercingWail","Underhanded Strike"],"picked":"Die Die Die","floor":7},{"not_picked":["Tactician","Caltrops"],"picked":"Backflip","floor":8},{"not_picked":["Cloak And Dagger","Quick Slash"],"picked":"Backflip","floor":13},{"not_picked":["Phantasmal Killer","Venomology"],"picked":"Malaise","floor":16},{"not_picked":["Backflip","Acrobatics"],"picked":"Bouncing Flask","floor":18},{"not_picked":["Deflect","Acrobatics"],"picked":"Deadly Poison","floor":19},{"not_picked":["Accuracy","Caltrops"],"picked":"PiercingWail","floor":23},{"not_picked":["Burst","Blade Dance+1"],"picked":"Bane","floor":25},{"not_picked":["Quick Slash","Dagger Spray"],"picked":"Terror+1","floor":30},{"not_picked":["Concentrate","Prepared","Backflip"],"picked":"SKIP","floor":31}],"player_experience":298075,"relics_obtained":[{"floor":8,"key":"CeramicFish"},{"floor":11,"key":"Vajra"},{"floor":13,"key":"Strawberry"},{"floor":23,"key":"Nunchaku"},{"floor":25,"key":"Art of War"},{"floor":26,"key":"White Beast Statue"}],"event_choices":[{"damage_healed":0,"gold_gain":75,"player_choice":"Gather Gold","damage_taken":11,"max_hp_gain":0,"max_hp_loss":0,"event_name":"World of Goop","floor":3,"gold_loss":0},{"damage_healed":0,"gold_gain":0,"player_choice":"Donut","damage_taken":0,"max_hp_gain":5,"max_hp_loss":0,"event_name":"Big Fish","floor":4,"gold_loss":0},{"damage_healed":0,"gold_gain":0,"player_choice":"Read","damage_taken":0,"max_hp_gain":0,"max_hp_loss":0,"event_name":"The Library","floor":20,"gold_loss":0,"cards_obtained":["Bullet Time"]},{"damage_healed":0,"gold_gain":0,"player_choice":"Obtain J.A.X.","damage_taken":0,"max_hp_gain":0,"max_hp_loss":0,"event_name":"Drug Dealer","floor":21,"gold_loss":0,"cards_obtained":["J.A.X."]},{"damage_healed":0,"gold_gain":0,"player_choice":"0 cards matched","damage_taken":0,"max_hp_gain":0,"max_hp_loss":0,"event_name":"Match and Keep!","floor":27,"gold_loss":0,"cards_obtained":[]}],"is_beta":false,"boss_relics":[{"not_picked":["Calling Bell","SacredBark"],"picked":"Philosopher\u0027s Stone"}],"items_purged_floors":[14],"is_endless":false,"potions_floor_spawned":[2,5,7,16,18,30,31],"killed_by":"Collector","ascension_level":14}}