{"host":"bx8ylsmj2ob6hd5u","time":1614018855,"event":{"mods":["AchievementEnabler","Act Like it!","Aspiration","BaseMod","Colored Map","Downfall","Duelist Mod","Friendly Minions","Gensokyo","GifTheSpireLib","Hallownest","Hermit","HololiveMod","Hubris","Infinite Spire","Jorbs\u0027s Wanderer Trilogy","KinomotoSakuraMod(????)","Kiyohime????","Koishi","KomeijiMod","Lobotomy","LobotomyExtend","Marisa????????","Minty Spire (QoL Compilation)","Prisma Mod","Rare Cards Sparkle","Reimu??????","Remilia??????","Replay The Spire","StSLib","Td1madao Mod","The Administrix","The Animator","The Bug Knight","The Construct","The Cursed","The Disciple","The Hierophant","The Necromancer","The Poker Player","The Runesmith","The Senshi","The Servant 0.9.4","WarShipGirlsR/????R mod"],"gold_per_floor":[117,127,127,127,127,127,144,163,163,163,180,196,212,222,222,320,320,340,340,340,340,34,34,34,46,46,1,17,17,32,32,32,127,127,139,139,139],"floor_reached":36,"language":"ENG","playtime":2598,"items_purged":[],"score":356,"play_id":"e2c52faf-134c-4049-9de4-510d00087b73","local_time":"20210222203415","is_ascension_mode":false,"campfire_choices":[{"data":"DevaForm","floor":6,"key":"SMITH"},{"data":"Eruption","floor":10,"key":"SMITH"},{"data":"hubris:SlightOfHand","floor":15,"key":"SMITH"},{"data":"Adaptation","floor":23,"key":"SMITH"},{"floor":29,"key":"REST"},{"floor":32,"key":"REST"}],"circlet_count":0,"master_deck":["Strike_P","Strike_P","Strike_P","Defend_P","Defend_P","Defend_P+1","Eruption+1","Vigilance","DevaForm+1","Eviscerate","hubris:SlightOfHand+1","Hidden Blade","Pray","hubris:NaturalOne","BowlingBash","Alpha","Consecrate","Devotion+1","Perseverance","SpiritShield+1","WaveOfTheHand","CutThroughFate+1","Tantrum","Wallop","Adaptation+1","Replay:ManipulateFuture+1","ConjureBlade","FollowUp","EmptyBody","Judgement","Prostrate+1"],"relics":["PureWater","LetterFromLob","hubris:Icosahedron","theSenshi:SuperSailorFukuRelic","hubris:HollowSoul","Hallownest:NailmastersGloryRelic","hubris:Towel","War Paint","Orrery","Replay:Baseball","Coffee Dripper"],"acts_visited":["Exordium","Gensokyo:Gensokyo","TheBeyond"],"potions_floor_usage":[2,8,8,11,14,16,28,33,35],"damage_taken":[{"damage":2,"enemies":"Gensokyo:2_Kodama","floor":1,"turns":3},{"damage":0,"enemies":"Gensokyo:Gryphon","floor":2,"turns":4},{"damage":1,"enemies":"Gensokyo:3_Fairies","floor":7,"turns":4},{"damage":8,"enemies":"Gensokyo:Gryphon_and_Rabbit","floor":8,"turns":4},{"damage":6,"enemies":"Gensokyo:3_Kodama","floor":11,"turns":5},{"damage":0,"enemies":"Gensokyo:CorruptedTreant","floor":12,"turns":4},{"damage":5,"enemies":"Gensokyo:2_Rabbits","floor":13,"turns":4},{"damage":24,"enemies":"Gensokyo:LivingMonolith","floor":14,"turns":5},{"damage":54,"enemies":"Gensokyo:Yukari","floor":16,"turns":7},{"damage":30,"enemies":"Hallownest:Flukemon_and_Top","floor":18,"turns":9},{"damage":2,"enemies":"Hallownest:3_Youths","floor":25,"turns":8},{"damage":17,"enemies":"Hallownest:3_Mistakes","floor":28,"turns":7},{"damage":34,"enemies":"Hallownest:Master_and_Novice","floor":30,"turns":6},{"damage":37,"enemies":"Hallownest:BossSoulMaster","floor":33,"turns":12},{"damage":3,"enemies":"3 Shapes","floor":35,"turns":9},{"damage":59,"enemies":"3 Darklings","floor":36,"turns":4}],"seed_played":"625513834723036735","potions_obtained":[{"floor":0,"key":"Guardian:BlockOnCardUsePotion"},{"floor":0,"key":"SpeedPotion"},{"floor":0,"key":"Block Potion"},{"floor":7,"key":"FearPotion"},{"floor":8,"key":"sneckomod:MuddlingPotion"},{"floor":11,"key":"ColorlessPotion"},{"floor":13,"key":"FairyPotion"},{"floor":18,"key":"Strength Potion"},{"floor":25,"key":"Swift Potion"},{"floor":33,"key":"EssenceOfSteel"}],"is_trial":false,"path_per_floor":["M","M","?","?","?","R","M","M","T","R","M","M","M","M","R","B",null,"M","?","?","?","$","R","M","M","T","?","M","R","M","?","R","B",null,"M","M"],"character_chosen":"WATCHER","items_purchased":["War Paint","Orrery"],"campfire_rested":2,"item_purchase_floors":[22,22],"current_hp_per_floor":[70,70,70,70,70,70,69,61,61,61,55,55,50,26,26,14,72,42,42,42,42,42,42,42,40,40,40,23,44,10,17,38,1,72,69,10,10],"gold":139,"neow_bonus":"THREE_SMALL_POTIONS","is_daily":false,"chose_seed":false,"campfire_upgraded":4,"win_rate":0.0,"timestamp":1614018855,"path_taken":["M","M","?","?","?","R","M","M","T","R","M","?","M","M","R","BOSS","M","?","?","?","$","R","M","M","T","?","?","R","M","?","R","BOSS","M","?"],"items_purchased_type":["Relic","Relic"],"build_version":"2020-12-22","purchased_purges":0,"victory":false,"max_hp_per_floor":[72,72,72,72,72,72,72,72,72,72,72,72,72,72,72,72,72,72,72,72,72,72,72,72,72,72,72,72,72,72,72,72,72,72,72,72,72],"card_choices":[{"not_picked":["Replay:Hum","Replay:Anticipation"],"picked":"DeceiveReality","floor":1},{"not_picked":["Weave","SashWhip"],"picked":"DevaForm","floor":2},{"not_picked":["ClearTheMind","PathToVictory"],"picked":"Pray","floor":7},{"not_picked":["FlyingSleeves","Replay:AtTheReady"],"picked":"BowlingBash","floor":8},{"not_picked":["SashWhip","Fasting2"],"picked":"Alpha","floor":11},{"not_picked":["DeceiveReality","Evaluate"],"picked":"Consecrate","floor":12},{"not_picked":["SandsOfTime","FollowUp"],"picked":"Devotion","floor":13},{"not_picked":["ClearTheMind","Prostrate"],"picked":"Perseverance","floor":14},{"not_picked":["Alpha","DevaForm"],"picked":"SpiritShield","floor":16},{"not_picked":["ClearTheMind","EmptyMind+1"],"picked":"WaveOfTheHand","floor":18},{"not_picked":["ClearTheMind","Evaluate"],"picked":"CutThroughFate+1","floor":22},{"not_picked":["Replay:ManipulateFuture","Crescendo"],"picked":"Tantrum","floor":22},{"not_picked":["PathToVictory","Replay:Battleflow+1"],"picked":"Wallop","floor":22},{"not_picked":["Meditate","EmptyFist"],"picked":"Adaptation","floor":22},{"not_picked":["Halt","JustLucky+1"],"picked":"Replay:ManipulateFuture+1","floor":22},{"not_picked":["Replay:AtTheReady+1","JustLucky"],"picked":"ConjureBlade","floor":25},{"not_picked":["Replay:ManipulateFuture","BowlingBash"],"picked":"FollowUp","floor":28},{"not_picked":["Evaluate","WreathOfFlame"],"picked":"EmptyBody","floor":30},{"not_picked":["SpiritShield","Alpha"],"picked":"Judgement","floor":33},{"not_picked":["Replay:Vibes","Crescendo"],"picked":"Prostrate+1","floor":35}],"player_experience":1609312,"relics_obtained":[{"floor":1,"key":"LetterFromLob"},{"floor":9,"key":"theSenshi:SuperSailorFukuRelic"},{"floor":26,"key":"Replay:Baseball"}],"event_choices":[],"is_beta":false,"boss_relics":[{"not_picked":["Abe\u0027s Treasure","Pandora\u0027s Box"],"picked":"hubris:HollowSoul"},{"not_picked":["Replay:Grab Bag","Calling Bell"],"picked":"Coffee Dripper"}],"items_purged_floors":[],"is_endless":false,"potions_floor_spawned":[7,8,11,13,18,25,33],"killed_by":"3 Darklings","ascension_level":0}}