{"host":"b9id4afcchnn1rfb","time":1614009812,"event":{"mods":["Act Like it!","BaseMod","Better Note","Colored Map","Colored Powertips","Hallownest","Hermit","Infinite Spire","Minty Spire (QoL Compilation)","StSLib","SuperFastMode","The Death Knight","The Necromancer"],"gold_per_floor":[112,112,131,131,142,167,167,196,196,196,225,242,517,543,543,543,543],"floor_reached":16,"language":"ENG","playtime":448,"items_purged":[],"score":173,"play_id":"ad82bb35-066e-431e-93ed-eaedd22a6a3c","local_time":"20210222170332","is_ascension_mode":true,"campfire_choices":[{"floor":7,"key":"REST"},{"floor":15,"key":"REST"}],"circlet_count":0,"master_deck":["Strike_W+1","Strike_W","Strike_W","Strike_W","Defend_W","Defend_W","Defend_W","Defend_W","Negative_Energy_Arrows+1","Bone_Wall+1","Finger_Of_Death+1","Skeleton_Dragon","Negative_Energy_Javelin","Summon_Lich","Regret","Shade_Step"],"relics":["Vampire_Amulet","Bag of Marbles","Mango","Boot","Whetstone","infinitespire:BottledMercury"],"acts_visited":["Exordium"],"potions_floor_usage":[6,8,11,14],"damage_taken":[{"damage":3,"enemies":"Jaw Worm","floor":1,"turns":5},{"damage":4,"enemies":"Small Slimes","floor":3,"turns":4},{"damage":4,"enemies":"Cultist","floor":5,"turns":4},{"damage":47,"enemies":"Lagavulin","floor":6,"turns":11},{"damage":22,"enemies":"Gremlin Nob","floor":8,"turns":4},{"damage":24,"enemies":"Lagavulin","floor":11,"turns":10},{"damage":16,"enemies":"3 Louse","floor":12,"turns":3},{"damage":15,"enemies":"3 Sentries","floor":14,"turns":6},{"damage":35,"enemies":"The Guardian","floor":16,"turns":12}],"seed_played":"8292503340529829748","potions_obtained":[{"floor":1,"key":"ColorlessPotion"},{"floor":6,"key":"DistilledChaos"},{"floor":8,"key":"Regen Potion"},{"floor":12,"key":"PowerPotion"}],"is_trial":false,"path_per_floor":["M","?","M","?","M","E","R","E","T","?","E","M","?","E","R","B"],"character_chosen":"NECROMANCER","items_purchased":[],"campfire_rested":2,"item_purchase_floors":[],"current_hp_per_floor":[67,67,67,67,65,34,60,40,40,33,26,16,16,7,33,0,0],"gold":543,"neow_bonus":"UPGRADE_CARD","is_daily":false,"chose_seed":false,"campfire_upgraded":0,"win_rate":0.0,"timestamp":1614009812,"path_taken":["M","?","M","?","M","E","R","E","T","?","E","M","?","E","R","BOSS"],"items_purchased_type":[],"build_version":"2020-12-22","purchased_purges":0,"victory":false,"max_hp_per_floor":[75,75,75,75,75,89,89,89,89,89,89,89,89,89,89,89,89],"card_choices":[{"not_picked":["Bone_Armor","Negative_Energy_Mist","Chill_Blood"],"picked":"SKIP","floor":1},{"not_picked":["Blood_for_Blood","Bone_Bullets","Bone_Shift"],"picked":"SKIP","floor":3},{"not_picked":["Negative_Energy_Shield","Blood_for_Blood"],"picked":"Finger_Of_Death","floor":5},{"not_picked":["Consume_Illness","Negative_Energy_Javelin"],"picked":"Skeleton_Dragon","floor":6},{"not_picked":["Death_Coil","Blood_for_Blood"],"picked":"Negative_Energy_Javelin","floor":8},{"not_picked":["Death_Knell","Spectral_Armor"],"picked":"Summon_Lich","floor":11},{"not_picked":["Negative_Energy_Javelin","Life_Tap","Consume_Illness"],"picked":"SKIP","floor":12},{"not_picked":["Blood_Magic","Consume_Illness"],"picked":"Shade_Step","floor":14}],"player_experience":504275,"relics_obtained":[{"floor":6,"key":"Mango"},{"floor":8,"key":"Boot"},{"floor":11,"key":"Whetstone"},{"floor":14,"key":"infinitespire:BottledMercury"}],"event_choices":[{"damage_healed":0,"gold_gain":0,"player_choice":"Grow","damage_taken":0,"max_hp_gain":0,"max_hp_loss":0,"event_name":"Living Wall","floor":2,"gold_loss":0,"cards_upgraded":["Bone_Wall"]},{"damage_healed":0,"gold_gain":0,"player_choice":"Box","damage_taken":0,"relics_obtained":["Bag of Marbles"],"max_hp_gain":0,"max_hp_loss":0,"event_name":"Big Fish","floor":4,"gold_loss":0,"cards_obtained":["Regret"]},{"cards_removed":["Regret"],"damage_healed":0,"gold_gain":0,"player_choice":"Card Removal","damage_taken":7,"max_hp_gain":0,"max_hp_loss":0,"event_name":"Golden Wing","floor":10,"gold_loss":0},{"damage_healed":0,"gold_gain":275,"player_choice":"Desecrate","damage_taken":0,"max_hp_gain":0,"max_hp_loss":0,"event_name":"Golden Shrine","floor":13,"gold_loss":0,"cards_obtained":["Regret"]}],"is_beta":false,"boss_relics":[],"items_purged_floors":[],"is_endless":false,"potions_floor_spawned":[1,6,8,12],"killed_by":"The Guardian","ascension_level":7}}