{"host":"r4aerl4ckfvw1dw3","time":1614037158,"event":{"mods":["BaseMod","BetterRewards","Minty Spire (QoL Compilation)","Quick Restart","StSLib"],"gold_per_floor":[117,42,56,69,69,104,104,138,161,181,181,181,181,256,256,256,256],"floor_reached":16,"language":"ENG","playtime":399,"items_purged":["Strike_G"],"score":167,"play_id":"f3d135cc-b305-4508-a7a5-c020db068596","local_time":"20210222153918","is_ascension_mode":true,"campfire_choices":[{"floor":7,"key":"REST"},{"floor":15,"key":"REST"}],"circlet_count":0,"master_deck":["AscendersBane","Strike_G","Strike_G","Strike_G","Defend_G","Defend_G","Defend_G","Defend_G","Defend_G","Survivor+1","Neutralize","Underhanded Strike","Infinite Blades","Slice+1","Deflect","Noxious Fumes+1","Poisoned Stab","Cloak And Dagger"],"relics":["Ring of the Snake","NeowsBlessing","Potion Belt","Snake Skull","Dream Catcher"],"acts_visited":["Exordium"],"potions_floor_usage":[6,6,8],"damage_taken":[{"damage":0,"enemies":"Cultist","floor":1,"turns":1},{"damage":0,"enemies":"Small Slimes","floor":3,"turns":1},{"damage":0,"enemies":"Jaw Worm","floor":4,"turns":1},{"damage":41,"enemies":"Lagavulin","floor":6,"turns":9},{"damage":33,"enemies":"3 Sentries","floor":8,"turns":12},{"damage":4,"enemies":"2 Fungi Beasts","floor":10,"turns":3},{"damage":28,"enemies":"Slime Boss","floor":16,"turns":3}],"seed_played":"-5364879432814198351","potions_obtained":[{"floor":3,"key":"Weak Potion"},{"floor":4,"key":"Regen Potion"},{"floor":6,"key":"Regen Potion"},{"floor":8,"key":"Fire Potion"}],"is_trial":false,"path_per_floor":["M","$","M","M","?","E","R","E","T","M","?","?","?","?","R","B"],"character_chosen":"THE_SILENT","items_purchased":[],"campfire_rested":2,"item_purchase_floors":[],"current_hp_per_floor":[63,63,63,63,49,23,44,26,26,22,22,15,15,4,25,0,0],"gold":256,"neow_bonus":"THREE_ENEMY_KILL","is_daily":false,"chose_seed":false,"campfire_upgraded":0,"win_rate":0.0,"timestamp":1614037158,"path_taken":["M","$","M","?","?","E","R","E","T","M","?","?","?","?","R","BOSS"],"items_purchased_type":[],"build_version":"2020-12-22","purchased_purges":1,"victory":false,"max_hp_per_floor":[70,70,70,70,70,70,70,70,70,70,70,70,70,70,70,70,70],"card_choices":[{"not_picked":["Predator","Poisoned Stab"],"picked":"Underhanded Strike","floor":1},{"not_picked":["Well Laid Plans","PiercingWail"],"picked":"Infinite Blades","floor":3},{"not_picked":["PiercingWail","Cloak And Dagger"],"picked":"Slice","floor":4},{"not_picked":["Outmaneuver","Skewer"],"picked":"Deflect","floor":6},{"not_picked":["Underhanded Strike","Venomology"],"picked":"Noxious Fumes","floor":8},{"not_picked":["Escape Plan","Reflex"],"picked":"Poisoned Stab","floor":10},{"not_picked":["Prepared","Predator"],"picked":"Cloak And Dagger","floor":15}],"player_experience":667640,"relics_obtained":[{"floor":6,"key":"Potion Belt"},{"floor":8,"key":"Snake Skull"},{"floor":9,"key":"Dream Catcher"}],"event_choices":[{"damage_healed":0,"gold_gain":0,"player_choice":"Entered Light","damage_taken":14,"max_hp_gain":0,"max_hp_loss":0,"event_name":"Shining Light","floor":5,"gold_loss":0,"cards_upgraded":["Slice","Survivor"]},{"damage_healed":0,"gold_gain":0,"player_choice":"Ignored","damage_taken":0,"max_hp_gain":0,"max_hp_loss":0,"event_name":"Liars Game","floor":11,"gold_loss":0},{"cards_removed":["Strike_G"],"damage_healed":0,"gold_gain":0,"player_choice":"Card Removal","damage_taken":7,"max_hp_gain":0,"max_hp_loss":0,"event_name":"Golden Wing","floor":12,"gold_loss":0},{"damage_healed":0,"gold_gain":0,"player_choice":"Grow","damage_taken":0,"max_hp_gain":0,"max_hp_loss":0,"event_name":"Living Wall","floor":13,"gold_loss":0,"cards_upgraded":["Noxious Fumes"]},{"damage_healed":0,"gold_gain":75,"player_choice":"Gather Gold","damage_taken":11,"max_hp_gain":0,"max_hp_loss":0,"event_name":"World of Goop","floor":14,"gold_loss":0}],"is_beta":false,"boss_relics":[],"items_purged_floors":[2],"is_endless":false,"potions_floor_spawned":[3,4,6,8],"killed_by":"Slime Boss","ascension_level":11}}