{"host":"00tqcjwpycel7e54","time":1614004005,"event":{"mods":["ATMod(阿瑾Mod)","Act Like it!","Ascension Reborn","BaseMod","Conspire","Decade(王小明)","Gensokyo","Hermit","Marisa（F雨　魔理沙）","Minty Spire (QoL Compilation)","Remilia（蕾米莉亚）","Replay The Spire","Shop Mod","StSLib","Td1madao Mod","The Animator","The Bug Knight","The Jungle","The Poker Player","The Servant 0.9.4","[IsaacMod]以撒尖塔"],"gold_per_floor":[116,128,148,148,161,188,188,206,252,267,280,280,312,325,325,421,421,433,16,16,16,26,152,170,185,185,199,331,348,358,358,358,557,557,577,253,348,434,459,596,596,625,625,654,781,857,886,183,183,378],"floor_reached":51,"language":"ZHS","playtime":4004,"items_purged":["EpicFetus","Strike_C","Strike_C"],"score":719,"play_id":"6d991fc1-3d27-4b3c-b3aa-18f3219ff998","local_time":"20210222222645","is_ascension_mode":true,"campfire_choices":[{"data":"E MP","floor":7.0,"key":"SMITH"},{"floor":12.0,"key":"REST"},{"floor":32.0,"key":"REST"},{"data":"Overclocking","floor":41.0,"key":"SMITH"},{"data":"Memory Alloy","floor":49,"key":"SMITH"}],"circlet_count":0,"master_deck":["Defend_C+1","Defend_C+1","Defend_C+1","Defend_C+1","Knight Kick","Chip","Black Shadow","Fire Up","New Defend Magic+1","Energy Supply","E MP+1","Defend System+1","Reinforcement Parts","Reflection Mechanism","Break Into","Overclocking+1","Defend System","Fire Up+1","Break Into","Weapon Shift","Load Balancing","Memory Alloy+1","Here Defend Chip+1","Overclocking","Fire Blade+1","E MP","Money Cant Rescue","New Defend Magic"],"relics":["Apod","HushsDoor","AT_ATBox","AnarchistCookbook","NeowsBlessing","Smiling Mask","AT_ChloranthyRing","Replay:Bottled Eggs","AT_TrinityForce","AT_TheCollector","Durian","Mb Ring","Bronze Scales","Philosopher\u0027s Stone","AT_MibuBalloonWealth","Lsj Skin","Cut Hand","Pantograph","AT_ImmortalShieldbow","Quantum Egg","White Beast Statue","Cauldron"],"acts_visited":["Exordium","TheCity","TheBeyond"],"potions_floor_usage":[42,45,50],"damage_taken":[{"damage":0.0,"enemies":"Cultist","floor":1.0,"turns":2.0},{"damage":0.0,"enemies":"2 Louse","floor":2.0,"turns":1.0},{"damage":0.0,"enemies":"Small Slimes","floor":3.0,"turns":1.0},{"damage":19.0,"enemies":"Blue Slaver","floor":5.0,"turns":5.0},{"damage":21.0,"enemies":"3 Sentries","floor":6.0,"turns":8.0},{"damage":2.0,"enemies":"conspire:2 RoseBushes","floor":8.0,"turns":5.0},{"damage":12.0,"enemies":"Looter","floor":10.0,"turns":3.0},{"damage":21.0,"enemies":"Exordium Thugs","floor":11.0,"turns":6.0},{"damage":13.0,"enemies":"Lagavulin","floor":13.0,"turns":5.0},{"damage":13.0,"enemies":"Lots of Slimes","floor":14.0,"turns":5.0},{"damage":6.0,"enemies":"Fading Forest","floor":16.0,"turns":11.0},{"damage":8.0,"enemies":"3 Byrds","floor":18.0,"turns":5.0},{"damage":1.0,"enemies":"Shell Parasite","floor":22.0,"turns":3.0},{"damage":35.0,"enemies":"Gremlin Leader","floor":23.0,"turns":3.0},{"damage":6.0,"enemies":"Centurion and Healer","floor":24.0,"turns":4.0},{"damage":0.0,"enemies":"Shelled Parasite and Fungi","floor":25.0,"turns":3.0},{"damage":2.0,"enemies":"Snecko","floor":27.0,"turns":3.0},{"damage":0.0,"enemies":"Slavers","floor":28.0,"turns":4.0},{"damage":1.0,"enemies":"conspire:HollyBat","floor":29.0,"turns":5.0},{"damage":10.0,"enemies":"Chosen and Byrds","floor":30.0,"turns":4.0},{"damage":12.0,"enemies":"Collector","floor":33.0,"turns":6.0},{"damage":9.0,"enemies":"3 Darklings","floor":35.0,"turns":5.0},{"damage":0.0,"enemies":"3 Shapes","floor":37.0,"turns":5.0},{"damage":3.0,"enemies":"Sphere and 2 Shapes","floor":38.0,"turns":4.0},{"damage":0.0,"enemies":"Giant Head","floor":40.0,"turns":4.0},{"damage":0,"enemies":"Maw","floor":42,"turns":3},{"damage":0,"enemies":"Writhing Mass","floor":44,"turns":3},{"damage":9,"enemies":"Nemesis","floor":45,"turns":7},{"damage":0,"enemies":"Sphere and 2 Shapes","floor":46,"turns":3},{"damage":0,"enemies":"Spire Growth","floor":47,"turns":4},{"damage":9,"enemies":"Replay:Hell Engine","floor":50,"turns":5}],"seed_played":"-8864354400696248716","potions_obtained":[{"floor":1.0,"key":"FearPotion"},{"floor":2.0,"key":"FairyPotion"},{"floor":10.0,"key":"Dexterity Potion"},{"floor":23.0,"key":"Adrenaline Potion"},{"floor":24.0,"key":"Venom Potion"},{"floor":27.0,"key":"BlessingOfTheForge"},{"floor":28.0,"key":"LiquidMemories"},{"floor":33.0,"key":"PowerPotion"},{"floor":42,"key":"EssenceOfSteel"},{"floor":46,"key":"FairyPotion"},{"floor":48,"key":"Swift Potion"},{"floor":48,"key":"PowerPotion"}],"is_trial":false,"path_per_floor":["M","M","M","?","M","E","R","M","T","M","M","R","E","M","R","B",null,"M","$","?","?","M","E","M","M","T","M","E","M","M","?","R","B",null,"M","$","M","M","T","E","R","M","T","M","E","M","M","$","R","B",null],"character_chosen":"TD1MADAO_CLASS","items_purchased":["Defend System","AT_TheCollector","Break Into","E MP","AT_MibuBalloonWealth","Swift Potion","Quantum Egg","White Beast Statue","Cauldron"],"campfire_rested":2,"item_purchase_floors":[17,19,19,36,36,36,48,48,48],"current_hp_per_floor":[70,70,70,70,51,30,30,28,28,16,21,42,29,16,37,53,67,59,59,59,59,58,28,22,22,22,20,20,19,9,9,30,18,72,63,63,63,60,60,60,60,60,60,60,51,51,51,51,51,63],"gold":378,"neow_bonus":"THREE_ENEMY_KILL","is_daily":false,"chose_seed":false,"campfire_upgraded":3,"win_rate":0.0,"timestamp":1614004005,"path_taken":["M","?","M","?","?","E","R","M","T","M","M","R","E","M","R","BOSS","M","$","?","?","M","E","M","M","T","M","E","?","M","?","R","BOSS","M","$","M","M","?","E","R","?","T","M","E","M","M","$","R","BOSS"],"items_purchased_type":["Card","Relic","Card","Card","Relic","Potion","Relic","Relic","Relic"],"build_version":"2020-12-22","purchased_purges":3,"victory":true,"max_hp_per_floor":[70,70,70,70,70,70,70,70,70,70,70,70,70,70,70,70,67,67,67,67,67,67,72,72,72,72,72,72,72,72,72,72,72,72,72,72,72,72,72,72,72,72,72,72,72,72,72,72,72,72],"card_choices":[{"not_picked":[],"picked":"EpicFetus","floor":0.0},{"not_picked":["Here Defend Chip","Bomb"],"picked":"Black Shadow","floor":1.0},{"not_picked":["Preparedness","Twin Teeth"],"picked":"Fire Up","floor":2.0},{"not_picked":["Trader","Defend System"],"picked":"New Defend Magic","floor":3.0},{"not_picked":["Three Hit","Twin Teeth"],"picked":"Energy Supply","floor":5.0},{"not_picked":["Cursed Blade","Black Shadow"],"picked":"E MP","floor":6.0},{"not_picked":["Black Execution","Oblique Hack","Judgment"],"picked":"SKIP","floor":8.0},{"not_picked":["Recovery Mechanism","Three Hit"],"picked":"Defend System","floor":10.0},{"not_picked":["Floating Even","Black Hand"],"picked":"Reinforcement Parts","floor":11.0},{"not_picked":["Transfer Energy","Gravity Defend"],"picked":"Reflection Mechanism","floor":13.0},{"not_picked":["Paralysis","Lore"],"picked":"Break Into","floor":14.0},{"not_picked":["Shockwave Tdmadao","Data Freezing"],"picked":"Overclocking","floor":16.0},{"not_picked":["Lunge","Black Execution"],"picked":"Fire Up+1","floor":18.0},{"not_picked":["Rupture","Revenge"],"picked":"Weapon Shift","floor":22.0},{"not_picked":["Light Attack","Black Warm Hole"],"picked":"Load Balancing","floor":23.0},{"not_picked":["Sudden Beat","Floating Swing Kick","Three Hit"],"picked":"SKIP","floor":24.0},{"not_picked":["Cursed Blade+1","Fire Up","Judgment"],"picked":"SKIP","floor":25.0},{"not_picked":["Fixing","Provocative","Sudden Beat+1"],"picked":"SKIP","floor":27.0},{"not_picked":["Resistance","Machining+1"],"picked":"Memory Alloy","floor":28.0},{"not_picked":["Lunge","Floating Swing Kick"],"picked":"Here Defend Chip+1","floor":29.0},{"not_picked":["Sudden Beat","Perfect Defend+1","Twin Teeth"],"picked":"SKIP","floor":30.0},{"not_picked":["Backup","Chip Synthesis"],"picked":"Overclocking","floor":33.0},{"not_picked":["White Contract+1","Provocative"],"picked":"Fire Blade+1","floor":35.0},{"not_picked":["Recovery Mechanism","Fire Blade+1","Sudden Beat"],"picked":"SKIP","floor":37.0},{"not_picked":["Fixing+1","Recovery Mechanism"],"picked":"Money Cant Rescue","floor":38.0},{"not_picked":["Twin Teeth","Energy Supply+1","Preloading"],"picked":"SKIP","floor":40.0},{"not_picked":["Fire Up+1","Fire Blade","Resistance+1"],"picked":"SKIP","floor":42},{"not_picked":["Black Execution","Transfer Energy","Floating Swing Kick+1"],"picked":"SKIP","floor":44},{"not_picked":["Shockwave Tdmadao","Reinforcement Parts+1","Light Attack+1"],"picked":"SKIP","floor":45},{"not_picked":["Afterwards+1","Awareness+1"],"picked":"New Defend Magic","floor":46},{"not_picked":["Afterwards","Cursed Blade","Machining+1"],"picked":"SKIP","floor":47}],"player_experience":629380,"relics_obtained":[{"floor":6.0,"key":"Smiling Mask"},{"floor":9.0,"key":"AT_ChloranthyRing"},{"floor":13.0,"key":"Replay:Bottled Eggs"},{"floor":23.0,"key":"Durian"},{"floor":26.0,"key":"Mb Ring"},{"floor":28.0,"key":"Bronze Scales"},{"floor":39.0,"key":"Lsj Skin"},{"floor":40.0,"key":"Cut Hand"},{"floor":43,"key":"Pantograph"},{"floor":45,"key":"AT_ImmortalShieldbow"}],"event_choices":[{"cards_removed":["Strike_C"],"damage_healed":0.0,"max_hp_gain":0.0,"max_hp_loss":0.0,"gold_gain":0.0,"event_name":"Wheel of Change","player_choice":"Card Removal","floor":21.0,"gold_loss":0.0,"damage_taken":0.0},{"cards_removed":["Strike_C"],"damage_healed":0.0,"max_hp_gain":0.0,"max_hp_loss":0.0,"gold_gain":0.0,"event_name":"Back to Basics","player_choice":"Elegance","floor":31.0,"gold_loss":0.0,"damage_taken":0.0}],"is_beta":false,"boss_relics":[{"not_picked":["Pandora\u0027s Box","conspire:SlowCooker"],"picked":"AT_TrinityForce"},{"not_picked":[]},{"not_picked":["ReplayTheSpireMod:DimensionalGlitch","Kintsugi"],"picked":"Philosopher\u0027s Stone"},{"not_picked":[]}],"items_purged_floors":[19,36,48],"is_endless":false,"potions_floor_spawned":[1,2,8,10,23,24,27,28,33,37,40,42,46],"ascension_level":0}}